3962 6312
215 406 3470 465 W

236 457 260 467 ον
406 469 409 471 _
491 459 508 466 ι
645 459 650 463 -
748 455 754 460 -
799 455 2448 467 —..-——_———_—__——_——————-——-—-_o-~.___———_—~--‘-—
2459 451 2946 462 ...δ-ΜΨ

1497 581 1662 624 ANNO
1704 579 1934 624 DOMINI
1979 579 2203 623 MXCIX.

502 759 1872 975 B.URBAN[

1943 755 3263 968 SIIPAPA.

1021 1205 1416 1338 VITA
1568 1207 1706 1329 B.
1836 1203 2430 1334 UBBANI
2558 1207 2671 1329 ΙΙ

1107 1440 1433 1497 AUCTORE
1472 1439 1710 1496 DOMNO
1748 1439 2190 1498 THEODURICO
2227 1439 2604 1495 RUINARTO.

603 1597 896 1666 (Out'rrtges
932 1597 1230 1664 pou/tumes
1250 1594 1315 1646 de
1354 1593 1420 1649 Β.
1463 1594 1600 1648 Jean
1629 1594 1884 1649 Mabilton
1910 1605 1956 1648 et
1981 1596 2044 1648 de
2070 1594 2136 1648 D.
2182 1593 2387 1647 Tltiem'
2429 1593 2670 1658 Ruina”,
2704 1608 2835 1648 tom.
2867 1593 2930 1649 Ill
2954 1593 3109 1664 iuit.)

1562 1892 2085 1969 MONITUM.

263 2096 267 2100 ’
300 2095 419 2152 Jim
443 2093 510 2148 ab
538 2107 682 2146 anno
713 2090 849 2145 1706
871 2091 987 2146 btec
1005 2091 1209 2146 Urbani
1236 2106 1390 2160 papa:
1420 2091 1458 2145 η
1484 2092 1612 2146 Acta
1638 2092 1788 2162 prelo
1818 2102 2008 2161 parata
2038 2103 2216 2157 erant,
2247 2092 2407 2160 digna
2438 2107 2581 2162 sam:
2607 2107 2728 2161 qua:
2759 2091 2814 2145 in
2846 2090 3022 2162 lucem
3038 2091 3355 2157 ederentur,
3382 2095 3490 2152 nisi

233 2181 390 2220 mors
419 2163 659 2234 auctoris
693 2170 1013 2234 praematura
1044 2171 1150 2215 tam
1179 2159 1473 2234 exquisito
1501 2159 1664 2234 opere
1710 2159 1972 2234 frustrata
2006 2164 2250 2234 eruditos
2281 2159 2486 2234 fuisset.
2520 2159 2688 2234 Aggre
2734 2161 2856 2224 fuit,
2909 2159 3100 2225 fateor,
3140 2162 3334 2234 videre
3365 2181 3492 2234 pre-

230 2236 406 2288 tiosas
440 2233 560 2286 illas
588 2232 761 2300 magni
787 2231 886 2282 viri
921 2230 1177 2299 reliquias
1206 2231 1260 2284 in
1291 2231 1476 2285 musmi
1505 2231 1724 2300 pulvere
1756 2248 1878 2286 cum
1922 2232 2112 2287 blattis
2157 2241 2210 2286 et
2255 2233 2414 2286 tineis
2452 2231 2855 2294 conflictantes;
2907 2231 3209 2300 praesertim
3251 2230 3380 2287 cuni
3421 2251 3488 2291 ex

179 2337 182 2340 ν
230 2303 432 2357 litteris
463 2302 602 2354 bene
632 2299 814 2354 multis
840 2315 960 2353 cum
991 2303 1056 2355 ad
1081 2300 1468 2372 Mabillonium,
1499 2299 1702 2372 tumad
1727 2309 2004 2372 auctorem
2033 2302 2205 2372 ipsum
2240 2299 3146 2372 scriptis._perspectumbaberent,
3179 2316 3314 2372 opus
3351 2303 3491 2358 istud

221 2374 528 2440 expetitum
558 2385 720 2440 smpe,
747 2378 1120 2440 exspectatum
1151 2371 1237 2424 diu
1263 2379 1316 2423 et
1339 2371 1494 2425 enixe
1520 2368 1815 2440 ﬂagitatum
1852 2371 2038 2427 fuisse.
2054 2368 2223 2426 'Votis
2257 2368 2709 2426 tot'eruditorum
2755 2387 2896 2425 nunc
2935 2371 3148 2425 tandem
3178 2368 3315 2427 facio
3337 2375 3492 2438 satis,

218 2439 325 2497 nec
353 2441 540 2512 dubito
577 2439 706 2512 quin
756 2439 1020 2512 laboriosa
1052 2441 1166 2512 bzec
1196 2440 1443 2494 collectio
1474 2439 1609 2512 aliis
1641 2441 1880 2512 ejusdem
1927 2442 2164 2512 auctoris
2206 2441 2461 2512 operibus
2514 2442 2862 2512 respondere,
2884 2510 2892 2512 _
2914 2440 3238 2512 eosdemque
3275 2443 3495 2510 plausus

257 2509 520 2567 romereri
549 2510 816 2581 videatur.
848 2509 944 2581 llic
973 2520 1122 2564 certe
1143 2511 1318 2581 lcetor
1363 2518 1532 2581 totum
1561 2509 1882 2565 Ruinartum
1915 2511 2172 2566 inveniet.
2203 2509 2346 2566 Idem
2383 2511 2559 2574 labor,
2607 2509 2752 2565 idem
2795 2512 2847 2564 in
2882 2509 3495 2581 investigandis’veteri-

257 2529 520 2567 romerert
549 2529 816 2563 Vlueallll‘.
848 2529 944 2563 HIC
973 2529 1122 2564 certe
1148 2529 1318 2564 ICCIOI'
1363 2529 1532 2564 unum
1565 2529 1882 2565 uulnartum
1915 2529 2172 2566 llWenlel.
2203 2529 2346 2566 luem
2383 2529 2559 2574 laDOI',
2611 2529 2752 2565 tuem
2795 2529 2847 2564 In
2882 2529 3266 2581 Invesuganuts
3297 2529 3494 2570 veteri-

218 2529 326 2636 iius
359 2580 731 2652 monumentis
757 2580 1015 2652 studium,
1049 2580 1337 2652 eademin
1385 2579 1742 2652 diiudicandis
1773 2582 2067 2650 sagacitas,
2100 2582 2288 2635 eadem
2315 2581 2383 2652 in
2431 2581 2783 2652 explanandis
2813 2580 3082 2652 simulque
3111 2585 3494 2652 componendis

221 2650 523 2709 industria;
556 2659 638 2720 ut,
661 2649 874 2702 etiamsi
909 2665 1063 2720 suum
1096 2649 1267 2703 codici
1306 2665 1411 2703 non
1437 2650 1764 2720 prmlixisset
1791 2649 2007 2715 nomen,
2035 2652 2155 2720 ipsa,
2179 2651 2357 2719 operis
2386 2649 2526 2705 ratio
2549 2666 2744 2705 nomen
2769 2649 3078 2705 indicasset.

297 2721 561 2790 Quantam
585 2718 734 2773 illum
765 2733 952 2790 causa:
991 2719 1306 2788 impulerint
1331 2729 1390 2772 ιιι
1435 2719 1639 2790 Urbani
1672 2721 1852 2789 potius
1878 2736 2040 2790 quam
2055 2718 2311 2789 'cujuSVis
2353 2720 2576 2775 alterius
2619 2720 2845 2774 Romani
2892 2720 3164 2790 pontiﬁcis
3192 2731 3310 2776 acta
3339 2722 3492 2778 colli-

221 2801 396 2860 geret,
423 2787 717 2860 conjicere,
748 2789 910 2860 etiam
942 2787 1318 2860 ip'so’tacente,
1349 2805 1456 2844 non
1479 2787 1696 2845 difﬁcile
1729 2800 1830 2844 est.
1864 2787 2044 2844 Altera
2076 2787 2236 2845 ex'iis
2263 2790 2429 2844 fuisse
2458 2791 2691 2854 videtur,
2718 2791 2861 2860 quod
2889 2787 2992 2844 non
3039 2790 3209 2844 solum
3252 2808 3494 2846 summus

223 2857 314 2915 ille
342 2857 582 2928 pontifex
612 2859 1042 2943 prtestantissitni
1074 2859 1273 2943 ingenii
1304 2860 1593 2943 animique
1610 2861 1824 2942 dotibus
1871 2861 2218 2943 praeditus‘B.
2245 2860 2395 2942 .Petri
2435 2863 2614 2915 sedem
2642 2857 2772 2943 Apr-tie
2795 2860 2990 2943 inultis.
3019 2871 3073 2942 et
3104 2877 3281 2943 rerum
3311 2873 3493 2943 gestas

228 2947 346 2983 rum
374 2943 598 2999 numero
626 2938 680 2982 et
711 2929 833 2982 vitae
856 2929 1144 2999 sanctitate
1167 2930 1470 2992 decoravit;
1503 2930 1594 2984 sed
1644 2931 1804 2984 etiam
1839 2929 1981 2999 quod
2030 2929 2402 2996 professionis,
2441 2940 2494 2982 ut
2531 2929 2740 2992 auctOr,
2795 2929 3157 2984 Benedictinte
3203 2929 3362 2984 fuerit
3395 2949 3408 2986 :
3441 2942 3499 2986 cl

229 3001 409 3052 nativa
439 2998 668 3068 quadam
700 3001 1057 3066 propensione
1083 2998 1307 3052 ferimur
1336 3000 1386 3052 in
1418 3015 1510 3052 eos
1537 2999 1625 3068 qui
1657 3001 1708 3053 in
1736 2998 1924 3053 eodem
1952 3001 2078 3054 vita:
2107 3001 2356 3054 instituto
2400 3002 2622 3063 versati,
2656 3002 2720 3054 de
2746 2999 2835 3053 illo
2859 2999 3113 3068 przcclare
3143 3001 3320 3055 meriti
3346 3014 3496 3065 sunt,

227 3069 416 3138 illique
451 3067 674 3136 gloriam
704 3083 766 3122 ac
804 3070 966 3124 decus
997 3069 1338 3123 addiderunt.
1370 3067 1566 3122 Altera
1597 3071 1714 3125 sine
1751 3069 1915 3124 dubio
1959 3069 2078 3132 fuit,
2115 3069 2255 3138 quod
2289 3069 2540 3125 Urbanus
2573 3073 2624 3124 in
2658 3067 2939 3123 Bernensis
2968 3070 3228 3124 Ecclesiae
3257 3071 3483 3134 ditione,

229 3138 340 3192 imo
371 3140 421 3191 in
455 3140 567 3206 ipsa
597 3138 825 3209 fortasse
855 3138 1144 3193 Remorum
1178 3139 1398 3193 civitate
1444 3138 1652 3194 natales
1690 3139 1938 3194 habuerit
1967 3155 2125 3205 suos;
2173 3150 2364 3194 auctor
2399 3149 2590 3194 autem
2626 3149 2678 3194 et
2713 3141 2826 3209 ipse
2868 3139 3052 3194 Remis
3090 3141 3373 3206 oriundus,
3400 3157 3492 3196 cc-

223 3223 388 3276 quem
431 3209 622 3280 potius
673 3208 1052 3264 illustrandum
1097 3209 1346 3280 elegisset
1386 3225 1549 3279 quam
1599 3211 1897 3274 concivem,
1939 3210 2242 3280 praesertim
2292 3211 2348 3264 in
2395 3225 2647 3280 suprema
2681 3208 2934 3264 Ecclesia:
2986 3211 3245 3280 dignitate
3293 3214 3498 3266 consti-

233 3279 443 3331 tutum?

304 3347 451 3419 lianc
495 3347 1176 3419 autemelucubratinnem
1235 3349 1288 3401 in
1332 3358 1442 3404 tres
1476 3359 1658 3419 partes
1696 3349 2066 3404 distribuerat.
2113 3349 2298 3405 Prima
2349 3349 2556 3405 Urbani
2595 3349 2759 3402 vitam
2808 3364 2900 3402 seu
2947 3357 3067 3419 acta
3109 3351 3491 3413 describebat;

229 3418 466 3472 secunda
512 3418 798 3488 epistolas,
841 3418 1168 3487 diplomata,
1223 3418 1500 3488 privilegia
1528 3461 1541 3481 ,
1591 3435 1829 3474 canones
1874 3419 2088 3488 aliaque
2137 3419 2440 3486 huiusmodi
2490 3420 2859 3488 instrumenta
2893 3418 3383 3486 complectebatur;
3440 3423 3491 3474 in

225 3486 560 3558 postremam
585 3486 852 3557 reiecerat
880 3486 1025 3542 varia
1057 3486 1508 3543 monumenta—ex
1556 3490 1706 3544 libris
1751 3489 1912 3542 editis
1949 3486 2042 3542 aut
2081 3506 2144 3544 ex
2178 3490 2468 3543 cbartariis
2515 3497 2666 3542 eruta
2713 3497 2765 3542 et
2811 3487 3068 3554 pleraque
3093 3503 3214 3541 cum
3254 3489 3492 3558 antiquis

229 3556 507 3627 codicibus
534 3556 817 3611 autetiam
852 3574 973 3612 cum
1004 3559 1352 3627 autograpbis
1382 3559 1597 3620 collata,
1632 3575 1750 3627 quin
1782 3559 2160 3627 probationum
2194 3559 2311 3612 loco
2340 3558 2517 3611 futura
2556 3567 2728 3611 erant.

301 3626 537 3698 Primam
570 3628 656 3681 hic
682 3628 941 3695 integram
975 3624 1185 3690 damus,
1214 3635 1270 3679 et
1301 3643 1375 3698 ex
1406 3630 1560 3680 tertia
1593 3624 1795 3680 omnia'
1823 3641 1942 3698 qum
1967 3639 2171 3698 auctor
2218 3629 2291 3698 in?
2314 3627 2466 3681 Actis
2495 3627 2675 3682 laudat
2699 3635 2775 3698 et
2821 3624 3068 3680 daturum
3101 3643 3159 3681 se
3189 3629 3471 3698 pollicetur

230 3694 558 3766 Secundam,
592 3711 658 3750 ne
684 3712 769 3750 res
799 3694 997 3750 eaedem
1028 3697 1222 3750 iterato
1246 3697 1403 3766 editae
1431 3708 1484 3750 et
1508 3698 1812 3765 ingererent
1831 3697 2129 3766 fastidium
2159 3706 2212 3751 et
2239 3697 2410 3751 nimio
2452 3705 2666 3766 sumptu
2697 3697 2963 3750 litteratos
2991 3694 3305 3762 onerarent,
3332 3701 3495 3754 edeu.

227 3763 354 3839 datn
382 3765 512 3839 olim
556 3767 872 3839 reliquimus
1013 3766 1218 3839 Simoni
1261 3765 1520 3839 Mopinot,
1568 3763 1659 3834 qui
1711 3767 1771 3820 D.
1826 3764 1971 3820 Petri
2023 3765 2285 3821 Cuttstattt
2333 3763 2616 3824 successor
2663 3767 3043 3823 Collectionem
3090 3770 3494 3839 .pentiﬁciat'uus

223 3835 589 3902 epistularum
613 3835 1032 3889 continuandam
1059 3836 1111 3888 in
1144 3851 1201 3889 se
1233 3837 1456 3906 recepit.

479 4527 521 4581 1.
556 4523 755 4579 Urbani
793 4543 998 4590 nomen,
1025 4527 1195 4594 patria
1223 4536 1270 4580 et
1295 4535 1553 4596 parentes.
1603 4527 1608 4531 ”

309 4619 478 4674 Nemo
523 4629 609 4673 est
650 4619 740 4687 qui
785 4619 1021 4688 ambigat
1075 4618 1350 4674 Urbanum
1393 4633 1607 4690 papam,
1659 4613 1818 4682 huius

235 4711 474 4766 nominis
501 4711 814 4772 secundum,
846 4720 969 4763 ante
1009 4709 1379 4778 pontiﬁcatum
1410 4709 1670 4769 Odonem,
1699 4720 1813 4768 seu,

234 4811 298 4854 ut
325 4801 415 4854 alii
448 4800 686 4856 scribere
715 4800 910 4863 solent,
946 4799 1237 4863 Oddonem,
1276 4799 1388 4853 sive
1436 4797 1681 4851 Oztoncm
1725 4804 1818 4848 aut

238 4891 525 4955 Othonem,
570 4890 918 4960 appellatum,
964 4898 1017 4944 ct
1073 4890 1234 4944 nobili
1296 4889 1496 4943 familia
1547 4889 1598 4940 in
1645 4885 1815 4942 Gallia

233 4981 523 5052 prodiisse,
555 4993 610 5036 et
639 4982 692 5034 in
726 4981 980 5035 Remensi
1008 4981 1246 5035 Ecclesia
1291 4980 1460 5034 fuisse
1494 4979 1809 5042 educatum;

234 5083 296 5127 at
321 5088 423 5126 non
447 5072 520 5125 ita
540 5074 874 5142 exploratum
909 5082 992 5125 est
1022 5073 1162 5142 apud
1199 5081 1452 5127 auctores
1481 5086 1586 5140 quo
1617 5070 1668 5124 in
1697 5069 1814 5122 loco

239 5172 401 5218 natus
425 5161 608 5218 fuerit.
639 5164 744 5218 Alii
779 5179 971 5233 nempe
1005 5181 1127 5219 eum
1156 5164 1362 5228 Remis,
1404 5172 1497 5217 aut
1542 5162 1594 5215 in
1637 5160 1814 5229 aliquo

239 5255 526 5309 llemensis
541 5255 667 5326 pagi
698 5256 820 5310 vico
849 5265 1034 5311 natum
1064 5256 1250 5311 volunt
1277 5256 1437 5326 (circa
1475 5271 1598 5308 ann.
1631 5251 1813 5322 1032),

232 5345 330 5399 alii
361 5359 489 5400 vero
514 5347 655 5417 apud
685 5345 1088 5412 Castellionem,
1122 5347 1332 5403 celebre
1354 5347 1489 5402 satis
1515 5360 1672 5414 supra
1700 5343 1812 5398 Ma-

241 5444 451 5487 ternam
483 5437 760 5504 oppidum,
811 5437 954 5506 quod
1002 5437 1128 5491 licet
1178 5435 1317 5491 baud
1367 5435 1548 5506 procul
1583 5435 1648 5488 ab
1687 5433 1820 5487 urbe

238 5526 533 5579 Remorum
570 5531 768 5594 distet,
810 5530 1238 5597 pertinueritque
1295 5527 1444 5592 olim,
1489 5535 1545 5581 et
1586 5523 1820 5578 maxime

241 5631 308 5669 eo
333 5624 570 5684 tempore
604 5633 711 5686 quo
753 5619 805 5672 in
853 5619 1026 5674 lucem
1075 5620 1274 5690 prodiit
1303 5620 1572 5683 Urbanus,
1616 5617 1682 5669 ad
1712 5614 1820 5669 Re—

241 5708 450 5761 mensis
485 5708 750 5764 Ecclesia;
791 5711 1089 5767 dominium
1115 5754 1132 5778 ,
1175 5713 1336 5769 situm
1387 5721 1469 5766 est
1531 5720 1708 5765 tamen
1767 5708 1820 5761 in

524 5799 796 5866 ιἠιιοι..
843 5800 994 5877 CLI.

740 4071 1159 4225 BEATI
1251 4113 1777 4228 URBANI
1858 4116 1958 4227 11
2038 4114 2439 4228 PAP/E
2526 4117 2920 4233 VITA.

1841 4517 1890 4573 Α
1921 4524 2143 4578 dioecesi
2180 4522 2580 4578 Suessionensi.
2611 4523 2774 4579 Certe
2802 4540 2924 4580 eum
2974 4539 3155 4580 natum
3191 4526 3404 4582 GaILum
3429 4548 3501 4584 ec

1924 4613 2113 4682 oppido
2142 4611 2492 4676 Castelliom’a,
2530 4613 2668 4681 quod
2706 4623 2779 4666 est
2823 4629 2977 4682 super
3012 4613 3254 4667 Marnam
3281 4616 3499 4684 [luvium

1922 4706 1975 4758 in
2017 4704 2462 4774 archiepiscopum
2506 4703 2764 4770 Remensi,
2817 4704 3034 4759 disertis
3077 4706 3257 4760 verbis
3306 4708 3504 4763 asserit

1919 4792 2215 4848 cardinalis
2244 4792 2557 4858 Pandult‘us,
2591 4795 2679 4864 qui
2712 4795 2810 4849 sub
2848 4793 3062 4848 Gelasio
3100 4793 3142 4848 ll
3183 4795 3330 4852 Vitas
3371 4812 3506 4868 pon-

1925 4885 2129 4940 tiﬁcum
2164 4886 2430 4940 exaravit.
2479 4885 2759 4942 Consentit
2805 4886 3085 4941 Albericus
3126 4886 3176 4940 in
3209 4887 3502 4955 Chronico,

1925 4988 1978 5031 et
2009 4977 2124 5031 btec
2163 4979 2501 5043 communior
2541 4988 2625 5035 est
2682 4987 2981 5041 auctorum,
3024 4979 3366 5047 potissimum
3418 4998 3505 5037 re-

1924 5069 2244 5134 centiorum,
2271 5071 2536 5126 sententia
2580 5089 2592 5124 :
2635 5071 2776 5124 unde
2805 5085 2927 5123 cum
2971 5084 3043 5124 ex
3090 5071 3252 5126 nobili
3299 5071 3501 5128 familia

1927 5159 2201 5216 Urbanum
2248 5163 2515 5232 prodiisse
2558 5176 2746 5218 omnes
2783 5161 3147 5227 consentiant,
3202 5162 3375 5217 visum
3422 5176 3506 5218 est

1924 5251 2195 5306 nonnullis
2219 5251 2595 5307 remomnino
2643 5261 2844 5304 certam
2880 5265 3001 5306 esse
3063 5266 3127 5306 ac
3166 5252 3504 5320 exploratam

1923 5343 2068 5398 bunc
2106 5343 2411 5414 pontiﬁcem
2445 5359 2475 5397 e
2508 5342 2669 5399 nobili
2707 5341 3209 5398 Castellionensium
3257 5343 3311 5396 in
3345 5343 3504 5398 Cam-

1924 5436 2084 5506 pania
2114 5435 2317 5490 Gallica
2349 5435 2688 5489 dominorum
2727 5433 2928 5489 familia
2971 5436 3258 5489 oriundum
3299 5436 3498 5496 fuisse;

1927 5527 1979 5579 id
2009 5527 2278 5582 Aubertus
2321 5525 2532 5581 Miratus
2580 5527 2632 5581 in
2676 5526 2873 5581 Notitia
2922 5527 3285 5582 Ecclesiarum
3334 5526 3503 5596 Belgii

1927 5617 2104 5685 Capite
2131 5616 2253 5680 “5,
2280 5625 2334 5670 et
2359 5617 2604 5672 Andreas
2626 5617 2916 5683 Cbcsnius,
2953 5618 3004 5672 in
3037 5617 3272 5672 Historia
3313 5618 3500 5686 singu-

1929 5707 2027 5762 lari
2064 5707 2252 5763 domus
2285 5707 2747 5777 Castellionensis,
2791 5710 2861 5764 ita
2895 5725 2992 5779 pro
3036 5719 3184 5764 certo
3228 5709 3501 5763 habebant

2953 5808 2985 5866 1
