3962 6312
514 329 573 382 η
1845 314 1904 370 Β.
1949 313 2201 371 URBANI
2225 314 2266 368 ll
2307 311 2508 368 PAPAZ
3679 312 3744 367 12

513 453 573 497 ιιι
600 437 707 511 ipsi
738 438 788 493 in
820 443 1102 492 stemmate
1138 429 1402 500 gentilitio
1451 429 1666 486 familiae
1711 428 2080 484 Castelliouete
2113 435 2154 488 Α
2184 427 2418 480 deviavit
2445 426 2581 480 alius
2619 426 2927 480 earumdem
2986 425 3238 495 partium,
3260 440 3513 496 nuperns
3557 435 3742 496 auctor

500 537 689 587 iocum
722 528 984 588 dederint,
1016 524 1104 578 ubi
1145 523 1356 577 Milonis
1404 522 1565 585 filius,
1597 531 1647 574 et
1678 519 1937 574 Guidonis
1967 519 2076 573 Ma-

503 622 690 677 ‘nassis
724 637 786 674 ac
815 618 1036 672 alterius
1064 614 1275 669 Milonis
1303 613 1468 667 frater
1496 612 1660 666 fuisse
1688 611 1901 666 dicitur.

585 715 654 768 At
679 710 980 780 refragatur
1024 707 1149 761 huic
1187 704 1466 759 sententia:
1494 701 1795 766 Albericns,
1839 701 1928 770 qui
1953 701 2078 754 licet

507 801 790 861 Urbanum
817 813 880 854 ex
917 797 1102 868 oppido
1132 795 1460 851 Castellionis
1508 809 1661 860 super
1694 791 1936 846 Marnam
1977 807 2076 844 na-

509 907 618 949 tum
663 892 850 954 fuisse,
885 899 944 943 ut
981 887 1182 951 caeteri,
1221 883 1520 953 scripserit,
1562 891 1834 939 asseverat
1876 891 2075 944 tamen,

509 998 573 1036 ex
605 981 825 1049 l‘lugone
856 986 908 1030 et
931 974 1175 1030 Guidone
1217 971 1526 1028 auctoribus
1560 985 1696 1040 quos
1729 969 1927 1031 laudat,
1953 982 2074 1022 eum

504 1071 675 1126 fuisse
714 1067 881 1122 tilium
929 1064 1130 1119 domini
1173 1063 1236 1115 de
1286 1060 1492 1131 Lageri.
1553 1059 1688 1113 Tum
1731 1058 1798 1113 de
1837 1056 2075 1126 ejusdem

505 1159 830 1230 cognatione
881 1153 1059 1208 subdit
1099 1169 1114 1206 :
1170 1150 1364 1204 Habuit
1400 1149 1561 1219 (idem
1593 1147 1865 1217 Urbanus)
1913 1147 2077 1200 alium

508 1249 726 1318 fratrem
762 1244 1072 1312 Rodulfum,
1107 1252 1304 1310 patrem
1334 1239 1576 1320 Gerardi,
1609 1240 1757 1309 cujus
1783 1239 1922 1309 ﬁlius
1945 1237 2078 1291 alter

505 1334 774 1390 Gerardus
812 1332 983 1403 genuit
1028 1329 1258 1384 Odonem
1307 1340 1504 1398 patrem
1553 1329 1729 1398 Egidt'i
1776 1328 1839 1382 de
1890 1325 2077 1396 Lageri

508 1424 750 1478 monachi
774 1421 1057 1482 Remensis,
1087 1419 1235 1488 cujus
1263 1435 1412 1473 soror
1455 1417 1737 1472 Hersendis
1778 1418 1877 1487 fuit
1913 1426 2078 1470 mater

508 1513 804 1578 Baldulsci,
835 1527 949 1577 seu,
980 1520 1039 1565 ut
1068 1510 1224 1565 habet
1261 1509 1429 1563 codex
1471 1525 1596 1572 ms.,
1621 1507 1871 1562 Balduini
1896 1522 2077 1559 mona-

507 1605 591 1658 chi
623 1603 848 1674 tgm‘aci.
889 1602 1048 1656 Ccr.e
1091 1601 1142 1654 in
1185 1598 1504 1667 Necrologio
1550 1596 1861 1652 monasterii
1903 1595 2073 1650 Molis-

508 1695 710 1750 mensis
735 1695 786 1746 in
816 1687 1309 1760 CampaniaNonis
1339 1688 1488 1742 Junii
1532 1695 1899 1741 memorantur
1929 1685 2074 1738 Heu-

2179 516 2264 586 (G.
2300 516 2488 584 V'toue)
2536 515 2588 568 in
2613 516 2731 570 Vita
2773 515 2946 569 sancti
2977 516 3230 570 Germani
3262 515 3742 581 Antisiodorensis,

2177 591 2268 675 qui
2318 613 2384 660 ex
2442 606 2622 661 nescio
2673 606 2868 675 quibus
2906 605 3076 670 falsis,
3127 615 3219 659 aut
3269 605 3406 671 male
3457 605 3744 662 intellectis

2179 697 2543 752 monumentis
2569 697 2788 766 scripsit
2813 695 3014 751 Urbani
3041 695 3268 764 majores
3301 696 3611 751 monasterii
3638 696 3742 752 Re-

2178 789 2480 859 gniacensis
2553 790 2608 842 in
2667 789 2884 844 dimcesi
2948 787 3376 843 Antisiodorensi
3435 791 3743 843 conditores

2177 876 2362 931 fuisse.
2400 878 2455 931 ιιι
2477 879 2672 948 quippe
2699 877 2780 932 vel
2813 893 2877 932 ex
2909 879 3011 932 hoc
3051 878 3166 932 solo
3206 877 3352 944 rejici
3385 877 3563 955 debet,
3600 881 3741 948 quod

2179 967 2540 1038 ltcgniacense
2565 969 2948 1022 monasterium
2971 967 3174 1021 ordinis
3189 965 3565 1023 Cisterciensis
3587 966 3744 1038 longe

2176 1066 2298 1126 post
2330 1057 2528 1112 Urbani
2555 1059 2757 1112 obitum
2787 1067 3116 1112 exstructum
3157 1058 3340 1112 fuer‘t.
3371 1058 3606 1127 Denique
3635 1076 3740 1112 non

2179 1149 2453 1202 immorari
2501 1149 2652 1218 juvat
2685 1149 2736 1202 in
2782 1147 3085 1203 refellendis
3128 1148 3195 1203 is
3229 1148 3316 1217 qui
3348 1149 3609 1212 Odonem,
3635 1149 3739 1204 Ur-

2177 1237 2301 1290 bani
2334 1238 2386 1291 in
2414 1235 2647 1292 Ostiensi
2687 1239 2995 1308 episcopatu
3022 1250 3411 1300 successorem,
3440 1235 3556 1304 ejus
3580 1236 3742 1291 fuisse

2177 1337 2422 1397 nepotem
2447 1330 2720 1393 dixerunt,
2766 1345 2885 1384 cum
2924 1329 2975 1382 id
3007 1329 3150 1382 nullo
3178 1339 3514 1397 argumento,
3544 1339 3741 1398 praeter

2177 1419 2411 1475 nominis
2439 1420 2868 1484 similitudinem,
2898 1425 3144 1488 probent.
3181 1419 3338 1474 Certe
3368 1422 3418 1474 id
3447 1437 3552 1474 non
3577 1423 3739 1475 habet

2176 1509 2473 1576 Baldricus,
2501 1512 2590 1580 qui
2621 1511 2762 1566 hunc
2783 1510 3021 1567 Odonem
3052 1511 3104 1564 in
3135 1510 3465 1565 carminibus
3493 1521 3636 1566 tome
3671 1511 3739 1566 IV

2176 1598 2391 1653 Chesnii
2417 1598 2665 1654 Historic.
2695 1599 2891 1654 Frauc.
2917 1600 3100 1653 laudat
3127 1601 3268 1669 quod
3301 1615 3588 1654 commune
3614 1617 3738 1657 cum

2177 1678 2396 1745 Urbano
2426 1690 2628 1746 Odonis
2670 1705 2865 1746 nomen
2897 1691 3167 1753 habuerit,
3204 1691 3446 1745 eamdem
3492 1692 3740 1747 monachi

507 1786 711 1839 clterius
739 1798 831 1838 seu
879 1780 1196 1845 Eucherius,
1244 1789 1291 1833 et
1329 1777 1567 1833 Isabellis
1595 1794 1727 1832 uxor
1757 1778 1889 1842 eius,
1929 1787 2075 1846 pater
2105 1751 2148 1810 Β
2177 1779 2338 1832 vitam
2380 1779 2539 1835 tuerit
2569 1779 2860 1848 professus,
2903 1781 3143 1836 eandem
3192 1779 3371 1835 sedem
3417 1781 3740 1848 obtinuerit,

505 1887 553 1927 et
577 1883 742 1928 mater
764 1872 959 1926 domini
979 1886 1128 1941 papa:
1152 1868 1372 1932 Urbani,
1392 1884 1634 1938 quarunt,
1658 1876 1715 1921 ut
1733 1867 1804 1921 ibi
1830 1866 2072 1931 habetur,

504 1964 916 2017 anniversarium
930 1960 1170 2013 debemus
1191 1960 1362 2027 facere
1383 1959 1694 2014 solemniter.
1721 1959 1789 2011 Et
1812 1960 1865 2012 in
1887 1957 2074 2013 eodem

503 2051 893 2123 Necronologio
903 2033 986 2105 die
1009 2065 1066 2104 ιιι
1082 2048 1346 2104 Kalendas
1358 2049 1595 2120 Augusti,
1613 2034 1862 2104 Urbanus
1881 2049 2078 2102 dicitur

503 2141 669 2196 fuisse
704 2140 941 2208 ejusdem
969 2138 1072 2192 loci
1114 2139 1523 2207 congregationis
1543 2177 1557 2201 ,
1589 2138 1641 2192 id
1670 2146 1752 2192 est
1777 2152 1993 2206 precum
2023 2145 2076 2190 et

507 2230 734 2284 aliorum
759 2228 968 2298 piorum
982 2241 1202 2297 operum
1220 2227 1517 2296 particeps;
1535 2226 1627 2282 sed
1646 2227 1757 2281 sive
1777 2226 2075 2294 Eucherius

506 2319 614 2384 ille,
661 2317 957 2388 Lagcriaci,
997 2317 1087 2384 qui
1133 2315 1285 2370 vicus
1327 2324 1411 2370 est
1466 2317 1748 2372 Bernensis
1801 2317 2071 2381 dimcesis,

505 2408 793 2471 dominus,
840 2408 954 2462 sive
1007 2405 1132 2460 Milo
1185 2405 1521 2461 Castellioms
1566 2407 1822 2476 toparcha
1872 2406 2074 2463 Urbani

508 2511 662 2570 pater
706 2498 888 2564 fuerit,
929 2497 1102 2569 ipsum
1141 2496 1421 2553 Remensis
1469 2498 1760 2568 provinciae
1802 2497 2073 2554 alumnum

507 2591 676 2645 fuisse
721 2589 994 2659 fatendum
1031 2599 1135 2643 est.
1183 2589 1294 2644 hno
1343 2603 1463 2643 cum
1519 2588 1868 2660 Lagcriacum
1923 2591 2074 2660 cujus

509 2680 735 2747 domini,
760 2689 816 2734 ut
847 2677 983 2734 infra
1017 2680 1279 2744 dicemus,
1313 2679 1538 2734 fortasse
1580 2696 1644 2734 ex
1691 2679 2074 2736 Castellionea-

509 2775 660 2829 sibus
701 2773 806 2827 orti
853 2779 1030 2836 erant,
1076 2770 1217 2824 haud
1267 2769 1449 2839 procul
1494 2770 1560 2825 ab
1608 2769 1738 2826 urbe
1786 2771 2072 2826 Remorum

509 2866 692 2927 distet,
737 2875 792 2919 et
829 2862 1002 2935 ipsum
1048 2860 1384 2917 Castellioms
1437 2871 1692 2926 castrum,
1745 2861 1871 2917 licet
1920 2871 2074 2916 extra

510 2955 788 3012 ditecesim
829 2955 1024 3020 situm,
1075 2953 1140 3008 ad
1188 2951 1508 3007 Remensem
1554 2961 1729 3008 tamen
1777 2951 2071 3006 Ecclesiam

2174 1870 2418 1924 eamdem
2443 1869 2674 1938 denique
2699 1869 3009 1940 dignitatem
3041 1869 3223 1940 (istum
3271 1884 3464 1940 nempe
3501 1869 3742 1927 futurum

2173 1975 2368 2028 papam
2417 1961 2764 2032 praedicebat)
2812 1961 3095 2016 habiturus
3156 1961 3247 2025 sit,
3291 1976 3394 2014 non
3443 1963 3743 2018 amissurus

2174 2049 2746 2119 consanguineitatem,
2761 2051 2804 2106 si
2829 2050 3003 2120 aliqua
3022 2051 3160 2105 inter
3182 2050 3302 2106 illos
3330 2052 3740 2108 intercessisset.

2176 2135 2360 2206 Neque
2389 2138 2554 2192 etiam
2609 2138 2660 2192 id
2715 2139 2875 2194 habet
2924 2139 3218 2194 Guibertus
3257 2140 3332 2194 lib
3395 2157 3434 2196 ιι
3483 2141 3556 2195 De
3587 2159 3742 2198 sacra

2175 2225 2534 2294 expeditione,
2564 2227 2653 2280 ubi
2681 2227 3088 2299 alteriushujus
3118 2228 3320 2284 Odonis
3345 2232 3607 2286 meminit.

2246 2313 2410 2369 Porro
2470 2314 2669 2370 Urbani
2720 2327 2998 2387 parentes,
3047 2319 3355 2389 quicunque
3399 2321 3613 2376 demum
3665 2322 3742 2378 illi

2178 2402 2400 2470 fuerint,
2446 2405 2648 2461 domini
2678 2416 2834 2462 erant
2866 2409 2966 2462 vici
2993 2407 3398 2474 Bainsonensis,
3432 2411 3498 2465 ad
3531 2412 3742 2467 radices

2176 2497 2373 2552 montis
2395 2497 2447 2551 in
2477 2513 2585 2568 quo
2607 2500 2765 2553 situm
2792 2506 2874 2555 est
2892 2498 3233 2554 Castellionis
3276 2501 3529 2570 oppidum
3552 2504 3739 2572 positi.

2178 2589 2326 2644 Unde
2351 2590 2472 2659 quis
2500 2589 2636 2646 forte
2662 2607 2768 2646 non
2815 2592 3083 2646 immerito
3114 2591 3477 2660 suspicabitur
3514 2609 3608 2649 eos
3635 2595 3740 2648 etsi

2175 2679 2448 2750 Lageriaci
2487 2682 2590 2736 vici
2630 2682 2900 2747 dominos,
2942 2696 3005 2736 ex
3047 2684 3213 2752 stirpe
3245 2691 3420 2736 tamen
3459 2683 3744 2738 Castellio-

2175 2765 2417 2821 nensium
2464 2767 2865 2835 toparcbarum,
2913 2775 2973 2820 ut
2999 2781 3120 2820 mox
3159 2767 3401 2821 dicebam
3436 2769 3741 2832 prodiisse:

2174 2871 2294 2910 cum
2349 2872 2454 2911 non
2509 2857 2668 2910 modo
2714 2851 3085 2920 DainsOnium,
3135 2859 3226 2912 sed
3280 2868 3335 2913 et
3385 2858 3741 2928 Lageriacnm

2123 2967 2126 2970 δ
2173 2963 2387 3018 quoque
2410 2949 2551 3003 haud
2586 2949 2820 3019 procula
2848 2950 3256 3004 Castellionensi
3285 2951 3480 3020 oppido
3519 2951 3741 3015 distent,

478 3035 859 3119 pertinuerit,
908 3046 1127 3116 ejusque
1175 3045 1398 3099 clientes
1443 3054 1600 3099 erant
1647 3054 1701 3100 et
1752 3043 2068 3100 vicedomini
2099 3072 2144 3135 ο
2176 3050 2229 3094 et
2265 3037 2515 3093 Urbanus
2555 3040 2779 3108 passim,
2809 3049 3089 3092 auctorum
3141 3049 3244 3094 taz-n
3282 3049 3526 3094 veterum
3569 3058 3738 3112 qnam

507 3137 960 3194 Castelli’onenses
1012 3137 1298 3206 teparcbre,
1333 3134 1547 3204 utrique
1592 3135 1776 3189 Remis
1816 3144 1874 3188 ut
1907 3133 2073 3204 pluri-

507 3243 653 3282 mum
701 3217 1070 3291 morabantur,
1109 3224 1176 3278 ob
1225 3223 1274 3277 id
1319 3224 1658 3294 potissimum
1707 3225 1848 3294 quod
1895 3232 2074 3278 essent

504 3316 791 3373 Remensis
837 3314 1091 3369 Ecclesia:
1137 3311 1365 3377 milites;
1423 3322 1584 3382 atque
1619 3312 1752 3366 adeo
1801 3327 1864 3366 ex
1917 3312 2074 3367 alter-

500 3404 642 3459 utris
697 3402 942 3459 Urbanus
1005 3401 1057 3454 in
1123 3403 1236 3471 ipsa
1298 3400 1587 3456 Remorum
1652 3401 1872 3456 civitate
1925 3402 2072 3456 nasci

497 3493 698 3560 potuit.
742 3492 798 3545 ιιι
845 3500 992 3546 certe
1032 3480 1222 3546 innuit.
1249 3491 1538 3546 0rdericus
1578 3491 1764 3546 Vitalis
1806 3491 1942 3546 libro
1977 3509 2068 3547 vnt

501 3582 755 3638 Historia:
811 3581 1212 3646 ecclesiasticae,
1261 3580 1348 3634 ubi
1395 3595 1515 3634 eum
1566 3583 1722 3635 civem
1752 3579 2072 3634 'Remensem

506 3677 706 3730 diserte
747 3672 995 3745 appellat.
1048 3671 1184 3734 Uda,
1231 3671 1427 3740 inquit,
1479 3672 1684 3724 natione
1730 3669 1933 3736 Gallus,
1980 3688 2071 3724 no-

492 3765 704 3819 bilitate
738 3776 783 3819 et
818 3761 1217 3816 mansuetudine
1251 3760 1450 3825 clarus,
1481 3759 1602 3832 civis
1645 3759 1930 3824 Remensis,
1965 3759 2068 3814 etc.

573 3854 758 3924 Neque
789 3853 891 3908 hoc
929 3854 996 3906 ab
1046 3864 1112 3906 eo
1160 3858 1380 3905 auctore
1431 3857 1634 3903 temere
1677 3849 1876 3903 dictmn
1906 3848 2070 3902 fuisse

505 3945 703 4016 aliquis
759 3952 930 4014 putet.
977 3943 1113 3996 Nam
1164 3951 1524 4012 praeterquam
1588 3941 1730 4010 quod
1778 3939 2070 3994 Ortlericus

499 4051 615 4106 pne
643 4035 851 4091 caneris
878 4032 1232 4102 scriptoribus
1263 4040 1551 4087 accuratus
1594 4040 1648 4085 et
1691 4031 1918 4099 diligens
1962 4039 2068 4095 est,

501 4128 554 4180 id
585 4127 758 4196 ipsum
795 4139 825 4178 a
855 4124 1062 4179 Joanne
1099 4123 1358 4194 magistro
1386 4137 1504 4185 suo,
1551 4121 1736 4176 Remis
1778 4130 1924 4186 nato,
1961 4123 2071 4176 dis»

501 4232 624 4272 cere
645 4223 912 4285 potuerat,
943 4213 1156 4268 illarum
1185 4227 1364 4266 rerum
1392 4201 1557 4280 probe
1579 4212 1861 4276 instructo,
1886 4219 2068 4279 ut,ote

499 4308 592 4378 qui
626 4320 692 4361 ex
728 4304 1051 4360 scholastica
1085 4301 1368 4358 Bernensis
1396 4301 1674 4365 Ecclesia),
1705 4301 1756 4354 in
1804 4316 1909 4370 qua
1945 4316 2065 4354 cum

2177 3130 2535 3184 recentiorum
2564 3145 2849 3194 consensu,
2883 3131 3306 3185 (,astellionensis
3343 3132 3518 3186 dictus
3556 3132 3740 3187 fuerit.

2175 3219 2323 3286 Quod
2354 3235 2479 3274 vero
2515 3220 2858 3274 Bains‘nium
2909 3221 2974 3274 ad
3035 3221 3229 3276 Urbani
3285 3231 3536 3290 parentes
3570 3224 3744 3291 perti-

2174 3311 2374 3376 nuerit,
2408 3311 2494 3366 ille
2521 3313 2632 3382 ipse
2681 3320 2907 3366 testatur
2943 3312 2994 3365 lu
3028 3311 3315 3380 diplomate
3364 3327 3460 3380 pro
3491 3327 3604 3377 ejus
3635 3311 3741 3367 loci

2173 3408 2438 3475 prioratu,
2467 3419 2626 3474 quem
2667 3419 2884 3459 suorum
2929 3416 3200 3472 parentant
3231 3403 3563 3471 facultatibus
3591 3403 3747 3458 dota-

2175 3506 2286 3549 tqu
2351 3494 2518 3550 fuisse
2573 3495 2786 3550 asserit.
2854 3495 3066 3549 Etenim
3124 3496 3264 3550 hunc
3313 3495 3516 3559 locum,
3577 3511 3742 3565 quem

2172 3584 2514 3639 Theobaldus
2554 3583 2903 3640 Suessionum
2931 3586 3210 3654 episcopus
3239 3586 3466 3653 primqu
3497 3601 3606 3640 sua:
3639 3586 3742 3641 Ec-

2171 3676 2348 3731 clesiae
2393 3677 2752 3740 attribuerat,
2803 3691 2868 3730 ac
2928 3677 3269 3745 postmodum
3324 3685 3517 3746 agente
3562 3675 3744 3731 altero

2172 3765 2495 3827 Theobaldo,
2521 3766 2723 3819 comite
2739 3764 2976 3834 palatino
3005 3764 3282 3829 Trecensi,
3317 3776 3375 3818 ut
3409 3764 3574 3819 refert
3596 3765 3742 3822 Che-

2170 3857 2337 3920 suius,
2372 3857 2695 3911 monasterio
2717 3856 3080 3910 Coinciacensi
3111 3856 3208 3910 sub
3232 3857 3414 3927 viginti
3439 3856 3738 3912 solidorum

2171 3961 2346 4000 annuo
2383 3961 2544 4000 censu
2569 3946 2840 4000 canonicis
2871 3945 3272 4000 Suessionensis
3317 3946 3566 4001 Ecclesiae
3612 3963 3743 4016 per-

2170 4034 2422 4088 solvendo
2485 4034 2826 4103 subjecerat,
2892 4033 3334 4088 Cluniacensibus
3395 4033 3742 4088 conﬁrmavit

2169 4124 2429 4192 pontifex,
2460 4138 2563 4176 non
2603 4123 2759 4176 modo
2793 4124 3139 4187 auctoritate,
3169 4138 3274 4192 qua
3319 4121 3574 4192 pollebat,
3603 4137 3741 4192 apo-

2169 4216 2385 4280 stolica;
2437 4230 2617 4270 verum
2649 4215 2810 4269 etiam
2859 4216 2929 4269 ob
2973 4215 3041 4276 id,
3075 4215 3214 4284 quod
3247 4215 3335 4268 hic
3377 4229 3570 4268 census
3615 4231 3740 4268 cum

2167 4306 2332 4374 patris
2370 4308 2453 4358 sui
2491 4321 2741 4359 consensu
2790 4306 3066 4360 institutus
3099 4305 3309 4368 fuisset,
3357 4315 3412 4360 et
3460 4308 3608 4360 locus
3646 4306 3741 4362 ille

498 4397 616 4466 ipso
643 4393 828 4450 Odoue
853 4392 992 4446 haud
1019 4391 1181 4446 dubio
1218 4389 1396 4446 fuerat
1434 4391 1713 4455 educatus,
1747 4391 1923 4446 factus
1954 4391 2071 4446 Uti-
2101 4397 2144 4455 1)
2173 4411 2289 4447 eum
2346 4411 2410 4448 ea:
2459 4404 2728 4463 parentum
2770 4394 2892 4462 jure
2947 4394 3284 4461 contingeret.
3353 4393 3741 4450 Baiusonensis

499 4486 676 4542 censis
730 4485 1045 4542 monachus.
1080 4482 1196 4552 ejus
1235 4481 1547 4536 monasterii
1584 4480 1798 4536 scholas
1829 4492 2067 4550 tempore

499 4575 740 4630 Ordcrici
765 4573 1000 4642 regebat.
1029 4571 1178 4625 llaud
1211 4571 1436 4625 multum
1461 4571 1528 4625 ab
1554 4586 1617 4625 ea
1641 4571 1892 4640 opinione
1919 4586 2067 4625 recc-

493 4667 580 4720 «ιιι
608 4665 906 4720 Guibertus
950 4663 1228 4733 Novigenti
1270 4663 1470 4727 abbas,
1510 4673 1565 4717 et
1628 4663 1741 4732 ipse
1778 4673 2066 4718 accuratus

494 4764 712 4820 auctor,
737 4764 973 4826 tempore
999 4764 1053 4810 et
1089 4755 1207 4810 loco
1237 4755 1534 4826 proximus,
1565 4757 1654 4826 qni
1688 4753 1953 4811 Urbanum
2002 4774 2065 4810 ex

502 4844 733 4899 Francia
756 4845 897 4898 claro
921 4862 985 4898 ea:
1031 4848 1256 4916 germine
1287 4847 1566 4901 oriundum
1608 4863 1671 4900 ea:
1712 4848 1972 4901 territorio
2016 4859 2063 4901 et

497 4935 634 4988 dero
663 4923 924 4996 Remenn’,
943 4934 1276 5004 postmultos
1290 4936 1488 5004 gradus
1511 4934 1577 4989 ad
1607 4935 1801 4988 summi
1832 4935 2062 5003 denique
2125 5007 2129 5015 ι

497 5023 841 5092 pontificatus
876 5023 1078 5092 apicem
1115 5025 1403 5093 pertigisse
1432 5023 1638 5078 scribit.
1671 5024 1745 5076 Ex
1773 5025 1856 5078 his
1881 5034 2060 5079 autem

491 5121 645 5186 patet
679 5128 837 5183 quam
889 5113 995 5168 late
1043 5116 1353 5184 accipienda
1395 5116 1504 5170 sint
1549 5114 1808 5170 Guidonis
1851 5117 2062 5171 abbatis

495 5203 679 5262 verba.
703 5203 796 5272 qui
819 5211 964 5258 tomo
991 5203 1007 5257 1
1037 5202 1379 5258 Bibliothecae
1406 5203 1729 5269 Labbeanat,‘
1761 5204 1811 5258 in
1837 5205 2058 5259 historia

495 5295 749 5349 abbatum
799 5294 973 5349 sancti
1025 5292 1276 5348 Germani
1332 5293 1791 5350 Antisiodorensis
1851 5309 1970 5363 cap.
2028 5295 2061 5350 8

489 5387 742 5456 scripsit:
766 5385 1032 5440 Urbanum
1055 5389 1107 5440 in
1129 5387 1567 5440 Antisiodorensis
1588 5386 1815 5440 civitatis
1835 5387 2059 5455 conﬁnio

492 5491 676 5533 uatum
722 5491 769 5532 et
815 5479 1090 5532 educatum
1135 5477 1315 5546 fuisse.
1361 5478 1428 5531 Et
1457 5477 1674 5548 quidem
1717 5492 1910 5546 magna
1940 5493 2060 5533 esse

491 5586 598 5625 non
627 5572 783 5625 debet
817 5586 881 5624 ea
932 5571 984 5623 in
1034 5585 1090 5624 re
1120 5569 1234 5635 ejus
1271 5569 1552 5636 scriptoris
1585 5569 1917 5632 auctoritas,
1967 5569 2056 5636 qui

489 5662 687 5718 steculu
711 5678 808 5717 xm
835 5669 1078 5744 exeunte.
1101 5659 1335 5714 vivebat.
1371 5656 1440 5712 At
1473 5659 1638 5717 multo
1664 5659 1835 5729 magis
1862 5675 1892 5714 a
1931 5673 2058 5713 vero

2170 4494 2346 4538 autem
2371 4485 2637 4554 prioratus
2659 4483 2921 4550 hodieque
2943 4481 3203 4544 subsistit,
3234 4482 3286 4536 in
3311 4483 3553 4549 catalogo
3573 4497 3742 4551 genr-

2171 4574 2265 4628 rali
2307 4575 2687 4628 beneficiorum
2729 4574 2931 4626 ordinis
2957 4571 3328 4628 Cluniacensis
3367 4572 3549 4626 Sancti
3587 4573 3738 4628 Petri

2168 4665 2230 4716 de
2281 4665 2538 4718 Buissono
2589 4662 2905 4731 appellatus,
2960 4664 3190 4716 diwcesis
3237 4661 3626 4716 Suessionensis
3680 4665 3736 4718 in

2167 4751 2314 4818 Bria,
2360 4767 2450 4806 seu
2504 4752 2679 4820 potius
2711 4751 2763 4804 in
2805 4751 3119 4820 Campania,
3164 4767 3317 4820 prope
3368 4749 3738 4806 Castellionem

2159 4853 2323 4912 supra
2357 4843 2671 4896 Matronant.

2270 4934 2330 4987 ιι.
2376 4931 2614 4987 Urbanus
2642 4933 2818 4986 Remis
2851 4935 3101 4986 educatus
3131 4935 3223 4986 sub
3262 4935 3320 4988 S.
3357 4933 3622 4988 Brnnonc.

2234 5025 2472 5080 Odonem
2521 5026 2572 5078 in
2630 5025 2877 5079 Rcmensi
2944 5027 3213 5090 Ecclesia,
3265 5043 3385 5094 (pne
3437 5037 3563 5080 tunc
3615 5036 3736 5082 erat

2166 5133 2481 5189 magnorum
2505 5119 2739 5171 virorum
2767 5117 2818 5172 in
2841 5117 3028 5172 Galliis
3048 5118 3414 5182 seminarium,
3442 5117 3730 5172 educatmu

2163 5207 2330 5264 fuisse
2359 5223 2547 5263 omnes
2575 5222 2681 5262 uno
2711 5223 2804 5261 ore
2846 5207 3111 5271 fatentur;
3141 5197 3194 5260 et
3229 5209 3441 5277 quidem
3468 5209 3565 5261 sub
3592 5207 3730 5260 Bru-

2164 5285 2305 5354 none
2328 5300 2600 5368 magistro.
2626 5298 2776 5365 cujus
2796 5297 2938 5352 fama
2959 5300 3062 5352 illis
3091 5299 3419 5368 temporibus
3442 5313 3540 5367 per
3561 5307 3729 5352 totam

2162 5389 2429 5459 Europam
2451 5389 2678 5444 celebris
2700 5400 2833 5450 erat,
2853 5401 3036 5459 postea
3066 5400 3242 5442 tamen
3280 5389 3446 5443 inulto
3471 5389 3732 5443 illustrior

2162 5482 2498 5546 futura,curn
2515 5481 2717 5548 primus
2731 5479 3426 5534 ordinisCarthusianorum
3451 5479 3732 5532 institutor

2163 5581 2216 5625 et
2238 5585 2435 5640 parcns
2463 5568 2639 5622 factus
2666 5578 2766 5623 est.
2794 5569 2952 5624 Certe
2987 5564 3228 5623 Odonem
3266 5565 3431 5622 fuisse
3462 5567 3729 5620 Brunonis

2163 5656 2479 5727 discipulum
2514 5667 2764 5712 auctores
2790 5657 2985 5727 vulgati
3030 5657 3228 5726 passim
3261 5657 3496 5721 tradunt,
3553 5670 3729 5725 neque
