3962 6312
288 318 358 376 15

1951 323 2022 377 Ἀ-
3489 343 3553 400 ιι

286 435 343 490 id
367 431 654 504 quisquam
681 429 806 500 jure
834 431 1065 487 inliciari
1096 439 1294 502 potest,
1329 446 1451 487 cum
1477 447 1630 501 acutae
1661 441 1871 488 certum
1901 442 1947 495 Α
1968 435 2262 500 Bemensis
2281 454 2468 495 curam
2497 441 2721 508 diluis-it,
2745 429 3056 503 vix-annum
3080 452 3355 524 attigisset
3375 462 3550 515 aetatis

283 527 378 592 sit,
404 525 622 580 nemine
649 523 1018 590 dissentiente,
1042 532 1095 579 et
1124 523 1428 578 Brunoncm
1453 533 1578 579 tunc
1614 524 1868 594 temporis

283 615 567 670 Remensis
599 613 852 669 Ecclesiae
884 614 1085 669 scholis
1106 613 1406 684 praefuisse,
1446 623 1502 669 et
1532 614 1807 669 Urbanum
1837 632 1867 670 a

287 704 490 768 teneris
521 703 572 757 in
603 703 793 768 eadem
823 702 1064 757 Ecclesia
1096 704 1260 756 fuisse
1301 703 1618 758 euutritum.
1649 703 1878 758 Utrum--

282 809 390 863 que
418 795 621 849 diserte
644 793 880 848 allii-mat
905 803 1057 847 vetus
1089 805 1283 848 auctor
1325 794 1488 849 libelli
1523 795 1597 849 De
1644 797 1870 850 institu-'

281 885 524 940 tionibus
552 883 1057 945 Carthusianorum,
1105 900 1134 937 a
1177 883 1392 938 Labbeo
1427 885 1617 938 tomol
1666 885 1879 945 Biblio-_

281 976 454 1030 theca:
491 990 643 1028 novae
693 989 758 1028 ex
803 981 1015 1028 vetusto
1044 975 1230 1029 codice
1275 973 1596 1045 Rcmigiano
1645 976 1861 1043 editus;

277 1067 373 1135 qui
408 1065 574 1120 etiam
603 1064 753 1118 addit
787 1063 1094 1118 Brunoncm
1146 1063 1374 1118 Romam
1423 1065 1624 1119 adiisse
1655 1077 1866 1135 cogente

283 1154 518 1218 Urbano,
551 1153 702 1223 cujus
721 1154 995 1223 quendam
1019 1166 1307 1223 prwceptor
1328 1154 1522 1223 fuerat.
1553 1155 1615 1208 Et
1648 1157 1862 1226 quidem

281 1243 370 1298 hic
403 1242 614 1296 libellus
643 1241 878 1296 habetur
903 1241 955 1296 in
995 1243 1182 1297 codice
1210 1259 1311 1296 ms.
1336 1243 1638 1298 Carthasim
1669 1244 1883 1299 Porta-.

281 1351 425 1400 rum,
440 1335 796 1404 quadraginta
817 1334 1041 1389 circiter
1059 1334 1217 1389 annis
1235 1344 1360 1404 post
1373 1335 1639 1390 Brunonis
1655 1335 1862 1391 obitum

279 1442 375 1482 €38
383 1435 518 1479 rato.

350 1518 445 1572 llis
496 1525 732 1587 opponet
769 1516 1001 1572 fortasse
1049 1532 1159 1571 non
1210 1533 1368 1572 nemo
1402 1533 1592 1574 eorum
1644 1519 1862 1590 opinio-

278 1623 400 1663 nem
447 1609 538 1677 qui
568 1608 880 1662 Brunoncm
899 1607 1429 1680 quinquagenarium
1453 1609 1653 1664 abiisse
1675 1611 1862 1666 dicunt

276 1712 420 1752 anno
452 1695 609 1750 1101.
641 1696 696 1750 Si
727 1696 872 1750 enim
926 1696 1093 1751 semel
1136 1698 1187 1752 id
1229 1698 1573 1765 admittatur,
1605 1715 1727 1755 cum
1758 1701 1862 1756 Ur-

1972 543 2082 581 sure
2105 528 2424 597 vigesimum
2451 531 2720 599 quintum,
2761 545 2855 590 aut
2893 547 3042 594 certe
3070 541 3385 611 vigesimum
3426 554 3566 604 θῆκε

1974 625 2104 672 tum.
2145 619 2364 673 Certum
2392 622 2590 692 quippe
2636 633 2719 679 est
2764 643 2886 681 eum
2922 630 3128 686 rexisse
3161 634 3344 692 multis
3387 641 3546 694 annis

1970 707 2186 763 scholas
2211 709 2534 777 Rcmenses;
2570 715 2712 781 quod
2740 719 2952 772 nonnisi
2994 721 3060 776 ad
3111 725 3420 793 quindecim
3453 741 3547 786 aut.

1968 799 2250 855 duodecim
2278 817 2450 861 annos
2483 805 2700 861 extendi
2738 817 2936 876 potest,
2977 819 3031 864 et
3064 815 3145 868 sic
3165 815 3547 876 celeberrima-

1969 906 2086 946 rum
2113 892 2304 946 harum
2327 894 2634 949 scholarum
2660 897 3377 976 praefectoramlsuseepisset
3402 927 3544 966 anno

1967 982 2139 1036 anatis
2184 998 2296 1037 sua:
2344 984 2566 1039 circiter
2609 987 2948 1053 duodecimo,
3007 1002 3102 1046 aut
3156 997 3220 1050 ad
3270 1013 3540 1056 smnn'tum

1967 1072 2156 1140 quinto
2181 1073 2393 1128 decimo
2420 1089 2435 1127 :
2469 1076 2613 1145 quod
2638 1093 2796 1132 nemo
2826 1095 2972 1138 sanae
2995 1084 3208 1150 mentis,
3242 1091 3541 1158 utquidem

1967 1163 2098 1217 mihi
2132 1164 2361 1228 videtur,
2403 1165 2620 1221 dixerit.
2653 1167 2960 1225 Brunoaem
2986 1187 3115 1229 vero
3139 1177 3225 1229 diu
3264 1176 3544 1235 Bernensi-

1963 1253 2066 1307 bus
2092 1253 2290 1324 scholis
2312 1255 2593 1322 prwfuisse
2627 1259 2846 1315 disertis
2883 1263 3065 1318 verbis
3105 1265 3376 1322 afﬁrmant.
3403 1270 3544 1326 inter

1966 1346 2099 1400 alios
2129 1347 2244 1416 ejus
2275 1347 2604 1416 laudatores,
2660 1353 2712 1406 iu
2763 1355 2954 1410 rotulis
2985 1368 3126 1427 post
3155 1359 3272 1428 ejus
3312 1376 3541 1422 mortem

1964 1435 2031 1488 ad
2064 1436 2208 1488 varia
2259 1436 2372 1492 loca
2405 1441 2758 1507 transmissis,
2794 1443 3061 1500 Noliensis
3091 1453 3406 1506 monasterii
3451 1468 3545 1509 ca-

1965 1529 2141 1584 nonici
2182 1532 2475 1602 regulares,
2530 1534 2622 1603 qui
2672 1536 2780 1589 visa
2828 1539 3078 1594 schedula
3119 1559 3237 1611 qua:
3278 1545 3543 1603 Brunonis

1961 1619 2384 1690 incomparabilis
2412 1625 2705 1694 philosophi
2737 1629 2931 1683 obitum
2962 1634 3202 1703 patefecit
3232 1637 3544 1705 ingemuere

1963 1713 2032 1766 ob
2058 1713 2188 1766 tanti
2209 1713 2304 1767 viri
2332 1730 2603 1779 occasum,
2635 1718 2725 1788 qui
2753 1721 2951 1780 dudum
2983 1721 3238 1780 Ecclesia:
3263 1730 3400 1784 sedis
3445 1730 3544 1789 Re-

276 1788 450 1842 ιδθηυδ
497 1802 639 1841 ³0³10
679 1786 761 1841 ευί
797 1787 1146 1856 Ροιιιίίῖοθῑυε
1189 1787 1512 1843 (Ῐυοάθοίῐηο
1555 1791 1770 1856 Οιὶίεῐῖιο
1804 1801 1856 1847 ει
1891 1774 1936 1834 Β
1964 1805 2461 1861 mensiumsummus
2479 1774 3544 1876 didascalus...‘etcoluntnatoriusmelro-

273 1878 490 1948 quidem
517 1885 643 1932 ante
666 1876 994 1942 Brunoncm,
1021 1877 1281 1932 dicendus
1311 1879 1416 1932 erit
1454 1879 1570 1948 ipso
1604 1880 1856 1937 Brunone

272 1975 433 2022 :etate
461 1968 786 2036 provectior,
819 1975 913 2020 aut
958 1966 1146 2022 saltem
1182 1968 1405 2037 aequalis
1452 1975 1501 2024 ei
1556 1970 1744 2038 fuisse,
1793 1988 1857 2028 ac

274 2055 504 2126 proinde
543 2070 648 2108 non
699 2055 939 2124 potuisse
983 2055 1081 2109 sub
1117 2056 1232 2123 ejus
1261 2059 1570 2128 magisterio
1599 2061 1852 2126 educari;

243 2210 250 2218 _
281 2157 336 2202 at
363 2149 417 2203 id
466 2147 660 2204 falsum
711 2163 829 2204 esse
865 2149 1166 2205 manifestis
1209 2152 1545 2222 argumentis
1573 2152 1730 2209 facile
1760 2155 1857 2210 de-

280 2239 609 2314 monstrabo.

347 2329 566 2395 Verum,
593 2329 906 2400 priusquam
937 2330 1004 2386 de
1028 2330 1299 2386 Brunonis
1327 2340 1486 2389 actate
1515 2333 1717 2404 aliquid
1743 2345 1853 2391 sta-

273 2429 510 2485 tuamus,
535 2405 648 2475 duo
685 2408 1062 2490 praemitteutla
1111 2430 1256 2476 sunt.
1304 2421 1508 2504 Primo,
1558 2425 1852 2494 scriptores

269 2511 439 2566 ferme
459 2525 648 2566 oumes
663 2513 776 2567 sive
792 2515 1065 2582 antiquos,
1091 2514 1203 2568 sive
1219 2515 1574 2582 recentiores,
1607 2518 1849 2578 unanimi

265 2615 532 2656 consensu
559 2601 870 2657 Brunoncm
921 2602 1124 2659 Urbani
1172 2604 1491 2674 magistrum
1528 2606 1849 2677 appellasse.

267 2689 540 2755 Secundo,
580 2691 869 2747 nonnullos
907 2691 1043 2747 alios
1087 2707 1117 2748 e
1155 2692 1425 2749 Brunonis
1459 2683 1735 2766 discipulis
1782 2699 1848 2753 ad

261 2782 652 2852 episc0patum',
680 2782 896 2839 Urbano
927 2785 1102 2840 adhuc
1122 2785 1610 2856 vivente,levectos
1658 2788 1845 2855 fuisse,

259 2874 406 2943 quod
435 2875 661 2944 proinde
689 2891 843 2946 aeque
873 2875 1092 2931 Urbano
1119 2892 1184 2932 ac
1223 2877 1345 2934 istis
1393 2879 1710 2952 contingere
1759 2897 1850 2953 po-

258 2964 385 3047 tuit.
441 2964 588 3020 Sane
618 2976 825 3022 certum
871 2976 955 3023 est
997 2968 1064 3023 de
1112 2966 1299 3025 Odone
1328 2969 1650 3042 Burgundize
1695 2972 1849 3029 ducis

260 3055 436 3113 fratre
472 3073 538 3113 ac
583 3059 828 3129 principe
858 3075 888 3116 e
934 3060 1082 3132 regia
1129 3060 1463 3117 Francorum
1519 3064 1709 3136 stirpe,
1753 3066 1845 3136 qui

256 3148 388 3204 licet
421 3149 649 3214 litteras,
684 3157 742 3202 ut
789 3150 1018 3220 ipsemet
1051 3160 1277 3207 testatus
1320 3161 1424 3218 est,
1457 3154 1557 3208 sub
1589 3153 1842 3212 Brunone

255 3241 449 3299 Remis
472 3244 764 3310 didicisset,
791 3261 932 3300 anno
962 3255 1136 3302 tamen
1166 3247 1324 3314 1085,
1371 3260 1622 3304 monente
1647 3249 1846 3320 Vigue-

253 3341 364 3405 rio,
394 3340 753 3411 Liugoneusis
800 3341 1085 3412 episcopus
1133 3342 1308 3398 factus
1359 3353 1464 3411 est,
1514 3345 1845 3414 proindequc

251 3434 498 3492 triennio
546 3443 834 3503 antequam
876 3432 1130 3490 Urbanus
1175 3435 1430 3491 thronum
1487 3436 1869 3506 apostolicum‘

244 3522 672 3580 conscenderet.
721 3522 985 3578 Similiter
1027 3524 1352 3582 Lambertus
1379 3526 1756 3592 Pultaricnsis,
1788 3535 1844 3583 et

238 3627 453 3675 Petrus
483 3617 542 3674 S.
568 3617 791 3673 Joannis
819 3617 1112 3673 Vinearum
1149 3621 1286 3689 apud
1331 3621 1650 3676 Suessiones
1673 3622 1840 3676 abba-

243 3720 361 3774 tes,
391 3709 484 3778 qui
519 3715 684 3763 etiam
718 3708 986 3764 Brunonis
1015 3711 1348 3778 magisterio,
1399 3722 1461 3765 ut
1511 3711 1611 3780 ipsi
1655 3713 1842 3766 dicunt

244 3803 312 3857 in
345 3802 533 3857 rotulis
557 3809 681 3870 post
722 3810 948 3855 mortem
989 3802 1161 3855 sancti
1183 3803 1290 3855 .viri
1325 3803 1678 3866 transmissis,
1710 3803 1841 3856 ado~

241 3894 518 3958 levcrant,
551 3892 650 3946 has
672 3889 983 3959 dignitates,
1006 3892 1219 3946 vivente
1237 3891 1412 3946 adhuc
1435 3891 1673 3957 Urbano,
1698 3892 1836 3946 obti-

242 3991 509 4037 nuerunt.
539 3980 673 4036 Cum
698 3981 882 4050 itaque
904 3980 1017 4035 haec
1056 3981 1277 4035 omnino
1300 3982 1365 4036 de
1394 3982 1498 4036 illis
1528 3993 1673 4036 certa
1702 3982 1830 4047 sint,

240 4090 358 4132 non
389 4075 544 4130 video
568 4089 672 4144 qua
702 4074 909 4129 ratione
942 4083 1266 4145 negarentur
1294 4074 1359 4130 de
1393 4073 1634 4136 Urbano,
1673 4089 1831 4143 quem

235 4182 316 4221 ex
369 4157 941 4220 veterum-auctorum
993 4166 1304 4220 testimonio
1361 4174 1574 4220 constat
1631 4165 1830 4221 factum

238 4256 586 4328 pontificem,
631 4253 756 4314 cum
782 4266 934 4310 tt’lnle
962 4256 1236 4310 mediocris
1264 4265 1426 4321 esset,
1478 4265 1533 4311 et
1562 4272 1625 4310 ea
1655 4258 1830 4313 adhuc

236 4350 478 4418 ﬂorente
517 4357 743 4401 mortem
780 4346 1004 4400 ohiisse.

1957 1896 2090 1965 polis
2112 1898 2199 1951 diu
2222 1900 2508 1953 exstiterat.
2523 1899 2861 1958 Nolieusibus
2879 1907 3226 1961 consentiunt
3243 1912 3422 1964 carteri
3444 1912 3543 1968 Ec-

1956 1987 2248 2044 clesiarum
2296 1998 2350 2044 et
2385 1993 2834 2045 monasteriorum
2865 2007 3162 2050 conventus
3193 1998 3243 2050 in
3275 2000 3542 2058 similibus

1958 2079 2172 2146 rotulis,
2201 2079 2291 2134 ubi
2315 2094 2437 2134 eum
2461 2081 2628 2136 variis
2655 2081 2921 2136 honorum
2952 2083 3122 2140 titulis
3151 2090 3538 2146 condecet-ant.

1957 2168 2112 2225 Hunc
2143 2174 2414 2239 gemmam
2448 2171 2643 2240 sap/tite
2697 2173 2967 2243 appellant
3021 2178 3267 2232 canonici
3326 2178 3540 2236 Sancta:
3613 2221 3616 2223 »

1956 2261 2459 2328 MariteBlesensis;
2491 2263 2658 2317 lucem
2698 2265 3034 2320 ecclesiarum
3070 2273 3318 2326 lliGﬂﬂClii
3359 2273 3537 2330 Bello—

1955 2366 2215 2407 vaeeuses
2271 2353 2455 2407 Sancti
2510 2353 2788 2420 Luciani;
2848 2356 3197 2413 clarissimum
3249 2364 3535 2432 sopitistanc

1954 2441 2303 2498 Miciaeenses
2333 2443 2517 2498 Sancti
2569 2443 2878 2510 Maximini;
2935 2447 3204 2502 doctorem
3257 2462 3532 2508 doctarum

1953 2534 2355 2602 Bet'nacenses;
2395 2538 2766 2606 magistrorum
2819 2537 3000 2603 decus,
3053 2542 3326 2609 remigium
3364 2545 3534 2598 turba:

1953 2625 2222 2682 Remensis
2249 2626 2583 2682 Parisienses
2604 2626 2817 2682 Sancta:
2847 2627 3029 2683 Mariae
3040 2631 3263 2700 majoris
3287 2633 3534 2689 ecclesia:

1951 2717 2230 2782 canonici;
2285 2717 2429 2772 hunc
2454 2715 2712 2770 doctrina:
2751 2716 3036 2786 prtebuisse
3063 2720 3258 2774 undam
3295 2723 3533 2792 gentibus

1950 2816 1999 2862 et
2029 2806 2202 2870 cleris,
2231 2805 2382 2860 aiunt
2419 2803 2604 2860 Sancti
2635 2805 2878 2861 Gervasri
2921 2806 3284 2876 Va'leSicnses;
3317 2827 3530 2866 cunctos

1951 2911 2218 2967 superasse
2253 2903 2361 2948 toto
2399 2895 2454 2948 in
2503 2895 2624 2947 orbe
2653 2891 2952 2964 magistros,
3007 2895 3189 2952 Sancti
3257 2899 3529 2956 Timothei

1951 2989 2278 3053 lletnenses;
2308 2987 2420 3056 ejus
2442 2987 2772 3041 doctrinatot
2801 2988 2968 3057 factos
2989 3007 3099 3044 esse
3129 2993 3383 3060 sapientes
3402 3007 3531 3065 quo:

1949 3097 2093 3138 mens
2118 3080 2277 3134 nescit
2309 3078 2521 3134 Sanetze
2549 3076 2729 3134 Maria:
2758 3078 3174 3152 Spulingeuses;
3199 3093 3252 3137 et
3279 3087 3527 3141 monachi

1947 3171 2130 3226 Sancti
2186 3167 2389 3226 Nicolai
2437 3166 2840 3238 Andegavcnsis
2884 3171 3001 3240 ejus
3058 3171 3349 3227 doctrinam
3419 3185 3527 3229 toto

1945 3261 2144 3331 fulgere
2165 3261 2220 3314 in
2248 3259 2387 3324 orbe,
2419 3258 2562 3314 unde
2589 3259 2704 3329 ejus
2733 3277 2976 3332 sequaces
2995 3278 3118 3317 esse
3146 3272 3338 3334 optant
3358 3281 3528 3322 canu~

1946 3354 2054 3409 uici
2085 3352 2409 3409 cathedralis
2437 3351 2684 3408 ecclesia:
2714 3352 2927 3409 Sancta:
2963 3354 3152 3410 Crueis
3172 3355 3525 3413 Aurelianen—

1946 3447 2042 3501 sis.
2073 3443 2286 3500 Nimius
2319 3458 2494 3499 essem
2527 3444 2577 3499 iu
2612 3445 2825 3499 caeteris
2851 3445 3037 3515 elogiis
3073 3445 3187 3514 ejus
3228 3463 3525 3503 recenseo.

1946 3534 2133 3588 dis.At
2156 3534 2409 3594 omittere
2429 3549 2535 3588 non
2569 3532 2694 3588 licet
2709 3535 3094 3588 canonicortuu
3125 3535 3526 3606 Audegavensis

1943 3625 2198 3682 Ecclesia:
2240 3625 2569 3680 cathedralis
2607 3625 2779 3678 sancti
2829 3625 3072 3680 Mauricii
3129 3628 3521 3698 testimoniutu,

1943 3733 2050 3787 quo
2104 3715 2417 3788 Brunoncm
2467 3725 2723 3771 asserunt
2787 3717 3107 3787 magistrum
3179 3719 3346 3778 fuisse
3410 3739 3523 3779 non

1941 3823 2254 3878 puerorum.
2286 3817 2380 3862 aut
2431 3808 2704 3862 minnrttm
2749 3808 3096 3878 clericorum,
3147 3813 3240 3868 sed
3272 3814 3520 3870 virorum

1940 3900 2184 3971 gravium
2217 3908 2270 3979 et
2314 3899 2425 3968 jam
2474 3898 2776 3964 doctorum,
2812 3899 2904 3968 qui
2949 3901 3050 3954 sub
3101 3915 3170 3957 eo
3217 3903 3415 3968 divina,
3466 3906 3521 3960 id

1937 4001 2066 4056 est,
2124 3991 2447 4062 theologiam
2504 3991 2875 4046 addiscebant.
2932 3990 3086 4058 Quod
3141 4009 3276 4048 sane
3340 3997 3520 4066 arguit

1937 4101 2061 4141 cum
2105 4087 2215 4156 jam
2270 4095 2394 4140 tunc
2446 4094 2668 4138 matura:
2717 4085 2893 4138 aetatis
2939 4083 3107 4139 fuisse
3159 4101 3280 4138 cum
3332 4087 3520 4142 ﬂentis

1937 4187 2062 4232 ante
2115 4191 2270 4230 suum
2320 4189 2594 4230 secessum
2659 4174 2897 4230 doceret.
2950 4173 3030 4228 En
3079 4175 3284 4245 aliquot
3330 4192 3516 4231 eorum

1936 4280 2142 4320 versus.

2009 4356 2139 4427 Ejus
2168 4368 2216 4411 et
2249 4357 2442 4412 eximia
2471 4355 2762 4410 celebratur
2789 4357 2974 4427 ubique
2995 4357 3201 4427 sophia,

319 4439 436 4496 Jam
467 4453 594 4494 vero
632 4439 675 4493 si
731 4438 796 4511 de
829 4437 1094 4492 Brunonis
1141 4446 1302 4493 aetate
1346 4438 1705 4508 iuquiramus,
1740 4440 1827 4493 vix

2007 4449 2297 4519 Plusquam
2322 4447 2557 4502 Maronis
2580 4447 2832 4504 laudatur
2861 4449 3040 4518 lingua
3064 4449 3350 4519 Brunonis,

239 4531 486 4588 dubitari
524 4539 702 4601 potest
727 4529 853 4597 quin
879 4528 1042 4582 vitam
1076 4527 1216 4582 ultra
1241 4528 1634 4598 quinquaginta
1657 4546 1828 4587 annos

237 4621 582 4694 produxerit.
612 4620 764 4687 Quod
812 4628 870 4673 ut
919 4619 1218 4685 evincatur,
1267 4619 1442 4689 primo
1486 4621 1827 4675 statuendum

238 4728 329 4774 est
359 4728 572 4786 tempus
599 4731 707 4785 quo
734 4714 920 4768 Remis
957 4713 1156 4768 docere
1185 4713 1362 4767 desiit.
1401 4713 1563 4768 Certe
1594 4729 1659 4768 ex
1697 4713 1829 4770 Gre—

237 4808 380 4878 gorii
415 4805 498 4861 VII
553 4805 768 4866 litteris,
811 4812 865 4858 et
909 4820 973 4858 ex
1012 4801 1274 4858 Guiberto
1303 4801 1584 4872 Novigenti
1609 4804 1825 4870 abbate,

238 4898 420 4967 colligi
475 4911 630 4967 posse
690 4896 900 4949 videtur
956 4893 1264 4949 Brunoncm
1315 4895 1595 4950 Rctncnsis
1630 4897 1828 4952 scholre

239 4989 624 5061 pnnfecturam
655 4985 925 5040 dimisisse
951 4986 1235 5040 occasione
1288 4987 1568 5040 turbarum
1607 5003 1741 5058 quas
1773 4989 1824 5043 in

239 5096 305 5138 ea
355 5077 598 5133 Ecclesia
656 5074 931 5129 Mauasses
973 5073 1413 5145 archiepiscOpus
1471 5076 1823 5141 excitaverat,

237 5171 575 5242 proindeque
624 5183 766 5222 armo
812 5165 1030 5220 circiter
1087 5165 1243 5231 1076,
1305 5175 1398 5220 aut
1431 5167 1700 5237 sequenti.
1759 5169 1825 5222 Et

237 5265 481 5334 quidem,
538 5259 692 5314 initio
738 5257 863 5312 anni
905 5257 1062 5323 1078,
1099 5254 1416 5327 Godefridus
1455 5260 1820 5327 cancellarius,

238 5351 510 5409 Brunonis
537 5350 589 5404 in
612 5347 815 5404 scholis
855 5347 1105 5420 regendis
1138 5355 1190 5402 et
1223 5347 1278 5401 iu
1304 5346 1608 5406 cancellarii
1644 5350 1820 5419 digni-

239 5456 354 5501 tate
382 5457 689 5506 suecessor,
719 5439 1039 5510 subscripsit
1087 5439 1316 5500 concilio
1347 5439 1830 5500 Suessionensi-iss

236 5551 401 5592 causa
431 5532 673 5589 ecclesiae
719 5530 902 5586 Sancti
935 5531 1202 5598 Quintilli.
1249 5531 1341 5596 At,
1371 5533 1415 5587 si
1465 5532 1647 5588 Bruno
1677 5551 1820 5591 anno

243 5628 365 5683 1101
403 5623 921 5697 quinquagenarius,
952 5633 1009 5677 ιιι
1041 5609 1227 5679 volunt
1270 5625 1588 5691 adversarii,
1635 5640 1666 5680 e
1709 5628 1816 5683 vita

231 5719 587 5784 excessisset,
615 5728 756 5770 anno
819 5715 955 5772 l076
1007 5729 1100 5773 aut
1144 5727 1425 5788 sequente,
1468 5733 1576 5789 quo
1621 5721 1818 5777 scholae

2003 4539 2186 4595 Gloria
2219 4539 2456 4594 Platonis
2480 4540 2676 4594 silescit
2706 4540 2862 4594 laude
2891 4539 3180 4600 Brunonis.

2006 4628 2106 4683 llic
2132 4628 2456 4698 pra’cellebat
2489 4629 2808 4692 doctoribus,
2841 4630 2924 4683 hic
2951 4630 3176 4700 faciebat

2006 4720 2251 4774 Summas
2278 4720 2536 4784 doctores,
2578 4736 2680 4774 non
2705 4718 3024 4773 instituendo
3058 4721 3284 4775 ntinores
3309 4741 3329 4776 :

2005 4811 2197 4865 Doctor
2227 4811 2497 4865 doctorum
2533 4809 2631 4879 fuit
2660 4811 2764 4875 hic,
2800 4827 2902 4866 non
2931 4810 3315 4868 clericulorum.

2006 4903 2144 4959 Nam
2179 4921 2268 4958 nec
2293 4905 2534 4958 Itanestas
2567 4905 2854 4970 verborum,
2892 4921 2984 4958 nec
3010 4906 3292 4974 grasitates

2003 4995 2234 5064 Sumpsit
2261 4994 2528 5050 Brunonis
2561 4997 2662 5048 nisi
2685 4996 2763 5049 επὶ-ν
2794 5010 2998 5065 magna:
3029 4997 3269 5050 rationis.

2006 5087 2230 5141 Nuntiat
2253 5088 2509 5157 egregiam
2540 5088 2715 5142 divina
2740 5087 2973 5142 docendo
3002 5089 3260 5159 soplriam.

1930 5177 2066 5232 lline
2095 5178 2150 5232 iu
2181 5177 2448 5233 Chronico
2481 5176 2817 5234 Malleacensi
2840 5177 3023 5235 Bruno
3049 5181 3312 5252 perfectus
3340 5186 3510 5256 philo-

1927 5271 2120 5340 sap/tus
2151 5269 2219 5323 ab
2261 5269 2570 5324 Adhemaro
2604 5268 2937 5338 appellatur;
2977 5288 3137 5342 quem
3182 5279 3328 5331 inter
3373 5277 3509 5335 alios

1928 5379 2034 5417 non
2062 5361 2439 5432 Berengarius,
2494 5369 2554 5415 ut
2605 5346 2823 5430 quidam
2868 5364 3008 5419 male
3055 5365 3380 5438 intelligunt,
3412 5373 3506 5427 sed

1925 5454 2212 5524 Fulbertus
2238 5452 2612 5520 C'arnolensis,
2639 5471 2781 5510 anno
2809 5456 2946 5514 1οΞ8
2987 5458 3292 5525 defunctus,
3326 5462 3528 5530 philor

1925 5546 2127 5616 sophia:
2149 5561 2260 5600 suze
2296 5545 2561 5601 hmredem
2591 5549 2902 5619 reliquerat.

1951 5647 1954 5650 ’
1995 5638 2110 5692 Jam
2138 5651 2270 5692 vero
2297 5637 2418 5708 quis
2441 5637 2637 5694 dixerit
2662 5650 2868 5696 tantum
2893 5643 3091 5708 virum,
3123 5658 3284 5712 quem
3312 5657 3506 5699 omnes

1925 5728 2094 5783 ferme
2115 5724 2436 5796 Galliarum,
2480 5727 2684 5803 Anglia:
2727 5740 2782 5788 et
2828 5731 2993 5787 Italiae
3045 5732 3302 5790 Ecclesiae
3336 5719 3500 5790 ueluti
