3962 6312
429 311 497 368 to
1809 305 1871 360 Β.
1915 305 2014 364 ιιιιι

2118 309 2163 363 ιι
2207 307 2246 363 ll
2285 306 2485 364 PAPA‘I
3639 315 3704 372 ιιι

429 422 844 482 celeberrimum
873 418 1222 474 scientiarum
1247 418 1562 487 magistrum
1583 420 1831 474 certatim
1860 437 2009 476 com-
2043 427 2088 481 Α
2187 425 2328 478 Vero
2375 425 2606 479 similius
2663 433 2769 489 est,
2822 427 2963 495 quod
3024 427 3239 498 scrips't
3301 427 3586 485 Albericns
3646 433 3702 486 in

428 517 775 577 mandarunt,
809 513 905 566 has
935 511 1122 564 laudes
1152 525 1322 564 annos
1357 510 1543 579 viginti
1575 520 1666 564 aut
1697 512 1855 581 paulo
1891 513 2010 582 plus

425 618 521 663 aut
542 607 718 661 minus
746 612 928 656 natrnn
957 599 1357 670 promeruisse?
1383 599 1515 666 Quis
1546 601 1792 670 inquam,
1822 603 1920 656 sibi
1956 604 2006 656 in

428 699 668 754 animum
703 691 976 748 induxerit
1008 691 1314 744 Brunonem
1351 706 1414 744 ea
1463 701 1623 744 :ctate
1652 691 1744 743 diu
1794 691 2010 747 scholas

427 791 565 847 adeo
619 787 860 843 celebres
899 798 1020 838 cum
1080 789 1226 835 tanta
1272 781 1594 836 eruditionis
1641 790 1699 835 et
1747 782 2008 837 doctrina:

427 885 569 936 fama
598 878 820 939 rexisse,
855 885 914 928 ut
945 883 1063 942 post
1094 873 1279 942 viginti
1311 873 1633 926 secessionis
1664 888 1836 926 annos
1864 888 2008 928 mors

421 973 539 1042 ejus
582 981 839 1036 tanquam
873 963 1118 1018 omnium
1155 962 1433 1016 doctorum
1467 962 1710 1031 magistri
1748 977 1777 1014 a
1819 961 2009 1030 pleris-

422 1059 528 1134 que
543 1061 691 1117 orbis
713 1056 1006 1115 Christiani
1037 1054 1289 1110 Ecclesiis
1319 1054 1706 1110 celebrioribus
1731 1054 2005 1124 deplorata

424 1153 602 1208 fuerit.
637 1149 897 1218 Denique,
937 1146 984 1200 si
1012 1145 1249 1199 visiones
1296 1143 1349 1197 in
1380 1153 1576 1197 nostra:
1615 1156 1790 1198 causa:
1833 1145 2008 1199 subsi-

423 1247 572 1299 dium
597 1243 868 1297 adducere
902 1237 1084 1301 liceat,
1118 1236 1296 1290 Bruno
1319 1251 1482 1290 senex
1508 1244 1644 1296 erat,
1675 1233 2009 1304 proindeque

417 1334 783 1407 quadraginta
814 1331 1051 1399 quinque
1092 1337 1186 1381 aut
1227 1328 1392 1380 etiam
1427 1325 1818 1395 quinquaginta
1851 1325 2008 1378 annis

425 1429 620 1498 major,
647 1440 770 1480 cum
803 1423 854 1476 in
884 1420 1130 1477 Calabria
1155 1427 1478 1472 moraretur.
1512 1416 1718 1470 Etenim
1741 1415 2007 1486 ltogerius

424 1533 628 1581 comes,
672 1527 728 1569 ut
762 1515 873 1584 ipse
912 1513 963 1565 in
992 1510 1207 1579 vulgata
1244 1522 1306 1561 ea
1362 1509 1427 1561 de
1476 1524 1533 1562 re
1580 1507 1766 1560 charta
1797 1513 2006 1569 narrat,

426 1627 549 1665 cum
576 1610 812 1677 Capuam
853 1603 1127 1659 obsideret
1156 1617 1184 1654 a
1213 1615 1332 1654 sene
1379 1597 1642 1651 rererendi
1675 1597 1866 1661 cultus,
1916 1595 2008 1664 qui

423 1703 469 1755 ei
503 1697 817 1754 uenerabilis
854 1694 1012 1747 Pater
1044 1692 1222 1746 Bruuo
1264 1705 1386 1744 esse
1431 1687 1738 1750 videbatur,
1773 1687 2010 1742 monitus

2118 515 2408 581 Chronico,
2439 517 2716 571 Urbanum
2757 518 3012 573 Ecclesia:
3041 519 3327 576 lternensis
3357 521 3696 577 archidiaco-

2117 623 2242 659 num
2277 606 2459 661 fuisse.
2494 609 2540 661 ls
2563 609 2706 662 enim
2739 608 2852 676 ipse
2877 619 2961 663 est
2983 609 3118 674 Odo,
3147 609 3190 663 si
3223 626 3328 664 non
3373 610 3507 665 fallit
3543 623 3696 667 cata-

2117 698 2268 766 lngus
2291 699 2796 753 archidiaconorum
2821 699 3171 755 Remensiunt
3199 718 3227 754 a
3257 701 3482 756 Marioto
3506 712 3650 758 tomo
3679 705 3698 760 Ι

2120 785 2432 856 Metropolis
2465 789 2745 844 Bernensis
2783 791 2978 855 editus,
3029 789 3119 859 qui
3171 806 3316 845 anno
3367 792 3502 846 1070
3555 794 3697 850 hanc

2116 879 2432 949 dignitatem
2449 881 2725 936 obtinebat
2762 882 2904 938 Cave
2925 893 3104 936 tamen
3134 898 3197 937 ne
3229 883 3374 938 illum
3399 885 3700 943 confundas

2114 985 2238 1024 cum
2279 970 2386 1025 alio
2429 970 2668 1039 ejusdem
2711 973 2946 1027 nomims
2991 974 3376 1029 archidiacono
3418 975 3699 1046 ﬂcmunsi,

2115 1061 2204 1130 qui
2253 1061 2417 1117 variis
2447 1063 2653 1118 chartis
2695 1065 2795 1118 sub
2834 1063 3067 1119 Widone
3111 1075 3165 1120 et
3199 1065 3464 1122 Gervasio
3513 1072 3694 1124 archi-

2114 1152 2433 1220 prazsulibus
2490 1153 2630 1207 inter
2692 1153 2828 1209 alios
2895 1155 3278 1225 subscripsisse
3343 1170 3696 1214 memoratur.

2114 1242 2249 1296 Cum
2278 1242 2421 1296 enim
2454 1243 2556 1297 iste
2577 1243 2718 1298 hanc
2738 1243 3052 1312 dignitatem
3078 1246 3374 1300 annnf05‘2
3403 1247 3700 1313 obtineret,

2115 1343 2172 1388 ut
2229 1343 2375 1404 patet
2428 1350 2494 1389 ex
2531 1335 2777 1391 Widonis
2819 1338 3212 1408 archiepiscopi
3267 1341 3479 1404 charta,
3535 1357 3699 1411 quam

2115 1426 2372 1482 Marlotus
2417 1436 2564 1482 tomo
2599 1428 2638 1481 l1
2671 1428 2875 1494 retulit,
2919 1428 3058 1484 alius
3104 1431 3410 1484 necessario
3441 1432 3702 1486 dicendus

2114 1528 2198 1572 est
2229 1517 2395 1572 fuisse
2426 1533 2455 1570 a
2475 1527 2660 1572 nostro
2685 1506 2895 1582 Odone,
2921 1521 3172 1588 quianuo
3200 1522 3334 1576 1088
3365 1538 3488 1575 cum
3519 1524 3700 1578 adhuc

2115 1609 2340 1663 modica:
2368 1610 2544 1664 anatis
2578 1619 2745 1676 esset,
2790 1624 2849 1664 ut
2893 1611 3128 1680 loquitur
3163 1612 3455 1668 0rdericus
3483 1612 3699 1677 Vitalis,

2112 1702 2357 1770 pontifex
2383 1711 2464 1757 est
2497 1704 2862 1757 renuntiatus.
2893 1703 3052 1759 Certe
3087 1703 3288 1759 0do:.is
3333 1721 3524 1759 nomen
3557 1722 3698 1761 com-

421 1795 527 1848 fuit
567 1802 624 1846 ut
653 1792 720 1844 ab
752 1788 962 1844 insidiis
987 1784 1166 1856 Sergii
1205 1782 1486 1852 cujusdam
1517 1778 1809 1849 proditoris
1852 1791 2010 1831 cave-
2043 1789 2086 1842 1}
2113 1795 2330 1850 munius
2379 1808 2508 1850 ωηο
2539 1795 2799 1864 ιοηψονίε
2825 1805 2962 1860 εγω,
3012 1805 3071 1850 ,η
3113 1797 3232 1864 quis
3275 1797 3504 1852 inﬁtiari
3550 1798 3702 1861 vel",

417 1895 524 1942 ret.
553 1885 631 1939 Ex
654 1883 850 1954 quibus
878 1879 1129 1934 omnibus
1155 1875 1315 1930 facile
1333 1873 1612 1943 colligitur
1634 1870 1767 1925 nihil
1788 1869 2011 1924 omnine

419 1973 683 2043 impedire
734 1967 1027 2038 quominus
1071 1963 1389 2019 admittatur
1426 1961 1734 2016 Brunonem
1781 1958 2008 2024 Urbani,

415 2080 542 2120 cum
568 2064 622 2118 iu
673 2061 928 2116 Remensi
970 2057 1152 2112 schola
1181 2056 1381 2109 litteris
1417 2061 1655 2116 vacaret,
1692 2050 2011 2121 magistrum

421 2157 613 2217 fuisse,
647 2153 809 2222 idque
834 2165 977 2204 anno
1021 2147 1198 2202 szeculi
1232 2144 1502 2200 undecimi
1541 2143 1758 2197 circiter
1782 2155 2011 2211 sexage-

421 2247 581 2301 simo.
613 2244 769 2299 Unde
803 2256 980 2296 rerum
1006 2240 1175 2294 series
1207 2238 1284 2293 sic
1306 2235 1546 2292 ordinari
1572 2242 1746 2305 potest
1771 2251 1786 2287 :
1810 2231 2013 2288 Cerva-

421 2343 535 2396 s'us
575 2352 714 2391 anno
746 2335 880 2390 1055
913 2334 1166 2387 thronum
1198 2329 1524 2385 Remensem
1557 2328 1805 2396 adeptus,
1846 2324 2013 2395 panis

419 2440 547 2504 post
588 2429 921 2487 Brunonem,
955 2423 1071 2494 jam
1108 2429 1296 2487 antea,
1332 2428 1390 2473 ut
1420 2417 1696 2471 Manasses
1723 2413 2015 2468 afﬁrmavit

421 2503 476 2579 in
526 2537 622 2577 sua
671 2517 917 2589 apologia
946 2556 962 2581 ,
1006 2513 1302 2570 canonicus
1355 2507 1696 2566 Coloniensis
1752 2503 2014 2559 Ecclesi:e

423 2613 608 2672 Sancti
657 2607 996 2671 Clmniberti,
1031 2606 1233 2660 Remos
1262 2600 1566 2665 advocavit,
1608 2599 1771 2669 eique
1817 2595 2014 2652 collata

426 2703 759 2769 cauccllarii,
790 2701 1050 2772 dignitate
1071 2712 1182 2753 sua:
1208 2695 1468 2751 Ecclesia:
1490 2691 1798 2748 scholarum
1827 2703 2012 2743 curare

425 2794 803 2860 dcmandavit;
845 2790 1220 2846 enutricbatur
1269 2797 1394 2841 tunc
1442 2780 1585 2840 inter
1634 2783 1771 2838 alios
1805 2783 2015 2837 nobiles

423 2890 542 2960 ejus
564 2889 744 2946 relatis
773 2886 1001 2940 clericos
1031 2883 1146 2938 Odo
1177 2890 1383 2944 noster,
1415 2893 1576 2947 quem
1606 2877 1648 2930 si
1687 2891 1830 2930 anno
1876 2873 2014 2929 1060

423 2995 672 3039 octavum
699 2978 966 3034 decimum
999 2973 1218 3028 circiter
1245 2969 1424 3026 aetatis
1471 2963 1585 3023 suae
1630 2983 1833 3022 annum
1887 2966 2012 3020 atti-

423 3079 567 3150 gisse
595 3074 965 3134 adntittamus,
1009 3065 1152 3138 quod
1181 3079 1314 3122 sane
1361 3079 1499 3133 pene
1532 3070 1738 3117 certum
1767 3060 2008 3122 videtur;

2114 1889 2248 1942 duos
2271 1887 2387 1957 ejus
2409 1888 2646 1941 nominis
2676 1887 3090 1942 archidiaconus
3122 1902 3187 1941 eo
3215 1888 3414 1942 szecnlo
3448 1904 3568 1944 esse
3599 1904 3700 1956 po-

2115 1979 2283 2034 tuisse
2315 1979 2367 2034 in
2387 1977 2644 2033 Remensi
2669 1975 2930 2032 Ecclesia.
2959 1977 3017 2030 Si
3044 1977 3164 2047 quis
3187 1992 3315 2031 vero
3351 1978 3399 2031 id
3423 1987 3702 2048 perneget,

2111 2069 2453 2140 proferemus
2480 2069 2532 2123 in
2557 2069 2928 2124 testimonium
2957 2067 3198 2138 ejusdem
3223 2069 3474 2124 Ecclesia-
3497 2070 3674 2125 Nccro

2113 2164 2315 2234 logium
2346 2172 2520 2227 vetus,
2553 2164 2604 2217 in
2633 2178 2740 2232 quo
2769 2163 2854 2218 die
2881 2163 3069 2234 quinta
3106 2163 3389 2219 Februarii
3429 2181 3701 2220 memora-

2117 2265 2205 2311 tus
2233 2256 2402 2310 obitus
2428 2255 2628 2309 Odonis
2657 2255 3048 2319 archidiaconi;
3079 2255 3278 2310 diversi
3311 2257 3498 2320 procul
3538 2257 3708 2311 dubio

2115 2363 2144 2402 a
2167 2356 2352 2402 nostro
2375 2347 2489 2417 qui,
2512 2361 2698 2401 mense
2727 2344 2870 2402 Julio
2894 2347 3193 2409 desinente,
3223 2347 3467 2416 pontifex
3500 2348 3705 2401 Roma-

2116 2451 2217 2491 nus
2237 2451 2268 2491 e
2296 2435 2402 2489 vita
2436 2435 2681 2490 recessit.

2185 2529 2356 2584 Porro
2381 2527 2701 2583 liemensem
2731 2527 3028 2583 Ecclesiam
3057 2528 3451 2600 sempercoluit
3477 2545 3541 2583 ac
3569 2528 3704 2583 fovit

2119 2621 2375 2677 Urbanus
2399 2620 2561 2674 etiam
2594 2627 2714 2688 post
2739 2619 2998 2689 adeptum
3033 2622 3430 2691 pontificatum,
3462 2621 3602 2690 quod
3637 2635 3704 2673 ex

2115 2712 2283 2766 variis
2329 2709 2446 2779 ejus
2486 2709 2754 2779 epistolis,
2812 2724 2950 2780 quas
2968 2725 3068 2765 suo
3093 2712 3284 2765 ordine
3339 2710 3703 2780 proferemus,

2115 2802 2342 2872 patebit.
2405 2800 2532 2871 Ejus
2602 2801 2803 2870 quippe
2857 2809 2913 2854 et
2971 2799 3114 2855 illius
3165 2802 3704 2869 archiepiscoporum

2114 2895 2504 2967 prmrogativas
2557 2877 2750 2962 insigni
2792 2891 3088 2962 diplomate
3132 2893 3406 2955 asseruit;
3449 2902 3501 2945 ct
3534 2892 3708 2944 altero

2112 2985 2456 3043 confirmavit
2471 2984 2712 3054 ejusdem
2729 2983 2984 3039 Ecclesia:
3000 2984 3385 3039 eanonicorum
3401 2982 3706 3053 privilegia,

2115 3078 2242 3132 dum
2276 3078 2572 3132 monachos
2612 3075 2963 3145 Rcmigianos
3004 3076 3266 3130 adversus
3307 3075 3707 3145 lngelramnum

421 3169 557 3225 nihil
610 3165 832 3220 omnino
879 3159 1117 3252 obstabit
1163 3155 1455 3252 (ιιιοιιὶίηυδ
1505 3168 1571 3208 ϐο
1622 3161 1883 3252 “mito”:
1912 3152 2012 3249 θεῴ
2040 3160 2081 3218 C
2114 3168 2358 3223 Lauduni
2414 3168 2729 3238 episcopum
2777 3167 2944 3252 tuitus
2976 3175 3080 3230 est,
3128 3177 3187 3219 nt
3233 3165 3367 3220 nihil
3416 3164 3591 3220 dicam
3642 3165 3709 3220 de

419 3256 690 3314 Brunonis
716 3251 1000 3324 disciplina
1022 3249 1312 3311 enutritus,
1336 3255 1389 3300 et
1419 3251 1605 3313 postea
1637 3241 1804 3295 variis
1834 3239 2014 3309 digni-

422 3357 628 3412 tatibus
684 3350 949 3414 decursis,
1005 3344 1379 3418 pontificatum
1431 3340 1732 3394 Romanum
1788 3336 2018 3404 adeptus

424 3446 588 3501 fuerit
617 3458 758 3498 anno
786 3439 922 3495 1088
948 3437 1126 3492 aetatis
1154 3449 1266 3490 sua:
1294 3447 1436 3486 anno
1455 3429 1677 3486 circiter
1708 3426 1780 3482 ιϐ
1810 3425 2018 3487 modica

425 3543 617 3602 «etate,
670 3546 723 3590 et
765 3533 980 3588 tandem
1032 3543 1176 3583 anno
1233 3525 1370 3580 1099
1431 3519 1762 3585 decesserit,
1816 3531 2016 3570 annum

424 3640 590 3698 agens
617 3625 707 3688 5'7,
737 3623 915 3675 adhuc
942 3620 1134 3688 ﬂoreus
1167 3624 1220 3670 et
1243 3623 1486 3684 vegetus.
1522 3609 1647 3664 llzcc
1675 3607 1814 3662 forte
1857 3604 2018 3675 paulo

426 3695 600 3770 fusius
631 3727 792 3782 quam
821 3709 1107 3779 oportebat
1137 3715 1367 3759 tractata
1415 3710 1572 3766 sunt;
1601 3700 1694 3754 sed
1734 3698 1788 3752 id
1837 3695 2019 3765 exegit

422 3805 694 3863 Brunouis
741 3801 902 3857 sitnul
937 3808 993 3854 et
1045 3797 1251 3852 Odonis
1293 3810 1387 3850 seu
1441 3793 1643 3849 Urbani
1674 3806 1861 3854 causa,
1893 3804 2016 3842 cum

423 3895 785 3954 honorificum
809 3891 879 3946 sit
901 3888 1135 3945 Brnnoni
1163 3895 1370 3941 tantum
1394 3882 1652 3939 habuisse
1671 3879 2016 3948 discipulum,

423 3996 479 4042 et
519 3983 693 4042 Odoui
725 3981 826 4037 sub
883 3990 992 4035 tam
1038 3974 1214 4032 sancti
1252 3975 1355 4029 viri
1391 3970 1674 4041 disciplina
1721 3968 2012 4023 educatum

425 4078 614 4132 fuisse.
637 4074 908 4142 Quantum
943 4083 1073 4123 vero
1099 4066 1200 4122 sub
1229 4063 1427 4120 celebri
1457 4062 1547 4115 illo
1570 4058 1896 4129 magistroin
1921 4056 2014 4111 lit-~

427 4184 663 4226 terarum
682 4163 937 4222 studiisct
962 4158 1238 4216 exercitiis
1263 4157 1522 4211 virtutum
1555 4150 1848 4223 profecerit
1878 4146 2013 4214 Odo,

426 4274 598 4332 pauca
625 4271 745 4327 qua:
787 4269 853 4308 ex
883 4252 1002 4322 ejus
1055 4247 1272 4318 scriptis
1322 4251 1636 4316 supersunt,
1692 4256 1757 4295 ac
1809 4238 2014 4308 reliqua

426 4354 574 4408 illius
601 4351 726 4404 vita:
750 4345 1008 4416 prmelara
1029 4351 1200 4411 gesta,
1233 4353 1352 4410 qua:
1378 4337 1490 4393 suis
1509 4333 1642 4389 locis
1662 4346 2014 4402 exponemus,

427 4444 563 4500 satis
592 4439 912 4505 abundeque
944 4443 1230 4489 testantur.

465 4534 555 4590 ill.
599 4531 849 4586 Urbanus
877 4543 947 4579 an
983 4523 1248 4590 Remensis
1293 4519 1584 4590 canonicus
1619 4527 1666 4570 et
1713 4514 1980 4568 archidiu-
2043 4506 2095 4565 D

571 4618 759 4658 conus.
799 4597 934 4668 Ejus
964 4609 1114 4648 amor
1143 4593 1197 4646 in
1225 4589 1519 4645 Ecclesium
1544 4586 1873 4640 Remensem.

502 4693 783 4750 Urbanum
812 4703 919 4742 non
948 4683 1123 4740 solum
1146 4683 1198 4736 in
1230 4677 1517 4735 Remensis
1539 4674 1780 4731 Ecclesie
1812 4673 2020 4744 gremio

420 4783 725 4842 contritum
758 4779 952 4840 fuisse,
985 4774 1079 4829 sed
1109 4772 1272 4826 etiam
1311 4770 1364 4824 in
1411 4766 1579 4822 nobili
1619 4767 1734 4834 ejus
1766 4763 2019 4819 Ecclesia:

427 4872 811 4933 canonicorutn
836 4867 1064 4938 coliegio
1081 4864 1261 4920 locum
1287 4859 1589 4917 obtinuisse
1614 4857 1747 4911 varii
1771 4867 2018 4911 auctores

431 4966 634 5039 passim
676 4960 914 5018 tradunt.
946 4958 1084 5014 Cum
1113 4969 1245 5010 vero
1273 4951 1363 5006 illa
1391 4948 1634 5030 Ecclesia
1660 4955 1887 5004 cmteras
1911 4962 2016 5000 non

431 5036 692 5128 dignitate
722 5051 918 5116 solum,
942 5049 1035 5104 sed
1058 5047 1223 5104 etiam
1254 5057 1465 5097 morum
1484 5040 1786 5094 sanctitata:
1809 5045 1864 5092 et
1895 5036 2018 5090 vita:

433 5145 740 5206 communis
763 5139 1142 5200 observatione
1173 5147 1298 5192 tunc
1326 5131 1693 5195 antecelleret,
1719 5129 1834 5199 ejus
1855 5145 2018 5184 cano-

431 5239 542 5295 nici
577 5235 706 5292 dicti
746 5241 877 5288 sunt
917 5245 948 5284 a
993 5224 1264 5283 nonnullis
1318 5221 1614 5292 regulares.
1669 5221 1845 5290 Atque
1894 5217 2017 5272 inde

433 5337 560 5384 nata
591 5335 676 5382 est
711 5320 1076 5395 posteriorum
1103 5315 1464 5386 quorumdam
1497 5318 1781 5364 auctorum
1811 5307 2014 5377 opinio,

431 5420 525 5492 qui
590 5416 870 5474 Urbanum
929 5409 1058 5465 olim
1118 5405 1438 5460 canonicum
1494 5400 1795 5472 regularem
1849 5397 2038 5454 fuisse.

431 5488 792 5577 scripserunt,
813 5513 864 5558 et
897 5499 1115 5572 quidem
1141 5492 1533 5550 Lateraneusis
1558 5488 2014 5561 congregationis,

433 5611 491 5656 ut
518 5600 610 5654 alii
639 5597 896 5652 addidere
924 5608 940 5658 ;
980 5589 1115 5645 adeo
1143 5585 1399 5658 proclivis
1442 5592 1524 5638 est
1570 5597 1599 5636 a
1629 5581 2018 5652 prceconceptis

432 5686 776 5760 opinionibus
804 5685 869 5739 ad
900 5693 1143 5738 errorem
1193 5674 1410 5746 gradus.
1444 5671 1549 5726 Sed
1595 5671 1679 5726 his
1736 5669 2016 5725 immorari

432 5801 538 5839 non
567 5791 742 5836 ιἰιριιι.

2118 3257 2422 3315 Basolianis
2469 3258 2770 3323 monachis,
2805 3273 2946 3328 quos
2999 3257 3068 3310 ab
3117 3256 3363 3311 advocati
3428 3254 3710 3310 saecularis

2070 3411 2071 3414 η
2109 3349 2242 3423 jugo
2269 3350 2538 3406 liberavit.
2592 3349 2787 3404 Mirum
2841 3358 2926 3404 est
2968 3358 3147 3403 autem
3189 3357 3449 3417 quantum
3481 3348 3709 3402 desuda-

2121 3445 2257 3500 verit
2286 3445 2407 3514 pius
2446 3442 2688 3514 pontifex
2721 3443 2773 3496 in
2805 3441 3136 3496 restituenda
3156 3439 3447 3512 episcopali
3475 3438 3711 3494 Atreba-

2119 3544 2235 3589 tum
2285 3535 2434 3600 sede,
2489 3549 2611 3603 qua:
2656 3549 2686 3588 a
2735 3533 2994 3588 trecentis
3042 3531 3212 3587 ferme
3275 3531 3433 3586 annis
3488 3532 3710 3600 proprio

2119 3626 2372 3696 episcopo
2433 3631 2701 3689 caruerat,
2760 3623 2904 3693 quod
2967 3638 3027 3677 se
3077 3621 3200 3678 ideo
3251 3622 3447 3678 fecisse
3502 3623 3709 3692 passim

2123 3726 2373 3782 testatur,
2398 3727 2457 3772 ut
2478 3717 2769 3771 Remorum
2800 3713 3139 3785 metropolim
3166 3714 3218 3768 in
3245 3715 3524 3786 antiquam
3551 3731 3706 3770 suam

2121 3811 2439 3880 dignitatem
2490 3809 2828 3864 restitueret.
2871 3804 3118 3860 Urbanus
3198 3805 3418 3876 quippe,
3459 3817 3518 3860 ut
3570 3805 3700 3859 Iler-

2121 3916 2353 3955 mannus
2409 3899 2575 3954 habet
2625 3899 2679 3952 in
2739 3897 2980 3952 Historia
3042 3896 3462 3951 restaurationis
3519 3893 3706 3949 Sam-ti

2121 3993 2338 4048 Martini
2365 3991 2751 4055 Tornacensis,
2776 3988 3050 4060 Spicilegii
3074 3987 3366 4042 Acheriani
3404 3999 3549 4042 tomo
3580 3987 3703 4042 XII:

2119 4085 2370 4156 quoniam
2404 4084 2458 4136 in
2492 4081 2730 4136 Ecclesia
2768 4079 3010 4134 Remensi
3037 4079 3289 4133 educatus
3337 4077 3531 4147 fuerat,
3558 4079 3709 4132 ualde

2118 4196 2235 4235 eam
2261 4193 2419 4248 super
2445 4176 2582 4230 alias
2616 4175 2898 4245 diligebat;
2929 4182 2976 4228 et
3000 4183 3056 4227 ut
3088 4173 3360 4243 antiquam
3387 4171 3434 4224 ei
3472 4170 3705 4239 dignita-

2119 4281 2221 4325 tem
2251 4269 2531 4323 duodecim
2557 4268 2917 4338 episcoporum
2941 4265 3156 4321 reddere
3177 4274 3368 4334 posset,
3392 4281 3494 4318 non
3519 4279 3707 4332 parum

2118 4361 2412 4416 laborabat.
2441 4359 2652 4414 Etenim
2683 4366 2884 4428 praeter
2925 4355 3370 4416 Atrebateusem,
3405 4362 3706 4409 tentaverat

2120 4455 2283 4509 etiam
2358 4451 2761 4506 Tornacensem
2835 4445 3135 4501 Ecclesiam
3220 4459 3250 4499 a
3329 4443 3708 4500 Noviomens's

2121 4542 2362 4618 episcopi
2441 4536 2777 4606 subiectione
2842 4535 3098 4590 liberare.
3167 4533 3238 4588 At
3267 4533 3411 4604 quod
3470 4533 3585 4602 ipse
3635 4534 3706 4587 ob

2122 4637 2439 4706 ingruente:
2509 4628 2858 4694 difﬁcultates
2918 4625 3130 4682 efﬁcere
3190 4641 3296 4680 non
3360 4625 3563 4694 potuit,
3638 4625 3707 4678 ab

2120 4729 2361 4801 Eugenio
2410 4725 2474 4780 Ill
2536 4731 2660 4794 post
2719 4721 2922 4792 aliquot
2993 4733 3192 4784 annos,
3249 4725 3446 4789 agente
3516 4725 3708 4770 sancto

2119 4819 2420 4883 Bernardo,
2490 4814 2794 4887 prtestitttm
2859 4821 2963 4867 est.
3033 4811 3164 4865 Erat
3237 4819 3417 4864 autem
3481 4808 3704 4876 antiqua

2121 4911 2407 4970 Remensis
2437 4906 2730 4979 provincia:
2764 4904 2819 4959 in
2848 4903 3038 4959 Galliis
3073 4900 3450 4972 praerogativa,
3493 4908 3551 4953 ιιι
3573 4899 3705 4955 duo-

2120 5004 2295 5060 decim
2327 4997 2728 5071 episcopalibus
2759 4995 2978 5056 sedibus
3015 4990 3278 5061 gaudens,
3304 4989 3507 5060 judicia
3540 5004 3707 5043 eano-

2120 5099 2242 5154 uica
2270 5096 2322 5150 in
2350 5091 2570 5165 proprio
2591 5091 2734 5152 sinu,
2754 5088 2960 5156 absque
2974 5085 3274 5139 alienarum
3299 5080 3706 5152 provinciarum

2119 5203 2222 5258 ope
2276 5183 2560 5240 absolvere
2612 5187 2817 5250 posset.
2871 5176 3139 5232 Cmterum
3194 5189 3316 5228 cum
3377 5171 3703 5242 periclitanti

2121 5280 2378 5339 Ecclesize
2443 5272 2698 5331 Remeusi
2771 5279 2896 5341 post
2973 5265 3234 5337 liaynaldi
3310 5263 3706 5332 archiepiscopi

2121 5359 2678 5437 obitumusubvenire
2721 5363 2987 5418 voluisset
3035 5358 3124 5414 lvo
3160 5356 3578 5414 Carnotcnsium
3614 5371 3705 5409 an-

2123 5443 2298 5531 tistes,
2333 5460 2534 5518 Urbani
2561 5471 2719 5528 opem
2761 5451 3071 5521 imploravit
3101 5448 3330 5518 epistola
3358 5446 3483 5508 H6,
3512 5447 3566 5500 in
3601 5460 3704 5514 qua

2121 5562 2168 5616 ei
2220 5560 2361 5613 hanc
2408 5551 2707 5608 Ecclestam
2764 5555 2868 5600 'uon
2914 5543 3084 5598 solum
3125 5540 3265 5611 quod
3306 5555 3448 5606 regni
3494 5536 3702 5590 haberet

2122 5651 2392 5713 diadema,
2425 5656 2470 5701 et
2514 5642 2713 5698 ca'teris
2747 5653 2874 5710 pene
2921 5632 3169 5689 Ecclesiis
3199 5629 3488 5685 Gallicanis
3532 5643 3703 5682 exeat-

3535 5840 3644 5852 ..ο-ρ’
