3962 6312
243 382 310 436 η
1767 373 1947 428 vm.
3454 363 3538 418 1‘3‘

244 494 391 564 plum
417 490 586 545 rn‘incr
604 488 678 543 rel
705 481 1098 543 resurrectionis
1121 489 1381 549 existeret,
1406 484 1833 548 commendavit;
1869 489 1912 544 Α
1943 481 2181 550 ejusdem
2218 478 2362 534 Petri
2409 476 2731 546 discipulum
2777 474 2978 545 passim
3005 473 3254 545 appellat,
3289 491 3533 546 eumque

247 584 344 636 sel
394 582 561 635 etiam
615 579 758 648 quod
799 577 885 632 illa
937 578 1226 646 aliquando
1265 574 1385 645 ejus
1425 585 1594 628 mater
1625 573 1836 628 fuisset.

249 671 588 734 Rementem,
637 670 830 736 inquit,
877 669 1224 738 metropolim,
1284 654 1575 737 aliquando
1621 677 1838 720 matrem

245 772 494 819 restrain.
523 774 656 820 εις..
693 760 872 813 restris
917 760 1357 813 consolationibus
1394 758 1618 828 refoveri
1657 768 1840 825 postu-

247 854 443 906 lamus.
477 852 540 906 Et
568 851 787 920 quidem
821 866 973 906 cassa
999 865 1101 904 non
1135 850 1234 904 fuit
1261 849 1839 920 lvouisexpostulatio,

248 952 309 996 ut
331 952 482 1013 patet
505 959 570 996 ex
601 941 769 997 variis
797 942 1014 1006 litteris,
1038 957 1172 1011 quas
1197 942 1442 1012 pontifex
1469 957 1532 996 ea
1555 943 1842 997 occasione

246 1035 599 1104 conscripsit,
625 1035 679 1088 in
704 1034 901 1102 quibus
921 1034 1195 1088 sincerum
1222 1050 1349 1103 erga
1378 1036 1517 1088 hanc
1541 1034 1838 1089 Ecclesiam

181 1133 190 1140 ’
249 1127 418 1180 animi
457 1128 540 1180 sui
586 1126 840 1180 allectum
891 1126 1073 1179 verbis
1128 1126 1440 1181 tenerrimis
1490 1126 1745 1195 explicat,
1787 1136 1842 1181 et

251 1216 537 1273 aﬁ‘ectibus
557 1216 955 1285 comprobavit.
996 1215 1234 1286 Insignis
1264 1225 1346 1270 est
1382 1231 1494 1284 prae
1535 1217 1747 1272 czetcris
1775 1233 1838 1272 ea

251 1309 317 1362 de
339 1325 400 1363 re
431 1308 579 1362 locus
615 1308 668 1362 in
695 1307 922 1376 epistola
963 1308 1028 1359 ad
1063 1306 1290 1372 clerum,
1325 1308 1597 1373 ordinem,
1644 1307 1842 1362 milites

250 1408 308 1451 et
338 1397 546 1467 plebem
582 1397 767 1451 Remis
794 1398 1113 1460 existentes,
1143 1399 1232 1452 ubi
1256 1400 1335 1454 sic
1365 1415 1459 1454 eos
1499 1400 1795 1471 alloquitur
1825 1419 1836 1454 :

255 1490 556 1558 Aﬂ'ectionis
595 1501 791 1543 nostra:
819 1490 1036 1555 viscera,
1075 1490 1176 1558 ﬁlii
1206 1491 1260 1544 in
1282 1490 1490 1545 Christo
1521 1491 1839 1556 clturissfmi,

252 1593 536 1652 angustata
588 1592 732 1648 sunt,
771 1585 896 1653 quin
959 1601 1045 1636 ros
1095 1585 1323 1654 pastoris
1372 1585 1837 1640 sollicitudine.....

259 1675 492 1727 norimus
551 1674 846 1727 destitutos.
905 1673 1008 1729 Sed
1084 1676 1136 1727 in
1189 1675 1527 1730 tribulatione
1593 1677 1692 1730 bac
1751 1695 1844 1744 per

255 1762 620 1825 omnipotentis
653 1761 751 1815 Dei
773 1763 998 1831 gratiam
1027 1763 1303 1818 cltaritatis
1330 1776 1522 1819 nostra:
1548 1768 1840 1834 pra'cordia

255 1851 570 1918 dilatantur,
601 1855 726 1924 quia
758 1871 872 1918 eos,
900 1863 1032 1920 etc.,
1065 1855 1311 1924 ampliori
1340 1857 1839 1928 devotionecongra-
1875 1828 1916 1885 Β

257 1928 415 1995 tulam
424 1961 452 1996 ιι
463 1960 506 1996 r.

262 2053 344 2118 lV,
362 2053 426 2106 V.
455 2054 698 2109 Urbanus
724 2057 914 2123 cogitat
945 2057 1008 2108 de
1036 2073 1239 2110 secessu
1266 2074 1292 2110 e
1313 2058 1526 2112 sa’rnlo.
1548 2057 1629 2112 Fit
1661 2076 1840 2112 mona-

265 2160 267 2162 -
334 2124 462 2196 clins
491 2125 749 2178 Cluniaci.
787 2125 1063 2179 Romamn
1103 2125 1357 2196 Gregorio
1397 2126 1499 2180 VII
1533 2131 1837 2183 accersitur.

335 2194 455 2256 Qua
486 2196 772 2248 occasione.

340 2302 455 2358 Non
498 2305 676 2374 itaque
724 2307 999 2361 immerito
1050 2306 1406 2376 applandebat
1448 2309 1549 2363 sibi
1588 2309 1654 2364 de
1695 2319 1841 2364 tanto

254 2394 477 2450 alumno
527 2395 822 2452 Bernensis
858 2399 1132 2464 Ecclesia;
1183 2400 1276 2453 sed
1335 2399 1422 2454 ille
1474 2401 1675 2469 majora
1705 2401 1840 2455 cha-

260 2486 478 2540 rismata
515 2487 802 2542 :emulatus
829 2489 894 2544 ad
917 2490 1082 2544 vitam
1113 2490 1491 2560 perfectiorem
1518 2491 1836 2558 anhelabat;

258 2590 355 2629 nec
387 2575 607 2630 dubium
667 2579 798 2644 quin
843 2593 909 2633 ea
966 2579 1016 2633 in
1071 2595 1132 2634 re
1173 2579 1441 2634 Brunonis
1496 2581 1736 2636 consiliis
1789 2591 1844 2637 et

257 2667 727 2723 adhortationibus
779 2669 1067 2739 plurimum
1120 2671 1337 2738 adjutus
1377 2681 1432 2727 et
1487 2674 1842 2728 conﬁrmatus

255 2758 437 2812 fit-rit.
474 2759 606 2814 Nam
636 2761 842 2826 Bruno,
876 2771 936 2815 ut
958 2779 1021 2816 ex
1056 2761 1173 2829 ejus
1200 2764 1450 2832 epistola,
1483 2781 1644 2835 quam
1674 2767 1842 2822 ntulto

251 2861 438 2920 postea
466 2852 516 2906 in
538 2853 784 2920 Calabria
812 2855 1018 2924 positus
1041 2857 1107 2910 ad
1134 2856 1474 2926 lladulphum
1492 2858 1841 2928 praepositum

255 2944 500 3013 scripsit,
531 2954 700 3014 patet,
732 2947 931 3015 saepius
959 2963 1082 3001 cum
1121 2948 1242 3003 aliis
1279 2947 1564 3005 Remensis
1589 2950 1843 3005 Ecclesia:

254 3035 614 3102 primoribus,
663 3051 692 3090 e
742 3052 974 3105 quorum
1027 3054 1256 3095 numero
1305 3056 1438 3098 sane
1483 3041 1601 3097 Odo
1656 3050 1843 3112 utpote

253 3123 682 3179 archidiaconus
740 3134 878 3188 erat,
927 3126 993 3181 de
1053 3138 1364 3200 contemptu
1421 3131 1628 3196 tnttndi,
1671 3141 1726 3186 et
1776 3132 1843 3186 de

250 3212 485 3269 alterius
533 3215 658 3269 vita:
723 3217 941 3284 gaudiis
991 3218 1258 3290 colloquia
1325 3221 1556 3277 miscere
1613 3223 1840 3289 solebat,

253 3304 460 3372 quibus
515 3305 746 3360 invicem
809 3308 876 3361 ad
928 3310 1112 3365 satculi
1179 3311 1359 3383 fugam
1435 3314 1840 3370 animabantur.

248 3394 501 3448 Cmteros
521 3403 699 3449 autem
716 3398 1055 3465 prarcessisse
1078 3400 1290 3455 videtur
1315 3401 1448 3458 Otlo.
1477 3402 1607 3457 Nam
1638 3405 1844 3473 aliquot

240 3483 440 3547 anuis,
471 3485 976 3554 antequamBruno
1023 3488 1427 3546 Carllntsiensis
1458 3493 1666 3548 ordinis
1719 3494 1842 3547 fun-

244 3572 515 3626 damenta
552 3582 795 3642 poneret,
839 3575 973 3645 ipse,
995 3578 1218 3648 objectis
1250 3580 1600 3636 smcularibus
1637 3583 1846 3652 pompis

245 3671 314 3716 ct
347 3662 516 3727 curis,
550 3663 601 3716 in
626 3662 935 3719 coenobium
977 3666 1334 3722 Cluniacensc
1366 3669 1612 3724 secessit.
1663 3671 1737 3726 lbi
1777 3672 1845 3726 ab

237 3750 486 3820 .llugone
509 3751 704 3807 abbate
731 3755 1079 3810 sanctissimo
1109 3765 1258 3811 veste
1287 3759 1586 3813 monastica
1612 3759 1844 3815 donatus

245 3853 363 3902 est,
411 3840 565 3923 cujus
610 3843 732 3896 ideo
778 3859 838 3898 se
892 3846 1064 3912 [ilium
1107 3857 1155 3900 et
1184 3846 1458 3901 alumnum
1505 3850 1740 3920 appellat
1791 3852 1843 3906 in

244 3931 489 4001 cpistola
519 3947 680 4001 quant
709 3933 774 3987 ad
805 3949 927 3988 eum
957 3935 1114 4004 paulo
1146 3946 1265 4006 post
1297 3954 1449 3993 suam
1473 3939 1538 3993 ad
1564 3941 1844 4011 poutiﬁca~

249 4034 375 4076 tum
407 4025 830 4092 assumptionem
875 4026 1110 4096 scripsit.
1153 4028 1269 4095 Quo
1302 4042 1426 4085 vero
1454 4030 1504 4084 id
1538 4045 1682 4086 anno
1711 4047 1845 4086 con-

247 4115 442 4184 tigerit
473 4115 740 4171 incertum
767 4127 873 4173 est.
903 4118 991 4182 At,
1019 4119 1064 4174 si
1089 4121 1204 4174 Odo
1245 4120 1410 4176 fuerit
1441 4122 1728 4179 Remensis
1757 4124 1846 4180 ille

246 4207 699 4274 archidiaconus,
727 4219 784 4263 ttt
835 4211 1128 4267 verisimile
1159 4223 1262 4279 est,
1294 4230 1454 4284 quem
1495 4231 1560 4271 ex
1595 4217 1845 4288 catalogo

249 4295 474 4350 Mttrloti
519 4313 680 4366 supra
715 4299 1074 4364 laudavimus,
1109 4300 1292 4357 [lentis
1318 4304 1495 4360 adhuc
1528 4309 1847 4362 versabatur

247 4402 404 4440 anno
454 4388 623 4451 1070;
685 4391 885 4461 quippe
935 4393 1026 4462 qui
1091 4394 1195 4448 hoc
1253 4410 1401 4450 anno
1463 4399 1847 4471 subscripserit

248 4482 538 4535 dunatioui
587 4483 742 4536 facta:
786 4483 1041 4539 Ecclesia:
1081 4485 1510 4553 aniniacensi,
1547 4491 1624 4544 uti
1658 4493 1841 4550 videre
1877 4513 1922 4570 ι)

248 4581 340 4624 est
372 4573 514 4641 apud
545 4573 796 4628 eumdem
821 4573 1123 4629 Marlotum.
1160 4575 1310 4631 llaud
1342 4586 1520 4633 tamen
1545 4581 1633 4634 ditt
1661 4596 1847 4651 postea

250 4662 467 4717 differri
497 4673 676 4732 potest
718 4664 836 4734 ejus
868 4669 1174 4734 conversio,
1203 4669 1248 4723 si
1277 4685 1464 4724 verum
1504 4672 1572 4726 sit
1607 4675 1749 4742 quod
1781 4693 1847 4730 ex

250 4757 614 4811 Cluniacensi
661 4757 949 4813 Chai-tario
1001 4760 1180 4829 colligi
1239 4777 1397 4830 posse
1436 4764 1672 4831 videtur,
1724 4783 1846 4823 eum

251 4863 408 4900 anno
437 4847 657 4901 circiter
694 4849 853 4912 1076,
877 4848 990 4916 jam
1021 4851 1256 4920 priorem
1276 4851 1521 4908 Cluniaci
1551 4857 1846 4913 exstitisse.

253 4939 327 4992 Et
381 4940 602 5008 quidem
661 4941 766 4994 hoc
817 4941 934 5009 ipso
983 4957 1128 4995 anno
1168 4943 1274 4996 duo
1314 4943 1403 4997 alii
1453 4947 1846 5013 archidiaconi,

254 5046 541 5100 nunquam
568 5042 748 5087 autem
781 5032 962 5102 plures
982 5033 1033 5087 in
1059 5033 1300 5088 Ecclesia
1331 5035 1582 5092 Remensi
1611 5037 1849 5104 fuerunt,

253 5125 441 5179 Guido
507 5126 761 5182 videlicet
808 5137 863 5182 et
914 5125 1196 5191 Gut-inus,
1249 5127 1529 5187 donationi
1586 5132 1852 5189 Manassis

245 5217 658 5287 archiepiscopi
711 5219 868 5274 facta:
915 5222 1086 5276 sancti
1129 5222 1307 5296 Basoli
1356 5226 1686 5279 monasterio
1727 5227 1852 5282 sub-

246 5311 550 5384 scripsisse
573 5328 695 5366 cum
720 5312 971 5368 Brunonc
1001 5316 1353 5381 cancellario,
1385 5329 1777 5373 memorantur.

329 5398 452 5460 (nlo
507 5402 751 5458 Cluniaci
821 5407 1148 5462 constitutus
1211 5409 1576 5464 institutorem
1628 5410 1680 5462 in
1740 5409 1852 5463 vita

252 5493 566 5548 monastica
603 5493 788 5547 habuit
819 5494 1062 5560 Petrum,
1092 5498 1183 5566 qui
1215 5500 1558 5568 postmodum
1583 5499 1846 5555 Cavensis

256 5587 322 5641 in
349 5587 499 5642 ltalia
529 5586 702 5642 abbas
738 5598 792 5641 et
833 5587 1120 5644 Policastri
1163 5592 1451 5660 episcopus
1489 5590 1612 5655 fuit,
1642 5592 1686 5646 si
1727 5607 1849 5645 cre—

248 5677 456 5734 damus
499 5687 719 5734 vetusto
783 5683 992 5734 auctori
1048 5682 1139 5751 qui
1201 5682 1559 5737 dedicationis
1606 5683 1852 5738 ecclesia:

243 5761 526 5825 Catensis
570 5769 858 5826 ltis'oriam
902 5773 1246 5840 conscripsit.
1296 5773 1342 5827 ls
1387 5773 1531 5828 cnim
1572 5771 1848 5829 Urbanum

1940 575 2009 627 ob
2032 573 2082 627 id
2115 571 2453 642 potissimum
2479 569 2683 630 laudat,
2709 568 2852 636 quod
2877 565 3040 620 etiam
3072 565 3315 636 pontifex
3342 568 3519 622 lactus

1942 667 2084 719 hunc
2114 667 2285 734 ipsum
2316 663 2533 717 Petrum
2568 661 2729 714 veluti
2769 661 3088 730 magistrum
3118 675 3274 713 suum
3304 674 3523 730 semper

1943 759 2207 814 reveritus
2240 757 2424 812 fuerit.
2483 753 2848 810 Consentium
2894 763 3076 808 vetera
3109 753 3235 818 alia,
3288 754 3526 808 maxime

1943 848 2261 913 domestica,
2310 855 2661 901 monumenta
2693 842 2960 898 Cavcnsis
3011 843 3331 897 monasterii
3380 843 3524 910 apud

1943 941 2257 1011 lighellum.
2284 940 2353 993 At
2376 937 2508 992 nihil
2546 953 2608 991 ea
2641 936 2709 990 de
2746 951 2803 990 re
2828 936 2990 990 habet
3021 934 3330 989 Venusinus
3353 928 3524 988 abbas

1942 1045 2263 1101 anonymus,
2289 1030 2380 1099 qui
2408 1028 2550 1082 l’etri
2584 1036 2637 1082 et
2659 1027 2891 1080 aliorum
2934 1026 3236 1094 primorum
3282 1023 3522 1092 ejusdem

1943 1120 2045 1174 loci
2111 1119 2365 1173 abbatum
2448 1118 2600 1173 Vitas
2671 1116 2831 1187 paulo
2900 1124 3022 1185 post
3095 1114 3228 1169 illttd
3308 1125 3524 1184 tempus

1943 1208 2287 1280 conscripsit.
2315 1208 2505 1263 Exstat
2541 1220 2719 1261 tamen
2755 1205 2996 1274 ejusdem
3035 1203 3180 1258 Petri
3222 1204 3328 1258 alia
3384 1205 3524 1266 Vita,

1944 1315 2105 1370 quam
2137 1315 2203 1353 ex
2233 1299 2420 1354 eodem
2449 1314 2549 1352 ms.
2577 1297 2818 1352 Romano
2839 1309 3005 1366 penes
3035 1311 3133 1349 nos
3165 1295 3450 1358 habemus,
3476 1296 3527 1349 in

1943 1409 2050 1463 qua
2081 1392 2331 1449 Urbanus
2367 1391 2511 1446 Petri
2536 1388 2925 1459 condiscipulus
2953 1388 3080 1443 olim
3115 1387 3281 1442 fuisse
3305 1388 3525 1450 dicitttr,

1945 1495 2110 1556 atque
2167 1484 2383 1539 itineris
2442 1482 2560 1552 ejus
2627 1497 2749 1536 cum
2797 1496 2830 1536 e
2874 1481 3046 1536 Gallia
3100 1480 3300 1537 Cavam
3366 1480 3530 1535 rediit

1945 1594 2154 1634 cernes.
2213 1578 2376 1633 Certe
2433 1587 2726 1645 utrumque
2778 1574 2944 1630 simul
3007 1573 3148 1644 apud
3209 1573 3530 1629 Cluniacum

1943 1674 2150 1727 vixisse
2192 1673 2279 1726 vix
2312 1671 2599 1740 quisquam
2641 1669 2868 1723 inﬁciari
2901 1676 3101 1738 potest,
3125 1676 3181 1721 et
3207 1667 3320 1736 ipse
3356 1666 3532 1721 abbas

1945 1765 2256 1839 Venusinus
2313 1773 2544 1818 testatur
2591 1761 2838 1826 Petrum,
2883 1777 3006 1815 cntn
3062 1769 3367 1815 moraretur
3406 1759 3532 1814 Clu-

1944 1857 2107 1923 niaci,
2138 1857 2290 1910 varia
2325 1855 2485 1911 s'ntttl
2528 1855 2598 1910 ibi
2636 1854 2810 1909 ofﬁcia
2839 1855 3172 1909 exercuisse.
3217 1853 3286 1908 Ut
3337 1862 3396 1907 ut
3437 1852 3529 1918 sit,

1944 1949 2057 2018 ipse
2084 1946 2335 2002 Urbanus
2364 1962 2468 1999 non
2501 1946 2663 1999 modo
2695 1961 2754 1999 se
2789 1945 2960 1998 lilitnn
2996 1954 3050 1998 et
3082 1944 3359 1997 alumnum
3387 1943 3532 1997 beati

1944 2040 2183 2110 [lagonis
2207 2039 2516 2108 appellavit,
2549 2038 2624 2091 uti
2649 2036 2760 2104 jam
2787 2052 2854 2090 ex
2883 2035 3000 2104 ejus
3017 2036 3243 2104 cpistola
3265 2035 3528 2088 observa-

1944 2131 2139 2194 vimus,
2165 2144 2352 2183 verunt
2399 2129 2565 2182 etiam
2597 2126 2820 2181 disertis
2850 2125 3032 2180 verbis
3062 2125 3346 2194 proﬁtetur
3369 2139 3428 2177 se
3463 2124 3533 2177 ab

1941 2221 2153 2290 eoipso
2194 2221 2247 2273 in
2301 2217 2604 2273 monastica
2650 2215 2934 2283 disciplina
2986 2216 3290 2269 institutum
3343 2213 3529 2267 fuisse.

1944 2311 2161 2380 Enejus
2186 2309 2348 2364 verba
2393 2324 2458 2362 ex
2494 2307 2777 2380 privilegio
2819 2308 2964 2377 quod
3005 2307 3182 2362 cidem
3228 2307 3436 2376 llugoni
3477 2315 3536 2372 et

1943 2401 2275 2457 monasterio
2303 2400 2646 2455 Cluniacensi
2688 2401 2868 2470 primo
2895 2398 3245 2468 pontiﬁcatus
3279 2400 3361 2453 sui
3391 2413 3533 2452 anno

1944 2495 2234 2549 concessit.
2289 2492 2410 2558 Est,
2463 2494 2662 2563 inquit,
2699 2501 2954 2562 pra-terea
2985 2493 3125 2563 quod
3168 2509 3261 2546 nos
3289 2493 3382 2545 tibi
3430 2508 3538 2545 non

1945 2586 2139 2648 minus,
2177 2595 2369 2656 tuoque
2401 2585 2718 2638 monasterio
2762 2583 2925 2653 faciat
2965 2583 3242 2646 debitores,
3284 2584 3535 2652 quoniam

1944 2691 2036 2744 per
2085 2685 2134 2728 te
2178 2676 2478 2729 monastica:
2524 2676 2788 2744 religionis
2837 2674 3133 2728 rudimenta
3183 2675 3411 2741 suscepi,
3478 2674 3534 2738 in

1945 2777 2033 2819 tuo
2074 2767 2302 2820 coenobio
2333 2781 2428 2833 per
2472 2765 2755 2820 secundum
2795 2762 2857 2818 S.
2899 2762 3129 2834 Spiritus
3164 2765 3390 2832 gratiam
3419 2778 3536 2817 sum

1947 2868 2182 2910 renatus.

2021 2946 2221 3002 Vermu
2250 2947 2519 3000 oculatior
2548 2955 2667 3000 erat
2702 2945 2761 3000 S.
2811 2944 2964 3016 llngo
3018 2959 3180 3013 quant
3222 2951 3280 2997 ut
3327 2951 3535 3000 tantum

1946 3037 2220 3092 lucernam
2253 3037 2354 3092 sub
2384 3038 2565 3091 modio
2603 3037 2926 3091 delitescere
2957 3037 3046 3090 ditt
3086 3036 3311 3090 sineret.
3354 3034 3538 3102 Quare

1949 3129 2099 3183 illum
2128 3127 2370 3184 Cluniaci
2394 3128 2632 3196 priorem
2657 3127 2894 3182 instituit
2923 3126 3088 3197 (circa
3121 3143 3211 3180 an.
3241 3124 3423 3194 1076).
3461 3124 3539 3178 Ea

1947 3221 2207 3291 dignitate
2237 3235 2295 3275 se
2329 3219 2621 3290 aliquando
2653 3221 2882 3291 potitum
2921 3221 3089 3276 fuisse
3136 3221 3252 3291 ipse
3287 3219 3541 3275 Urbanus

1948 3311 2122 3380 palam
2179 3309 2456 3381 professus
2506 3321 2590 3366 est
2625 3311 2678 3365 in
2737 3326 2989 3367 sermone
3036 3325 3195 3381 quem
3242 3311 3433 3367 babttit
3484 3313 3539 3366 in

1949 3402 2287 3456 dedicatione
2319 3401 2542 3472 majoris
2585 3401 2777 3456 altaris
2827 3402 3074 3472 ejusdem
3108 3402 3234 3466 loci,
3270 3404 3346 3455 uti
3397 3402 3539 3456 infra

1950 3491 2273 3546 videbimus.
2300 3491 2355 3545 ld
2385 3507 2520 3561 vero
2548 3508 2654 3546 non
2689 3492 2917 3546 multum
2944 3492 3198 3562 postejus
3218 3493 3538 3547 conversio-

1949 3598 2070 3636 nem
2103 3581 2303 3636 factum
2330 3582 2498 3636 fuisse
2527 3592 2759 3637 testatur
2784 3581 3078 3638 Guibertus
3127 3583 3264 3638 libro
3285 3597 3323 3638 ll
3360 3582 3542 3639 Histo-

1951 3674 2044 3728 riae
2073 3672 2564 3744 Jerusolymitante,
2597 3675 2683 3730 his
2715 3677 2896 3732 verbis
2925 3693 2939 3729 :
2972 3675 3030 3730 Is
3057 3676 3342 3731 Cluniatus
3367 3678 3538 3747 factus

1948 3778 2014 3816 ex
2041 3763 2230 3816 clerico
2261 3765 2639 3820 ωιλαμ-ἡκεν..
2671 3781 2774 3820 non
2807 3766 2968 3820 multo
2998 3778 3110 3836 post
3145 3769 3275 3821 rexit
3311 3769 3535 3838 o/[icinm

1948 3851 2235 3921 prioratus,
2267 3864 2324 3907 ut
2362 3853 2570 3909 scilicet
2609 3854 2792 3910 abbati
2840 3870 2938 3909 suo
2969 3855 3203 3926 llngoni,
3244 3861 3408 3912 variis
3445 3875 3540 3911 tte-

1940 3942 2112 4012 .gotiis
2131 3944 2741 4014 occupato,adjumento
2765 3955 2929 4001 esset.
2963 3948 3102 4012 Quid
3130 3958 3312 4000 autem
3345 3949 3448 4002 hac
3480 3950 3538 4001 in

1951 4033 2212 4102 dignitate
2238 4037 2568 4090 constitutus
2591 4038 2931 4105 praestiterit,
2966 4039 3208 4107 ignotum
3245 4039 3402 4092 nobis
3427 4049 3536 4103 est,

1953 4124 2054 4178 nisi
2081 4125 2224 4194 quod
2253 4127 2524 4182 nonnullis
2552 4129 2758 4183 chartis
2784 4129 3174 4198 subscripsiSse
3207 4130 3532 4185 inveniatur.

1957 4215 2204 4269 Praesens
2247 4226 2368 4270 erat
2424 4219 2566 4286 apud
2597 4218 2920 4279 Avalouem,
2959 4219 3174 4287 quando
3211 4219 3360 4288 llngo
3393 4220 3532 4272 llnr-

1953 4304 2285 4370 gundionum
2359 4306 2468 4360 dux
2523 4306 2810 4361 ecclesiam
2872 4305 3088 4362 Sanette
3156 4309 3337 4364 Maria:
3395 4309 3536 4366 illius

1953 4395 2119 4446 castri
2171 4395 2432 4450 Cluuiaco
2459 4395 2708 4462 subjecit.
2767 4396 2844 4450 lbi
2891 4398 3035 4452 enim
3063 4400 3177 4466 ipse
3229 4400 3344 4454 Udo
3390 4403 3536 4468 prior

1953 4483 2194 4538 Cluniaci
2252 4487 2501 4540 eumdem
2570 4487 2846 4557 llugonem
2899 4504 3023 4542 cum
3083 4488 3342 4543 fratribus
3395 4493 3535 4560 ejus,

1953 4576 2161 4640 Odone,
2237 4586 2293 4630 et
2347 4576 2587 4631 Roberto
2644 4586 2771 4632 tunc
2824 4579 3045 4645 clerico,
3109 4588 3271 4647 atque
3311 4579 3537 4636 \Vidone

1951 4666 2147 4718 comite
2178 4664 2581 4732 Matisconcnsi,
2607 4666 2832 4736 aliisque
2853 4666 3176 4736 Burgundim
3197 4671 3535 4738 proceribus,

1952 4753 2042 4822 qui
2106 4754 2209 4809 huc
2261 4766 2652 4819 convenerant,
2719 4757 2770 4810 in
2825 4756 3054 4826 [rutrum
3106 4758 3534 4816 Cluniacensium

1953 4847 2249 4902 societatem
2310 4850 2546 4912 admisit,
2620 4860 2673 4903 ut
2733 4852 2928 4906 scilicet
2991 4853 3044 4904 in
3105 4855 3426 4910 orationibus
3487 4869 3538 4911 et

1955 4935 2317 5007 elecmosynis,
2364 4938 2440 4992 vel
2474 4940 2632 4992 etiam
2675 4941 2877 4994 ca'tcris
2897 4941 3016 5010 jam
3058 4942 3185 4995 dicti
3235 4942 3336 4998 loci
3385 4947 3540 5000 bene-

1955 5026 2111 5094 factis
2149 5046 2179 5081 a
2220 5030 2377 5082 modo
2401 5031 2682 5099 participes
2716 5032 3015 5084 existerent.
3057 5033 3282 5088 llabitns
3330 5046 3411 5091 est
3451 5039 3539 5094 hic

1952 5130 2250 5174 conventus
2315 5137 2368 5174 st
2429 5120 2696 5176 Kalendas
2752 5120 2929 5174 Martii
2973 5139 3116 5177 anno
3169 5126 3334 5192 1078;
3392 5133 3537 5200 quod

1953 5214 2142 5280 probat
2170 5224 2365 5282 praeter
2391 5223 2636 5269 nostrum
2664 5213 2939 5282 exemplar
2967 5217 3224 5280 indictiOI
3258 5221 3326 5276 ibi
3359 5241 3529 5295 appo-

1953 5305 2074 5365 sita,
2105 5309 2354 5375 quamvis
2403 5307 2467 5359 ad
2496 5321 2698 5359 annum
2737 5307 3132 5375 praecedentem
3171 5311 3223 5364 in
3256 5312 3534 5386 Spicilegii

1953 5398 2242 5452 Achertaui
2277 5410 2424 5453 tomo
2447 5397 2530 5462 Vl,
2557 5398 2746 5452 eadem
2771 5400 2991 5454 donatio
3017 5402 3306 5461 referatur.
3329 5408 3528 5464 Coram

1954 5491 2144 5544 eodem
2175 5487 2362 5544 Odone
2396 5490 2576 5558 priore
2607 5488 2918 5546 Bernartius
2951 5496 3169 5563 quidam
3213 5496 3265 5551 itt
3297 5500 3537 5569 capitulo

1953 5582 2153 5637 dimisit
2195 5599 2256 5636 ea
2290 5599 2410 5652 qua:
2453 5582 2796 5639 Cluniacensi
2837 5597 3168 5644 monasterio
3208 5605 3463 5662 rapuerat
3504 5613 3536 5651 e

1951 5676 2111 5730 bonis
2148 5690 2270 5745 quae
2295 5673 2465 5730 frater
2493 5673 2611 5746 ejus
2658 5675 2997 5734 Toscerauus
3022 5680 3090 5735 ad
3123 5685 3531 5744 conversionem

1954 5772 2177 5830 veniens
2204 5773 2526 5843 contulerat,
2559 5781 2616 5827 ut
2637 5781 2893 5828 narratur
2922 5773 2973 5828 ιιι
2999 5774 3206 5831 chartis
3231 5774 3331 5836 Mli
3352 5791 3406 5836 et
3429 5783 3537 5836 60?;
