3962 6312
509 390 578 450 59
1823 393 1883 451 Β.
1926 395 1968 451 U
1981 397 2094 451 una

2219 393 2259 450 ll
2296 391 2490 451 PAR-5
3726 389 3795 448 ΞΘ

507 528 694 569 carum
733 527 853 584 qum
885 511 983 568 sub
1029 519 1218 568 sancto
1255 511 1478 582 llugonc
1526 511 1678 566 taetre
1735 522 1898 578 sunt;
1946 493 2084 566 idem
2116 529 2162 589 Α
2196 510 2350 581 pejus
2376 511 2608 565 abirent.
2641 507 2820 576 Quare
2843 521 3021 580 opera:
3056 505 3298 578 pretium
3333 520 3460 562 esse
3491 505 3793 560 ecnsuitri-

506 604 622 658 Odo
651 605 797 672 prior
823 613 1151 658 memoratur
1182 603 1234 658 in
1263 602 1446 656 charta
1477 601 1600 656 52L

503 693 506 696 ’
573 695 776 762 Quanti
819 704 997 749 autem
1029 696 1205 750 meriti
1238 695 1420 759 fuerit,
1453 695 1576 748 inde
1613 694 1866 765 colligere
1893 710 2085 764 possu-

505 798 628 840 mus
652 787 815 856 quod,
842 803 965 841 cum
996 786 1292 856 Gregorius
1308 785 1412 846 Vll,
1441 786 1531 855 qui
1559 795 1685 840 tunc
1712 786 1967 839 Romanae
1986 785 2086 839 Ec-

504 875 700 940 clesim,
745 875 1072 931 difﬁcillimis
1101 876 1462 945 temporibus,
1481 884 1730 944 praeerat,
1765 874 1832 929 ab
1863 874 2085 943 llugnne

505 966 699 1022 abbate
731 966 938 1036 aliquot
989 982 1019 1022 e
1073 966 1186 1022 suis
1241 966 1522 1020 monachis
1577 967 1721 1019 viros
1764 965 1988 1020 scicntia
2034 971 2088 1018 et

503 1056 706 1113 virtute
732 1067 1052 1128 praestantes
1087 1059 1354 1127 petiisset,
1386 1075 1524 1128 quos
1563 1059 1613 1113 in
1656 1059 1931 1121 maximis,
1968 1072 2087 1126 qua:

504 1156 632 1202 tunc
649 1149 934 1219 urgebant,
959 1150 1211 1205 Ecclesia:
1227 1151 1455 1220 negotiis
1480 1149 1756 1219 adjutores
1780 1159 1963 1220 posset
1986 1149 2087 1202 ad-

502 1236 716 1301 ltibcre,
757 1237 900 1291 inter
920 1237 1054 1292 alios
1077 1239 1314 1308 primus,
1339 1238 1647 1292 llermanno
1691 1246 1856 1301 teste,
1881 1238 2086 1291 electus

505 1323 667 1378 inerit
722 1326 856 1387 Odo,
911 1327 1001 1396 qui
1049 1327 1134 1381 bis
1179 1329 1236 1382 in
1275 1329 1540 1397 angustiis
1584 1327 1833 1397 pontiﬁci
1887 1339 2088 1397 prmsto

503 1427 644 1472 esset
663 1416 773 1487 (an.
795 1418 968 1488 1078).
1001 1418 1093 1474 Sic
1122 1419 1265 1473 enim
1291 1421 1380 1473 ille.
1400 1422 1451 1472 in
1478 1418 1708 1473 Historia
1739 1420 2090 1472 restauratio-

506 1506 592 1560 nis
619 1505 803 1560 Sancti
832 1506 1046 1562 Martini
1083 1506 1443 1564 Tornacensis
1470 1509 1580 1578 jam
1636 1509 1850 1562 latalata
1878 1527 1890 1561 :
1939 1508 2093 1561 Tem-

499 1605 629 1665 pore
649 1598 826 1652 damni
859 1599 1100 1670 Hugonis
1145 1600 1504 1655 Cluniacensis
1547 1601 1772 1666 abbatis,
1795 1603 2006 1670 contigit
2035 1614 2088 1654 ut

504 1691 719 1756 quidam
749 1690 1021 1746 Remensis
1061 1691 1312 1748 Ecclesia:
1350 1693 1654 1756 canonicus,
1690 1709 1895 1764 magna'
1916 1695 2090 1764 probi-

506 1782 628 1835 tatis
653 1784 752 1846 vir,
785 1783 993 1837 nomine
1035 1783 1173 1849 Odo,
1216 1785 1374 1838 vitam
1422 1787 1727 1843 strcularem
1755 1786 2085 1856 relinqueret,

2189 602 2586 673 gilantissimns
2623 599 2863 670 pontifex
2898 608 2958 654 ut
2986 601 3196 670 aliquos
3231 613 3431 654 secum
3471 606 3676 666 prmst‘o
3705 597 3794 650 ba-

2190 696 2342 750 beret
2369 695 2514 748 viros
2563 709 2772 747 morum
2819 693 3108 748 sanctitate
3133 707 3196 745 ac
3237 690 3536 760 sapientim
3569 689 3706 742 fama
3737 687 3795 742 il-

2191 788 2411 849 lustres,
2441 803 2578 856 quos
2605 800 2702 856 pro
2731 785 3167 854 Opportunitatc,
3214 793 3273 836 ιιι
3320 783 3496 838 habet
3538 783 3795 836 Ilerman-

2191 896 2312 944 nus,
2367 879 2667 948 prmliceret
2733 877 2992 933 Ecclesiis
3045 876 3310 931 viduatis.
3378 875 3555 930 Electi
3600 875 3666 928 ad
3701 875 3794 930 hoc

2191 970 2485 1024 suntintcr
2521 970 2657 1024 alios
2687 967 2802 1024 Odo
2829 977 3035 1032 noster,
3071 977 3124 1022 et
3160 967 3367 1022 Petrus
3409 966 3506 1036 qui
3540 978 3669 1020 ante
3699 963 3792 1020 ali-

2191 1070 2320 1130 quot
2352 1076 2527 1117 annos
2556 1077 2586 1115 e
2634 1060 2862 1115 Cavensi
2912 1074 3082 1130 prope
3123 1058 3418 1112 Salvinum
3467 1055 3796 1109 monasterio

2191 1148 2507 1205 Cluniacmn
2542 1149 3018 1220 transmigraverat
3053 1168 3072 1202 τ
3107 1149 3191 1200 vir
3213 1148 3361 1201 adeo
3390 1146 3714 1209 industrius,
3743 1152 3796 1198 ιιι

2192 1243 2262 1297 ibi
2290 1251 2516 1310 septem,
2550 1253 2633 1306 cl,
2655 1250 2713 1295 ut
2743 1242 2831 1294 alii
2881 1241 3090 1306 dicunt,
3119 1239 3288 1294 etiam
3321 1238 3488 1308 plura
3520 1235 3694 1290 ofﬁcia
3723 1235 3792 1290 si-

2193 1336 2301 1390 nml
2332 1335 2573 1391 Cluuiaci
2607 1333 2930 1388 exercuerit.

2467 1425 2553 1476 \‘l.
2597 1426 2673 1476 An
2700 1422 2854 1476 Cara:
2891 1431 3122 1474 moratus
3151 1420 3214 1473 sit
3247 1417 3536 1472 Urbanus.

2265 1515 2374 1568 Hos
2405 1532 2456 1568 ιιι
2484 1515 2690 1568 ltaliam
2719 1513 2990 1582 appulsos,
3049 1520 3172 1580 post
3214 1511 3533 1564 salutatum
3589 1505 3798 1578 pontiﬁc

2193 1617 2331 1667 cem,
2356 1603 2557 1658 Caram
2588 1603 2876 1656 divertisse
2909 1601 2996 1654 vix
3030 1600 3269 1654 dubitari
3314 1608 3528 1669 potest,
3555 1615 3676 1652 cum
3710 1613 3798 1651 eos

2195 1694 2266 1748 ibi
2298 1694 2608 1763 aliquandiu
2643 1693 2801 1746 simul
2833 1693 3035 1747 vixisse
3075 1691 3299 1746 disertis
3333 1691 3530 1745 verbis
3575 1687 3797 1743 all'irmet

2195 1798 2348 1840 vetus
2377 1795 2567 1840 auctor
2617 1784 2868 1838 Historia:
2922 1783 3283 1836 dedicationis
3343 1781 3599 1853 ejusdem
3657 1780 3794 1834 loci:

504 1884 553 1926 et
591 1874 646 1928 in
695 1875 876 1929 eadem
935 1873 1268 1932 Cluniacensi
1313 1877 1548 1932 Ecclesia
1595 1880 1880 1933 monachus
1923 1879 2089 1946 ﬁeret.
2123 1869 2170 1932 Β
2198 1893 2296 1930 nec
2328 1891 2460 1931 sane
2509 1875 2616 1930 alio
2642 1875 2794 1929 titulo
2832 1874 3068 1944 potuerit
3124 1873 3415 1937 Urbanus,
3453 1882 3510 1926 nt
3550 1869 3682 1924 mihi
3725 1865 3798 1918 Vi-

505 1967 741 2039 Cumqne
762 1969 835 2022 ibi
859 1985 952 2039 per
981 1969 1178 2040 aliquot
1216 1987 1382 2024 annos
1435 1970 1820 2040 religiosissime
1859 1958 2088 2031 vixisset,

503 2069 550 2112 et
576 2059 801 2113 domnus
827 2077 963 2129 papa
991 2059 1277 2130 Gregorius
1307 2059 1420 2112 VII
1451 2061 1616 2113 eidem
1648 2061 1836 2114 domno
1881 2057 1926 2111 11
1936 2076 2090 2129 ngam

503 2148 683 2202 abbati
735 2151 1036 2204 mandasset
1079 2159 1131 2202 ut
1162 2151 1260 2204 sibi
1306 2150 1510 2220 aliquos
1555 2151 1626 2204 (le
1669 2150 1938 2204 monac/sis
1983 2151 2091 2202 suis

505 2241 642 2294 riros
662 2242 920 2305 sapientes
945 2243 1340 2308 transmitteret,
1363 2259 1490 2313 quos
1525 2252 1870 2311 competenter
1896 2242 2092 2312 episeo-

505 2345 600 2397 pos
623 2330 870 2383 ordinare
919 2341 1090 2399 posset
1122 2371 1137 2395 ,
1184 2331 1406 2385 domnus
1455 2329 1612 2400 Hugo
1650 2330 1696 2383 ei
1723 2332 1856 2384 inter
1881 2341 2093 2384 ca'teros

509 2418 797 2488 prwfatum
847 2411 1084 2474 Orionem
1113 2422 1423 2482 transmisit,
1469 2437 1620 2491 quem
1647 2437 1782 2490 papa
1830 2421 1946 2475 urbi
1991 2419 2091 2474 0s-

507 2508 661 2561 tiensi
701 2509 998 2577 episcOpum
1038 2511 1378 2564 consecravit.
1413 2509 1709 2564 Gnibcrtus
1731 2509 1895 2563 etiam
1929 2511 2091 2578 profi-

508 2599 674 2651 ciente
723 2601 929 2666 merito,
959 2599 1200 2656 Otlonem
1252 2604 1447 2657 civitati
1499 2599 1664 2655 Ostia:
1710 2599 1949 2672 Gregorii
1983 2600 2091 2655 VII

507 2704 660 2758 paper
674 2689 840 2755 jussu
865 2692 1187 2746 destinatum
1205 2693 1370 2764 fuisse
1395 2696 1582 2750 tradit.
1616 2694 1822 2760 Quibus
1850 2694 2088 2748 auctori-

507 2779 609 2833 bus
631 2781 976 2835 consentiens
1012 2781 1304 2838 Ordcricns
1331 2783 1524 2840 Vitalis
1569 2771 1706 2839 libro
1738 2799 1789 2838 tv
1843 2783 2094 2839 Historiae

507 2872 912 2938 ecclesiasticze,
947 2877 1097 2930 addit
1122 2877 1266 2940 alios
1309 2893 1525 2947 quoque
1561 2877 1945 2933 Cluuiacenses
1979 2892 2098 2929 mo-

510 2966 717 3021 nachos
743 2967 915 3022 Odoni
941 2969 1119 3024 socios
1139 2969 1294 3024 datos
1345 2969 1531 3035 fuisse,
1565 2985 1594 3022 a
1621 2968 1876 3039 pontiﬁce
1909 2968 2095 3021 animo

508 3055 747 3122 gratanti
779 3066 1084 3127 susceptos,
1118 3057 1467 3128 Odouemque
1495 3074 1608 3129 prae
1627 3058 1843 3113 caeteris
1873 3058 1925 3112 in
1958 3073 2090 3110 eon-

508 3146 772 3201 siliarium
797 3147 1029 3203 eiectum
1057 3149 1247 3205 fuisse:
1265 3149 1527 3214 Poscenti,
1549 3150 1741 3218 inquit,
1764 3167 1912 3219 papm
1937 3147 2092 3219 ‘llugo

511 3236 887 3295 Cluniacensis
921 3241 1084 3295 abbas
1133 3242 1367 3296 Odonem
1417 3235 1662 3312 pra’fati,
1692 3241 2089 3306 Cluniacensis,

509 3332 821 3385 monasterii
840 3332 1088 3401 priorem,
1114 3335 1204 3404 qui
1231 3333 1498 3388 Remensis
1528 3316 1780 3388 Ecclesia:
1806 3335 2094 3388 monac/ms

511 3423 706 3491 fuerat,
739 3441 866 3478 eum
893 3425 1013 3480 aliis
1051 3427 1252 3481 idoneis
1287 3427 1556 3481 cmnobitis
1584 3426 1808 3480 Romam
1851 3426 2095 3479 transmi-

509 3516 601 3568 sit.
631 3515 776 3580 Quos
797 3533 934 3585 papa
955 3516 1091 3570 velut
1119 3533 1151 3570 a
1183 3517 1291 3572 Deo
1314 3518 1413 3571 sibi
1439 3517 1622 3571 missos
1646 3517 1915 3586 adjutores
1938 3531 2095 3570 ovan-

512 3614 593 3658 ter
613 3609 858 3675 suscepit.
889 3605 1125 3662 Orionem
1149 3625 1331 3678 nempe
1353 3610 1677 3678 pra'cipnum
1705 3607 1802 3661 sibi
1845 3605 2090 3660 consilia-

511 3696 650 3748 rium
682 3695 857 3766 elegit,
882 3707 929 3750 et
953 3697 1180 3752 Ostiensi
1210 3698 1460 3752 Ecclesiae
1480 3699 1775 3768 pontiﬁcem
1803 3697 2092 3754 constituit.

513 3787 651 3843 Hice
683 3787 977 3845 Orderi-cus
1019 3792 1086 3844 ad
1132 3805 1332 3844 annum
1360 3791 1518 3851 1078,
1555 3790 1644 3843 ubi
1676 3791 1962 3846 occasione
1989 3789 2098 3844 ele-

513 3879 718 3935 ctionis-
741 3879 997 3952 Gregorii
1021 3881 1106 3936 VII
1130 3881 1195 3936 ad
1227 3867 1625 3952 poniilicatum,
1658 3879 1822 3934 multa
1855 3881 1906 3933 in
1931 3894 2097 3932 unum

513 3973 811 4043 congessit,
837 3988 980 4042 qum,
1016 3972 1108 4027 illo
1128 3974 1372 4034 sedente.
1407 3971 1576 4026 variis
1600 3970 1939 4041 temporibus
1966 3985 2098 4024 con-

515 4066 773 4136 tigerunt.
825 4064 1066 4120 Odonem
1116 4059 1246 4120 vero
1276 4074 1402 4120 ante
1445 4080 1645 4118 annum
1699 4065 1835 4119 £078
1864 4063 2096 4117 Romam

518 4173 625 4211 non
667 4157 864 4214 adiisse
898 4158 1183 4228 plusquam
1240 4157 1524 4228 probabile
1561 4165 1647 4212 est
1690 4171 1755 4211 ex
1811 4157 2100 4210 donatione

519 4245 759 4317 [lagonis
785 4248 1107 4318 Burgundio:
1159 4249 1312 4303 ducis
1359 4248 1607 4318 superius
1655 4247 1892 4310 laudata,
1936 4261 2098 4317 quam

517 4335 622 4390 huc
651 4336 768 4406 ipso
819 4352 970 4392 anno
1023 4336 1220 4392 factam
1259 4337 1425 4392 fuisse
1461 4337 1717 4400 diximus,
1762 4353 1884 4391 cum
1928 4335 2102 4390 adhuc

518 4428 636 4482 Odo
661 4427 811 4498 prior
836 4438 974 4482 esset
1002 4429 1315 4484 monasterii
1343 4407 1722 4484 Ciuniacensis
1757 4447 1772 4482 :
1818 4428 1923 4482 nisi
1963 4426 2102 4481 forte

520 4521 730 4574 dicatur
753 4519 995 4576 OdOnem
1026 4521 1357 4591 primoante
1379 4521 1510 4575 illud
1539 4530 1753 4591 tempus
1777 4538 1804 4575 a
1837 4519 2102 4590 Gregorio

521 4608 748 4664 Ruinam
777 4611 1127 4676 accersitum,
1152 4609 1350 4666 deinde
1389 4612 1441 4665 in
1460 4610 1664 4666 Gallias
1695 4609 2101 4673 rediisse,unde

521 4714 710 4773 postea
747 4721 890 4759 anno
933 4704 1286 4759 1078iterum
1339 4704 1393 4758 in
1448 4705 1652 4759 Italiam
1683 4704 1958 4773 protectus
1984 4700 2100 4754 fuc-

523 4795 618 4858 rit,
652 4795 958 4851 Ostiensem
1006 4796 1380 4867 episcopatum
1433 4805 1778 4864 accepturus.
1811 4793 1971 4849 Certe
1997 4793 2101 4847 Pe-

523 4894 642 4938 trus
679 4885 937 4939 Cavcnsis
968 4887 1189 4954 quicum
1222 4884 1337 4940 Odo
1374 4885 1425 4938 in
1466 4885 1671 4939 Italiam
1697 4885 1989 4939 accessisse
2019 4882 2103 4935 di-

522 4978 685 5042 citur,
712 4976 755 5032 si
782 4975 944 5032 alteri
965 4978 1086 5047 ejus
1109 4976 1243 5032 Vitae
1270 4977 1523 5046 scriptori
1552 4977 1861 5042 credamus,
1895 4977 1962 5030 ab
1986 4974 2103 5028 llll-

521 5068 1050 5124 debrandonondnm
1064 5069 1320 5140 pontiﬁce
1343 5078 1632 5126 revocatus
1650 5067 1847 5124 fuerat.
1864 5070 1932 5121 At
1958 5067 2100 5120 nulla

524 5163 743 5216 videtur
775 5178 897 5218 esse
922 5162 1082 5230 hujus
1110 5163 1347 5232 duplicis
1399 5163 1608 5218 itineris
1652 5160 1971 5217 admittendi
2014 5169 2104 5213 ne:

522 5253 797 5319 cessitas;
849 5252 1056 5308 Odouis
1089 5268 1219 5309 vero
1269 5268 1390 5307 cum
1440 5253 1557 5322 ejus
1605 5252 1768 5307 sociis
1799 5253 1851 5306 in
1897 5251 2103 5304 italiam

522 5344 836 5400 accersendi
857 5346 1073 5402 occasio
1105 5346 1220 5401 bznc
1251 5346 1462 5400 videtur
1487 5345 1674 5408 fuisse,
1721 5359 1868 5398 mors
1896 5342 2106 5396 scilicet

520 5436 737 5492 Geraldi
761 5436 1027 5493 Ostiensis
1062 5437 1326 5507 episcOpi,
1360 5437 1445 5490 citi
1475 5451 1640 5502 anno,
1672 5445 1728 5489 ut
1757 5435 1947 5488 scribit
1971 5434 2103 5489 Ber-

521 5526 726 5591 toldus,
753 5527 890 5582 1077
919 5529 1196 5593 defuncto,
1216 5527 1485 5582 Henricus
1513 5527 1786 5597 Augustus
1821 5523 2104 5580 factiosum

521 5618 813 5687 quemdam
843 5619 1117 5674 hominem
1167 5616 1432 5672 Joannem
1467 5616 1683 5670 nomine
1726 5615 2103 5672 substituerat.

522 5703 825 5763 Verebatur
844 5708 988 5763 enim
1003 5706 1045 5761 G
1057 5707 1324 5777 regorius,
1339 5720 1430 5770 ne,
1447 5705 1488 5760 si
1511 5704 1841 5760 scliismatici
1871 5717 1934 5758 eo
1948 5705 2107 5760 modo

523 5795 843 5858 invaderent
895 5799 1076 5870 plures
1131 5797 1426 5866 Ecclesias,
1475 5811 1564 5854 res
1613 5796 2019 5854 Catholicorum
2052 5798 2105 5854 in

2198 1966 2374 2028 detur,
2409 1965 2551 2019 inter
2579 1965 2725 2018 viros
2750 1963 2986 2016 illustres
3017 1962 3172 2016 istius
3198 1961 3558 2024 monasterii,
3597 1967 3653 2010 ut
3681 1969 3797 2025 pas-

2196 2057 2298 2109 sim
2333 2055 2409 2119 lit,
2443 2055 2738 2109 reccnseri.
2783 2053 2980 2107 Fateor
3020 2052 3274 2121 equidem
3335 2052 3600 2105 abbatem
3635 2047 3798 2100 Venn-

2196 2147 2392 2205 sinnm,
2420 2147 2510 2216 qui
2546 2147 2596 2199 iu
2630 2144 2750 2198 Vita
2786 2143 2957 2198 sancti
3006 2143 3155 2197 Petri
3202 2142 3469 2196 eumdem
3513 2141 3734 2194 Petrum
3766 2150 3796 2190 c

2196 2236 2390 2300 Gallia,
2411 2237 2762 2308 permittente
2793 2235 3039 2306 llugone,
3078 2234 3276 2289 Cavam
3316 2247 3614 2287 reversum
3643 2228 3797 2282 fuisse

2197 2331 2408 2394 scribit,
2463 2329 2595 2384 nihil
2651 2343 2874 2399 prorsus
2928 2327 3128 2382 habere
3175 2327 3242 2381 de
3292 2326 3522 2387 ()ulone‘,
3569 2331 3660 2375 ant
3689 2318 3798 2387 ejus

2198 2422 2360 2476 sociis
2389 2437 2417 2474 a
2447 2421 2712 2492 Gregorio
2733 2419 3032 2491 expetitis:
3087 2427 3144 2472 at
3192 2417 3341 2473 illius
3395 2415 3625 2471 silentio
3672 2425 3798 2481 pra:-

2197 2515 2498 2584 ponderant
2560 2523 2753 2567 auctor
2807 2511 3060 2565 laudatus
3124 2509 3388 2564 Historia:
3441 2501 3795 2562 dedicationis

2196 2605 2476 2670 Cavensis,
2505 2605 2644 2660 alter
2670 2603 2807 2659 Viue
2835 2603 3008 2659 sancti
3055 2601 3204 2656 Petri
3254 2602 3529 2671 scriptor,
3598 2606 3652 2652 et
3695 2594 3792 2648 alia

2198 2705 2546 2753 monumenta
2585 2696 2871 2752 Cavensia.
2925 2694 3128 2749 Deinde
3175 2708 3298 2748 cum
3337 2702 3559 2748 certum
3618 2690 3688 2744 sit
3713 2695 3794 2740 nt—

2197 2803 2447 2857 rumque,
2485 2787 2596 2843 sive
2629 2786 2811 2850 simul,
2863 2785 2977 2839 sive
3007 2784 3256 2848 seorsim,
3307 2783 3403 2838 his
3453 2777 3788 2850 temporibus

2197 2877 2443 2934 eGalliis
2493 2880 2546 2933 in
2595 2877 2804 2932 italiam
2866 2876 3304 2946 transmigrasse,
3362 2871 3665 2928 verisimile
3716 2874 3790 2922 est

2199 2971 2444 3033 eosdem,
2499 2969 2542 3024 si
2573 2969 2790 3038 quidem
2843 2977 3071 3037 uterque
3098 2981 3204 3020 non
3251 2965 3445 3018 statim
3496 2971 3662 3030 atque
3694 2957 3792 3010 huc

2199 3062 2554 3124 advenerunt,
2597 3061 2663 3115 ad
2701 3060 2896 3115 infulas
2945 3057 3296 3130 pontiﬁcales
3346 3065 3482 3112 sunt
3509 3045 3790 3117 assutrpti,

2199 3151 2414 3220 aliquod
2440 3151 2699 3222 temporis
2740 3149 3080 3204 intervallum
3129 3149 3182 3202 in
3240 3146 3432 3216 aliquo
3465 3138 3790 3199 monasterio

2196 3244 2445 3313 exegisse
2478 3259 2494 3307 ;
2545 3252 2621 3297 ει·
2649 3242 2866 3311 quidem
2920 3242 3099 3309 potius
3155 3239 3208 3292 in
3247 3238 3510 3301 Cavensi,
3544 3247 3703 3304 quam
3738 3229 3789 3281 in

2198 3334 2306 3388 alio
2330 3350 2675 3404 quocunque,
2709 3333 2852 3402 quod
2881 3332 3006 3386 illud
3053 3330 3401 3386 Cluniacensi
3438 3324 3622 3381 ordini
3646 3319 3785 3376 addi-

2197 3435 2342 3480 ctum
2375 3435 2518 3481 esset
2547 3443 2561 3491 ;
2596 3424 2851 3494 quodque
2877 3424 2948 3478 ibi
2995 3422 3212 3488 Petrus,
3254 3420 3415 3488 cujus
3447 3418 3568 3475 Udo
3604 3413 3786 3470 sahem

2199 3521 2406 3575 amicus
2428 3529 2562 3583 erat,
2594 3530 2647 3574 et
2678 3519 2821 3589 apud
2851 3517 3170 3572 Cluniaeum
3202 3516 3323 3570 vitae
3351 3513 3678 3569 monasticm
3700 3521 3786 3562 so-

2198 3610 2313 3664 cius
2338 3609 2503 3662 vitam
2535 3597 2889 3664 nuinasticam
2944 3606 3220 3678 professus
3275 3605 3493 3660 fuisset.
3524 3598 3786 3658 Fabula"—

2200 3711 2288 3755 tur
2315 3701 2577 3765 nonnulli,
2613 3699 2758 3768 iique
2813 3699 2994 3752 nescio
3021 3697 3216 3766 quibus
3266 3695 3482 3766 decepti
3514 3684 3788 3759 scriptori-

2200 3793 2323 3856 bus,
2357 3792 2634 3848 lirllanum
2663 3791 2850 3862 Roma:
2877 3790 3112 3859 primum
3138 3789 3189 3841 in
3215 3784 3580 3840 Lateranensi
3614 3790 3788 3834 mona-

2200 3884 2366 3938 sterio
2390 3884 2710 3938 canoaieam
2744 3883 2906 3936 vitam
2953 3880 3281 3950 amplexum,
3315 3877 3573 3932 arctioris
3604 3867 3787 3926 deinde

2201 3975 2324 4028 vite:
2349 3975 2529 4029 studio
2583 3975 2634 4028 in
2677 3974 2921 4030 Cavcnse
2969 3971 3302 4035 secessisse;
3356 3971 3486 4024 hinc
3542 3957 3786 4020 transmi-

2200 4079 2386 4134 grasse
2412 4063 2753 4128 Cluniacnm,
2806 4063 2987 4132 ibique
3032 4063 3131 4117 sub
3159 4061 3388 4116 Olilone
3421 4067 3519 4113 aut
3569 4055 3785 4123 Ilugonc

2203 4160 2400 4213 vixisse
2431 4173 2553 4214 cum
2608 4157 2995 4218 llildebrando,
3027 4156 3116 4226 qui
3155 4165 3265 4209 tum
3295 4163 3348 4208 et
3401 4155 3518 4224 ipse
3550 4141 3784 4205 Cluniaci

2203 4251 2503 4305 monachus
2533 4258 2652 4305 erat
2685 4267 2698 4315 ;
2757 4250 2822 4303 ab
2851 4249 3041 4304 eodem
3069 4255 3282 4318 postea,
3312 4245 3477 4300 simul
3533 4252 3696 4309 atque
3746 4233 3790 4287 is

2204 4341 2482 4396 Romanus
2514 4340 2754 4411 pontifex
2784 4349 2999 4394 creatus
3031 4348 3136 4402 est,
3181 4337 3411 4390 Ruinam
3465 4330 3787 4390 accersitum

2205 4433 2610 4502 cardiualisque
2633 4432 2897 4502 dignitate
2945 4441 3108 4500 atque
3154 4427 3424 4484 Ostiensis
3477 4426 3789 4496 episcopum

2136 4549 2181 4602 ι)
2206 4535 2455 4579 ornatum
2487 4525 2671 4579 fuisse.
2706 4523 2810 4578 Sed
2851 4523 2967 4577 lucc
3008 4521 3189 4575 omnia
3237 4536 3400 4574 tuere:
3453 4532 3613 4589 nugas
3647 4515 3792 4569 sunt,

2203 4616 2397 4687 quibus
2431 4616 2740 4673 refellendis
2766 4615 3040 4669 immorari
3070 4613 3234 4684 piget.

2437 4707 2828 4763 VII..Urbanus
2864 4706 2926 4775 ﬁt
2966 4707 3234 4775 episcopus
3284 4703 3566 4759 Ostiensis.

2275 4798 2391 4854 Non
2433 4799 2520 4852 diu
2549 4798 2700 4852 licuit
2729 4796 2902 4853 Odoni
2947 4805 3040 4850 aut
3062 4796 3222 4851 Petro
3252 4797 3304 4850 in
3337 4795 3566 4851 Cavensi
3601 4789 3781 4845 solitu-

2206 4891 2329 4945 dine
2356 4890 2700 4944 commorari.
2750 4889 2882 4943 Nam
2913 4889 3208 4959 Gregorius
3255 4889 3356 4943 ltoe
3408 4889 3547 4954 ipso,
3593 4898 3700 4953 quo
3732 4878 3782 4930 ill

2207 4983 2407 5037 italiam
2464 4983 2818 5046 advenerant,
2855 4997 2997 5035 anno
3050 4980 3209 5044 1078,
3260 4989 3381 5050 post
3422 4976 3780 5032 exturbatum,

2206 5085 2264 5130 ut
2295 5083 2523 5128 testatur
2555 5073 2810 5144 Ugltellns
2851 5073 2902 5126 in
2936 5072 3086 5126 Italia
3133 5088 3310 5137 sacra,
3342 5071 3609 5126 Joannem
3645 5060 3786 5118 sebi.-

2207 5165 2517 5232 smaticum,
2571 5166 2812 5221 Odoucm
2844 5166 3154 5234 episcopum
3195 5164 3502 5219 Ostiensem
3532 5154 3730 5217 creavit
3765 5165 3778 5213 ;

2206 5259 2397 5313 Petrus
2423 5273 2550 5312 vero
2584 5274 2686 5310 non
2726 5257 2889 5309 multo
2911 5267 3024 5326 post
3056 5273 3234 5320 suum,
3267 5265 3324 5310 ut
3371 5262 3556 5309 narrat
3592 5259 3780 5305 secun-

2208 5350 2306 5404 dus
2335 5350 2450 5419 ejus
2503 5349 2637 5403 Vita:
2665 5359 2872 5412 auctor,
2905 5365 2931 5402 e
2983 5348 3234 5402 Cluniaco
3284 5349 3529 5412 reditum,
3573 5340 3779 5396 Palica-

2208 5446 2425 5499 strensis
2447 5445 2720 5513 episcopus
2744 5442 3020 5495 ordinatus
3053 5452 3150 5496 est.
3183 5441 3381 5511 _1\'eque
3428 5455 3527 5496 nos
3573 5440 3780 5491 movere

2209 5539 2369 5593 debct
2392 5540 2673 5608 utriusque
2702 5538 2834 5593 Viue
2858 5537 2914 5592 S.
2948 5537 3092 5592 Petri
3127 5535 3453 5600 auctoritas,
3477 5533 3566 5589 ubi
3594 5529 3778 5585 Petrus

2211 5647 2314 5688 non
2341 5632 2516 5687 solum
2546 5647 2576 5684 a
2613 5631 2762 5686 clero
2813 5639 2866 5685 et
2896 5629 3114 5701 populo,
3175 5629 3269 5684 sed
3317 5628 3480 5683 etiam
3513 5642 3543 5680 a
3580 5609 3776 5677 Gisnlio

2210 5724 2555 5780 Salernitano
2577 5723 2823 5795 principe
2851 5721 3267 5777 Policastrensis
3324 5719 3474 5775 urbis
3503 5715 3775 5788 episcopi!6

2212 5819 2519 5892 postulatus
2550 5831 2672 5873 esse
2706 5816 2921 5873 dicitur.
2956 5813 3090 5870 Nam
3125 5811 3366 5870 Gisultus
3390 5809 3504 5881 jam
3544 5806 3609 5863 ab
3644 5804 3776 5856 anno
