3962 6312
295 366 383 428 π
1842 369 1871 425 V

1978 373 2021 427 ι.
3457 363 3536 418 ﬂ!

297 483 442 538 1075
497 480 838 540 Salernitano
885 485 1184 556 principatu
1241 485 1501 554 spoliatus
1557 500 1586 538 a
1638 484 1871 539 Roberto
1898 489 1946 547 Α
1975 483 2266 553 psalteriis,
2315 497 2378 537 ac
2415 481 2591 536 missis
2616 479 2922 544 celebratis,
2958 493 2987 532 a
3033 478 3139 532 Deo
3185 475 3370 528 audire
3413 490 3529 527 me-

296 562 596 629 Guiscardo
616 573 813 641 fuerat,
843 585 902 631 ut
921 576 1108 631 scrilut
1136 591 1436 647 anonymus
1475 574 1784 630 Casinensis
1807 575 1860 628 in

300 662 593 726 Chronico,
616 673 777 732 atque
807 665 911 717 hoc
961 665 1073 732 ipso
1127 679 1268 718 anno
1295 663 1520 717 Romam
1571 664 1637 716 ad
1663 663 1863 733 Grego-

302 753 443 806 rium
465 752 810 823 confugerat.
844 754 977 820 Quid
1017 769 1144 824 ergo
1167 754 1231 807 ad
1274 753 1593 807 electionem
1621 753 1785 816 Petri,
1818 753 1863 808 si

299 843 443 897 facta
477 843 667 897 fuisset
693 859 830 898 anno
862 843 1017 905 1078.
1055 845 1304 912 princeps
1347 843 1438 900 ille
1488 853 1681 898 exutus
1732 859 1864 898 con-

297 936 504 988 ducere
526 935 748 1003 potuit?
779 933 894 990 Nisi
918 934 1056 990 forte
1080 937 1219 1004 apud
1247 933 1566 1005 Gregorium
1610 936 1866 990 interces-

299 1024 456 1088 serit,
507 1035 566 1077 ut
610 1024 825 1089 Petrus,
870 1041 1026 1093 quem
1077 1027 1252 1080 virum
1294 1027 1492 1081 bonum
1540 1034 1594 1080 et
1623 1038 1866 1082 sanctum

301 1113 468 1183 probe
495 1124 739 1178 noverat,
791 1117 842 1169 in
891 1115 1266 1171 Policastrensi
1310 1117 1444 1173 solio
1493 1118 1864 1172 collocaretur.

304 1205 484 1273 Atque
529 1205 632 1260 hoc
682 1207 838 1260 modo
888 1204 1048 1260 facile
1093 1207 1416 1263 conciliatur
1460 1217 1707 1276 uterque.
1734 1208 1868 1262 Vitae

306 1293 456 1350 Petri
519 1297 753 1365 scriptor
811 1312 932 1351 cum
983 1297 1103 1352 aliis
1150 1299 1442 1353 historicis.
1497 1297 1628 1352 Nam
1680 1297 1867 1353 Gisulli

299 1385 469 1439 etiam
494 1399 524 1437 e
543 1385 714 1453 patria
751 1385 884 1454 pulsi
914 1385 1136 1440 multum
1170 1387 1432 1442 intererat
1466 1397 1523 1441 ut
1551 1388 1742 1458 aliquis
1767 1388 1867 1442 sibi

302 1483 464 1526 notus
489 1474 629 1526 hanc
678 1473 988 1544 dignitatem
1025 1477 1310 1530 obtineret.
1344 1477 1504 1532 Certe
1542 1477 1734 1531 Petrus
1763 1494 1868 1530 non

303 1563 466 1616 multo
495 1572 608 1632 post
637 1579 788 1616 suum
822 1580 849 1618 e
888 1563 1140 1618 Cluniaco
1202 1567 1444 1630 reditum,
1494 1577 1552 1621 ut
1599 1569 1760 1623 habet
1788 1583 1872 1623 se-

301 1651 494 1707 cunda:
547 1652 678 1707 Vitre
705 1663 912 1715 auctor,
945 1655 1357 1710 Policastrensis
1384 1658 1666 1728 episcopus
1697 1657 1869 1714 factus

299 1752 406 1798 est.
438 1745 555 1810 Qua
580 1745 633 1799 in
659 1745 918 1814 dignitate
956 1761 1076 1801 cum
1120 1764 1304 1816 parum
1337 1750 1578 1817 temporis
1603 1751 1870 1818 expendis-

302 1847 402 1902 sel,
429 1839 480 1892 in
513 1840 894 1894 monasterium
927 1838 1167 1894 Cavense
1200 1855 1468 1905 reversus,
1493 1842 1671 1895 statim
1703 1842 1868 1896 Leoni

305 1929 487 1984 abbati
511 1929 668 1998 paulo
693 1943 817 1984 ante
843 1928 962 1996 ejus
987 1942 1236 1998 mortem,
1265 1943 1325 1986 ut
1369 1949 1434 1986 ex
1476 1925 1707 2003 utroque
1738 1934 1872 1988 Vita:

305 2027 530 2072 auctore
558 2028 791 2083 constat,
825 2019 1148 2074 substitutus
1185 2031 1288 2076 est.
1341 2023 1448 2077 Leo
1475 2032 1674 2087 autem,
1703 2025 1776 2078 uti
1804 2040 1868 2079 ex

310 2108 630 2163 Kalendario
678 2109 902 2164 Gaveusi
956 2121 1011 2166 et
1057 2111 1328 2166 Chronico
1376 2111 1524 2166 brevi
1581 2114 1646 2166 ad
1690 2115 1871 2184 cyclos

310 2200 590 2268 paschales
626 2211 826 2255 certum
883 2202 1111 2261 videtur,
1160 2201 1296 2256 obiit
1340 2219 1522 2258 mense
1553 2203 1695 2258 Jnlio
1744 2207 1870 2260 anui

315 2287 452 2341 £079
483 2303 636 2356 :qum
659 2288 840 2342 omnia
871 2291 1161 2344 cumintra
1201 2291 1364 2345 unius
1409 2293 1535 2347 anni
1589 2302 1643 2346 et
1672 2293 1875 2362 aliquot

307 2376 569 2429 mensium
595 2378 824 2445 spatium
849 2378 1003 2433 facile
1029 2379 1345 2449 contingere
1374 2381 1662 2450 potuerint,
1688 2391 1873 2436 nostro

307 2465 516 2519 calculo
537 2467 740 2534 optime
772 2469 1125 2522 concordant.
1151 2469 1246 2522 llis
1275 2485 1378 2523 non
1428 2469 1714 2523 admodum
1746 2485 1873 2523 cou-

302 2556 475 2608 sentit
497 2555 637 2609 bona
677 2571 839 2624 quam
892 2557 1140 2612 Urbanus
1179 2559 1231 2612 in
1261 2558 1588 2614 Cavensium
1633 2559 1872 2614 favorem

300 2644 472 2698 dedit.
515 2644 712 2700 Verum
754 2647 807 2700 in
865 2648 964 2702 hac
1010 2648 1151 2702 bulla
1199 2650 1496 2718 complura,
1547 2665 1666 2720 quae
1710 2650 1872 2704 variis

301 2740 637 2807 temporibus
653 2741 1145 2805 evenerunt,situul
1174 2742 1228 2795 in
1253 2757 1416 2794 unum
1441 2748 1868 2810 congesta-sunt.

305 2829 509 2886 Deinde
556 2831 739 2886 multis
792 2833 1307 2902 in'e:polationibns,
1357 2842 1416 2887 ut
1462 2832 1656 2900 legenti
1682 2841 1868 2901 patet,

303 2919 603 2975 deformata
630 2932 751 2988 est;
788 2937 959 2992 neque
981 2925 1141 2977 etiam
1189 2924 1242 2978 in
1277 2924 1440 2978 variis
1478 2924 1873 2993 exemplaribus

300 3011 408 3066 sibi
437 3022 675 3077 constat,
699 3014 770 3066 ita
799 3021 858 3066 ut
885 3013 1047 3067 multa
1079 3015 1130 3067 in
1173 3030 1282 3070 uno
1334 3025 1619 3069 occurrant
1663 3030 1785 3084 qua:
1817 3015 1870 3069 in

298 3102 476 3158 altero
502 3104 748 3174 exemplo
777 3105 1167 3159 desiderantur.

379 3193 435 3248 Si
467 3203 646 3248 tamen
696 3205 903 3249 (crtum
933 3197 1164 3266 cuipiam
1214 3196 1477 3251 videatur-
1499 3197 1710 3252 t’etrum
1747 3207 1871 3255 ante

298 3281 496 3336 Gisulli
530 3283 707 3352 fugam
749 3295 992 3340 creatum
1035 3287 1347 3355 episcopum
1397 3287 1583 3352 fuisse,
1637 3293 1696 3341 ut
1729 3297 1873 3346 certe

304 3373 486 3427 innuit
513 3385 737 3446 uterque
765 3376 897 3431 Vita:
945 3387 1155 3441 auctor,
1186 3380 1472 3433 dicendum
1517 3380 1622 3434 erit
1655 3379 1872 3436 Petrum

303 3465 480 3519 multo
526 3475 649 3520 ante
685 3467 925 3522 Odonem
982 3469 1033 3522 in
1096 3469 1302 3523 italiam
1363 3469 1527 3526 fuisse
1575 3487 1872 3538 reversum,

298 3568 468 3621 quem
502 3555 717 3609 nonnisi
766 3565 886 3624 post
941 3556 1144 3626 aliquot
1189 3573 1362 3613 annos
1401 3559 1516 3613 Odo
1556 3561 1875 3615 subsecutus

304 3642 506 3696 Caram
534 3646 884 3710 convenerit;
919 3661 1237 3714 errasscque
1259 3649 1554 3702 secundum
1599 3649 1732 3702 Vita:
1775 3664 1874 3701 au-

305 3741 514 3785 ctorem
559 3733 655 3800 qui
687 3733 816 3786 illud
853 3735 956 3788 iter
998 3737 1146 3805 quod
1190 3737 1241 3790 hi
1276 3737 1375 3790 viri
1421 3737 1595 3792 sancti
1647 3738 1874 3792 seorsim

297 3822 686 3888 confecerant,
720 3825 880 3879 simul
915 3827 982 3880 ab
1036 3826 1103 3880 iis
1137 3837 1442 3898 susceptum
1494 3825 1658 3882 fuisse
1699 3828 1877 3883 credi-

300 3913 465 3966 derit.

704 4006 833 4062 νιιι.
865 4006 953 4062 Fit
985 4025 1134 4094 papa:
1165 4009 1518 4067 consiliarius.

375 4142 514 4208 Quid
540 4159 665 4197 vero
693 4143 808 4198 Odo
853 4143 1025 4199 factus
1054 4127 1321 4200 Ostiensis
1361 4146 1644 4215 episcopus
1689 4147 1878 4213 primis

300 4235 650 4304 episcopatus
675 4235 755 4288 sui
802 4237 957 4289 anuis
981 4236 1187 4301 fecerit,
1221 4253 1485 4305 nusquam
1516 4237 1712 4305 legitur
1735 4238 1876 4307 apud

299 4333 556 4381 auctores
593 4327 886 4396 antiquos;
940 4337 993 4379 at
1020 4344 1141 4382 eum
1194 4337 1322 4383 tunc
1374 4327 1634 4398 Gregorio
1674 4330 1880 4400 magnis

1966 582 2234 636 rerentur.
2278 581 2336 626 ut
2383 574 2508 627 olim
2550 580 2735 626 saneto
2768 569 3028 639 Gregorio
3056 567 3216 622 simili
3241 568 3529 620 occasione

1965 665 2296 735 contigerat,
2341 664 2467 732 quid
2523 663 2588 717 de
2636 661 2980 715 eucharistite
3035 659 3138 713 fide
3186 656 3539 712 sentiendum-

1964 763 2128 811 CSSBI.
2204 763 2211 765 ’
2795 757 2800 760 ⁴
2819 795 2824 798 .

2376 843 2467 898 IX.
2513 843 2584 897 De
2609 842 2842 896 Wiberto
2874 842 3139 909 antipapa.

2036 935 2196 991 Certe
2226 935 2535 989 dillicillima
2584 942 2738 988 erant
2789 941 2915 986 tunc
2963 939 3201 999 tempora
3245 928 3312 984 ob
3342 928 3539 998 graves

1968 1024 2265 1077 discordias
2327 1038 2446 1091 ane
2523 1024 2664 1074 inter
2715 1019 3076 1074 sacerdotium
3129 1026 3182 1071 et
3247 1017 3529 1086 imperium
3621 1076 3626 1082 ο

1969 1121 2081 1167 tum
2137 1114 2366 1166 maxime
2397 1113 2645 1182 vigebant
2698 1111 2811 1180 (an.
2861 1108 3041 1178 1080),
3093 1123 3332 1176 quasque
3365 1109 3533 1160 l'crnte

1969 1203 2296 1256 insanabiles
2322 1203 2628 1256 reddiderat
2666 1201 2929 1255 Henricus
2954 1199 3259 1254 Germania:
3303 1214 3396 1252 rex
3425 1197 3533 1251 cle-

1971 1293 2148 1348 ctione
2195 1292 2465 1346 Guiberti-
2499 1293 2730 1346 hominis
2770 1290 3090 1354 facinorosi,
3141 1301 3300 1358 quem
3338 1288 3449 1355 jam
3501 1303 3529 1340 a

1973 1382 2206 1437 triennio
2247 1381 2373 1436 sede
2422 1380 2756 1435 Ravennensi
2805 1388 3103 1442 extrusum,
3154 1379 3257 1432 hoc
3308 1390 3448 1429 anno
3480 1376 3540 1428 in.

1972 1470 2486 1541 pscudopontiticem
2537 1468 2834 1522 tenuntiari
2865 1466 3118 1530 'curavit,
3151 1473 3211 1518 ut
3257 1465 3396 1518 hanc
3426 1463 3541 1517 lar-

1970 1578 2092 1616 ram
2140 1561 2399 1631 Gregorio
2451 1561 2689 1629 legitimo
2745 1557 2982 1627 pontiﬁci
3012 1565 3323 1626 opponeret.
3357 1553 3421 1608 ιιι-
3457 1553 3538 1606 fa-

1969 1661 2114 1704 ctum
2143 1659 2227 1703 est
2253 1648 2394 1718 apud
2438 1647 2712 1702 Brixinam
2743 1646 2920 1700 Norici
2959 1645 3143 1698 urbem
3172 1645 3224 1697 in
3275 1641 3534 1696 concilia-

1971 1742 2096 1794 bnlo
2111 1741 2327 1810 triginta
2346 1739 2716 1808 episcoporum
2733 1735 3197 1791 schismaticorum
3218 1747 3358 1786 anno
3378 1731 3533 1794 l080,

1901 1805 1945 1863 Β
1973 1805 2209 1899 septimo
2229 1805 2434 1884 Kalend
2473 1844 2498 1883 s
2527 1805 2672 1891 iulii,
2703 1836 2761 1881 ut.
2786 1828 2970 1882 videre
2999 1833 3080 1880 est
3124 1823 3262 1892 apud
3289 1833 3543 1878 anetorcs

1970 1919 2167 1989 passim
2199 1918 2459 1988 vulgatos.

2159 2008 2225 2061 X.
2270 2008 2515 2061 Urbanus
2543 2007 2720 2062 scribit
2751 2005 2981 2062 Simonis
3010 2005 3326 2074 epitaphium

2041 2099 2193 2152 Anno
2220 2098 2356 2154 l082
2380 2099 2564 2152 Roma:
2604 2097 2778 2151 adhuc
2824 2095 3135 2149 morabatur
3179 2092 3314 2158 Odo,
3365 2091 3409 2145 si
3441 2105 3533 2143 vc-

1971 2204 2090 2242 rum
2117 2189 2185 2242 sit
2226 2203 2348 2242 eum
2382 2187 2621 2241 Simonis
2647 2200 2678 2241 e
2705 2183 3027 2253 CriSpeiensi
3073 2183 3269 2236 comite
3301 2189 3425 2234 tunc
3445 2179 3534 2232 Ju-

1975 2281 2146 2332 rensis
2174 2278 2442 2343 monachi,
2469 2293 2536 2330 eo
2559 2291 2721 2337 anno,
2757 2283 2816 2328 ut
2846 2282 2992 2327 notat
3020 2271 3314 2330 Albericus.
3347 2271 3534 2326 defun-

1973 2367 2064 2432 αἱ,
2100 2367 2429 2437 epitaphium
2484 2364 2812 2433 scripsi-sse;
2858 2377 2963 2415 nec
3015 2361 3206 2416 mirum
3251 2371 3336 2413 est
3395 2360 3538 2414 hunc

1975 2455 2235 2510 honorem
2287 2455 2492 2510 Simoni
2553 2455 2720 2508 fuisse
2760 2451 3020 2510 dotatam.
3073 2449 3157 2502 cui
3207 2449 3352 2503 locus
3399 2449 3540 2502 inter
3586 2465 3589 2468 ·

1971 2547 2298 2619 apostolicos
2325 2545 2557 2600 tumulos
2591 2545 2653 2598 in
2702 2542 2958 2596 Vaticana
2984 2539 3200 2599 basilica
3248 2553 3538 2592 concessus

1973 2638 2093 2700 luit,
2113 2653 2215 2692 non
2239 2636 2411 2691 solum
2425 2636 2501 2690 ob
2521 2633 2778 2689 eximiam
2797 2629 2915 2698 ejus
2939 2629 3152 2700 generis
3174 2627 3541 2688 nobilitatem,

1975 2729 2090 2794 sed,
2119 2737 2172 2782 et
2207 2727 2259 2781 id
2315 2725 2566 2789 maxime,
2602 2725 2679 2779 ob
2730 2721 2964 2794 ingentia
3010 2720 3199 2774 merita
3254 2719 3305 2772 in
3353 2718 3539 2772 Eccle-

1974 2818 2111 2873 siam
2168 2816 2489 2880 Romanam,
2532 2815 2623 2870 cui
2673 2813 2882 2868 tuenda:
2930 2825 2962 2864 a
3012 2808 3274 2879 Gregorio
3327 2807 3380 2860 in
3431 2807 3549 2860 Ita-.

1973 2907 2099 2961 liam
2131 2907 2428 2961 accersitus
2482 2905 2680 2963 fuerat.
2727 2902 2801 2955 uti
2849 2907 3107 2955 narratur
3152 2899 3203 2951 in
3235 2895 3352 2964 ejus
3394 2894 3538 2952 Vita.

1975 2991 2184 3046 Str-culo
2241 2991 2325 3057 γ,
2383 2998 2536 3060 parte
2592 3004 2629 3043 ιι
2694 2987 2817 3042 Act.
2874 2984 2989 3040 SS.
3044 2981 3256 3037 ordinis
3314 2979 3542 3033 Benedio

1973 3084 2124 3138 ctiui.

1977 3191 2065 3245 XI.
2107 3190 2337 3245 i‘i’ibcrlo
2372 3191 2424 3243 in
2481 3187 2738 3243 Vaticana
2784 3186 3002 3241 basilica
3047 3183 3382 3246 intronizato,
3419 3196 3539 3234 cou-

2140 3261 2316 3314 cilium
2346 3260 2613 3312 indicitur.
2637 3257 2752 3312 Odo
2791 3259 2855 3312 ab
2887 3254 3116 3309 Henrico
3143 3254 3367 3318 capitur.

2045 3349 2300 3406 Ecclesiae
2319 3348 2656 3404 calamitates
2690 3360 2828 3399 novo
2873 3345 3117 3398 facinore
3145 3341 3295 3395 auxit
3343 3340 3537 3395 Henri-

1975 3458 2073 3498 cus
2103 3443 2397 3511 Augustus,
2429 3455 2572 3493 anno
2613 3437 2773 3502 l085,
2813 3452 2934 3491 cum
2970 3443 3092 3504 post
3133 3441 3391 3486 tentatam
3420 3429 3538 3484 fru-

1977 3540 2090 3586 stra
2148 3530 2518 3598 superioribus
2569 3527 2725 3581 annis
2774 3527 2961 3578 urbem
2991 3525 3240 3583 Romam,
3288 3536 3396 3573 una
3424 3518 3546 3585 ejus

1977 3631 2129 3690 parte
2180 3621 2282 3674 hoc
2330 3635 2472 3674 anno
2519 3619 2743 3686 potitus,
2790 3625 3058 3683 captaque
3106 3611 3341 3666 Leonina
3386 3611 3548 3672 urbe,

1979 3708 2298 3764 Guibertnm
2331 3721 2486 3760 suum.
2519 3706 2570 3759 in
2622 3705 2795 3759 sancti
2834 3703 2981 3757 Petri
3014 3701 3234 3757 basilica
3278 3700 3378 3754 sub
3407 3699 3544 3753 falso

1980 3799 2274 3855 Clementis
2301 3798 2364 3852 Ill
2397 3797 2614 3850 nomine
2665 3795 2978 3864 pontificem
3031 3791 3351 3863 proelamari
3382 3805 3544 3844 cura-

1979 3888 2057 3940 rit
2093 3902 2107 3952 ;
2141 3901 2298 3954 quem
2348 3900 2452 3937 non
2489 3881 2753 3945 Ostiensis
2799 3889 2855 3935 et
2906 3877 3228 3933 Albanensis
3271 3892 3366 3931 seu
3413 3876 3546 3930 l’or-

1981 3978 2184 4033 tuensis
2210 3977 2501 4039 antistites,
2529 3975 2595 4029 ad
2647 3989 2780 4043 quos
2824 3974 2875 4028 id
2921 3972 3160 4026 muneris
3197 3971 3349 4039 juxta
3378 3968 3547 4038 privi-

1981 4069 2176 4139 legium
2204 4083 2390 4122 eorum
2445 4066 2665 4122 sedibus
2693 4081 2720 4116 a
2769 4064 2866 4118 SS.
2907 4063 3158 4116 Pati-ibus
3200 4075 3543 4138 concessum,

1983 4135 2144 4212 Ill-ait
2173 4156 2470 4214 Bertoldus,
2503 4155 2808 4224 pertinebat
2833 4193 2848 4216 ,
2885 4153 2978 4206 sed
3004 4151 3324 4204 Mutinensis
3350 4159 3402 4204 et
3425 4135 3546 4202 Ari-

1983 4247 2241 4301 tuinensis
2263 4245 2498 4313 episcopi
2522 4244 2638 4312 jam
2677 4243 2854 4295 multis
2877 4239 3029 4292 annis
3065 4237 3281 4306 depositi
3317 4247 3364 4290 et
3411 4253 3546 4290 ana-

1981 4334 2299 4388 thematizati
2347 4334 2848 4393 iuthronizarerunt,
2902 4328 3042 4397 quod
3077 4327 3164 4381 alii
3191 4325 3259 4379 ab
3289 4324 3406 4379 aliis
3435 4326 3548 4392 epi-

303 4420 539 4489 Itt‘gtniis
566 4433 701 4488 pene
723 4418 916 4472 obruto
956 4433 1170 4487 semper
1193 4428 1391 4487 priesto
1421 4417 1589 4473 fuisse
1614 4420 1753 4472 haud
1779 4421 1876 4473 tlll-
1911 4456 1957 4511 Β
1984 4426 2386 4496 εεορῑε,1“ίιριιιιιι
2433 4424 2701 4478 scribunt,
2747 4421 3086 4476 Pragferenda
3114 4427 3259 4475 esset
3309 4416 3547 4471 Berloldi

297 4510 454 4563 ltinm
476 4518 578 4562 est.
609 4508 772 4562 Certe
827 4509 932 4562 huc
964 4509 1203 4562 revocari
1235 4519 1410 4577 potest
1437 4508 1678 4563 Orderici
1705 4510 1872 4574 locus,

297 4599 415 4666 jam
456 4613 484 4649 a
517 4598 673 4651 nobis
699 4613 860 4666 supra
893 4597 1160 4664 laudatus,
1213 4600 1264 4652 in
1297 4615 1404 4667 quo
1430 4599 1726 4668 Gregorius
1746 4602 1877 4654 dici-

304 4699 400 4740 ιιιι·
429 4687 532 4740 sibi
571 4688 810 4742 Odonem
863 4689 1181 4756 prtccipuum
1229 4689 1588 4743 consiliarium
1642 4690 1873 4758 elegisse.

293 4775 411 4842 Qui
445 4778 622 4846 reipsa
653 4787 765 4832 toto
792 4779 871 4830 Siti
930 4780 1267 4848 episcopatus
1320 4781 1494 4847 primo
1519 4781 1877 4846 quadriennio

307 4883 522 4936 semper
542 4867 816 4936 pontiﬁcis
838 4867 997 4921 lateri
1041 4869 1288 4932 adhazsit,
1333 4880 1390 4921 ut
1413 4885 1533 4922 eum
1559 4871 1670 4923 suis
1699 4870 1877 4923 consi-

303 4957 412 5015 liis,
439 4971 640 5024 suaque
666 4972 829 5024 opera
850 4958 1141 5026 adjuVaret.
1166 4957 1217 5009 ld
1248 4957 1423 5009 innuit
1454 4957 1632 5010 Bcnno
1653 4958 1878 5027 pseudo-

301 5048 599 5103 cardinalis
625 5057 679 5102 et
699 5047 938 5118 Gregorii
967 5058 1126 5116 atque
1159 5047 1410 5102 Romanae
1432 5047 1685 5102 Ecclesia:
1708 5049 1878 5102 hostis

306 5140 726 5205 infensissimus,
759 5142 848 5210 qui
879 5138 1116 5195 Odonem
1146 5139 1380 5210 Gregorii
1414 5141 1745 5208 pedisequum
1786 5155 1880 5209 ap-

294 5230 513 5302 pellare
553 5233 710 5287 solet.
737 5233 883 5286 idem
926 5233 1044 5300 ipse
1086 5242 1272 5286 auctor
1297 5240 1482 5284 narrat
1509 5233 1559 5284 in
1599 5233 1718 5286 Vita
1746 5231 1878 5286 Gre-

305 5327 442 5400 gorii
478 5326 567 5382 Vll
609 5326 846 5383 Odoncm
904 5337 1142 5380 nostrum
1172 5334 1226 5378 et
1275 5325 1577 5388 Cimonem,
1635 5324 1878 5378 fervente

307 5419 608 5488 quaestione
663 5418 729 5471 de
775 5416 1099 5470 eucharistia
1157 5423 1344 5469 contra
1403 5412 1784 5483 Berengarium
1824 5413 1876 5468 in

307 5508 538 5563 concilio
563 5506 808 5560 Romano
832 5507 955 5559 anni
984 5505 1136 5566 l079.
1164 5505 1356 5558 missos
1378 5519 1407 5556 a
1429 5502 1688 5574 Gregorio
1713 5504 1875 5558 fuisse

311 5605 376 5657 ad
407 5602 666 5656 Sanctam
694 5599 1057 5663 Anastasiam,
1089 5606 1147 5651 ut
1183 5597 1255 5652 ibi
1297 5613 1419 5651 cum
1452 5597 1706 5666 Suppone
1735 5595 1877 5661 ejus-

314 5694 434 5744 dem
483 5689 738 5745 Ecclesia:
795 5687 1282 5756 archipreslzytero,
1306 5687 1510 5756 jejunio
1539 5696 1591 5740 et
1619 5685 1878 5740 orationi-

312 5782 416 5836 bus
441 5795 660 5851 operam
709 5780 896 5834 dantes
939 5779 1108 5833 tribus
1139 5777 1344 5846 diebus,
1380 5777 1618 5833 recitatis
1650 5775 1866 5830 totidem

1983 4525 2297 4578 auctoritas,
2329 4523 2514 4582 utpote
2550 4513 2638 4582 qui
2667 4523 2790 4566 tunc
2819 4511 3056 4574 vivebat,
3094 4519 3150 4565 et
3193 4525 3279 4563 res
3305 4506 3545 4577 singulas

1979 4620 2076 4676 per
2096 4604 2332 4676 singulos
2359 4618 2528 4656 annos
2571 4610 2822 4656 accurate
2848 4602 3086 4671 digessit,
3119 4599 3162 4653 si
3199 4599 3299 4653 sibi
3324 4606 3546 4651 consta-

1982 4709 2083 4754 ret.
2114 4701 2182 4753 At
2211 4699 2435 4767 ipsemet
2462 4711 2603 4751 anno
2643 4695 2780 4752 1084
2827 4695 2944 4749 loco
2973 4692 3332 4748 Ariminensis
3376 4690 3548 4742 Areti-

1981 4805 2105 4842 ntun
2137 4788 2415 4852 nominat;
2465 4785 2602 4856 quod
2633 4787 2720 4840 alii
2772 4800 2987 4856 quoque
3035 4792 3282 4837 auctores
3325 4780 3544 4835 habent.

1981 4876 2044 4931 Et
2076 4877 2292 4946 quidem
2324 4876 2606 4945 episcopos
2638 4875 2996 4929 Mutinensem
3027 4882 3083 4926 et
3111 4872 3391 4926 Aretinum
3438 4885 3543 4923 non

1982 4969 2440 5032 benedictionem,
2493 4966 2586 5020 sed
2619 4966 3020 5021 damnationem
3065 4977 3223 5032 quatn
3253 4947 3566 5021 habebant,

1981 5059 2301 5128 imposuisse
2336 5058 2604 5121 Wiberto,
2657 5056 2848 5111 scribit
2888 5052 3237 5108 Gebebardus
3281 5051 3545 5105 Salisbur-

1983 5151 2160 5220 gensis
2185 5149 2622 5218 archiepiscopus
2649 5147 2698 5198 in
2728 5145 2887 5212 epist.
2928 5143 2991 5195 ad
3039 5141 3404 5199 llermannum
3438 5139 3546 5193 Me-

1985 5248 2208 5291 tensem.
2239 5235 2391 5290 llaud
2414 5235 2632 5288 dnbimn
2668 5233 2794 5301 quin
2851 5241 2905 5284 et
2946 5231 3302 5284 Ariminensis
3328 5238 3379 5283 et
3409 5231 3542 5281 Are-

1981 5328 2124 5380 tinus
2172 5326 2408 5394 episcopi
2460 5325 2585 5378 huic
2633 5321 2970 5377 cmremonire
3027 5320 3298 5374 adfuerint
3347 5318 3362 5372 ἐ
3419 5311 3564 5372 ιιιιιιι’

1979 5413 2264 5468 Bertoldus
2315 5415 2588 5475 observat,
2639 5409 2703 5463 ad
2754 5424 2956 5463 annum
3017 5405 3173 5468 508$,
3219 5414 3418 5474 prteter
3451 5421 3548 5459 eos

1981 5520 2116 5575 quos
2153 5504 2419 5564 nominat,
2445 5511 2672 5556 caeteros
2693 5515 2906 5570 quoque
2931 5498 3211 5567 episcopos
3237 5510 3544 5550 excommu-

1979 5596 2191 5649 nicatos
2233 5593 2457 5646 Wibertt
2490 5591 2819 5645 ordinationi
2853 5587 3182 5649 iutcrluisse,
3210 5600 3370 5654 quam
3402 5599 3544 5636 anno

1979 5684 2325 5752 snbsequenti
2360 5683 2609 5736 Albcrtus
2648 5674 2924 5736 Staitensis
2950 5687 3016 5734 eo
3031 5677 3119 5732 alii
3149 5685 3392 5730 auctores
3420 5689 3523 5729 con

1976 5776 2202 5848 signant.
