3962 6312
461 295 535 372 25
1807 301 1866 360 Β.
1914 304 2047 362 una

2155 301 2171 360 l
2207 306 2247 362 ll
2281 305 2481 364 ΡΜ)Ᾰί
3673 305 3763 372 ⁸84

534 412 589 465 In
621 406 974 468 tanta‘rerum
1027 415 1437 486 perturbatione
1467 418 1643 472 visum
1672 428 1755 474 est
1784 420 2043 476 Ecclesia:
2073 400 2120 477 Α
2149 420 2313 474 Deum
2345 420 2642 475 timentibus
2667 437 2762 490 pro
2794 429 2932 474 certo
2958 420 3138 474 haberi
3183 420 3466 490 cognovit,
3503 431 3560 472 ut
3586 436 3762 492 eorum

461 507 786 573 proceribus
834 523 1014 578 operat
1077 511 1312 578 pretium
1359 527 1480 567 esse
1530 527 1866 583 congregare
1919 529 2042 584 syn-

461 599 649 660 odum,
666 598 823 667 cujus
845 610 1061 663 statuta,
1078 601 1252 672 inquit
1273 601 1580 665 Bertoldus,
1597 604 1661 655 de
1690 619 1853 657 causa
1878 604 2040 673 regni,

461 707 554 743 nec
587 688 834 757 Henrico,
869 709 959 746 nec
1001 691 1254 747 Romanis
1280 735 1294 756 ,
1328 694 1434 746 imo
1463 692 1596 745 nulli
1621 695 1830 761 penitus
1868 693 2042 748 liceret

461 783 819 852 praevaricari.
873 784 1003 838 Eam
1048 782 1344 852 Gregorius
1380 799 1566 838 mense
1605 783 1897 839 Novembri
1948 785 2035 838 ha-

461 873 692 928 bendam
727 874 943 937 indixit,
979 875 1176 930 litteris
1197 889 1260 930 ea
1283 876 1349 930 de
1371 890 1429 930 re
1453 876 1517 928 ad
1547 891 1736 930 onmes
1763 877 2044 945 episc0pos

459 975 512 1018 et
560 965 788 1021 abbhtes
834 967 999 1022 dalis.
1039 966 1306 1023 Henricus
1355 951 1485 1023 vero
1517 969 1568 1022 in
1611 969 2041 1036 Laugobardiam

460 1073 730 1120 reversus,
769 1059 1016 1113 adhibito
1066 1058 1447 1130 jurejurando,
1507 1060 1782 1130 pollicitus
1813 1070 1892 1114 est
1927 1076 2043 1114 om-

459 1162 581 1201 nem
627 1149 974 1203 securitatem
1018 1151 1288 1206 universis
1343 1153 1434 1222 qui
1490 1161 1585 1206 aut
1658 1153 1724 1206 ad
1773 1152 2041 1223 synodum

459 1237 583 1291 ituri
610 1248 814 1302 essent,
862 1248 972 1302 aut,
1027 1254 1088 1294 ea
1123 1241 1293 1306 ﬁnita,
1332 1243 1399 1296 ad
1431 1242 1648 1313 prOpria
1699 1251 2038 1296 reverteren-

463 1339 551 1382 tur
599 1347 612 1394 ;
677 1339 735 1384 at
794 1332 1184 1399 promissorum
1236 1349 1456 1391 suormn
1512 1335 1819 1400 immemor,
1879 1331 2041 1406 paulo

463 1427 610 1488 post,
631 1418 800 1474 fracta
829 1420 952 1486 lide,
985 1421 1274 1491 plerosque
1318 1439 1506 1479 eorum
1538 1426 1630 1495 qui
1658 1427 1724 1480 ad
1750 1428 2040 1481 concilium

461 1512 850 1582 Irruperabant,
895 1529 958 1569 ac
1005 1515 1148 1570 inter
1193 1516 1329 1570 alios
1359 1517 1530 1587 ipsum
1557 1516 1795 1573 Odoncm
1824 1518 2040 1574 Ostien-

462 1619 579 1656 sem
608 1604 948 1674 episcopum,
978 1621 1140 1675 quem
1170 1608 1236 1663 ad
1289 1623 1412 1663 eum
1460 1609 1758 1686 Gregorius
1806 1610 2038 1680 legatum

464 1692 707 1758 miserat,
734 1693 786 1746 in
816 1694 1014 1750 itinere
1045 1697 1376 1766 apprehendi
1402 1697 1588 1767 jussit,
1636 1707 1799 1767 atque
1851 1699 1903 1752 in
1951 1714 2042 1753 ca-

2148 513 2537 582 simplicitatem
2563 511 2747 566 melius
2776 513 3148 567 circumvenire
3197 521 3412 582 posset,
3455 511 3528 564 ad
3571 513 3760 566 callida

2144 619 2198 656 se
2210 613 2512 672 argumenta
2536 604 2806 657 conuertit.
2826 600 2953 655 Post
2969 602 3268 672 captionem
3297 602 3486 670 itaque
3507 601 3761 660 Ostiensis

2145 694 2375 764 episcopi
2398 705 2445 748 et
2473 693 2700 747 aliorum
2731 695 3035 757 multorum,
3058 709 3191 761 quos
3227 694 3458 762 recepit,
3493 693 3756 747 absolutos

2144 785 2381 850 dimisit;
2412 784 2664 838 universis
2701 783 2920 837 Romam
2957 785 3164 837 visitare
3205 781 3518 836 volentibus
3555 782 3759 850 ﬁrmata

2143 878 2471 932 securitatem
2489 877 2651 937 defit,
2670 893 2827 945 quam
2843 877 3147 944 jnramento
3159 873 3383 943 publice
3397 873 3753 940 conﬁrmavit.

2147 964 2216 1018 Et
2272 974 2326 1018 ut
2366 962 2594 1033 favorem
2645 964 2946 1034 popularem
3000 965 3212 1018 omnino
3251 973 3674 1030 prosequeretur
3714 973 3758 1014 et

2143 1057 2394 1128 gratiam,
2409 1059 2463 1110 in
2478 1057 2686 1126 publico
2709 1058 2863 1122 dixit,
2885 1058 3024 1128 quod
3047 1075 3078 1109 a
3109 1057 3256 1109 domi
3265 1073 3336 1108 no
3353 1054 3615 1122 Gregorio
3628 1071 3760 1124 papa

2143 1150 2427 1218 imperialis
2477 1167 2682 1204 corona:
2733 1151 3038 1220 dignitatem
3082 1148 3242 1202 vellet
3299 1149 3644 1216 accipere....
3695 1146 3756 1198 At

2143 1236 2427 1309 Gregorius
2451 1239 2712 1308 respondit
2738 1255 2792 1293 .‘I
2809 1239 2919 1309 Ego
2942 1239 3192 1293 versutias
3205 1248 3255 1291 et
3271 1237 3608 1291 calliditates
3630 1237 3757 1306 regis

2144 1327 2444 1397 frequenter
2467 1335 2707 1397 expertus
2737 1344 2874 1380 sum.
2903 1328 2962 1381 Si
2983 1337 3156 1380 autem
3181 1327 3295 1381 rnlt
3324 1327 3388 1380 in
3410 1327 3480 1380 iis
3498 1327 3553 1378 in
3577 1325 3756 1395 quibus

2143 1417 2422 1485 nianifeste
2442 1422 2670 1488 peccarit
2695 1417 2804 1471 Deo
2827 1428 2872 1471 et
2898 1416 3147 1472 Ecclesia:
3168 1417 3521 1485 satisfacere,
3540 1416 3758 1470 libenter

2144 1508 2428 1575 absolvam,
2461 1519 2508 1564 et
2561 1510 2884 1578 imperialem
2935 1509 3034 1563 sibi
3077 1526 3336 1564 coronam
3367 1526 3496 1563 cum
3550 1508 3754 1562 benedi-

2143 1599 2311 1652 ctione
2338 1601 2704 1668 imponami...
2731 1599 2871 1668 quod
2895 1599 3103 1651 verbum
3130 1614 3248 1650 cum
3283 1613 3408 1662 rex,
3432 1595 3760 1650 remordente

2144 1691 2487 1755 conscientia,
2551 1692 2757 1761 penitus
2818 1692 3094 1760 denegaret
3155 1689 3439 1760 facere....
3507 1687 3757 1757 Pontifex

463 1780 717 1848 ptivitate
743 1780 996 1838 delentes
1031 1761 1216 1839 multis
1242 1761 1532 1842 tormentis
1582 1761 1893 1842 immaniter
1918 1804 2044 1842 cru-
2077 1761 2120 1814 Β
2147 1781 2381 1851 lli/ﬁdens
2407 1797 2516 1835 ϐεδε
2549 1780 2600 1834 in
2631 1780 2915 1834 Crescenlii
2946 1791 3180 1834 εαδιιίιηι
3213 1781 3449 1849 recepit.
3487 1788 3600 1832 elc-

463 1872 622 1925 t-iari.
651 1872 970 1929 Audiendus
999 1891 1061 1930 ca
1117 1875 1184 1930 de
1223 1891 1282 1931 re
1324 1876 1630 1940 Bcrtoldus,
1681 1879 1772 1947 qui
1809 1893 1920 1932 rem
1963 1879 2046 1933 bis

460 1963 641 2018 verbis
663 1964 883 2034 exponit
912 1979 927 2018 :
959 1965 1140 2038 Legati
1189 1965 1627 2021 Tlteatonicorum
1654 1968 1950 2038 principatu
1977 1969 2047 2023 ad

461 2054 750 2110 concilium
779 2056 853 2110 ire
879 2057 1188 2124 debuerant,
1219 2060 1309 2112 sed
1331 2060 1396 2112 ab
1438 2059 1668 2115 Henrico
1711 2063 1764 2115 in
1797 2062 1879 2115 cia
1907 2063 2046 2132 apud

463 2143 865 2199 Forum-Cassii
887 2150 1025 2216 capti
1052 2159 1098 2201 et
1129 2149 1314 2217 fa’dati
1335 2160 1453 2205 sunt
1483 2151 1620 2204 circa
1645 2152 1833 2220 festum
1882 2153 2050 2207 sancti

463 2236 705 2303 Martini,
733 2236 849 2291 licet
882 2239 1120 2292 omnibus
1143 2239 1287 2293 illam
1310 2243 1564 2311 synodum
1593 2243 1879 2312 petentibus
1909 2260 2051 2296 secu-

463 2329 669 2382 ritatem
689 2327 997 2396 juramento
1051 2330 1368 2398 promiserit.
1396 2370 1410 2384 .
1429 2370 1444 2387 .
1463 2369 1476 2383 .
1507 2330 1673 2385 Erant
1714 2343 1887 2386 autem
1926 2332 2047 2386 reli-

462 2420 742 2488 giOsissimi
771 2421 1014 2474 monachi
1047 2430 1093 2474 et
1115 2421 1314 2487 clerici,
1345 2438 1473 2491 quos
1505 2423 1559 2475 in
1610 2423 1905 2491 captivitate
1931 2424 2049 2492 fecit

462 2514 715 2578 cruciari,
744 2530 861 2567 cum
890 2515 1079 2584 quibus
1111 2525 1159 2569 et
1196 2512 1441 2581 Ottonem
1471 2516 1820 2569 venerandum
1845 2515 2048 2569 Ostien-

460 2621 567 2659 sem
596 2605 890 2674 episcopum
914 2606 1504 2675 captivatum,videlicet
1534 2606 1604 2660 ad
1633 2607 1805 2675 ipsum
1836 2608 1900 2662 ab
1924 2625 2050 2678 apo-

465 2693 654 2748 stolica
677 2695 797 2750 sede
825 2697 1216 2750 transmissum.
1249 2697 1375 2752 Haec
1408 2696 1496 2752 ille
1526 2715 1540 2751 :
1578 2714 1765 2753 verum
1800 2714 1899 2754 nec
1933 2699 2044 2765 illa,

466 2802 566 2843 nec
588 2789 754 2843 etiam
782 2789 864 2844 vis
891 2790 1143 2845 acerbior"
1185 2790 1427 2847 Odonem
1461 2806 1491 2844 a
1520 2791 1764 2863 Gregorii
1824 2793 2046 2863 legitimi

465 2879 740 2948 pootilieis
771 2879 1078 2934 obcdientia
1132 2896 1372 2950 unquam
1409 2882 1685 2936 dimovere
1732 2893 2046 2953 potuerunt.

471 2969 520 3024 Is
547 2971 860 3024 ccoutrario
892 2986 1015 3024 cum
1050 2970 1165 3027 suis
1219 2972 1462 3041 collegis,
1505 2974 1799 3030 Albauensi
1831 2984 1884 3028 et
1918 2974 2048 3028 Por-

464 3061 638 3116 tuensi
664 3062 957 3131 episcopis,
993 3061 1260 3128 libentius,
1283 3064 1360 3117 uti
1393 3065 1458 3117 ad
1488 3080 1692 3120 annum
1728 3073 2042 3132 sequentem
2073 3095 2118 3157 ε

465 3152 632 3206 habet
656 3149 964 3217 Bertoldns,
994 3162 1240 3207 extrema
1287 3169 1515 3224 qumque
1543 3154 1813 3210 sustinere
1838 3169 2046 3223 praeop-

464 3252 656 3302 tassct,
682 3257 843 3311 quam
867 3252 972 3296 tam
1003 3244 1291 3314 sacri/egre,
1315 3245 1560 3300 Gniberti
1587 3243 1906 3300 ordinationi
1934 3257 2050 3300 tan-

464 3347 621 3395 quam
641 3333 1029 3400 superbissima:
1055 3335 1449 3404 pra'sumptioni
1501 3334 1802 3389 immisceri.
1843 3334 2048 3388 Bonam

463 3422 798 3479 voluntatem
830 3423 1023 3479 ellectu
1051 3425 1498 3495 comprobarunt,
1524 3425 1567 3479 si
1598 3425 1814 3494 quidem
1838 3425 2050 3477 domino

463 3513 750 3580 apostolico
786 3513 1051 3583 Gregorio
1075 3513 1348 3584 conjuncti
1369 3515 1617 3569 eamdem
1648 3513 2048 3568 ordinationem

464 3603 710 3673 synodali
724 3602 931 3670 judicio
961 3605 1218 3660 er-uonice
1245 3604 1691 3659 condemnarunt.

740 3692 852 3747 XII.
877 3693 952 3748 De
970 3710 1096 3762 pace
1125 3695 1327 3764 agitur;
1355 3694 1470 3748 Odo
1491 3693 1762 3749 liberatur.

538 3785 665 3856 (An.
701 3784 887 3855 iOBl.)
919 3785 1126 3840 Tantas
1151 3801 1280 3840 vcro
1333 3795 1551 3854 tamque
1577 3803 1768 3857 graves
1794 3785 2051 3842 Ecclesia:

465 3875 805 3930 calamitates
830 3891 973 3947 :egre
1018 3877 1363 3945 patiebantur
1405 3877 1505 3930 viri
1551 3879 1752 3946 passim
1785 3878 2048 3948 religiosi,

465 3967 715 4038 equibus
743 3968 1007 4027 nonnulli.
1039 3968 1130 4038 qui
1175 3969 1352 4023 neutri
1387 3969 1530 4039 parti
1575 3969 1814 4038 suspecti
1869 3978 2046 4034 erant,

466 4061 755 4128 ad’paccm
809 4059 951 4113 inter
981 4059 1294 4130 pontificem
1341 4071 1395 4116 et
1444 4076 1620 4130 regem
1655 4061 2048 4116 conciliandam

465 4167 692 4222 operam
723 4153 1094 4208 contulerunt.
1131 4151 1256 4208 llrec
1286 4168 1352 4208 ex
1401 4153 1666 4207 Paudull‘o
1707 4154 1964 4208 discimus
1997 4153 2049 4207 in

463 4244 647 4298 Gestis
670 4244 1013 4314 pontilicum,
1039 4243 1130 4298 ubi
1162 4244 1305 4299 inter
1325 4244 1461 4298 alios
1490 4245 1768 4315 signanter
1794 4243 2050 4314 exprimit

467 4336 746 4405 llugonem
789 4333 1037 4390 Cluniaci
1089 4334 1365 4401 abbatem,
1415 4337 1505 4406 qui
1555 4353 1676 4391 cum
1740 4336 1860 4391 aliis
1917 4337 2050 4391 viris

2218 1891 2354 1946 Xlll.
2387 1891 2647 1946 Henricus
2675 1910 2706 1945 a
2739 1891 2988 1974 Guiberto
3017 1902 3344 1956 coronatur;
3375 1907 3683 1945 excommu-

2835 1979 3010 2015 ηιειιιη
3019 1980 3064 2016 Γ.

2227 2049 2492 2106 Ilenricus
2526 2067 2655 2106 vero
2683 2052 2774 2122 qui
2817 2051 3242 2107 Lateranensem
3279 2051 3578 2106 basilicam
3609 2051 3754 2104 inva-

2151 2154 2317 2206 serat,
2353 2143 2464 2212 ipsa
2497 2143 2790 2198 Dominica:
2811 2136 3224 2198 resurrectionis
3255 2144 3374 2210 die,
3415 2157 3676 2197 coronant
3707 2141 3756 2194 iu

2150 2234 2531 2296 Ecclesia,non
2559 2234 2761 2304 glorite,
2787 2243 2843 2288 ut
2867 2235 2942 2288 ait
2968 2234 3386 2301 Bertoltlus,sed
3411 2233 3753 2303 confusionis,

2154 2343 2184 2380 a
2220 2342 2318 2380 suo
2352 2325 2613 2382 Guiberto
2662 2326 2919 2396 suscepit,
2971 2326 3414 2397 Gregoriumque
3459 2327 3756 2396 legitimum

2153 2419 2460 2488 pontiﬁcem
2515 2420 2569 2473 in
2616 2419 2784 2474 altera
2838 2419 2988 2474 urbis
3042 2429 3196 2488 parte
3248 2419 3494 2473 obsedit.
3543 2414 3754 2471 Inutiles

2157 2521 2332 2565 tamen
2383 2510 2535 2566 luere
2579 2509 2694 2578 ejus
2742 2520 2969 2566 conatus
3004 2527 3018 2564 :
3051 2527 3176 2563 nam
3226 2510 3509 2578 pontilex,
3541 2507 3750 2562 Roberti

2153 2601 2440 2657 Guiscardi
2471 2601 2971 2657 Northmannornm
3013 2606 3067 2657 in
3102 2601 3251 2654 Italia
3284 2601 3561 2672 principis
3595 2613 3748 2668 opera

2152 2694 2312 2764 paulo
2333 2702 2454 2763 post
2483 2693 2765 2758 liberatus,
2795 2694 3058 2764 synodum
3092 2693 3144 2746 in
3185 2693 3301 2762 ipsa
3343 2692 3492 2747 Urbe
3520 2689 3750 2746 celebra-

2153 2786 2250 2852 vit,
2296 2787 2347 2839 in
2377 2802 2481 2854 qua
2530 2785 2862 2840 schistnatici
2910 2801 3098 2838 rursus
3140 2783 3610 2838 excommunicati
3641 2781 3746 2834 lue-

2153 2887 2297 2933 runt.
2350 2878 2424 2932 De
2468 2878 2572 2931 hac
2619 2877 2825 2948 synodo
2870 2877 3150 2931 Bertoldus
3199 2876 3268 2930 ad
3301 2877 3456 2930 hunc
3501 2887 3744 2927 ammm:

2152 2969 2406 3024 Dominus
2436 2979 2608 3023 autem
2630 2986 2791 3040 papa,
2823 2969 3018 3038 inquit,
3047 2968 3265 3021 collecta
3301 2967 3540 3037 synodo,
3569 2966 3746 3018 iterum

2151 3064 2464 3116 sententiam
2499 3063 2851 3132 anathematis
2883 3064 2934 3115 in
2975 3060 3284 3116 Guibcrtum
3315 3059 3748 3120 Itwresiarcltam,

2153 3153 2440 3207 Hrnricant
2468 3162 2514 3206 et
2539 3169 2716 3206 omnes
2743 3168 2922 3206 eorum
2950 3153 3186 3222 fautores
3213 3151 3593 3222 promulgarit,
3614 3148 3742 3218 quod

2150 3257 2198 3299 et
2223 3245 2274 3297 in
2300 3245 2429 3313 festo
2442 3245 2611 3298 sancti
2626 3243 2852 3298 Joannis
2868 3244 3122 3313 Baptista?
3143 3247 3415 3313 pra’terito
3427 3240 3742 3313 jamdudum

2157 3334 2338 3388 Iloma:
2382 3334 2540 3402 fecit,
2583 3350 2700 3388 cum
2762 3333 3026 3388 Henricus
3077 3333 3250 3386 adhuc
3300 3334 3377 3388 ibi
3433 3339 3740 3386 moraretur.

2153 3423 2288 3478 Tum
2322 3424 2469 3478 addit
2507 3424 2647 3479 hanc
2695 3425 3021 3478 sententiam
3082 3440 3111 3477 a
3162 3422 3358 3490 legatis
3410 3416 3740 3492 apostolicis,

2151 3515 2313 3569 Petro
2345 3514 2596 3569 videlicet
2641 3513 2933 3567 Albanensi
2970 3513 3224 3582 episcopo
3271 3512 3325 3565 in
3381 3509 3642 3570 Francia,
3690 3512 3741 3558 et

2154 3605 2346 3660 Ottone
2386 3604 2616 3660 Ostiensi
2644 3606 2882 3674 episcoon
2913 3605 2967 3657 in
2991 3616 3130 3656 terra
3163 3601 3607 3656 Tlteutonicorum
3633 3597 3740 3650 ubi-

2150 3713 2250 3768 que
2281 3695 2446 3751 luisse
2472 3695 2814 3764 divulgatum.
2857 3695 3033 3762 Atque
3077 3693 3190 3746 haec
3242 3692 3420 3760 prima
3460 3699 3547 3745 est
3599 3689 3738 3755 lega-

2151 3789 2318 3848 tionis
2347 3788 2658 3859 apostolica:
2691 3787 2914 3849 mentio,
2947 3801 3052 3855 qua
3089 3784 3205 3840 Odo
3226 3794 3416 3839 noster
3449 3786 3503 3839 in
3527 3781 3739 3836 Genua-

2155 3883 2245 3936 nia
2281 3881 2498 3936 functus
2532 3888 2633 3936 est.

2153 3998 2294 4053 XIV.
2326 3997 2443 4052 Odo
2475 3994 2695 4065 legatus
2712 3995 2767 4047 in
2800 3991 3103 4065 Germania.
3140 3988 3512 4065 Gebelmrdum
3544 3984 3736 4048 episco-

2504 4061 2627 4136 pum
2659 4063 3110 4118 Constantiensem
3146 4061 3380 4113 ordinat.

2225 4159 2341 4214 Una
2368 4167 2551 4212 autem
2580 4172 2610 4212 e
2651 4154 2939 4226 praecipuis
2968 4153 3085 4222 ejus
3115 4151 3260 4205 curis
3291 4151 3343 4204 in
3374 4166 3444 4204 ea
3477 4144 3737 4216 legatione

2154 4252 2277 4316 fuit,
2306 4260 2362 4304 ut
2392 4249 2668 4304 antistites
2693 4245 2940 4301 ecclesiis
2966 4242 3174 4297 orbatis
3216 4240 3549 4310 provideret,
3576 4229 3733 4289 animi

2154 4344 2341 4414 vigore
2372 4353 2426 4396 et
2467 4339 2738 4410 probitate
2775 4352 2986 4392 morum
3018 4342 3357 4406 praestantes,
3391 4331 3584 4401 quales
3611 4335 3734 4379 sane

463 4427 650 4495 ιηὀιιῐε
682 4425 972 4482 Ποπνίευιιι
1007 4428 1215 4479 ιιιοιιιιῖι
1255 4443 1321 4481 lle
1351 4428 1700 4482 ωιῖιιιιθιηηιίι
1729 4443 1758 4481 =1
1791 4437 1869 4482 1οι
1917 4443 2048 4498 ροη-
2080 4455 2127 4514 υ
2153 4435 2401 4506 exigebat
2438 4434 2750 4503 iniquorum
2801 4430 3015 4484 illorum
3069 4439 3370 4496 temporum
3415 4423 3728 4480 necessitas.

465 4518 701 4572 tilicibu's
729 4517 874 4571 illata
907 4516 1339 4587 parvipeuderct.
1387 4517 1572 4574 Paruit
1603 4519 1713 4583 ille,
1742 4530 1834 4574 aut
1877 4530 2043 4584 certe,

467 4618 527 4663 ut
557 4608 731 4663 innuit
760 4607 853 4661 ille
869 4617 1079 4671 auctor,
1105 4622 1296 4676 parere
1326 4608 1630 4675 simulavit;
1661 4619 1824 4680 atque
1839 4609 2046 4676 Odone,

465 4703 788 4770 exterisque
841 4702 1073 4770 captivis
1108 4701 1355 4755 libertate
1406 4702 1662 4757 redeundi
1717 4703 1782 4757 ad
1832 4703 2048 4773 propria

465 4795 704 4857 donatis,
726 4809 848 4848 cunt
871 4793 1135 4862 Gregorio
1156 4808 1214 4848 se
1240 4809 1425 4862 pacem
1455 4793 1711 4848 initurum
1743 4795 2049 4864 spopondit,

465 4891 508 4943 si
543 4889 631 4942 ille
660 4885 767 4940 sibi
803 4886 961 4941 vellet
992 4884 1266 4955 imperiale
1306 4885 1549 4940 diadema
1601 4885 1894 4955 imponere.
1943 4884 2050 4939 Sed

466 4994 590 5032 eum
613 4977 908 5047 Gregorio-3
937 4977 987 5030 id
1015 4993 1072 5031 se
1095 4975 1365 5030 facturum
1389 4987 1610 5046 negaret
1637 4976 1738 5031 nisi
1765 4977 1866 5033 sub
1887 4977 2053 5032 certis

468 5069 889 5132 conditionibus,
923 5084 1059 5138 quas
1086 5067 1351 5123 llenricns
1379 5069 1690 5134 recusabat,
1741 5085 1825 5124 res
1854 5067 2050 5124 inlecta

469 5161 730 5215 remansit
747 5177 760 5224 ;
777 5170 832 5214 et
855 5160 963 5222 ille,
981 5159 1031 5213 in
1055 5161 1353 5215 schismate
1379 5159 1716 5225 oblirtnatus,
1741 5176 1997 5215 coronam
2023 5177 2052 5215 a

471 5268 571 5306 suo
597 5251 863 5324 Gugiberto
887 5251 1204 5307 solemniter
1236 5252 1434 5321 recepit
1458 5269 1472 5319 ;
1499 5267 1606 5322 quo
1631 5253 1771 5306 facto
1801 5252 1885 5307 fas
1905 5251 2056 5306 dein--

468 5360 596 5416 ceps
625 5360 730 5399 non
777 5342 878 5398 fuit
925 5351 1079 5396 atrox
1133 5342 1263 5397 illud
1321 5343 1636 5398 scandalum
1688 5341 1755 5396 ab
1814 5341 2053 5398 Ecclesia

472 5451 771 5492 rem0vere.
813 5434 969 5491 Libet
995 5435 1242 5490 Pandulli
1269 5434 1443 5490 locum
1482 5435 1747 5504 integrum
1779 5433 2052 5504 proferre;

471 5527 538 5584 In
584 5539 758 5593 tertio,
796 5530 1004 5602 inquit,
1053 5545 1256 5600 quoque
1298 5545 1436 5582 anno
1476 5545 1566 5581 rex
1609 5524 1678 5581 ad
1717 5526 2056 5581 obsidendam

475 5619 696 5697 Romam
730 5639 962 5677 reversus
999 5632 1108 5686 est;
1137 5619 1226 5674 sed
1254 5620 1381 5690 quia
1413 5636 1468 5674 se
1497 5621 1666 5688 ipsum
1699 5623 2056 5692 excontmnni-

474 5725 702 5766 caritura
754 5713 1088 5768 Cltmiacensi
1142 5712 1366 5780 abbate,
1423 5725 1577 5783 atque
1628 5715 1746 5767 aliis
1804 5713 2080 5785 religiosis,

2157 4530 2236 4584 Ex
2265 4529 2348 4584 his
2376 4526 2476 4581 fuit
2502 4524 2763 4580 Henricus
2789 4537 2971 4578 comes
3000 4520 3066 4575 de
3087 4519 3232 4582 Aslo,
3257 4533 3416 4586 quem
3449 4507 3728 4571 Hermanni

2159 4620 2302 4690 regis
2335 4630 2387 4674 ct
2428 4617 2553 4672 cleri
2592 4632 2655 4669 ac
2690 4614 2868 4685 populi
2899 4609 3360 4667 Paderborneusis
3384 4619 3648 4663 consensu
3671 4612 3731 4654 ac

2157 4712 2358 4768 Odonis
2383 4710 2541 4781 legati
2576 4707 2853 4778 apostolici
2887 4705 3208 4760 auctoritate
3234 4701 3590 4755 Paderborna:
3625 4691 3731 4761 epi-

2155 4820 2376 4874 scopum
2438 4801 2746 4856 institutum
2793 4799 2961 4853 luisse
3007 4803 3273 4850 memorat
3331 4793 3628 4847 Scbatenus
3677 4783 3727 4883 in

2157 4895 2396 4963 ejusdem
2449 4892 2700 4948 Ecclesia:
2749 4889 3064 4944 Annalibus.
3110 4885 3227 4940 lluc
3275 4884 3441 4938 etiam
3495 4889 3725 4936 revocari

2159 4987 2320 5041 debet
2366 4983 2671 5039 lleimvardi
2711 4983 2762 5037 in
2805 4981 3136 5035 Mindensem
3178 4976 3489 5048 episcopum
3525 4968 3726 5028 electio,

2158 5079 2201 5133 si
2243 5093 2430 5132 verum
2457 5076 2544 5136 sit,
2581 5083 2640 5128 ut
2678 5075 2816 5128 idem
2840 5081 3031 5126 auctor
3059 5070 3241 5134 habet,
3271 5084 3388 5122 cum
3417 5065 3728 5120 acclamante

2160 5170 2296 5223 clero
2329 5179 2376 5222 et
2413 5168 2605 5238 populo
2645 5167 2708 5220 ab
2755 5164 2946 5220 Ottone
2991 5162 3221 5216 Ostiensi
3267 5161 3520 5230 episcopo,
3568 5154 3726 5221 legato

2159 5259 2445 5328 apostolico
2477 5256 2716 5328 Gregorii
2752 5255 3015 5326 pontiﬁcis
3047 5269 3138 5323 per
3179 5251 3473 5307 Saxoniam
3510 5249 3560 5302 in
3589 5239 3723 5310 Egil-

2161 5351 2298 5406 berti
2331 5349 2595 5404 demortui
2621 5348 2798 5402 locum
2831 5346 3178 5414 subrogatum
3214 5341 3396 5396 fuisse.
3442 5338 3546 5394 Sed
3575 5341 3724 5389 nemo

2162 5458 2225 5496 ex
2253 5443 2339 5497 his
2371 5441 2637 5497 celebrior
2665 5439 2765 5492 fuit
2795 5437 3116 5494 Gebehardo
3149 5434 3258 5488 lilio
3302 5430 3532 5486 Bartoldi
3562 5420 3722 5481 ducis,

2163 5550 2321 5606 quem
2356 5533 2562 5603 legatus
2593 5544 2802 5586 morum
2850 5527 3139 5582 sanctitate
3170 5533 3224 5580 et
3255 5523 3516 5578 natalium
3556 5513 3719 5586 splen—

2165 5627 2294 5682 dore
2326 5622 2609 5686 illustrem,
2634 5635 2700 5675 ex
2733 5617 2997 5674 monacho
3030 5613 3397 5686 llirsaugiensi
3429 5610 3722 5683 episcopum

2168 5715 2638 5777 Constantienscm
2668 5712 2905 5775 creavit;
2947 5718 3128 5779 postea
3164 5708 3405 5764 futurum
3437 5701 3576 5761 sedis
3603 5705 3718 5764 διξο-
