3962 6312
208 376 280 432 25
1764 382 1791 435 ἲ

1897 382 1937 435 t.
2807 456 2809 458 η
3183 419 3191 426 -
3383 399 3457 451 26

210 489 414 544 stolicze
470 487 740 558 legatum,
794 499 848 545 et
898 491 1328 546 strenttissimum
1382 492 1434 547 iu
1487 493 1776 548 Germania
1810 500 1851 556 Α
1885 506 2186 562 tuerentur,
2219 499 2482 570 synohnn
2527 501 2864 558 indicendum
2896 514 3220 569 statuerunt,
3254 523 3371 576 qua:
3402 510 3456 564 in

209 579 468 634 Ecclesia!
511 579 787 634 catholicae
821 579 1183 640 defensorem.
1213 581 1362 636 Hunc
1405 583 1647 648 invitum,
1677 585 1780 636 imo

187 661 436 723 .muitum
475 668 842 723 reclamantem
871 687 934 723 ac
964 671 1264 739 ejulan‘em,
1313 671 1514 726 clericis
1559 683 1605 726 et
1633 672 1782 726 laici:

208 762 496 831 petentibus
524 771 570 813 et
604 759 963 826 laudantibus,
995 761 1062 816 ab
1092 761 1277 816 Odone
1299 763 1400 817 hoc
1422 779 1562 816 anno
1589 779 1639 817 tu
1669 763 1785 818 Ka-

211 851 399 905 lendas
445 850 684 904 Januarii
720 861 1091 904 consecratum
1131 852 1292 907 fuisse
1351 854 1609 908 observat
1649 853 1781 908 Ber-

213 941 411 994 toldns.
435 939 571 994 Cum
610 941 796 1008 pridie,
825 941 879 992 id
906 951 1001 1005 est,
1032 942 1162 1008 [esto
1194 944 1362 996 sancti
1402 943 1612 997 Thomas
1656 961 1783 1016 pre»

212 1033 416 1102 shyter,
443 1048 563 1085 cum
595 1033 824 1101 ipsemet
852 1033 1139 1086 Bcrtholdo
1162 1034 1414 1089 Chroniei
1439 1036 1704 1105 scriptore
1729 1046 1782 1090 et

213 1124 335 1178 aliis
358 1123 587 1187 clericis,
613 1123 797 1177 fuisset
824 1124 1122 1178 ordinatus.
1152 1124 1523 1180 Geheharduzn
1549 1143 1578 1180 a
1604 1137 1786 1182 nostro

217 1214 408 1267 Ottone
463 1214 630 1268 fuisse
682 1225 1055 1269 consecratum
1112 1224 1337 1270 testatur
1374 1218 1536 1271 etiam
1589 1218 1788 1273 I'anlus

220 1305 627 1359 Bernrediensis
660 1305 712 1358 i.n
747 1304 863 1359 Vita
895 1305 1141 1376 Gregorii
1179 1306 1292 1373 VII;
1345 1323 1443 1362 nec
1492 1308 1786 1363 audiendus

217 1407 403 1450 munra
455 1405 632 1450 tantos
673 1404 836 1451 testes
879 1395 1172 1452 Bruschius
1208 1413 1398 1453 recens
1428 1407 1647 1464 auctor,
1695 1399 1784 1466 qui

219 1486 269 1539 id
307 1503 336 1540 a
365 1486 526 1540 Petro
553 1485 846 1541 Albaneusi
884 1485 1084 1542 factum
1127 1487 1296 1542 fuisse
1325 1489 1531 1543 scribit.
1561 1489 1625 1543 Et
1663 1488 1786 1557 qui-

220 1579 338 1631 dem
371 1593 671 1648 anonymus
716 1577 974 1648 apologim
1019 1578 1232 1632 llenrici
1273 1579 1338 1632 IV
1375 1587 1562 1634 auctor
1604 1579 1784 1634 Ottoai

223 1669 323 1738 (sic
353 1669 550 1738 quippe
586 1667 824 1724 Odonem
855 1679 1096 1724 nostrum
1127 1670 1395 1738 appellare
1433 1681 1616 1724 amant
1646 1671 1783 1725 seri-

221 1771 397 1829 ptores
453 1760 739 1830 Germani)
792 1761 918 1815 vitio
960 1761 1121 1815 vertit
1175 1762 1315 1816 h:mc
1366 1763 1780 1825 ordinationem,

225 1851 372 1918 quasi
410 1852 512 1906 hoc
558 1850 702 1905 facto
739 1865 974 1906 canones
1012 1851 1284 1918 violasset,
1315 1853 1405 1922 qui
1444 1854 1516 1917 id,
1545 1855 1644 1908 etsi
1677 1872 1782 1908 non

227 1951 360 1995 esset
407 1943 693 2010 provincia:
739 1942 1205 2012 metropolitanus,
1239 1945 1441 2014 absque
1489 1945 1784 2016 Moguntini

231 2030 610 2100 archiepiscOpi
641 2031 898 2086 facultate
953 2031 1134 2086 facere
1191 2048 1354 2087 ausus
1403 2031 1614 2088 luisset.
1660 2036 1788 2088 Erat

235 2134 375 2176 vero.
407 2120 482 2173 uti
521 2135 699 2173 omnes
740 2120 1106 2184 consentiunt,
1148 2119 1495 2174 Gchchardus
1539 2121 1622 2175 vir
1664 2139 1786 2175 san-

240 2220 370 2272 ctus,
404 2219 454 2262 et
485 2210 762 2278 episcopali
811 2211 1069 2280 dignitate
1099 2211 1238 2265 hau-LI
1273 2211 1541 2280 indignus.
1576 2213 1683 2282 qui,
1731 2224 1789 2268 nt

237 2299 392 2354 refert
423 2298 742 2354 Trithemius
769 2301 820 2355 in
866 2301 1132 2356 Clu-onico
1165 2301 1549 2372 Ilirsaugiensi.
1580 2304 1785 2373 regula-

227 2390 295 2442 ris
334 2391 448 2443 vita:
483 2390 748 2444 fervorem
797 2405 952 2460 quem
1007 2392 1058 2444 iu
1117 2392 1443 2445 monasterio
1490 2393 1790 2447 innocenter

226 2482 387 2535 tie-ens
415 2498 620 2536 servare
649 2493 1000 2544 consueverat,
1034 2483 1316 2552 cpiscopus
1357 2483 1532 2537 factus
1572 2484 1789 2538 minime

225 2573 532 2627 intermisit.
574 2573 822 2628 Caeterun
849 2572 1088 2628 Odouem
1120 2574 1446 2627 Constantia:
1475 2573 1786 2644 aliquandiu

220 2673 608 2717 commoratum
648 2664 834 2726 fuisse,
865 2662 1151 2732 multaqua:
1178 2663 1248 2716 ibi
1286 2663 1351 2715 ad
1399 2664 1650 2718 Ecclesia:
1695 2665 1790 2718 bo-

220 2767 348 2804 num
382 2752 662 2808 ordinasse
710 2769 776 2807 ex
807 2753 1104 2806 canonibus
1151 2753 1365 2808 conciiii
1405 2755 1787 2821 Quindelibur-

217 2840 399 2910 gensis
424 2855 569 2896 anno
603 2842 847 2910 proximo
876 2841 1041 2895 habiti
1072 2841 1362 2912 colligitur.

432 2931 546 2986 XV.
577 2931 692 2986 Odo
717 2931 973 3001 colloquio
1005 2932 1056 2985 in
1081 2931 1314 2986 Saxonia
1346 2935 1579 2987 interest.

287 3023 448 3079 Initio
480 3024 606 3078 anni
653 3023 928 3092 sequentis
976 3022 1178 3092 (1085),
1233 3022 1349 3077 Odo
1402 3024 1788 3086 l-lcrmannum,

215 3131 380 3184 quem
412 3115 652 3170 Saxones
691 3116 949 3168 adversus
978 3113 1266 3168 Ilenricum
1317 3114 1435 3168 loco
1480 3114 1689 3168 Rudolli
1737 3116 1787 3168 in

215 3219 404 3274 regem
432 3204 722 3272 elegerant,
755 3203 1038 3267 convenit;
1078 3214 1130 3256 et
1171 3204 1440 3274 colloquio
1465 3205 1604 3272 quod
1651 3205 1793 3258 inter

214 3298 368 3366 ipsos
389 3294 633 3348 Saxones
651 3305 704 3348 et
730 3293 1078 3347 Ilenriciauos
1099 3294 1338 3347 habitum
1364 3304 1447 3349 est
1472 3296 1555 3349 die
1583 3295 1648 3349 15
1670 3303 1792 3364 post

211 3389 419 3442 festum
455 3386 764 3455 Epiphaniae
790 3384 1053 3439 interfuit.
1089 3385 1193 3440 Sed
1234 3385 1367 3440 nihil
1411 3387 1480 3441 ibi
1513 3387 1790 3441 decretum

210 3493 327 3542 εει,
366 3487 644 3548 propterea
675 3477 815 3545 quod
849 3485 1076 3546 utraque
1105 3493 1250 3547 pars,
1287 3486 1409 3547 post
1432 3479 1628 3532 multas
1667 3493 1792 3532 cou-

209 3573 570 3636 certationes,
605 3570 706 3625 sibi
737 3569 890 3638 quasi
923 3569 989 3623 de
1013 3570 1238 3623 victoria
1266 3570 1594 3638 applaudens
1618 3585 1646 3622 a
1684 3570 1794 3623 col-

209 3667 405 3735 loquio
431 3662 760 3718 discesserit.
793 3660 906 3714 Non
943 3661 1198 3715 convenit
1238 3661 1378 3714 inter
1409 3670 1660 3714 auctores
1689 3675 1794 3727 quo

210 3759 264 3810 in
299 3757 427 3808 loco
452 3754 665 3808 habitus
714 3751 879 3804 fuerit
927 3750 1017 3804 ille
1061 3758 1378 3813 conventus,
1422 3765 1582 3818 quem
1630 3751 1795 3805 abbas

212 3843 612 3914 Urspcrgeusis
632 3853 685 3896 et
708 3841 1037 3896 Trithemins
1055 3841 1108 3894 in
1132 3840 1400 3895 Chronico
1425 3840 1793 3910 IIirsangiensi

210 3936 364 4006 apud
406 3935 664 3988 Berbares
691 3933 944 4001 oppidum
985 3931 1317 4002 Thuringiae,
1347 3931 1437 3984 alii
1477 3932 1795 4002 Gestrungre

209 4041 309 4080 aut
349 4024 613 4078 Goslaria:
651 4023 704 4076 in
735 4023 920 4076 eadem
950 4021 1227 4090 provincia
1263 4021 1590 4076 celebratum
1630 4019 1797 4075 fuisse

212 4119 437 4171 volunt.
490 4115 565 4168 Ibi
595 4113 946 4168 Gebehardus
974 4111 1398 4182 Salisburgensis
1440 4112 1798 4180 archiepisco-

211 4225 321 4278 pus
353 4204 740 4260 eatholicorum
770 4212 950 4273 partes
979 4201 1186 4272 prolixa
1215 4202 1460 4256 oratione
1489 4203 1654 4255 tuitus
1680 4211 1793 4266 est;

213 4298 307 4352 cui
335 4311 465 4350 cum
497 4293 700 4347 Werilo
729 4292 1166 4360 archiepisCOpus
1197 4291 1538 4359 Moguntinus
1566 4292 1618 4345 in
1658 4291 1799 4346 Hen-

212 4389 317 4442 rici
355 4384 596 4438 favorem
645 4383 1046 4452 respondisset,
1105 4397 1190 4435 res
1225 4397 1290 4436 eo
1331 4382 1549 4436 devenit
1593 4391 1650 4435 ut
1693 4399 1796 4435 nou

1885 589 1998 657 ipsa
2052 589 2330 646 Paschalis
2381 593 2710 647 hebdomada
2761 598 2899 664 apud
2950 599 3453 669 Quimlelihurgum,

1883 693 1998 744 seu,
2015 690 2073 733 ut
2099 682 2307 735 illorum
2327 691 2625 752 temporum
2645 695 2891 740 auctores
2911 687 3162 743 Germani
3187 691 3454 756 scribunt,

1885 768 2399 839 Quintilineburgnn:
2448 772 2695 828 Saxonite
2740 778 3035 844 superioris
3077 779 3260 832 urbem
3314 781 3453 833 cele-

1884 861 2040 915 brata
2073 872 2176 926 est,
2209 880 2330 918 cum
2363 862 2558 919 ibidem
2597 863 2710 920 Odo
2737 866 2963 937 legatus,
2994 869 3332 924 Ilermanuus
3360 860 3454 926 rex

1885 970 1938 1012 et
1977 959 2065 1013 alii
2116 974 2368 1028 proceres
2415 963 2750 1031 peregissent
2800 965 2934 1016 festa
2991 964 3285 1030 paschalia.
3340 964 3456 1019 Iluc

1885 1065 2187 1106 convenere
2224 1068 2345 1106 cum
2393 1052 2565 1123 legato
2610 1054 2714 1106 duo
2746 1054 3158 1123 archiepiscopi,
3183 1055 3458 1110 Gebehar-

1885 1138 1986 1192 dus
2029 1139 2454 1210 Salisburgensis
2497 1151 2550 1195 et
2598 1141 2903 1211 Ilartwigus
2949 1141 3451 1211 Magdcburgensis,

1887 1228 2084 1296 aliique
2138 1231 2440 1297 complures
2486 1231 2752 1300 episcopi,
2795 1232 2883 1300 qui
2935 1232 3098 1285 multa
3144 1242 3198 1286 et
3238 1233 3453 1301 quidem

1886 1321 2165 1387 pr:ec|ara,
2201 1321 2252 1373 in
2283 1323 2382 1377 hac
2409 1323 2614 1392 synodo
2639 1331 2962 1388 statuerunt,
2992 1337 3110 1391 qua:
3143 1338 3171 1376 a
3203 1322 3458 1378 Bertoldo

1888 1411 1952 1462 ad
1988 1409 2127 1463 lumc
2156 1425 2357 1464 annum
2399 1412 2723 1466 referuntur.

1959 1497 2013 1549 In
2045 1499 2232 1552 eadem
2267 1500 2473 1569 synodo
2511 1501 2866 1555 condemnata
2907 1509 2988 1555 est
3017 1501 3331 1564 Weziliana,
3377 1499 3456 1553 uti

1886 1602 2004 1641 eam
2038 1590 2319 1647 vocabant.
2346 1590 2587 1654 hzvrcsis,
2613 1592 2677 1646 de
2707 1609 2808 1660 qua
2840 1592 3084 1660 superius
3112 1591 3379 1655 diximus;
3403 1600 3460 1645 et

1887 1678 2128 1746 synodali
2153 1677 2382 1745 judicio,
2430 1689 2486 1732 ut
2519 1680 2678 1734 habet
2708 1681 3009 1742 Bertoldus,
3045 1679 3259 1733 laudata
3290 1687 3452 1748 atque

1888 1771 2202 1823 conﬁrmata
2237 1770 2339 1824 fuit
2368 1771 2638 1825 ordinatio
2663 1772 2840 1825 domui
2872 1769 3170 1824 Gehchardi
3200 1769 3461 1823 Constam

1891 1859 2080 1913 tiensis
2119 1861 2379 1929 episcopi,
2432 1877 2591 1930 quam
2633 1861 2747 1916 Odo
2787 1878 2928 1914 anno
2956 1860 3276 1930 prmcedenti
3313 1860 3456 1915 cele-

1889 1948 2107 2012 brarat;
2138 1950 2264 2013 imo,
2313 1949 2390 2002 uti
2420 1949 2506 2002 ille
2534 1958 2723 2002 auctor
2749 1949 3112 2018 prosequitur,
3148 1949 3236 2001 hic
3263 1947 3460 2001 contir-

1891 2048 2032 2090 mata
2065 2036 2214 2092 fuere
2242 2053 2304 2092 ea
2350 2039 2524 2091 omnia
2553 2055 2669 2108 qua:
2705 2040 2958 2107 prtrfatus
2990 2039 3123 2092 sedis
3163 2037 3460 2106 apostolica:

1887 2125 2107 2194 legatus,
2155 2142 2272 2178 cum
2319 2136 2446 2179 esset
2496 2123 2847 2189 Constantior,
2908 2128 3254 2180 ordinarerat.
3322 2125 3458 2178 Tum

1887 2217 2172 2268 anathema
2229 2215 2429 2284 dictum
2478 2225 2560 2269 est
2608 2217 2658 2269 in
2705 2216 2986 2285 episc0pos
3055 2214 3464 2279 schismaticos,

1887 2319 2180 2373 eorumque
2207 2315 2368 2373 caput
2395 2304 2696 2369 Wibertum
2735 2305 2876 2359 sedis
2916 2305 3220 2374 apostolica:
3246 2303 3458 2358 invaso-

1891 2411 2025 2458 rem,
2080 2396 2306 2464 ejusque
2357 2396 2886 2465 pscudocardiuales,
2934 2395 3209 2466 Ilugonem
3240 2395 3458 2460 Album,

1889 2483 2153 2539 Joannem
2193 2484 2567 2550 Portuensem,
2612 2485 2832 2538 Petrum
2882 2483 3281 2547 cancellarium,
3325 2491 3459 2547 etc.;

1891 2591 2050 2643 quam
2099 2576 2448 2639 sententiam,
2507 2590 2574 2629 ne
2627 2576 2804 2645 aliqua
2860 2575 3172 2630 solenmitas
3217 2574 3465 2637 deesset,

1891 2665 2077 2719 Patres
2101 2681 2290 2719 omnes
2320 2679 2577 2719 accensas
2608 2665 2861 2720 candelas
2901 2665 3146 2719 manibus
3190 2673 3467 2734 gestantes

1891 2758 2103 2828 publice
2146 2757 2574 2826 promulgarunt.
2611 2756 2804 2809 Mirum
2841 2765 2924 2810 est
2962 2756 3014 2809 in
3062 2753 3217 2823 hujus
3248 2754 3462 2808 concilii

1892 2848 2397 2918 sabscriptionibus.
2441 2863 2560 2918 quze
2611 2847 2919 2902 referuntur
2946 2848 2998 2902 iu
3038 2847 3344 2916 Appendice
3395 2847 3463 2900 ad

1895 2948 2096 2992 tomum
2134 2937 2182 2990 Χ
2229 2937 2579 2992 conciliorum
2630 2937 2852 3003 Labbei,
2907 2938 3146 2994 Odonem
3202 2937 3302 2992 sub
3349 2937 3464 2991 solo

1893 3028 2135 3080 monachi
2179 3025 2534 3080 Cluniacensis
2566 3037 2612 3080 et
2663 3027 2819 3093 legati
2861 3026 3096 3097 Gregorii
3138 3044 3286 3096 papa:
3312 3026 3465 3080 titulo

1819 3151 1862 3211 Ο
1897 3114 2189 3178 recenscri,
2248 3114 2390 3167 nulla
2451 3113 2778 3183 pontiﬁcalis
2830 3114 2946 3184 ejus
3000 3113 3274 3183 dignitatis
3323 3110 3468 3165 facta

1899 3205 2199 3268 mentione;
2256 3204 2380 3258 licet
2433 3214 2639 3258 certum
2686 3205 2764 3259 sic
2806 3220 2930 3258 eum
2986 3212 3111 3258 tunc
3155 3204 3466 3273 episcopum

1895 3296 2196 3351 Ostiensem
2220 3293 2405 3350 fuisse.
2438 3296 2682 3366 Episcopi
2710 3311 2834 3350 vero
2859 3295 3155 3351 sanctiouis
3186 3295 3471 3349 llenricia-

1896 3400 1998 3448 nte,
2037 3384 2126 3452 qui
2161 3383 2319 3438 tertia
2366 3383 2699 3438 hebdomada
2757 3394 2877 3454 post
2913 3385 3118 3437 ﬁnitam
3163 3385 3300 3436 hanc
3338 3399 3471 3453 syn-

1894 3476 2054 3530 odum
2070 3474 2395 3546 elegantiam
2412 3486 2798 3540 COﬂVCllE‘ri'a‘ill,
2821 3476 3023 3545 pariter
3036 3474 3469 3530 exeoammnica-

1897 3577 2022 3620 runt
2042 3567 2282 3637 Gregorii
2311 3569 2673 3631 defensorem,
2691 3575 2851 3636 atque
2862 3570 3138 3637 episcopos
3165 3565 3465 3621 catholicos

1895 3671 1961 3709 ex
1987 3673 2098 3710 sua:
2121 3657 2402 3724 petestatis
2430 3656 2740 3711 civitatibus
2765 3657 3110 3726 expulerunt,
3136 3655 3390 3711 sublectis
3414 3658 3466 3712 in

1896 3763 2083 3802 eorum
2107 3748 2282 3803 locum
2315 3748 2456 3812 aliis,
2487 3749 2575 3817 qui
2603 3749 2731 3817 ipsis
2759 3749 3117 3802 adhaereret".
3149 3748 3316 3815 Ilujus
3339 3764 3468 3801 con-

1873 3839 2129 3893 ciliabuli
2166 3840 2536 3908 episcoporum
2564 3841 2775 3893 nomina
2809 3849 3092 3908 prmtereo,
3133 3854 3251 3908 qua:
3268 3839 3475 3892 vidcsis

1899 3930 1950 3982 in
1975 3928 2159 3983 eadem
2190 3931 2536 3984 conciliorum
2567 3929 2762 3983 Labbei
2795 3930 3100 3998 Appendice
3130 3946 3142 3983 ε
3180 3937 3233 3983 at
3263 3928 3466 3983 Catho—

1897 4020 1984 4074 lici
2034 4021 2441 4090 quatuordecitn
2474 4019 2685 4074 concilii
2730 4019 3287 4088 Quindeliburgensis,
3333 4034 3466 4085 quos

1899 4111 1974 4167 illi
2018 4111 2550 4166 excommunicarttnt
2574 4149 2590 4176 ,
2646 4111 2680 4163 ii
2733 4120 2886 4164 erant
2919 4128 2933 4166 ε
2966 4109 3298 4164 Cebeltardus
3331 4107 3473 4162 Sali-

1897 4204 2213 4272 sburgensis,
2249 4202 2562 4256 Ilardwicus
2598 4201 3110 4271 Magdenburgensis,
3142 4216 3235 4256 seu
3265 4199 3478 4268 Magde‘

1900 4295 2074 4363 blll‘gl,
2110 4294 2368 4346 Atlulbero
2410 4293 2869 4362 I'I’irtzburgensis,
2913 4293 3221 4346 Altmannus
3272 4291 3471 4344 Buttm-

1901 4385 2089 4445 vensis.
2117 4398 2210 4438 seu
2239 4381 2468 4444 Patavii,
2496 4382 2817 4446 Bernartius,
2849 4398 2916 4434 an
2960 4381 3334 4442 Weruharius,
3375 4394 3469 4432 seu

211 4477 389 4530 modo
416 4472 612 4533 verbis.
643 4473 734 4525 sed
765 4473 926 4524 etiam
957 4472 1121 4526 armis
1152 4473 1350 4526 acriter
1389 4472 1552 4525 fuerit
1583 4489 1792 4543 pugna-
1830 4491 1872 4548 ο
1899 4469 2254 4534 Gnernerius,
2327 4470 2766 4540 Mersburgensis,
2821 4469 3116 4524 Guntherus
3149 4467 3458 4527 Citieensis,

215 4579 360 4622 tum.
384 4563 582 4618 Eodem
604 4573 841 4631 tempore
860 4561 974 4617 Odo
987 4561 1311 4630 apostolicus
1332 4562 1538 4630 legatus
1555 4563 1796 4618 Udonem

213 4657 752 4714 Ilildeshcimensem
776 4655 1105 4725 episcopum,
1141 4656 1229 4724 qni
1271 4654 1472 4709 relictis
1497 4656 1801 4711 Saxonibus

213 4752 284 4801 ad
307 4766 354 4801 St
375 4747 782 4802 hismaticorum
804 4746 1307 4813 parteslransierat,
1323 4746 1490 4800 sacris
1505 4747 1800 4803 interdixit.

215 4839 369 4894 Nihil
415 4853 547 4890 vero
593 4841 728 4889 adeo
755 4825 1148 4890 catholicorum
1198 4835 1408 4889 animos
1441 4837 1710 4906 permovit
1739 4853 1803 4890 ac

219 4946 369 4983 nova
403 4925 696 4980 Wirelonis
725 4925 1120 4994 archiepiscopi
1154 4925 1404 4986 assertio,
1439 4926 1528 4994 qui
1560 4927 1612 4979 in
1647 4927 1804 4995 pleno

219 5025 500 5076 conventu
552 5015 755 5069 veritus
817 5030 922 5067 non
972 5022 1052 5068 est
1105 5015 1371 5068 atlirmare
1433 5030 1806 5085 quemcunque

221 5109 506 5163 hominem
531 5105 714 5159 tandiu
735 5106 928 5158 divinis
954 5104 1160 5174 legibus
1181 5106 1458 5174 subjacere
1488 5121 1590 5159 non
1624 5122 1801 5174 posse,

219 5201 470 5270 quandiu
490 5197 580 5251 ille
601 5195 759 5252 fuerit
781 5197 940 5250 rebus
957 5196 1068 5250 suis
1095 5195 1368 5264 spoliatus.
1393 5196 1562 5262 Quam
1587 5198 1804 5266 quidem

223 5291 552 5344 sententiam
570 5287 839 5352 haeresim,
859 5287 1285 5356 ipsumqneadeo
1297 5286 1628 5340 Wicelonem
1647 5289 1808 5341 luere-

222 5383 498 5436 siarcham
529 5381 782 5450 deinceps
829 5379 1091 5434 Catholici
1131 5378 1401 5449 appellare
1446 5394 1548 5432 non
1592 5379 1807 5433 dubita-

227 5485 379 5529 runt.

375 5565 512 5618 XVI.
547 5563 801 5617 Convocat
833 5563 1111 5616 concilium
1145 5562 1663 5632 Quindeliburgense.

309 5654 544 5709 Turbata
566 5654 650 5708 his
674 5655 806 5708 rixis
826 5654 1137 5718 Germania,
1158 5655 1193 5707 i-i
1217 5655 1308 5724 qui
1340 5653 1599 5722 Gregorio
1625 5654 1804 5707 adhae-

230 5745 447 5809 rebant,
477 5754 535 5802 ut
577 5760 634 5801 se
657 5759 888 5814 suosque
916 5756 1100 5802 con'ra
1124 5746 1554 5801 adversariorum
1583 5753 1808 5799 conatus

1902 4563 2079 4617 Benno
2117 4561 2434 4626 Mresianus,
2487 4577 2578 4614 seu
2628 4562 2806 4630 potius
2868 4561 3166 4621 Misnensis,
3232 4555 3475 4612 Albertus

1911 4652 2234 4721 Vangionas,
2269 4651 2320 4704 id
2352 4660 2433 4705 est
2463 4648 2796 4714 Wormatize,
2824 4649 3127 4702 Burkardus
3162 4648 3472 4702 llaIbersta-

1904 4746 2080 4806 tensis,
2115 4742 2447 4796 Hermannus
2477 4741 2926 4805 Mediomatricus,
2967 4740 3292 4809 Reginardus
3332 4739 3472 4794 Min-

1904 4837 2107 4897 densis,
2140 4833 2418 4900 II’igoldus
2452 4832 2810 4900 Augustanus,
2842 4829 3174 4884 Cebeltardus
3214 4827 3481 4886 Constane

1905 4926 2104 4990 ticnsis,
2137 4935 2181 4978 et
2215 4923 2474 4976 llenrieus
2502 4923 2920 4992 Bambergensis.

2247 5013 2404 5066 XVII.
2435 5013 2715 5081 Gregorius
2757 5009 2860 5063 VII
2895 5007 3134 5060 moritur.

1975 5106 2179 5159 Interea
2216 5103 2530 5173 Gregorius,
2564 5103 2671 5169 qui,
2708 5100 2893 5154 relicta
2929 5099 3088 5163 Urbe,
3137 5114 3371 5168 primum
3419 5099 3481 5152 in-

1909 5194 2288 5249 IlIOIltlSIClIlllll
2323 5193 2618 5247 Casinense
2647 5199 2968 5255 secesserat,
3003 5188 3213 5243 Salerni
3247 5188 3482 5244 moritur

1908 5287 1994 5341 die
2022 5301 2113 5338 vttt
2141 5284 2408 5338 Kalendas
2437 5282 2578 5336 Junii
2607 5281 2810 5351 ([085),
2844 5282 2930 5333 tthi
2959 5282 3010 5333 in
3036 5280 3263 5335 ecclesia
3291 5280 3485 5335 Sancti.

1910 5377 2141 5431 Matthxi
2175 5377 2242 5431 ab
2289 5391 2353 5428 eo
2393 5382 2704 5428 consecrata
2756 5373 3049 5427 honoriﬁce
3087 5371 3326 5440 sepultus
3375 5383 3474 5426 est.

1908 5469 2040 5522 Cum
2071 5483 2198 5522 vero
2230 5467 2506 5536 proximus
2551 5473 2692 5518 esset
2740 5465 2917 5528 morti,
2960 5466 3322 5534 interrogatus
3352 5464 3479 5530 quid

1910 5557 2131 5611 sentiret
2161 5556 2229 5608 de
2263 5553 2443 5607 futuro
2487 5554 2586 5606 sibi
2620 5568 2956 5615 successore,
3010 5552 3292 5606 nonnullos
3328 5552 3391 5604 ad
3427 5552 3482 5605 id

1910 5664 2102 5702 nnmus
2142 5646 2296 5716 aptos
2347 5644 2655 5713 designasse
2704 5645 2896 5709 fertur,
2951 5644 3225 5714 Ilugonem
3275 5642 3480 5696 scilicet

1910 5741 2154 5812 Lugduni
2216 5739 2724 5811 archiepierpum,
2777 5739 3086 5794 Anschnum
3145 5735 3480 5802 Latenscm,
