3962 6312
554 374 621 426 27

561 486 800 540 Odonctn
844 484 1162 548 Ostiensem,
1208 493 1297 537 aut
1330 489 1476 537 certe
1514 480 1842 536 Desiderium
1875 479 2121 533 abbatem
2153 482 2199 538 Α

564 575 759 631 Montis
784 577 995 632 Casini:
1024 576 1099 629 sic
1129 573 1368 643 plerique
1394 572 1598 640 antiqui
1630 581 1898 623 auctores.
1930 568 1997 621 At
2026 566 2127 621 Pe-

566 678 681 721 trus
706 667 1011 721 Casinensis
1062 666 1135 718 ait
1177 663 1496 733 Gregorinat
1529 662 1797 715 hortatum
1830 658 1993 712 fuisse
2018 657 2128 724 epi-

565 773 752 825 scopos
775 766 828 812 et
849 755 1149 811 cardinales
1179 765 1232 809 ut
1260 754 1594 808 Desiderium
1629 752 1908 820 eligerent,
1938 757 2051 811 aut,
2082 747 2129 800 si

566 848 617 901 id
660 847 772 901 ﬁeri
821 863 923 900 non
969 854 1174 916 posset,
1208 860 1372 898 unum
1404 843 1641 912 aliquem
1692 857 1756 894 ex
1800 840 1973 893 tribus
2012 838 2130 891 aliis

566 935 899 989 memoratis.
935 934 1245 987 Anselmum
1274 931 1473 986 omittit
1507 929 1700 983 Paulus
1726 924 2130 999 Bernradiensis

566 1026 618 1078 in
654 1024 773 1077 Vita
805 1024 1072 1094 Gregorii,
1118 1023 1233 1085 sed,
1272 1021 1549 1076 recensitis
1595 1018 1766 1072 tribus
1818 1017 1939 1069 aliis
1996 1030 2131 1085 quos

561 1115 804 1185 pontifex
864 1114 1211 1178 indicaverit,
1260 1112 1573 1180 subjungit:
1619 1109 1805 1164 Verum
1851 1109 1971 1177 quia
2011 1107 2131 1159 Otto

563 1208 795 1258 nondum
836 1223 867 1259 α
908 1203 1194 1258 Germanice
1224 1214 1269 1257 ct
1301 1204 1488 1257 δοίητε
1514 1202 1749 1271 partibus
1780 1200 2019 1261 redierat,
2046 1197 2132 1248 ubi

566 1296 851 1363 apostolica
904 1294 1157 1363 legatione
1206 1294 1482 1361 functus...
1532 1304 1577 1345 et
1624 1292 1729 1343 alia
1771 1290 2019 1342 norma/la
2066 1288 2132 1340 ad

567 1368 1250 1439 stabilimentumEcclesia:
1276 1385 1555 1453 prudenter
1578 1383 1938 1435 ordinaverat:
1978 1378 2133 1447 Ilago

566 1492 767 1545 quoque
798 1492 891 1528 sua
925 1477 1150 1529 lustrans
1178 1474 1528 1545 gubernacula
1561 1473 1745 1542 procul
1767 1472 1968 1532 aberat,
1999 1471 2128 1521 inte-

570 1566 667 1615 rim
702 1566 864 1618 suasit
903 1564 1021 1634 eligi
1062 1566 1281 1617 ricinum
1325 1564 1647 1617 Desideriutu
1697 1562 1811 1615 licet
1846 1559 2136 1613 brevissime

570 1656 845 1717 victurum,
879 1666 982 1709 etc.
1015 1657 1083 1708 At
1114 1657 1197 1707 vix
1239 1670 1467 1724 unquam
1502 1654 1688 1707 adduci
1720 1654 1889 1720 potuit
1923 1650 2137 1704 Deside-

574 1745 685 1798 rius
737 1755 795 1799 ut
861 1748 1225 1814 pontificatum
1278 1762 1435 1814 quem
1492 1746 1671 1797 statim
1726 1752 1847 1812 post
1894 1741 2135 1810 Gregorii

571 1835 774 1888 obitum
802 1837 848 1890 ei
898 1851 1085 1890 omnes
1133 1837 1460 1900 detulerunt,
1509 1843 1826 1898 assumeret,
1864 1848 2054 1900 resque
2084 1832 2133 1885 in
2169 1811 2209 1869 Β

572 1925 782 1995 longum
816 1935 1088 1996 protracta
1121 1936 1223 1981 est.

571 2035 753 2091 XVIII.
786 2038 898 2090 Udo
933 2036 1183 2091 Cluniaco
1209 2039 1414 2091 transit.
1446 2036 1672 2090 Nonium
1699 2053 1881 2104 corpus
1909 2034 1966 2089 S.
2024 2035 2141 2089 Ma-

783 2109 910 2177 azimi
942 2109 1122 2159 elevat.
1151 2137 1219 2146 —
1250 2106 1309 2160 S.
1340 2106 1578 2175 (lagonis
1614 2107 1943 2158 miraculum.

644 2194 758 2249 Odo
783 2203 958 2247 autem
991 2194 1052 2247 ev
1083 2193 1402 2249 Germanica
1433 2195 1696 2262 legatione
1725 2195 1774 2245 in
1806 2194 2008 2246 Italiam
2041 2194 2141 2246 hoc

576 2300 718 2338 anno
748 2300 997 2338 reversus
1024 2284 1376 2338 Cluniacense
1407 2299 1535 2337 suos
1574 2284 1625 2336 in
1662 2284 1889 2336 transitu
1927 2283 2139 2345 invisit,

575 2374 756 2442 ibique
788 2374 1121 2427 infirmorum
1158 2375 1436 2429 ecclesiam
1468 2375 1823 2434 consecravit,
1867 2375 1938 2427 uti
1983 2374 2145 2427 disci-

578 2481 697 2518 mus
737 2480 802 2520 ex
844 2466 1067 2519 historia
1103 2466 1472 2520 translationis
1515 2467 1684 2520 sancti
1731 2466 1969 2519 Maximi.
2018 2465 2143 2531 Qutc

578 2555 857 2609 translatio
920 2556 1145 2610 solemni
1192 2557 1296 2610 ritu
1365 2557 1466 2611 hoc
1520 2572 1661 2610 anno
1724 2558 1775 2611 in
1817 2558 2143 2611 monasterio

578 2643 937 2699 Nantuaeensi
957 2661 986 2699 a
1011 2656 1194 2700 nostro
1210 2645 1391 2701 Odone
1416 2648 1554 2700 facta
1575 2656 1672 2701 est.
1697 2647 1843 2700 IIanc
1864 2647 2141 2701 historiam

584 2735 652 2788 ab
674 2743 890 2789 auctore
921 2750 1185 2805 anonymo
1220 2738 1312 2790 sed
1359 2736 1549 2805 mquali
1581 2737 1923 2806 descriptam,
1954 2751 2021 2791 ex
2052 2752 2142 2791 co-

581 2824 699 2877 dice
726 2839 823 2878 ms.
860 2821 1097 2890 ejusdem
1128 2824 1250 2889 loci,
1277 2825 1329 2878 in
1363 2825 1515 2894 hujus
1540 2825 1819 2879 voluminis
1843 2827 2146 2895 Appendice

583 2914 846 2981 integram
878 2914 1205 2979 referemus;
1246 2914 1337 2968 sed
1369 2915 1581 2968 interim
1621 2931 1790 2984 pauca
1827 2932 1891 2970 ex
1920 2931 1981 2969 ea
2009 2916 2145 2969 deli-

582 3004 755 3057 banda
783 3012 927 3057 sunt.
954 3002 1308 3069 Nantuacum,
1338 3020 1452 3070 seu,
1480 3014 1535 3057 ut
1567 3006 1722 3074 vulgo
1746 3007 1903 3059 hodie
1927 3006 2145 3072 dicitur,

584 3090 816 3157 Nantua,
844 3093 1054 3147 celebre
1076 3095 1814 3150 estmonasteriumdimeesis
1835 3096 2147 3165 Lugduneuo
2175 3135 2217 3191 Γ

585 3185 660 3238 sis
703 3185 841 3253 apud
875 3184 1226 3252 Seliusianos,
1260 3188 1385 3240 olim
1417 3188 1645 3241 abbatize
1682 3187 1833 3241 titulo
1868 3188 2145 3251 donatum,
2176 3174 2218 3195 ’³

586 3275 727 3341 quod
756 3276 1095 3340 postmodum
1127 3274 1463 3330 Cluniacensi
1498 3277 1826 3331 monasterio
1854 3276 2148 3344 subjectum

586 3362 704 3416 fuit.
747 3364 821 3417 Ibi
866 3368 1221 3419 servabantur
1259 3367 1431 3420 sancti
1464 3366 1705 3431 Maximi,
1753 3368 1828 3420 uti
1868 3367 2148 3436 putabant,

589 3450 868 3524 Regiensis
902 3457 1158 3527 episcopi,
1190 3457 1447 3528 reliquiae,
1480 3458 1573 3514 sed
1614 3458 1815 3528 absque
1851 3458 1955 3512 ullo
1982 3459 2147 3523 cultu,

587 3558 652 3597 eo
696 3548 836 3613 quod
878 3546 1136 3603 hactenus
1186 3557 1404 3604 retecta:
1464 3558 1603 3603 terra
1652 3550 1864 3620 publice
1916 3550 2149 3605 fidelium

587 3638 919 3690 venerationi
949 3642 1181 3695 nondum
1215 3644 1470 3696 exhibita:
1512 3644 1758 3698 fuissent.
1804 3644 1881 3697 Ex
1917 3646 2149 3698 adventu

590 3724 810 3787 Odonis,
832 3727 979 3797 llugo
1001 3730 1238 3786 Cluniaci
1262 3734 1427 3787 abbas
1447 3733 1818 3803 Nantuaeique
1842 3736 2152 3789 monasterii

594 3824 705 3868 tum
751 3817 916 3887 prior,
952 3820 1161 3873 censuit
1206 3830 1565 3889 opportunam
1603 3823 1705 3876 sibi
1737 3836 1920 3876 sacras
1971 3823 2089 3875 illas
2124 3836 2155 3876 e

593 3914 734 3959 terra
773 3906 982 3961 levandi
1027 3908 1279 3979 reliquias
1329 3910 1564 3964 oblatam
1611 3924 1739 3965 'esse
1791 3912 2152 3975 occasionem,

593 4008 760 4059 quare
794 3994 1019 4049 consilio
1054 4012 1174 4055 eum
1202 4011 1266 4051 eo
1289 3999 1636 4068 ueterisque,
1667 3998 1756 4067 qui
1795 4000 1864 4052 ibi
1894 4000 2031 4054 forte
2064 4003 2156 4055 ad-

591 4091 767 4144 erant,
785 4083 935 4147 inito,
952 4088 1350 4156 praemissisque
1374 4088 1592 4158 jejuniis
1620 4102 1672 4146 et
1694 4093 2051 4157 orationibus,
2068 4093 2154 4148 die

590 4188 643 4225 vt
684 4174 1041 4229 Kalendarum
1068 4178 1483 4246 Septembrium,
1517 4184 1688 4236 sancti
1734 4183 2006 4237 Antistius
2033 4199 2153 4237 ossa

589 4280 621 4319 e
651 4274 861 4319 vetusto
900 4268 1103 4322 tumulo
1146 4269 1196 4322 in
1228 4284 1441 4338 eapsam
1486 4283 1726 4341 paratam
1765 4275 2020 4327 translata
2060 4289 2156 4341 pu-

590 4355 744 4409 blica:
775 4356 1088 4425 populorum
1115 4362 1448 4415 venerationi
1483 4363 1861 4425 exhibuerunt,
1890 4366 2029 4434 quod
2056 4365 2157 4419 hoc

1888 369 1948 423 Β.
1984 365 2235 425 URBANI
2276 365 2318 419 Il
2360 362 2558 419 PAPAS

3719 354 3788 411 ες

2228 475 2411 537 fuisse,
2440 476 2571 527 utin
2602 482 2873 543 posterum
2902 470 3017 540 ejus
3043 468 3310 525 festivitas
3335 467 3423 523 die
3447 481 3516 519 vn
3539 464 3778 521 Kalendas

2229 564 2471 632 ejusdem
2500 563 2700 617 mensis
2729 563 3113 617 celebraretur.

2297 654 2414 709 Iluc
2448 655 2686 709 revocari
2731 652 2886 707 debet
2924 668 3009 707 res
3051 652 3204 714 mira,
3254 665 3423 719 quam
3463 656 3647 703 sancto
3688 638 3789 702 itu?

2230 750 2350 816 goni
2378 745 2516 814 apud
2549 744 2906 807 Nantuacum,
2932 743 3054 797 dttm
3087 742 3171 796 hic
3200 740 3320 795 Odo
3354 750 3542 794 noster
3565 742 3781 793 moraba-

2232 847 2337 903 tur,
2397 836 2691 903 contigisse
2743 843 3064 888 memorant.
3105 834 3237 887 Cum
3290 832 3441 885 enim
3488 830 3537 884 ei
3578 830 3780 882 relatum

2231 928 2419 983 fuisset
2438 928 2784 991 Willencum,
2814 926 2902 996 qui
2935 935 3045 980 tum
3076 933 3188 980 erat
3222 925 3380 993 prior
3403 922 3707 986 Gharitatis,
3727 937 3781 974 ex

2232 1019 2333 1073 hac
2361 1018 2467 1071 vita
2499 1017 2778 1085 migrasse,
2809 1016 2987 1070 statim
3018 1016 3102 1069 vir
3132 1022 3357 1069 sanctus
3400 1014 3469 1067 ad
3510 1012 3675 1065 altare
3703 1027 3783 1080 pro

2233 1110 2485 1164 defuncto
2522 1108 2751 1162 hostiam
2776 1106 2949 1160 vivam
2980 1107 3087 1160 Deo
3120 1105 3266 1159 Patri
3302 1104 3591 1159 oblaturus
3625 1116 3786 1155 acces-

2235 1200 2322 1253 sit.
2356 1201 2423 1252 At
2462 1212 2565 1251 non
2599 1212 2789 1263 passus
2812 1208 2895 1250 est
2939 1205 3145 1249 tantum
3184 1195 3366 1248 virum
3406 1192 3519 1246 falli
3570 1193 3786 1245 veritatis

2236 1300 2444 1351 auctor,
2494 1288 2896 1355 revelatumque
2944 1288 2991 1341 ei
3026 1296 3148 1351 .est,
3182 1302 3289 1340 non
3331 1285 3679 1348 Willencum,
3708 1285 3785 1337 sed

2236 1380 2418 1433 Orium
2450 1380 2557 1430 fato
2590 1377 2828 1431 functum
2857 1393 2998 1432 esse.
3029 1378 3180 1444 Quod
3207 1386 3437 1431 sanctus
3470 1375 3633 1429 abbas
3657 1389 3785 1427 com-

2238 1469 2377 1538 pleto
2400 1468 2663 1521 sacrificio
2684 1469 2983 1522 astantibus
3002 1468 3173 1537 palant
3197 1467 3522 1522 declaravit.
3565 1463 3685 1542 (ira!
3710 1465 3786 1524 ibi.

2239 1560 2412 1628 inquit
2452 1558 2601 1626 lIugo
2634 1559 2929 1613 monachus
2973 1557 3106 1612 Vita:
3135 1559 3307 1612 sancti
3352 1557 3595 1625 llugonis
3626 1564 3790 1608 auctor

2238 1649 2484 1717 tequalis,
2518 1648 2653 1711 Odo,
2694 1648 2782 1717 qui
2822 1649 2966 1716 prior
2988 1642 3087 1715 fuit
3121 1646 3516 1707 Cluniacensis,
3544 1653 3653 1714 post
3694 1645 3789 1711 cpi-

2239 1755 2422 1806 scopus
2480 1737 2755 1802 Ostiensis,
2812 1738 2998 1789 deinde
3046 1737 3351 1806 apostolica:
3401 1736 3542 1789 sedis
3584 1732 3791 1801 pontifex

2239 1849 2469 1887 summus
2484 1830 2726 1885 Urbanus
2753 1832 3009 1885 secundus
3029 1847 3048 1885 :
3068 1833 3176 1900 qui,
3199 1832 3463 1899 legatione
3487 1829 3789 1889 transmissa,

2241 1924 2454 1989 invenit,
2469 1924 2628 1991 juxta
2649 1923 2743 1975 viri
2766 1922 2861 1975 Dei
2882 1923 3112 1985 verbum,
3142 1938 3243 1974 non
3265 1920 3588 1975 Willencum
3610 1919 3789 1977 abiisse.

2241 2015 2331 2067 sed
2360 2012 2566 2065 Orium.
2593 2012 2708 2068 Odo
2736 2022 2856 2082 post
2886 2014 3002 2068 haec
3025 2014 3075 2066 in
3108 2012 3313 2067 Italiam
3345 2012 3536 2076 rediit,
3572 2011 3655 2064 ubi
3681 2008 3792 2062 nihil

2242 2104 2424 2158 omisit
2468 2119 2589 2157 cum
2621 2104 2829 2157 caneris
2878 2102 3133 2156 Romamn
3163 2101 3425 2156 Ecclesia:
3458 2099 3713 2156 fidelibus.
3742 2104 3791 2149 ut

2243 2197 2435 2265 dignus
2469 2194 2731 2264 Gregorio
2766 2209 3047 2249 successor
3076 2194 3321 2247 daretur.

2244 2305 2382 2360 XIX.
2420 2306 2714 2360 Desiderius
2744 2307 3101 2374 pontiﬁcatum
3146 2316 3377 2360 recusat.
3430 2307 3546 2360 Odo
3586 2304 3794 2357 nomina-

2665 2387 2768 2438 tur,
2802 2378 2890 2428 sed
2925 2377 3114 2445 absque
3145 2377 3357 2444 e/fectu.

2316 2468 2437 2538 (An.
2475 2466 2650 2537 l086.)
2677 2467 2963 2522 Ellluxcrat
2993 2468 3103 2537 jam
3140 2482 3276 2537 pene
3316 2483 3494 2522 annus
3534 2467 3727 2536 integer
3766 2478 3797 2516 ιι

2246 2564 2419 2609 morte
2455 2554 2695 2626 Gregorii
2740 2556 2857 2610 sine
2886 2556 3159 2625 pontifice,
3182 2558 3326 2625 quod
3358 2557 3505 2611 nullo
3542 2564 3690 2625 pacto
3716 2553 3797 2605 De-

2246 2646 2475 2699 siderius
2513 2644 2821 2699 Casinensis
2867 2645 3032 2699 abbas
3071 2645 3263 2698 adduci
3311 2655 3497 2715 posset
3535 2644 3597 2696 ad
3642 2640 3795 2695 Eccle-

2247 2737 2338 2790 sim
2392 2736 2627 2805 regimen
2682 2734 3098 2804 suscipiendum.
3158 2734 3266 2789 llas
3324 2749 3505 2789 moras
3552 2733 3702 2787 etiam
3752 2729 3793 2782 in

2250 2828 2592 2898 schimatieos
2634 2825 2817 2894 rejecit
2864 2825 3203 2888 Bertholdus,
3252 2826 3345 2894 qui
3397 2840 3520 2880 cum
3569 2822 3794 2877 Guiberto

2250 2919 2360 2973 suis
2396 2918 2714 2973 factionibus
2752 2916 3059 2971 Catholicos
3109 2917 3522 2985 perturbabant.
3564 2913 3663 2968 Sed
3697 2920 3795 2963 tan-

2250 3012 2393 3074 dem,
2443 3018 2498 3062 ιιι
2546 3019 2729 3063 narrat
2778 3008 2970 3061 Petrus
3018 3007 3280 3060 Diaconus
3326 3008 3379 3061 in
3422 3002 3795 3061 continuatione

2252 3100 2444 3153 Leonis
2472 3099 2757 3163 Ostiensis,
2783 3098 2918 3152 libro
2955 3113 3012 3151 ιιι
3052 3096 3303 3151 Chronici
3346 3095 3676 3157 Casinensis,
3717 3106 3794 3145 ca-

2250 3192 2359 3257 pite
2391 3188 2482 3253 66,
2526 3195 2792 3257 quotquot
2837 3196 2992 3241 erant
3043 3187 3224 3241 Roma:
3271 3187 3532 3242 Ecclesiae
3572 3193 3623 3239 et
3664 3184 3797 3236 beato

2250 3280 2407 3335 Petro
2433 3279 2536 3334 viri
2564 3278 2769 3341 fideles,
2796 3278 2907 3331 sive
2956 3294 3021 3332 ex
3069 3277 3241 3341 clero,
3288 3278 3405 3332 sive
3454 3292 3521 3331 ex
3561 3272 3798 3329 nobilibus

2252 3381 2343 3425 aut
2365 3371 2579 3440 populo,
2599 3370 2649 3424 in
2669 3370 2967 3423 diaconiam
2991 3370 3202 3423 Sancta:
3224 3369 3408 3424 Lucia':
3430 3370 3793 3423 convenerunt;

2255 3466 2449 3534 ibique,
2486 3461 2624 3532 quod
2650 3461 2760 3531 jam
2803 3461 2967 3515 semel
3007 3470 3062 3515 et
3093 3461 3287 3515 iterum
3314 3470 3483 3530 atque
3512 3459 3695 3512 iterum
3723 3466 3800 3521 pa-

2254 3554 2357 3607 lam
2384 3562 2436 3606 et
2466 3551 2713 3622 privatim
2747 3554 3006 3614 fecerant,
3040 3550 3379 3605 Desiderinm
3429 3548 3609 3603 multis
3651 3541 3799 3614 preci-

2254 3646 2353 3698 Iuts
2382 3653 2436 3698 et
2487 3642 2739 3712 laerymis
2795 3649 3078 3711 cmperunt
3128 3655 3363 3709 urgere,
3417 3649 3473 3695 ut
3520 3654 3585 3693 ne
3628 3633 3799 3689 diutius

2256 3734 2551 3789 Ecclesium
2578 3732 2902 3797 Romanam,
2932 3748 3050 3800 quae
3074 3746 3195 3786 eum
3228 3732 3292 3785 ad
3322 3730 3684 3801 pontificatum
3712 3722 3801 3777 ele-

2256 3833 2423 3893 gerat,
2454 3824 2505 3876 in
2561 3831 2707 3876 tanto
2756 3838 2933 3876 rerum
2975 3822 3287 3877 discrimine
3321 3823 3567 3878 orbatam
3613 3824 3799 3888 pastore

2256 3928 2534 3967 remanere
2562 3914 2917 3982 permitteret;
2948 3913 3042 3966 sed
3072 3913 3293 3966 frustra.
3327 3912 3507 3979 Quare
3536 3911 3607 3965 illi
3638 3911 3802 3976 rogant

2258 4013 2316 4058 ut
2337 4003 2523 4057 saltem
2553 4019 2676 4058 eum
2705 4004 2793 4071 qui
2820 4003 2885 4056 ad
2928 4012 3133 4057 tantum
3163 4017 3298 4057 onus
3325 3999 3710 4070 suscipiendum
3738 3990 3799 4045 illi

2258 4106 2417 4165 aptus
2453 4097 2726 4151 videretur
2755 4094 3043 4162 judicaret.
3090 4094 3312 4165 Accepit
3350 4096 3493 4149 ultro
3529 4083 3802 4146 Desi‘derius

2258 4185 2641 4251 conditionem,
2671 4185 2963 4253 habituque
2990 4184 3214 4253 consilio
3242 4200 3361 4239 cum
3394 4182 3589 4240 Cencio
3611 4170 3803 4232 consule

2260 4276 2646 4339 Romanorum,
2676 4275 2857 4329 statim
2886 4274 3126 4329 Odonem
3170 4272 3475 4328 Ostiensem
3521 4269 3801 4337 episcopum

2259 4368 2311 4421 in
2344 4368 2650 4437 pontificem
2679 4367 2998 4421 nominavit.
3033 4366 3185 4419 Ibant
3216 4365 3457 4419 omnium
3496 4354 3731 4425 suffragia
3759 4350 3801 4402 in

591 4466 731 4504 anno
758 4453 1046 4521 contigisse
1080 4454 1378 4523 colligimus
1405 4470 1470 4509 ex
1503 4455 1632 4523 ipsis
1662 4456 1897 4509 historia:
1924 4456 2153 4511 laudata:
2186 4461 2234 4519 ι)
2260 4456 2521 4519 Odonem,
2545 4472 2666 4510 cum
2688 4471 2832 4519 ecce,
2862 4456 3037 4524 inquit
3056 4454 3141 4509 ille
3165 4467 3378 4519 auctor,
3404 4460 3601 4523 repente
3616 4442 3806 4516 quidam

594 4543 797 4599 verbis.
824 4544 909 4597 ubi
941 4543 1091 4614 Ilugo
1118 4545 1337 4609 dicitur,
1368 4545 1453 4599 die
1488 4545 1785 4608 Dominica,
1810 4562 1862 4599 tv
1894 4545 2157 4599 Kalendas

595 4629 950 4700 Septembris,
977 4632 1268 4701 capitulum
1311 4648 1655 4689 convocasse.
1687 4634 1891 4704 Quippe
1920 4635 1988 4687 ab
2018 4650 2161 4690 anno

595 4721 750 4784 1078,
781 4738 887 4790 quo
905 4720 1019 4777 Odo
1046 4722 1218 4776 factus
1240 4722 1336 4776 fuit
1357 4724 1639 4792 episcopus
1661 4722 1956 4799 Ostiensis,
1973 4726 2038 4777 ad
2063 4740 2160 4777 an-

598 4824 722 4861 num
757 4811 911 4872 I088.
965 4826 1074 4880 quo
1120 4812 1434 4866 conscendit
1494 4816 1742 4868 thronum
1788 4816 2161 4883 apostolicum,

597 4894 710 4952 dies
746 4899 1019 4956 Dominica
1051 4903 1216 4956 semel
1267 4905 1639 4959 tantummodo
1675 4907 1726 4959 in
1770 4908 1909 4960 diem
1947 4908 2016 4961 24
2059 4910 2165 4962 Au-

601 4991 738 5058 gusti
770 4991 982 5057 ittcidit,
1023 4984 1181 5063 idque
1220 5010 1362 5048 anno
1407 4996 1542 5050 I083
1585 5014 1598 5049 :
1642 4997 1726 5050 cui
1770 5000 1993 5066 proinde
2037 5016 2166 5054 con-

602 5082 860 5151 signanda
889 5091 973 5136 est
997 5084 1107 5137 haec
1132 5085 1375 5153 corporis
1406 5086 1578 5139 sancti
1608 5085 1825 5140 Maximi
1850 5088 2165 5157 elevationis

601 5173 943 5227 solemnitas.
986 5174 1049 5228 Et
1093 5178 1308 5244 quidem
1357 5186 1560 5232 eertum
1592 5189 1674 5233 est
1704 5180 1808 5233 hoc
1859 5180 1974 5249 ipso
2026 5196 2167 5234 anno

602 5264 845 5319 Odonem
898 5282 929 5319 e
977 5255 1261 5320 Germania
1310 5269 1363 5321 in
1411 5269 1616 5323 Italiam
1657 5271 1914 5335 rediisse,
1966 5287 2072 5339 quo
2113 5272 2166 5325 in

603 5359 797 5412 itinere
823 5358 1134 5412 Cluniacunt
1170 5368 1224 5412 et
1260 5357 1521 5414 Nantuam
1571 5361 1801 5415 invisere
1833 5362 1989 5415 facile
2018 5372 2173 5431 pote-

603 5459 708 5504 rat.
763 5450 820 5504 In
882 5450 1049 5504 veteri
1098 5449 1459 5507 Nantuacensi
1519 5452 1843 5508 Kalendario
1910 5455 2168 5507 memoria

608 5542 833 5595 habetur
867 5543 1233 5599 translationis
1268 5546 1440 5598 sancti
1475 5544 1721 5606 Maximi.
1774 5552 1917 5605 etc.;
1960 5546 2050 5598 sed
2088 5545 2173 5597 die

606 5647 701 5686 vztt
736 5633 1001 5690 Kalendas
1048 5635 1402 5705 Septembris,
1433 5636 1574 5705 quod
1601 5637 1813 5690 videtur
1851 5650 1969 5689 esse
2001 5636 2170 5690 nostri

601 5727 834 5798 exempli
876 5730 1124 5785 mendum
1162 5746 1171 5784 :
1201 5746 1325 5787 nam
1358 5730 1409 5785 in
1436 5729 1660 5784 historia
1694 5731 1888 5789 dicitur
1913 5740 2173 5787 statutum

2263 4549 2325 4600 de.
2371 4546 2746 4609 cardinalibus,
2797 4545 2949 4613 cujus
2996 4559 3190 4599 nomen
3238 4559 3341 4597 non
3394 4540 3600 4599 retulit,
3648 4539 3804 4587 contra

2263 4656 2487 4693 canones
2532 4640 2669 4692 lianc
2710 4655 2820 4692 esse
2848 4637 3147 4692 electionem
3189 4638 3473 4706 afﬁrmans,
3512 4633 3805 4701 nequaquam

2263 4746 2317 4799 se
2347 4744 2717 4783 consensumm
2741 4727 3004 4791 clamavit,
3053 4729 3262 4781 caeteris
3290 4737 3475 4781 contra
3514 4712 3805 4776 nitentibus.

2264 4829 2310 4871 et
2360 4834 2452 4887 pro
2501 4827 2747 4886 tempore,
2796 4832 2889 4885 pro
2948 4816 3249 4869 necessitate
3290 4816 3386 4868 hoc
3427 4814 3557 4883 ferre
3603 4808 3806 4873 opoﬂm

2266 4910 2637 4964 astruenlibus.
2672 4908 2777 4964 Sed
2812 4908 3041 4972 frustra;
3079 4925 3199 4961 nam
3248 4909 3423 4962 ca'teri
3461 4909 3595 4959 hunc
3632 4904 3806 4961 περκα-

2266 5016 2427 5070 quam
2464 5002 2532 5052 ad
2572 5016 2723 5054 suam
2770 4999 3076 5053 sententiam
3118 5000 3321 5067 ﬂectere
3364 4997 3649 5051 valuerunt.
3688 4974 3809 5047 Quid

2268 5107 2398 5147 vero
2430 5092 2481 5145 in
2513 5091 2612 5145 hac
2637 5090 2836 5144 Odonis
2860 5090 3123 5144 electione
3153 5089 3488 5143 contrarium
3533 5078 3693 5137 sacris
3732 5082 3809 5124 cn-

2271 5181 2499 5235 nonihus
2528 5182 2801 5235 inventum
2842 5180 3020 5244 fuerit,
3068 5195 3170 5233 non
3216 5179 3471 5248 exprimit
3512 5174 3714 5227 Petrus;
3740 5166 3805 5216 δι’

2272 5271 2315 5324 si
2342 5272 2476 5324 bene
2495 5269 2695 5337 judico,
2727 5269 2859 5322 nihil
2879 5269 3020 5321 aliud
3046 5269 3339 5323 obtendere
3361 5271 3563 5337 poterat
3591 5251 3810 5312 cardina-

2272 5363 2339 5416 Iis
2378 5363 2467 5416 ille
2507 5377 2829 5431 anonymus,
2878 5362 2979 5415 nisi
3030 5361 3171 5427 quod
3217 5375 3339 5413 cum
3386 5358 3500 5413 Odo
3538 5352 3645 5420 jam
3684 5342 3807 5395 esset

2274 5455 2536 5509 Ostiensis
2561 5454 2864 5523 episcopus,
2897 5454 2961 5505 ad
3002 5453 3258 5507 Romana:
3306 5449 3552 5506 Ecclesia!
3596 5433 3807 5523 τεείιῖιθη

2277 5544 2559 5599 transferri
2594 5560 2699 5599 non
2730 5553 2915 5613 posset
2939 5546 3141 5611 absque
3179 5542 3355 5611 aliqua
3384 5545 3638 5595 canonum
3663 5520 3805 5578 infra-

2279 5637 2477 5699 ctione,
2510 5636 2599 5704 qui
2629 5635 2827 5703 passim
2854 5634 3215 5702 prohibebant
3240 5633 3603 5701 episcoporum
3635 5630 3695 5671 ex
3714 5616 3804 5704 Il"?

2282 5726 2347 5779 ad
2382 5698 2542 5780 aliam
2569 5698 3287 5783 ecclesiamtranslationes.
3314 5698 3503 5776 Verum
3528 5706 3659 5784 quod
3685 5698 3809 5767 νςιει
