3962 6312
207 375 288 436 29
1783 383 1946 446 νὶΤΛ.

3415 397 3521 455 30‘

191 504 454 567 Ecclesia
487 503 553 560 ad
587 502 978 574 reprimendam
1019 501 1427 560 ambitiosorum
1474 512 1566 558 aut
1613 517 1800 558 avaro-
1829 504 1876 560 Α
1904 501 2198 571 perieulum
2229 512 2391 570 esset,
2421 504 2463 559 si
2510 503 2562 560 id
2596 505 2712 561 Odo
2760 505 2945 562 fuisset
2975 522 3279 579 aggressus,
3326 526 3393 567 ne
3421 529 3485 568 ea

210 616 334 655 rum
388 598 762 668 epise0porum
809 595 1218 649 immoderatam
1273 595 1644 660 cupiditatem,
1698 609 1792 648 seu

211 691 438 745 nimiam
469 686 782 742 dominandi
823 687 874 738 in
917 683 1062 740 eiero
1100 685 1396 750 libidinem,
1446 685 1572 741 illttd
1619 686 1792 754 ipsum

209 781 536 850 quandoque
575 776 840 846 permittit
869 816 882 838 ,
927 776 1033 829 imo
1082 784 1135 829 et
1184 790 1568 844 nonnunquam
1605 773 1790 843 exigit,

208 889 332 929 cum
386 872 566 941 aliqua
614 877 773 941 urget
822 868 1116 922 necessitas
1164 884 1177 920 :
1237 867 1413 936 qualis
1471 881 1605 922 sane
1670 875 1795 920 tunc

209 964 447 1018 maxime
480 959 714 1016 instabat
745 961 796 1012 in
824 959 970 1013 tanta
1002 975 1183 1014 rerum
1221 955 1795 1029 perturbatione.Vieit

211 1064 394 1109 tamen
423 1053 567 1108 unici
594 1051 739 1105 illius
763 1050 1048 1106 obﬁrmata
1071 1052 1123 1104 in
1150 1065 1248 1104 suo
1273 1065 1432 1104 sensu
1455 1049 1789 1119 pervicacia;

210 1143 503 1211 exterique
529 1156 722 1197 omnes
749 1140 796 1193 ei
831 1139 1025 1194 cedere
1071 1139 1267 1202 coacti,
1314 1140 1508 1193 iterum
1554 1137 1792 1190 unanimi

211 1235 483 1292 sententia
534 1234 588 1288 in
646 1233 906 1288 Desiderii
950 1232 1268 1287 electionem
1323 1239 1682 1295 concurrunt;
1733 1244 1796 1284 ae

211 1330 415 1392 statim,
448 1327 600 1393 velit,
634 1327 798 1392 nolit,
823 1343 945 1382 eum
986 1342 1154 1398 eappa
1189 1329 1353 1381 rubea
1387 1328 1627 1380 indutum
1678 1326 1794 1395 ipso

213 1419 297 1474 die
327 1418 678 1474 Pente'coslcs
723 1418 848 1472 anni
887 1418 1037 1481 1086
1083 1417 1391 1485 pontificem
1431 1417 1529 1470 sub
1559 1415 1796 1471 Victoris

213 1511 274 1565 lll
327 1511 542 1565 nomine
592 1510 974 1576 proclamant:
1026 1526 1208 1563 verum
1261 1526 1382 1563 cum
1428 1508 1518 1563 ille
1566 1508 1793 1562 necdum

213 1603 366 1672 plane
393 1602 646 1657 electioni
693 1617 802 1656 sua:
827 1601 1177 1663 consentiret,
1216 1602 1332 1671 ejus
1363 1600 1699 1656 consecratio
1739 1599 1791 1651 in

215 1701 520 1764 sequentem
553 1708 758 1747 annum
787 1692 950 1747 dilata
983 1701 1084 1746 est.

487 1785 609 1840 XX.
641 1783 756 1838 Odo
791 1784 1047 1838 Victorem
1082 1783 1176 1838 III
1217 1795 1502 1839 consecrat.

1897 591 2185 646 occasione
2216 593 2477 658 Ecclesia,
2519 602 2597 649 tot
2634 593 2747 661 jam
2789 597 3038 666 procellis
3080 600 3303 669 agitata,
3348 619 3487 656 novo

1897 681 2189 737 schismate
2236 692 2546 738 vexaretur.
2603 678 2776 740 Unde
2809 697 2955 741 recte
3004 690 3173 743 satius
3218 691 3488 760 judicavit

1894 773 1980 825 vir
2004 772 2241 840 prudens
2277 774 2505 828 Victoris
2544 775 2796 830 electioni
2830 779 3067 833 unanimi
3112 781 3350 836 omnium
3383 782 3487 836 Ca-

1885 862 2218 917 tholicorum
2251 878 2474 918 assensu
2507 861 2664 919 facta:
2701 873 2755 919 et
2797 867 3130 923 confirmatae
3159 887 3484 927 consensum

1896 947 2159 1024 prtebcrc,
2182 971 2342 1025 quam
2371 957 2553 1026 specie
2579 957 2798 1026 majoris
2822 961 2982 1013 studii
3011 961 3310 1032 disciplinae
3340 965 3484 1019 ciere

1895 1060 2063 1100 novos
2089 1047 2366 1101 tumultus.
2406 1047 2541 1102 lline
2571 1050 2764 1104 merito
2790 1049 2944 1120 llugo
2979 1052 3092 1120 ipse
3113 1063 3165 1107 et
3191 1055 3483 1108 eartlinalis

1895 1137 2198 1193 Riebardus
2231 1139 2577 1194 Massiliensis
2622 1141 2810 1207 abbas,
2841 1153 2997 1197 antea
3031 1144 3234 1212 legatus
3267 1157 3483 1214 aposto-

1895 1229 2053 1293 licus,
2080 1231 2170 1300 qni
2217 1231 2313 1284 soli
2364 1232 2611 1285 videntur
2642 1231 2876 1287 Victoris
2906 1235 3233 1289 ortlinalioni
3267 1221 3482 1289 contra-

1895 1321 2114 1383 dixisse,
2165 1321 2217 1373 ir.
2254 1321 2630 1377 Beneventano
2677 1324 2904 1378 concilio
2945 1339 2974 1378 a
3003 1325 3240 1390 Victore,
3271 1327 3482 1382 caeteris

1894 1413 2145 1469 Patribus
2174 1415 2313 1469 hanc
2357 1418 2682 1470 sententiam
2704 1417 2910 1487 judicio
2939 1427 2986 1472 et
3018 1421 3330 1473 auctoritate
3359 1438 3478 1486 sua,

1894 1514 1954 1559 ut
1981 1505 2142 1559 habet
2171 1505 2363 1561 Petrus
2394 1508 2445 1559 in
2477 1507 2748 1564 Chronico
2784 1509 3089 1574 Casincnsi,
3129 1512 3480 1581 approbanti-

1894 1597 2014 1659 bus,
2061 1599 2440 1653 communione
2484 1600 2680 1669 privali
2739 1609 2903 1665 sunt,
2944 1601 3085 1670 quod
3144 1617 3263 1656 sese
3319 1603 3415 1672 ipsi
3447 1618 3479 1657 a

1893 1697 2210 1742 ceterorum
2245 1689 2648 1745 Catholicorum
2687 1692 3046 1745 unanimitate
3089 1692 3474 1758 sejunxissent.

1894 1776 1960 1830 Et
1985 1779 2200 1846 quidem
2236 1779 2529 1846 Mathildis,
2572 1798 2734 1850 quam
2786 1783 2992 1837 duabus
3035 1783 3279 1852 epistolis
3328 1783 3480 1854 llugo

287 1873 434 1928 Anno
479 1874 782 1944 insequenti
821 1873 1004 1944 (l087)
1037 1874 1312 1928 celebrato
1359 1875 1499 1943 apud
1550 1873 1788 1944 Capuam
1825 1857 1867 1911 Β
1895 1868 2302 1932 sollicitaverat,
2344 1887 2374 1925 a
2399 1871 2633 1928 Victoris
2670 1874 2975 1929 obedientia
3009 1874 3207 1928 retrahi
3239 1890 3342 1928 non
3382 1891 3470 1945 po-

221 1963 435 2017 concilio
478 1964 543 2017 atl
595 1963 737 2032 quod
799 1960 916 2017 Odo
965 1973 1151 2018 noster
1201 1961 1468 2018 Ostiensis
1513 1962 1790 2033 llugonem

222 2053 617 2126 Lugdunensem
671 2055 1022 2133 invitaverat,
1075 2058 1260 2113 Victor
1302 2059 1675 2129 episcoporum
1727 2075 1791 2113 ac

232 2148 518 2216 principum
561 2147 645 2216 qui
691 2163 813 2201 cum
857 2164 922 2202 eo
963 2159 1122 2203 erant
1160 2149 1410 2219 precibus
1448 2159 1502 2204 ct
1540 2150 1792 2221 laerymis

230 2235 478 2299 devictus,
507 2237 781 2307 pontiﬁcia
815 2223 1069 2309 insignia,
1109 2254 1228 2308 quae
1273 2241 1452 2295 statim
1491 2251 1608 2309 post
1636 2258 1789 2296 suam

223 2326 522 2382 electionem
570 2327 825 2382 Casinum
874 2343 1122 2385 remeans
1161 2331 1460 2396 dimiserat,
1496 2333 1699 2402 recepit
1729 2349 1792 2388 ac

218 2413 392 2469 diem
418 2415 684 2473 Kalendas
711 2418 910 2488 Aprilis
955 2419 1005 2473 in
1056 2420 1333 2476 Dominiea
1366 2420 1670 2475 Palmarum
1706 2424 1787 2476 ine

213 2507 365 2559 «Intus
391 2521 652 2577 purpura,
686 2524 846 2564 cruce
897 2513 1250 2580 praecedente,
1287 2513 1338 2567 in
1387 2513 1660 2582 publicum
1699 2529 1786 2568 so-

211 2595 452 2652 lemuitcr
490 2601 783 2668 processit,
833 2602 1226 2672 celebratisque
1265 2605 1317 2658 in
1367 2615 1546 2660 monte
1590 2605 1788 2662 Casino

208 2690 546 2756 paschalibus
586 2692 762 2757 festis,
811 2693 1038 2757 Romam
1082 2699 1340 2766 perrexit,
1387 2698 1500 2764 ubi,
1549 2709 1668 2768 post
1695 2715 1790 2754 ex-

207 2777 414 2848 pulsum
445 2795 476 2834 e
505 2781 724 2837 basilica
755 2782 1011 2839 Vaticana
1042 2786 1380 2853 Guibertmn,
1417 2790 1467 2842 in
1505 2805 1566 2844 ea
1595 2805 1787 2844 conse-

205 2881 381 2928 cratus
431 2882 516 2927 est
559 2875 628 2928 ab
665 2873 850 2930 Odone
897 2887 1080 2934 nostro
1123 2877 1380 2945 Ostiensi,
1423 2880 1586 2936 Petro
1625 2880 1789 2936 Alba-

205 2965 376 3031 nensi,
429 2964 712 3022 Portuensi
757 2969 1162 3026 et'Tuscula’no
1210 2971 1784 3044 ltoinanisepismpis,

204 3055 450 3122 aliisque,
482 3054 846 3115 cardinalibus
875 3052 1111 3132 quoque,
1137 3065 1404 3134 episcopis
1430 3074 1590 3135 atque
1621 3065 1788 3120 abba-

204 3153 339 3208 tibus
386 3152 808 3224 assistentibus;
858 3159 999 3228 quod
1047 3160 1302 3228 quidem,
1355 3172 1408 3216 ut
1462 3161 1652 3218 anetbr
1701 3171 1857 3249 estC

200 3244 333 3301 idem
376 3247 602 3312 Petrus,
630 3247 907 3306 Dominiea
960 3262 1078 3320 post
1123 3254 1532 3322 Ascensionem,
1576 3256 1662 3310 die
1712 3271 1784 3309 vn

196 3338 312 3395 ldus
342 3341 475 3396 Maii
506 3341 704 3396 factum
729 3352 828 3397 est.
857 3343 1222 3400 Consecratus
1252 3355 1428 3402 tamen
1462 3347 1627 3402 fuisse
1655 3337 1788 3402 dici-

197 3439 278 3486 tur
300 3445 531 3487 exeunte
573 3432 718 3487 Maio
746 3435 885 3504 apud
923 3435 1250 3499 Bertoldum,
1302 3439 1393 3492 sed
1443 3437 1582 3493 forte
1634 3453 1790 3493 error

195 3530 276 3576 est
301 3521 542 3586 librarii,
569 3522 962 3594 legendumque
989 3535 1071 3580 est
1103 3527 1312 3580 ineunte
1336 3525 1502 3583 Maio.

196 3599 574 3669 XXl.‘0donis
599 3613 832 3682 defensio
855 3623 1036 3668 contra
1059 3613 1105 3666 II
1114 3631 1331 3683 agonem
1363 3615 1781 3684 Lugdunensem.

258 3704 504 3758 Accusat
541 3702 781 3758 Odouem
832 3703 982 3773 [lngo
1021 3703 1393 3775 Lugdunensis
1426 3705 1608 3758 fracta:
1641 3705 1784 3767 lidei,

192 3797 330 3868 quod
360 3795 646 3850 Victorem
668 3805 860 3851 contra
894 3797 1165 3866 propriam
1213 3797 1540 3851 sententiam
1571 3807 1623 3851 ct
1662 3813 1786 3866 pro-

192 3888 352 3942 missa
407 3888 522 3942 sibi
573 3881 1018 3956 aliisque'facta,
1065 3889 1283 3943 humani
1342 3889 1543 3959 aliquid
1597 3905 1787 3960 passus

192 3980 556 4034 ordinaverit.
584 3977 744 4032 Plura
773 3980 935 4034 habet
963 3996 1024 4034 ea
1055 3982 1120 4036 de
1148 3997 1205 4037 re
1236 3982 1288 4035 in
1313 3981 1519 4037 duabus
1543 3983 1785 4053 epistolis

193 4071 255 4124 ad
277 4071 623 4125 comitissam
649 4069 957 4125 Mathildcm
991 4087 1151 4140 quam
1177 4071 1276 4126 sibi
1308 4073 1597 4127 conciliare
1624 4083 1785 4144 atque

191 4161 254 4214 ad
282 4177 410 4215 suas
449 4170 629 4229 partes
673 4160 946 4214 attrahere
973 4162 1181 4214 nititur.
1233 4161 1286 4215 In
1336 4162 1400 4215 iis
1439 4178 1567 4216 vero
1595 4163 1785 4218 litteris

191 4264 252 4303 ea
285 4251 463 4305 refert
496 4265 615 4318 quae
646 4250 902 4304 adversus
928 4249 1196 4303 Victorem
1223 4251 1560 4305 machinatus
1589 4251 1781 4307 fuerat.

193 4338 346 4401 Cum,
379 4339 586 4407 inquit,
622 4338 875 4392 Ostiensis
914 4340 1179 4408 cpisc0pus
1220 4341 1485 4393 nobiscum
1532 4342 1657 4395 bene
1694 4360 1786 4411 per

193 4433 366 4484 omnia
397 4431 741 4493 cucurrisset,
772 4441 828 4483 ut
865 4432 989 4484 cidit
1021 4433 1158 4502 quod
1188 4431 1368 4493 abbas,
1402 4433 1479 4486 sic
1511 4433 1782 4488 Victorem

1897 1961 2018 2013 tuit.
2051 1959 2328 2029 llugonem
2363 1978 2493 2018 vero
2529 1965 2702 2033 ipsum
2748 1965 2852 2018 hac
2901 1966 2950 2018 in
2993 1981 3074 2030 re,
3110 1967 3250 2020 sicut
3290 1975 3346 2020 et
3389 1966 3481 2019 lti-

1893 2053 2173 2115 chardmn,
2201 2055 2344 2125 quod
2367 2054 2536 2110 Odoni
2565 2056 2990 2127 exprobrabant,
3019 2057 3222 2126 aliquid
3256 2058 3480 2112 humani

1893 2158 2082 2213 passos
2135 2143 2321 2210 fuisse,
2367 2161 2556 2201 eorum
2607 2148 2801 2217 agendi
2854 2149 2990 2202 ratio
3035 2150 3167 2203 satis
3212 2163 3482 2218 superque

1892 2237 2147 2291 ostendit.
2188 2236 2423 2301 Etenim,
2467 2247 2525 2290 ut
2552 2239 2739 2293 Victor
2775 2239 2890 2308 ipse
2934 2240 2985 2294 in
3033 2240 3266 2294 concilio
3305 2240 3477 2294 Bene-

1892 2322 2127 2405 ventano
2157 2342 2336 2383 coram
2374 2327 2626 2384 Patribus
2654 2332 2920 2409 exposuit,
2961 2341 3250 2402 antequam
3284 2331 3476 2386 Victor

1892 2435 2002 2475 sua:
2052 2420 2302 2474 electioni
2347 2423 2746 2484 consensisset.
2802 2440 2924 2479 cum
2973 2425 3039 2478 ad
3105 2426 3479 2494 pontificatum

1892 2511 2290 2579 suscipiendum
2323 2510 2476 2582 Hugo
2506 2522 2561 2567 et
2587 2513 2893 2570 RiCilal‘tillS
2939 2515 3188 2571 siumlate
3222 2516 3478 2570 adhorta-

1891 2602 2108 2668 bantur,
2127 2602 2630 2673 subjectionemque
2650 2604 2697 2657 ei
2723 2620 2935 2658 omnem
2962 2613 3086 2658 tunc
3110 2606 3480 2674 spondebant;

1892 2696 2032 2765 quod
2073 2681 2355 2764 sperarent
2397 2712 2519 2750 cum
2561 2697 2612 2750 in
2658 2712 2754 2751 sua
2798 2697 3066 2751 sententia
3108 2707 3484 2766 perseveratu-

1893 2801 2032 2852 rum,
2081 2801 2146 2840 ac
2186 2786 2264 2841 sic
2303 2785 2620 2841 alterutrum
2671 2801 2737 2840 ex
2777 2787 2906 2857 ipsis
2956 2788 3022 2840 ad
3074 2787 3469 2858 pontiﬁcatum,

1890 2893 2049 2946 quem
2082 2877 2170 2932 ille
2202 2877 2554 2947 pervicaciter
2601 2878 2914 2944 recusabat,
2947 2887 3368 2948 pervcnturmn;
3422 2887 3480 2931 at

1878 2963 2012 3046 cum
2037 2956 2230 3023 Victor
2255 2961 2787 3023 aSsensum'tamlem
2829 2968 3167 3038 prtebuisset,
3209 2969 3354 3024 nulla
3399 2969 3480 3023 eis

1893 3060 2077 3114 relicta
2107 3046 2466 3129 adipiscenda:
2515 3059 2670 3127 hujus
2699 3060 2988 3130 dignitatis
3015 3077 3132 3131 spe,
3162 3061 3262 3116 nisi
3297 3060 3483 3115 Victor

1891 3140 2004 3220 ipse
2053 3149 2362 3218 pelleretur,
2400 3143 2697 3218 conceptam
2741 3151 3038 3203 ambitionis
3077 3151 3366 3220 ﬂammam.
3414 3157 3471 3204 ιιι

1891 3229 2069 3295 aiebat
2115 3229 2356 3310 pontifex
2403 3239 2454 3294 in
2504 3239 2736 3294 concilio
2790 3255 2913 3293 mox
2959 3237 3194 3306 laudato,
3241 3241 3478 3294 clibanus

1890 3318 2162 3385 exturatus
2214 3315 2458 3384 evomuit.
2539 3329 2615 3384 Illi
2673 3345 2869 3401 nempe
2925 3347 3018 3385 sua
3075 3331 3482 3400 exspectatione

1891 3423 2161 3488 frustrati,
2191 3423 2306 3478 fere
2350 3423 2402 3476 in
2442 3431 2686 3492 apertum
2731 3423 2966 3477 schisma
2991 3430 3306 3490 eruperunt,
3337 3416 3478 3475 Odo-

1891 3527 2144 3582 nemqne,
2195 3512 2338 3580 quod
2375 3511 2644 3565 Victorem
2692 3511 3027 3574 ordinasset,
3078 3510 3386 3578 vituperare
3423 3518 3478 3562 ct

1889 3602 2151 3657 conviciis
2191 3616 2420 3655 onerare
2461 3601 2578 3655 ansi
2615 3609 2761 3654 sunt.
2793 3598 3016 3663 Verum,
3065 3614 3187 3654 eum
3227 3597 3298 3651 illi
3335 3598 3480 3652 hunc

1889 3707 2096 3746 naevum
2149 3701 2380 3760 postea,
2434 3690 2500 3744 ad
2557 3690 2815 3746 Ecclesia:
2869 3690 3134 3744 unitatem
3185 3689 3474 3750 redeundo,

1889 3780 2181 3846 abluerint,
2240 3781 2464 3850 ipseque
2508 3779 2661 3849 Ilugo
2696 3780 2749 3835 in
2781 3781 3015 3837 secunda
3064 3784 3129 3834 ael
3171 3779 3476 3833 Mathildem

1888 3871 2112 3940 epistola
2149 3881 2485 3927 contestatus
2515 3871 2680 3927 fuerit
2705 3888 2764 3926 se
2795 3887 3070 3942 nunquam
3100 3887 3127 3925 a
3158 3881 3475 3925 caeterornm

1886 3966 2288 4024 Catholicorum
2351 3968 2730 4022 communione
2792 3967 3141 4030 discessisse,
3193 3982 3358 4036 parco
3410 3966 3477 4020 de

1888 4056 2193 4122 hujnsmodi
2229 4056 2384 4125 culpa
2415 4057 2618 4112 diutius
2645 4057 2934 4122 disserere,
2966 4072 3031 4111 ne
3059 4056 3228 4110 cineri
3263 4056 3476 4110 illorum

1888 4159 2050 4218 atque
2085 4149 2298 4204 ossibus
2339 4147 2578 4202 dolorem
2621 4149 2836 4204 inurere
2868 4148 3101 4202 voluisse
3131 4148 3335 4200 videar.
3367 4146 3477 4199 Mo-

1889 4255 1990 4294 neo
2019 4249 2225 4293 tantum
2248 4240 2474 4293 alteram
2491 4237 2559 4294 ex
2582 4240 2788 4295 duabus
2819 4239 3054 4308 llugonis
3074 4240 3141 4293 ad
3167 4238 3476 4292 Matbildcm

1889 4331 2129 4399 epistolis
2157 4333 2418 4395 insertam
2447 4332 2516 4386 ab
2543 4331 2764 4401 llugoue
2794 4330 3190 4386 Flaviniaeensi
3227 4330 3394 4384 fuisse
3423 4329 3464 4383 ir

1887 4422 2155 4477 Chronico
2210 4423 2544 4477 Verdunensi
2575 4463 2590 4485 ,
2633 4422 2857 4476 alteram
2918 4437 3046 4475 vero
3093 4430 3157 4476 ex
3208 4437 3309 4474 ms.
3354 4420 3476 4474 cod.

194 4521 475 4591 appellare
503 4521 805 4587 consuevit,
844 4538 936 4590 per
963 4513 1246 4591 potentiam
1278 4523 1527 4591 principis
1556 4522 1785 4579 Jortlani

1892 4512 2258 4568 Cluniacensis
2297 4512 2608 4566 monasterii
2641 4512 2839 4566 editam
2871 4526 2990 4567 esse
3034 4520 3163 4565 tom.
3211 4510 3251 4564 ll
3303 4507 3472 4577 Spici-

194 4614 261 4666 ad
299 4613 722 4668 consecrandum
769 4629 821 4666 se
861 4611 1076 4666 Romam
1119 4614 1194 4667 ire
1230 4614 1562 4680 intendebat;
1606 4616 1788 4670 timens

197 4703 328 4771 forte
366 4722 434 4758 ne
472 4721 572 4757 sua
609 4704 862 4773 dignitate
895 4706 1207 4770 privaretur,
1258 4706 1306 4758 si
1344 4704 1407 4757 ab
1457 4706 1575 4759 aliis
1620 4707 1790 4774 prima

195 4807 384 4846 manus
437 4794 763 4846 consecratio
809 4793 856 4846 ei
900 4793 1268 4862 imponeretur,
1307 4811 1583 4849 conversus
1626 4807 1698 4849 est
1737 4798 1790 4850 in

197 4884 282 4937 die
303 4883 463 4949 belli;
494 4893 544 4937 et
575 4884 847 4937 immemor
869 4887 1039 4954 factus
1074 4889 1342 4954 propositi,
1374 4898 1422 4941 et
1450 4888 1605 4956 facta:
1646 4890 1797 4953 nobis,

197 4975 496 5041 sponsionis
524 5014 539 5036 ,
581 4973 721 5042 quod
777 4975 945 5028 dicere
989 4978 1184 5046 pudet,
1227 4995 1342 5032 cum
1386 4979 1570 5033 abbate
1611 4996 1788 5048 pacem

201 5067 424 5132 faciens,
454 5068 792 5121 reverentiam
815 5069 860 5120 ei
883 5085 971 5121 u~r
991 5070 1168 5123 omnia
1199 5071 1333 5123 sicut
1359 5088 1507 5140 papw
1534 5072 1787 5125 exhibuit.

203 5155 397 5213 Verum
443 5159 585 5228 quod
627 5156 777 5228 Hugo
810 5159 1078 5216 in'Ououc
1126 5177 1410 5216 occasione
1451 5163 1610 5231 lmjns
1640 5163 1789 5218 ordi-

200 5251 440 5305 nationis
488 5251 862 5320 reprehendit,
913 5254 1130 5307 videtur
1175 5269 1294 5309 esse
1344 5254 1499 5310 laude
1549 5255 1788 5325 dignum.

199 5337 332 5393 Nam
372 5341 478 5395 etsi
520 5339 660 5395 forte
699 5341 898 5410 aliquid
943 5343 994 5396 in
1023 5336 1239 5398 VielOre
1287 5345 1785 5412 reprchendemlnm

202 5429 384 5494 fuerit,
412 5433 555 5500 quod
587 5447 689 5485 non
728 5432 900 5486 ausim
929 5433 1123 5496 dicere,
1160 5449 1263 5486 non
1299 5442 1477 5488 tamen
1510 5434 1638 5487 tanti
1667 5449 1788 5488 esse

201 5529 411 5586 poterat
442 5521 719 5583 momenti,
738 5529 790 5573 ut
833 5521 1022 5576 electio
1047 5521 1158 5590 jam
1181 5521 1320 5577 facta
1345 5533 1398 5578 et
1422 5525 1488 5578 ab
1516 5525 1788 5590 omnibus,

202 5609 312 5664 imo
346 5619 404 5665 et
435 5613 502 5664 ab
525 5611 640 5679 ipso
690 5613 908 5683 llugone
939 5613 1160 5684 ejusque
1205 5617 1526 5684 sequacibus
1558 5618 1637 5685 (ut
1671 5617 1786 5686 ipse

205 5697 425 5766 fatetur,
458 5710 509 5753 et
537 5703 584 5755 ei
625 5702 810 5758 Victor
845 5703 895 5758 in
925 5705 1152 5759 concilio
1194 5705 1569 5761 Beneventano
1599 5723 1789 5776 expro-

209 5786 409 5865 bravit)
443 5796 732 5866 approbata
776 5799 985 5854 infirma
1023 5802 1035 5854 i
1084 5801 1330 5869 deberet;
1373 5803 1609 5857 maxime
1660 5819 1786 5858 cum

1892 4605 2015 4673 lcgii
2045 4604 2367 4668 Aeheriani;
2409 4606 2544 4658 Acta
2588 4604 2819 4674 denique
2858 4603 3069 4659 concilii
3115 4601 3474 4657 Beneventani

1893 4696 1993 4766 legi
2022 4695 2160 4765 apud
2189 4695 2409 4750 Petrum
2437 4694 2732 4750 Diaconum
2766 4694 2802 4748 l.
2842 4711 2900 4748 ιιι
2928 4695 3178 4749 Chronici
3211 4692 3475 4748 Casinen-

1893 4789 1987 4842 sis.
2015 4788 2085 4840 At
2117 4785 2320 4841 Urbani
2351 4786 2628 4855 epistolas,
2670 4802 2807 4856 quas
2848 4787 2947 4841 sibi
2991 4786 3059 4840 ab
3094 4785 3319 4854 llugone
3347 4783 3474 4838 Clu-

1893 4879 2135 4934 niacenci
2166 4888 2492 4934 monstratas
2519 4869 2683 4933 fuisse
2723 4879 2936 4933 dicebat
2971 4877 3140 4946 Hugo,
3183 4877 3236 4929 in
3275 4877 3475 4945 quibus

1892 4969 2132 5041 pontifex
2163 4971 2548 5024 Cluniacenscs
2585 4968 2853 5031 monebat,
2899 4975 2956 5020 ut
2993 4969 3110 5021 seSe
3137 4967 3205 5021 ab
3233 4967 3472 5036 ejusdem

1896 5062 2139 5132 llugonis
2177 5070 2231 5116 et
2275 5060 2531 5116 Richardi
2581 5058 2932 5112 Massiliensis
2979 5059 3190 5114 abbatis
3223 5061 3473 5113 eommu-

1892 5156 2053 5210 nione
2080 5165 2440 5216 removerent,
2481 5167 2749 5221 nusquam
2773 5151 3022 5206 vidimus.

1883 5255 2053 5326 DXXII.
2095 5271 2317 5324 Victoris
2349 5268 2446 5323 III
2473 5270 2632 5322 mors.
2661 5269 2700 5320 A
2739 5285 2840 5337 quo
2883 5263 3108 5322 ricarius
3134 5279 3180 5323 et
3208 5282 3468 5322 successor

2448 5339 2757 5408 designatur
2787 5337 2922 5417 Otto.

1963 5433 2287 5501 Dignitatem
2331 5447 2492 5500 quam
2534 5420 2688 5500 agre
2736 5430 2872 5486 adeo
2931 5429 3250 5500 susceperat
3289 5429 3472 5486 Victor

1892 5525 2032 5579 haud
2071 5524 2161 5578 diu
2195 5524 2438 5595 retinuit.
2481 5523 2688 5576 Etenim
2718 5539 2841 5578 cum
2881 5522 3196 5588 Beneventi,
3225 5523 3314 5576 ubi
3345 5538 3470 5578 con-

1891 5618 2072 5672 cilium
2100 5616 2430 5680 celebrabat,
2456 5615 2507 5668 in
2532 5616 2779 5669 morbum
2804 5616 3004 5684 lapsus,
3028 5616 3204 5669 exitus
3228 5614 3307 5668 sui
3331 5614 3474 5669 diem

1891 5709 2177 5763 imminere
2206 5708 2581 5777 perscusissel,
2605 5707 2859 5762 Casinum
2884 5708 3064 5762 statim
3087 5707 3268 5770 rediit,
3296 5706 3472 5774 ibique

1892 5801 2139 5856 Oderisio
2166 5801 2266 5857 sibi
2303 5801 2356 5856 in
2391 5799 2701 5856 monasterii
2732 5799 2992 5870 regimine
3022 5799 3335 5862 substituto,
3362 5802 3455 5865 cpi
