3962 6312
546 372 612 428 31
1895 374 1954 427 Β.
2021 371 2276 430 UllB.\.\'l
2318 370 2359 425 ll
2398 367 2602 426 P.-\P.E
3729 373 3788 435 3.2

551 501 744 556 scopos
789 495 845 540 et
897 484 1202 539 cardinales
1253 484 1344 554 qui
1396 485 1447 538 in
1497 484 1612 553 ejus
1675 485 1933 539 comitatu
1983 491 2140 540 eram
2171 495 2210 546 Α
2243 481 3401 552 vestigia-suiprtedeeessorispitememoriae
3422 481 3790 558 Cregoriipau

550 575 892 643 convocavit,
939 591 1126 645 eosque
1162 576 1362 628 monuit
1410 591 1471 628 ac
1511 578 1776 646 pra‘cepit,
1826 579 1901 630 uti
1951 585 2134 630 narrat

548 668 743 724 Petrus
774 668 908 722 libro
948 683 1006 721 ιιι
1045 667 1302 723 Cln'onici
1349 668 1682 734 Casinensis,
1723 671 1900 741 capite
1941 670 2028 734 75,
2077 680 2131 724 ut

553 759 792 814 Odonem
842 757 1145 812 Ostiensem
1202 760 1549 828 episcopum,
1598 769 1718 829 post
1768 776 1921 815 suam
1967 761 2136 830 ipsius

549 857 800 910 mortem,
829 861 990 915 quam
1024 847 1270 916 prosime
1309 858 1625 902 eventuram
1665 865 1785 904 esse
1831 864 1934 904 non
1982 848 2137 902 dubi-

549 941 721 1004 tabat,
745 939 899 1007 juxta
951 937 1196 1010 Gregorii
1233 940 1516 995 morientis
1539 950 1721 995 votum
1754 942 1804 995 in
1833 938 2136 995 [tertianam

549 1031 856 1100 pontiﬁcem
899 1029 1206 1098 eligerent:
1257 1029 1441 1096 Quem,
1484 1035 1606 1103 quia
1651 1050 1880 1103 praesens
1929 1033 2136 1097 aderat,

548 1137 708 1173 mam:
731 1121 1109 1190 apprehensum
1139 1122 1340 1174 cteteris
1366 1123 1619 1191 episcOpis
1651 1124 1892 1188 tradidit,
1917 1124 2094 1177 dicens
2117 1136 2137 1174 :

552 1209 780 1279 Accipite
815 1226 931 1263 eum
973 1221 1022 1264 et
1059 1212 1114 1264 in
1160 1210 1398 1265 Romana
1452 1212 1572 1266 sedc
1621 1213 1821 1278 locate;
1870 1230 2139 1282 meamque

551 1303 708 1355 vicem
741 1303 793 1356 in
822 1304 1085 1369 omnibus,
1107 1320 1373 1374 quousque
1401 1306 1455 1358 id
1481 1305 1654 1375 facere
1674 1307 1906 1374 possitis,
1931 1306 2134 1360 habete.

551 1391 717 1448 Paulo
748 1406 886 1463 post,
922 1409 1106 1451 mense
1131 1396 1336 1451 scilicet
1381 1396 1711 1467 Septembri,
1746 1397 1930 1453 Victor
1969 1399 2136 1453 mori-

552 1496 665 1546 tur;
699 1484 794 1537 sed
822 1484 938 1554 ejus
968 1487 1298 1541 successoris
1325 1488 1540 1551 electio,
1573 1491 1641 1542 ob
1668 1499 1972 1559 temporum
2003 1488 2136 1542 ditli-

552 1573 799 1650 cultates,
832 1575 884 1628 in
911 1586 1223 1646 sequentem
1255 1594 1456 1633 annum
1492 1580 1656 1635 dilata
1683 1590 1786 1636 est.

553 1683 735 1738 XXIII.
764 1684 962 1741 Urbani
987 1687 1083 1740 ΙΙΙ
1105 1688 1306 1742 electio.
1341 1691 1566 1744 Litteras
1588 1708 1648 1744 ea
1689 1695 1753 1745 de
1783 1690 2038 1754 rescribit,
2075 1702 2139 1744 ex

947 1760 1147 1835 quibus
1199 1759 1397 1830 aliquot
1446 1772 1746 1830 supersunt.

2238 579 2635 628 observaturum
2683 574 3030 628 denuntiavit.
3072 574 3252 630 Testis
3281 584 3368 630 est
3413 577 3680 645 Domnizo,
3709 583 3786 637 lib.

2238 683 2302 731 ιι,
2331 682 2452 735 cap.
2484 669 2538 731 5,
2589 665 2870 722 Urbanum
2899 677 3025 723 tmte
3053 677 3147 721 aut
3171 678 3324 723 certe
3353 670 3512 738 paulo
3541 683 3709 741 postea
3734 680 3787 730 ad

2239 757 2550 812 Mathildem
2596 759 2928 814 contitissam
2958 759 3266 829 scripsisse,
3303 770 3362 814 ut
3390 776 3508 816 eam
3539 764 3602 816 ad
3631 781 3788 834 perse~

2241 853 2536 907 vorandum
2585 853 2636 907 in
2685 852 2885 906 luenda
2938 853 3200 908 adversus
3257 854 3630 910 schismaticos
3673 861 3793 914 sedis

2239 942 2547 1012 apostolicae
2573 957 2736 997 causa
2767 942 3177 996 adhortaretur.
3194 942 3466 999 Caeterum
3495 961 3597 999 non
3625 947 3791 1015 episto-

2233 1037 2322 1089 las
2363 1035 2541 1096 modo,
2584 1034 2677 1089 sed
2709 1035 2872 1089 etiam
2921 1033 3123 1104 legatos
3154 1035 3220 1090 ab
3252 1033 3475 1090 Urbano
3505 1036 3558 1090 in
3585 1038 3792 1094 diversas

2242 1125 2434 1196 plagas
2465 1126 2662 1180 missos
2692 1125 2860 1181 fuisse
2902 1125 3065 1179 tradit
3091 1123 3390 1180 Ordericus
3422 1126 3556 1182 libro
3585 1127 3790 1194 laudato,

2244 1231 2298 1272 ut
2331 1219 2600 1288 principes
2627 1217 2966 1272 Christianos
2997 1218 3049 1273 in
3083 1218 3187 1273 ﬁde
3223 1227 3277 1272 et
3303 1220 3510 1274 unitate
3538 1219 3793 1276 continua-

2241 1319 2343 1364 ret.
2373 1308 2617 1376 Conﬁsus
2643 1310 2697 1362 in
2730 1308 2956 1363 Domino
2979 1309 3246 1367 caelorum.
3283 1311 3360 1365 ait
3385 1312 3472 1366 hic
3494 1322 3690 1377 auctor,
3714 1315 3788 1382 qui

2241 1415 2342 1452 non
2380 1397 2620 1467 relinquit
2653 1399 2850 1467 virgam
2877 1408 3209 1467 peccatorum
3242 1416 3404 1468 super
3444 1410 3625 1454 sortem
3641 1402 3794 1470 justo-

2241 1501 2389 1552 rum,
2420 1487 2559 1540 misit
2603 1486 2799 1556 legatos
2842 1495 2890 1539 et
2921 1486 3166 1554 epistolas
3214 1487 3472 1541 Romame
3506 1492 3796 1544 auctoritatis

2239 1576 2465 1631 Francis
2488 1588 2534 1630 et
2564 1577 2784 1642 Gra'cis,
2808 1577 3029 1646 aliisque
3057 1580 3295 1647 gentibus
3319 1595 3412 1646 per
3437 1580 3605 1633 orbem
3626 1582 3795 1634 consti-

2243 1671 2392 1732 tutis,
2426 1679 2480 1721 ιιι
2510 1669 2563 1722 in
2589 1669 2694 1737 ﬁde
2743 1669 2999 1721 catlwiica
3032 1668 3474 1738 irrefragabiliter
3497 1671 3796 1737 persisterent

2240 1765 2287 1810 et
2332 1773 2534 1810 onmem
2571 1758 2858 1811 scissuram
2905 1775 2936 1810 a
2986 1756 3094 1826 lege
3137 1758 3232 1811 Dei
3287 1769 3334 1813 et
3375 1776 3587 1828 corpore
3612 1758 3797 1826 Christi,

617 1847 914 1903 Decursisa
939 1850 1175 1904 Victoris
1188 1851 1371 1906 obitus
1389 1867 1481 1905 sex
1506 1852 1732 1907 circiter
1755 1852 2140 1916 mensibus,de
2171 1838 2214 1898 Β
2242 1850 2382 1919 quod
2411 1859 2484 1903 est
2519 1849 2775 1914 Ecclesia,
2809 1850 3002 1904 callide
3031 1862 3410 1919 pra't‘avcrenl.

549 1953 863 1993 successore
897 1941 1110 1993 tandem
1161 1949 1340 1994 actum
1382 1950 1485 1995 est.
1525 1940 1838 1997 Conventus
1878 1956 1940 1993 ea
1979 1943 2044 1994 de
2082 1955 2141 1995 re

547 2031 687 2098 apud
711 2030 1060 2085 Terracinam
1086 2031 1396 2102 Campania:
1428 2034 1685 2088 Romanae
1707 2035 1924 2098 urbem,
1953 2047 2140 2087 mense

547 2117 764 2181 Martio,
794 2134 937 2173 anno
972 2121 1128 2184 1088,
1157 2123 1373 2176 habitus
1395 2133 1495 2188 est,
1528 2123 1711 2192 inquo
1731 2123 2140 2178 Catholicorum

548 2210 790 2262 onininm
821 2211 1060 2264 unanimi
1111 2227 1376 2266 consensu
1429 2213 1676 2267 simulet
1729 2215 1992 2283 applansu
2024 2213 2141 2268 Odo

553 2299 841 2369 cpiscopus
895 2301 1162 2357 Ostiensis
1211 2303 1487 2358 Romanus
1518 2303 1758 2372 pontifex
1803 2305 2141 2358 renuntiatus

546 2392 658 2443 fuit
681 2391 780 2444 sub
813 2389 1012 2445 Urbani
1042 2391 1106 2446 ΙΙ
1130 2395 1369 2449 nomine.
1405 2393 1572 2448 Neam
1602 2401 1782 2448 autem
1813 2410 1919 2449 non
1951 2395 2142 2448 lauda--

552 2484 630 2537 vit
657 2484 800 2554 quod
832 2484 1035 2538 Odonis
1063 2486 1278 2554 generis
1308 2485 1584 2552 nobilitas,
1617 2485 1783 2539 animi
1823 2494 2141 2539 mansuetu-

552 2575 644 2639 do,
676 2575 916 2630 suavitas
962 2592 1197 2640 morum,
1230 2577 1356 2630 vita:
1388 2577 1722 2642 innocentia,
1752 2576 1804 2630 in
1847 2575 2143 2630 tracttmdis

552 2664 786 2733 negotiis
835 2665 1123 2733 prudentia
1162 2674 1216 2719 et
1271 2666 1591 2729 dexteritas,
1623 2666 1677 2721 in
1725 2665 1969 2719 adversis
2016 2679 2143 2718 eon-

551 2753 752 2806 stantia
773 2753 1180 2822 insuperabilis,
1195 2753 1423 2823 aliaulue
1446 2755 1693 2818 virtutes,
1709 2770 1828 2824 quae
1847 2754 2142 2807 maximum

551 2843 867 2913 pontificem
904 2845 1125 2908 decent,
1154 2845 1404 2899 omnibus
1451 2855 1632 2899 essent
1687 2859 1848 2898 noue.
1883 2843 2020 2897 Eum
2051 2857 2144 2895 ne-

552 2933 759 2987 bulosis
816 2932 922 2986 illis
967 2935 1323 3003 lCtttpOl‘lbllS,
1374 2953 1405 2987 ιι
1459 2935 1566 2988 Deo
1630 2933 1796 2986 Israel
1856 2935 2142 2987 maximum

551 3024 839 3094 principem
867 3035 1050 3078 contra
1080 3025 1372 3096 allophglos
1398 3028 1737 3080 constitutum
1763 3027 1927 3079 fuisse
1957 3025 2144 3078 scribit

554 3116 849 3174 Ortlericus
893 3116 1086 3172 Vitalis
1135 3117 1273 3174 libro
1321 3130 1452 3181 vtu,
1498 3119 1585 3173 cui
1638 3118 1894 3171 Dominus
1948 3129 2141 3170 turrem

555 3208 724 3261 Dat-id
780 3224 896 3260 cum
950 3208 1359 3284 propugnaculis
1418 3219 1601 3262 contra
1658 3208 1848 3278 faciem
1901 3205 2142 3259 Damasci

555 3300 914 3352 committeret.
944 3300 1076 3352 'l'um
1102 3314 1225 3353 eum
1249 3298 1330 3354 sic
1364 3308 1754 3368 reprzesentat:
1786 3296 1887 3351 Hic
1910 3306 2022 3350 erat
2053 3313 2146 3349 na-

554 3391 694 3443 tione
725 3389 933 3454 Gallus,
973 3390 1242 3444 nobilitate
1270 3401 1316 3444 et
1353 3391 1755 3444 mansuetudine
1787 3389 1986 3455 clarus,
2020 3388 2144 3441 ciris

553 3480 850 3547 Bernensis,
901 3482 1189 3537 monachus
1238 3481 1625 3547 Cluniacensis,
1655 3492 1808 3536 a’tate
1848 3480 2142 3544 mediocris,

552 3587 763 3640 corpore
795 3589 1035 3643 magnus,
1067 3573 1320 3627 modestia
1360 3573 1646 3635 discretus,
1678 3570 1927 3640 religione
1956 3571 2137 3624 maxi-

552 3677 702 3726 mus,
772 3664 1028 3731 sapientia
1090 3675 1138 3718 et
1197 3664 1490 3732 eloquentia
1542 3663 1861 3732 pra'cipuus.
1934 3660 2141 3716 Urbani

553 3750 875 3804 elecﬁonem
912 3751 1097 3805 laudat
1137 3767 1354 3822 quoque
1391 3752 1673 3814 Domnizo,
1703 3752 1796 3806 lib.
1829 3767 1896 3814 ιι,
1932 3766 2053 3819 cap.
2089 3752 2140 3815 7,

554 3840 646 3895 ubi
677 3857 799 3896 eum
823 3841 892 3895 ob
916 3843 1282 3912 eloquentiam
1311 3844 1567 3896 rhetorem
1621 3841 1878 3910 appellat,
1905 3843 2020 3910 qui,
2065 3841 2146 3896 in-

553 3931 700 4000 quit,
739 3941 794 3984 ut
845 3930 1099 3987 Salomon
1146 3933 1382 3999 dicebat,
1428 3946 1483 3990 et
1529 3935 1828 3989 considebat
1867 3947 1919 3989 ut
1963 3936 2143 4005 justus

551 4021 652 4074 leo.
685 4020 944 4076 Eumdem
968 4023 1205 4076 doctrina
1228 4035 1274 4076 et
1297 4026 1576 4080 sanctitate
1601 4026 1717 4080 vita:
1738 4028 1920 4096 quovis
1943 4027 2138 4100 grandi

551 4114 863 4183 magistratu
888 4113 1104 4184 dignum
1134 4115 1300 4184 fuisse
1329 4115 1539 4171 Platiua
1568 4129 1870 4174 asseverat.

628 4203 794 4258 Venia
824 4213 1003 4260 autem
1035 4206 1230 4276 dignus
1259 4217 1344 4261 est
1373 4207 1673 4274 Bertoldus,
1707 4211 1796 4278 qui
1845 4209 1896 4263 in
1922 4208 2144 4264 Germa-

552 4295 642 4351 nia
692 4296 1024 4351 constitutus
1053 4307 1240 4352 contra
1274 4297 1500 4353 aliorum
1555 4308 1839 4354 auctorum
1901 4299 2141 4353 testimo-

553 4389 720 4466 nium,
757 4398 813 4442 ct
844 4389 1012 4457 ipsius
1045 4388 1248 4444 Urbani
1285 4390 1567 4459 epistolas,
1595 4391 1814 4462 scripsit
1859 4391 2000 4445 hanc
2027 4391 2140 4444 ele-

2312 1943 2532 2011 Aliquot
2564 1958 2632 1997 ex
2667 1943 2912 2012 epistolis
2944 1943 3072 2007 illis,
3101 1944 3168 1998 ab
3213 1943 3439 1998 Urbano
3483 1944 3658 1999 statim
3699 1953 3796 2014 post

2242 2047 2395 2086 suam
2425 2032 2744 2087 electionem
2781 2034 3028 2103 scriptis,
3057 2043 3373 2103 supersunt.
3407 2034 3520 2089 Una
3567 2035 3790 2102 inscripta

2243 2130 2324 2175 est
2368 2120 2766 2189 Salisburgeasi
2793 2121 3237 2188 metropolitano,
3272 2123 3505 2193 aliisque
3528 2123 3796 2178 Germania:

2241 2213 2512 2283 episcopis
2535 2213 2840 2279 catholicis,
2871 2228 3010 2282 quos
3036 2213 3102 2267 ad
3140 2216 3602 2283 perseverantiam
3628 2216 3674 2268 in
3710 2214 3794 2268 Ec-

2244 2309 2426 2362 clesia:
2487 2308 2770 2363 catholica:
2815 2305 3123 2363 obedientia
3183 2309 3402 2376 paucis,
3462 2309 3553 2363 sed
3599 2308 3795 2362 maxime

2245 2399 2574 2464 efficacibus,
2609 2401 2788 2456 verbis
2840 2401 3181 2455 adhortatur.
3224 2401 3472 2455 Alteram
3506 2401 3708 2470 scripsit
3741 2400 3794 2452 ad

2243 2493 2528 2562 episcopos
2569 2491 2898 2547 Viennensis
2931 2492 2983 2545 in
3021 2491 3196 2546 Gallia
3244 2491 3556 2560 provincize,
3597 2492 3645 2545 in
3688 2505 3795 2557 qua,

2245 2594 2366 2654 post
2393 2585 2752 2654 signiﬁcatam
2794 2585 2874 2638 eis
2917 2599 3070 2638 suam
3099 2584 3452 2647 electionem,
3487 2583 3603 2638 illos
3645 2588 3792 2636 monet

2247 2686 2303 2729 et
2329 2693 2439 2730 sua:
2469 2675 2750 2746 metropoli
2775 2683 3122 2737 succurrant,
3152 2691 3274 2745 quae
3305 2677 3375 2731 ob
3395 2675 3691 2729 diuturnam
3733 2686 3789 2725 se-

2245 2769 2328 2822 dis
2359 2769 2698 2822 vacationem
2739 2767 2985 2837 jacturas
3011 2781 3205 2834 graves
3255 2768 3583 2837 patiebatur.
3630 2765 3795 2818 Eadem

2245 2861 2546 2921 occasione.
2570 2861 2867 2930 eodemque
2900 2871 3160 2930 tempore,
3192 2861 3438 2931 pontifex
3463 2860 3533 2915 ad
3553 2859 3791 2929 llugonem

2247 2952 2495 3006 abbatem
2516 2951 2955 3016 Cluniacensem,
2988 2969 3143 3007 summ
3172 2953 3302 3008 olim
3335 2955 3386 3009 in
3416 2951 3681 3022 tl'sciplina
3707 2962 3793 3001 rno-

2248 3044 2454 3098 nastica
2497 3045 2841 3114 magistrum,
2867 3045 3118 3114 scripsit,
3156 3060 3264 3114 qua
3315 3047 3493 3101 verbis
3531 3040 3792 3097 tenerrimis

2247 3149 2372 3188 eum
2411 3133 2767 3200 adhortatur,
2803 3143 2861 3188 ut
2903 3144 3107 3204 quanto
3137 3135 3300 3190 citius
3351 3136 3434 3190 fas
3462 3134 3508 3188 ei
3541 3131 3687 3186 fuerit
3713 3127 3778 3181 llo

2250 3239 2392 3278 mam
2429 3225 2672 3290 accedat,
2721 3225 2845 3294 ipsi,
2869 3227 2934 3280 ad
2970 3235 3076 3280 tam
3118 3241 3286 3296 grave
3333 3243 3470 3282 onus
3494 3222 3780 3294 portandqu

2247 3332 2402 3386 opem
2456 3317 2739 3371 allaturus.
2801 3317 3020 3372 Similes
3061 3318 3294 3381 litteras,
3333 3319 3426 3372 sed
3468 3333 3582 3387 qua:
3617 3311 3781 3368 excide

2249 3414 2404 3468 runt,
2456 3405 2793 3474 llaynaldum
2841 3405 3134 3460 Remorum
3186 3407 3489 3460 antistitem
3521 3405 3584 3458 ab
3614 3401 3794 3456 Urbane

2249 3496 2517 3570 recepisse
2556 3497 2776 3566 conjicit
2808 3495 3066 3551 Marlotus
3094 3505 3240 3552 tomo
3286 3497 3331 3551 ll
3363 3492 3665 3562 metropolis
3706 3489 3787 3542 Re-

2248 3585 2465 3644 mensis.
2493 3600 2558 3639 ex.
2582 3585 2771 3639 charta
2803 3585 2959 3640 initio
2986 3585 3114 3639 anui
3145 3586 3430 3654 sequentis
3458 3584 3596 3643 data,
3641 3579 3687 3632 in
3709 3589 3792 3645 qua

2247 3676 2584 3745 Raynaldus,
2633 3676 2901 3731 invitante
2929 3676 3172 3743 Urbano,
3205 3692 3264 3731 se
3294 3677 3521 3732 Romam
3551 3671 3687 3726 adire
3729 3675 3785 3720 te-

2247 3781 2443 3825 statur.
2479 3770 2558 3824 An
2604 3771 2766 3824 etiam
2808 3771 2874 3824 ad
2928 3770 3221 3840 Anglorum
3265 3769 3560 3831 antistites,
3600 3773 3790 3833 quorunl

2247 3863 2476 3932 primam
2519 3864 2702 3917 sedem
2757 3870 2886 3916 tunc
2925 3863 3206 3917 obtinebat
3257 3863 3453 3918 beatus
3499 3855 3787 3914 Lanfrancnt

2246 3951 2553 4006 Cantuarite
2584 3951 3048 4020 archiepiscopus,
3079 3951 3363 4019 scripserit
3386 3963 3552 4005 novus
3567 3940 3783 4014 pontifex-

2248 4041 2389 4096 haud
2421 4050 2630 4096 certum
2662 4052 2747 4095 est
2791 4056 2808 4095 :
2847 4051 2902 4095 at
2931 4056 2996 4094 ex
3031 4042 3201 4096 sancti
3230 4039 3472 4095 Anselmi
3511 4033 3678 4092 Gestis
3703 4025 3788 4081 σοι’

2246 4132 2426 4203 ﬁgitur
2452 4133 2730 4188 Urbanum
2762 4147 2891 4190 ante
2919 4135 3161 4203 ejusdem
3185 4137 3360 4190 sancti
3385 4133 3686 4202 electionem
3716 4133 3788 4177 net

2246 4225 2544 4280 admissum
2573 4241 2671 4280 nec
2707 4229 2964 4292 rejectum
2990 4227 3041 4279 in
3073 4226 3268 4296 Anglia
3296 4226 3482 4280 fuisse.

2564 4316 2750 4371 XXIV.
2797 4315 3066 4370 Urbanum
3103 4333 3279 4370 onmes
3307 4325 3510 4370 amant.

2316 4403 2488 4459 Tanta
2516 4417 2694 4461 autem
2727 4419 2843 4462 erat
2884 4409 3026 4476 apud
3059 4423 3248 4462 omnes
3275 4408 3341 4462 de
3378 4407 3588 4464 Urbano
3615 4393 3789 4468 opinio.

550 4480 790 4534 ctionem
823 4480 1004 4535 Romae
1055 4480 1222 4536 fuisse
1253 4480 1477 4546 factam,
1510 4492 1566 4535 at
1612 4499 1642 4536 a
1673 4483 1884 4537 caeteris
1910 4484 1962 4536 in
1995 4483 2137 4537 cele-
2175 4511 2217 4564 Ι)
2247 4502 2303 4548 ιιι
2333 4495 2509 4549 nullus
2542 4510 2662 4549 eum
2697 4512 2802 4550 non
2850 4504 3086 4558 amaret,
3141 4495 3429 4566 nullusque
3473 4509 3565 4565 pro
3614 4502 3725 4542 vero
3749 4489 3792 4535 cl

551 4571 776 4628 brandis
831 4571 1058 4642 hujusce
1107 4575 1381 4644 pontiﬁcis
1413 4575 1662 4632 laudibus
1707 4593 1812 4631 non
1869 4577 2137 4632 dissentit.

559 4659 758 4726 Ilorntc,
813 4662 1006 4732 inquit,
1046 4664 1344 4718 cardinales
1392 4675 1438 4718 et
1479 4667 1726 4735 episcOpi,
1756 4677 1801 4720 et
1847 4666 2030 4737 reliqui
2077 4669 2143 4720 de

469 4769 473 4773 ‘
551 4754 692 4806 clero
718 4765 765 4807 et
799 4757 991 4825 populo
1022 4758 1280 4811 catholico
1329 4755 1574 4812 Ottonem
1605 4758 1902 4813 Ostiensem
1937 4759 2140 4827 episco-

551 4861 701 4913 pum,
736 4850 981 4916 religione
1006 4859 1054 4902 et
1081 4849 1784 4914 eruditione'celebrandum,
1805 4868 1996 4922 papam
2018 4867 2138 4906 cut

551 4942 920 4997 ordinaverunt
938 4961 958 5009 ;
981 4947 1129 5015 eique
1151 4937 1341 4998 nomeri
1352 4943 1552 4998 Urbani
1576 4949 1792 5000 secundi
1815 4947 2137 5012 indiderunt,

553 5045 606 5084 Iv
666 5031 796 5085 ldus
831 5034 1035 5089 Martii.
1074 5036 1186 5090 Hac
1221 5036 1334 5105 ipsa
1366 5037 1558 5091 eadem
1602 5037 1690 5092 die
1713 5024 2141 5095 Urbani‘etectio

551 5124 904 5194 consignatur
958 5128 1012 5181 in
1055 5129 1202 5182 brevi
1248 5128 1520 5184 Chronico
1550 5129 1778 5185 Cavensi
1831 5132 1898 5186 ad
1952 5133 2139 5202 cyclos

553 5216 869 5286 paschales;
915 5218 1023 5272 imo
1050 5228 1105 5273 ct
1134 5221 1184 5274 in
1239 5220 1369 5290 ipsis
1401 5220 1604 5276 Urbani
1633 5221 1850 5290 litteris,
1895 5239 2030 5293 quas
2075 5240 2138 5278 ea

553 5307 620 5360 de
653 5310 981 5380 rescripsit.

621 5397 689 5452 Et
719 5401 936 5468 quidem
991 5401 1274 5456 Bertoldus
1325 5414 1556 5459 testatur
1584 5421 1779 5460 novum
1828 5408 2135 5477 pontiﬁcem

551 5489 738 5543 statim
766 5501 882 5557 post
915 5506 1069 5546 suam
1100 5491 1420 5548 electionem
1451 5495 1664 5549 litteras
1707 5497 2014 5567 encyclicas
2043 5513 2140 5566 per

468 5619 475 5626 -
552 5590 723 5637 totum
765 5584 951 5638 orbem
999 5584 1371 5640 Christianum
1405 5588 1636 5643 misisse.
1677 5588 2000 5657 Insequenti,
2051 5589 2138 5640 in-

547 5675 682 5742 quit,
727 5675 832 5742 die,
865 5676 1035 5730 missis
1067 5676 1253 5730 litteris
1285 5676 1522 5732 omnibus
1543 5678 1857 5743 Catholicis,
1889 5690 1936 5732 et
1983 5695 2137 5733 suam

545 5768 932 5825 ordinationem
964 5771 1203 5836 omnibus
1255 5769 1564 5838 declaravit,
1609 5784 1655 5828 et
1686 5789 1740 5828 se
1792 5775 1845 5830 in
1893 5774 2135 5830 omnibus

2246 4582 2449 4650 eptimo
2472 4584 2727 4652 pontiﬁce
2753 4599 2874 4639 eum
2908 4585 3137 4638 libenter
3173 4600 3277 4638 non
3315 4588 3651 4654 agnosceret,
3681 4585 3790 4643 [tr-'0'

2248 4681 2326 4726 ter
2359 4673 2652 4736 Henricum
2704 4674 3038 4742 Augustum,
3082 4673 3307 4744 ejusque
3348 4685 3600 4744 sequaces
3635 4685 3646 4718 :
3676 4672 3789 4732 quos

2247 4771 2424 4817 tamen
2455 4764 2607 4829 adeo,
2649 4779 2745 4831 pro
2775 4779 2872 4818 sua
2919 4766 3201 4835 prudentia
3245 4777 3299 4820 et
3337 4768 3556 4821 tenuitate
3605 4763 3786 4812 morum

2245 4853 2516 4918 demulsit,
2549 4863 2608 4907 ut
2632 4853 2919 4923 plerosque
2960 4855 3171 4910 illorum
3203 4859 3426 4926 puderet
3454 4872 3508 4909 se
3538 4861 3636 4905 tam
3662 4857 3788 4897 aina-

2245 4945 2358 5010 bili,
2394 4954 2500 4998 tam
2549 4957 2734 5001 sancto
2765 4948 2880 5001 viro
2907 4948 3208 5002 adversari.
3262 4949 3401 5004 llinc
3427 4947 3523 5002 sub
3551 4941 3656 5010 ejus
3679 4935 3783 4987 Vili”

2244 5036 2404 5089 linem
2435 5035 2522 5100 vix
2548 5037 2712 5106 aliqui
2739 5047 3059 5108 supererant
3083 5039 3449 5108 quiGuiberto
3471 5026 3688 5107 pontiﬁci
3710 5021 3785 5076 ad—

2243 5126 2532 5181 luererent.
2568 5126 2748 5191 Solus,
2785 5129 2958 5196 induit
2987 5128 3302 5194 Ordericus,
3344 5129 3592 5182 Henricus
3639 5115 3784 5170 Theu-

2243 5229 2420 5271 tonum
2441 5218 2678 5286 princeps
2707 5229 2753 5270 et
2780 5221 3044 5290 pedisequi
3087 5219 3318 5288 ejusdem
3354 5217 3591 5272 Guiberto
3629 5204 3781 5259 adluc-

2242 5311 2455 5373 rebnnt;
2501 5309 2638 5362 Galli
2667 5327 2781 5364 vero
2822 5323 2866 5365 et
2893 5311 3046 5381 Angli
3065 5351 3078 5374 .
3107 5311 3328 5381 αιὶωᾳιιε
3357 5321 3524 5382 gentes
3547 5313 3663 5374 pene
3683 5307 3778 5346 cnt-

2241 5419 2329 5455 nes
2375 5418 2465 5467 per
2513 5401 2687 5454 orbem
2719 5399 2934 5455 Urbano
2985 5403 3067 5470 pie
3096 5402 3533 5456 obsecundabant.
3570 5386 3693 5456 Qui"

2241 5489 2451 5556 Ρὶδαηὶ,
2477 5499 2534 5545 ιιι
2583 5492 2743 5545 habet
2777 5491 3078 5556 Bertoldus,
3112 5490 3407 5545 Cannenses
3453 5496 3498 5540 et
3542 5478 3626 5535 alii
3652 5466 3776 5526 mu!“

2240 5598 2304 5634 ea:
2331 5579 2518 5646 Italia,
2553 5582 2820 5636 debellato
2851 5599 2956 5637 uno
2997 5598 3063 5636 ex
3115 5582 3388 5637 Africanis
3421 5577 3637 5648 regibus,
3677 5570 3773 5648 ﬂii"

2241 5673 2542 5743 apostolica:
2580 5673 2716 5728 sedis
2745 5675 3082 5728 tributarium
3118 5674 3370 5744 fecerunt.
3399 5670 3556 5739 Cujus
3586 5650 3771 5725 expeti"

2243 5770 2405 5827 tionis
2439 5771 2684 5826 tnetninit
2712 5770 3016 5826 Chronicon
3047 5768 3326 5836 Pisanum,
3353 5769 3404 5823 in
3432 5779 3531 5836 quo
3552 5755 3657 5811 dine
3677 5756 3768 5797 mu-
