3962 6312
237 327 309 382 33
1788 326 1963 380 νιτλ.
3421 340 3486 393 54

243 441 517 494 uilissima!
549 439 709 493 urbes
734 439 821 494 die
847 439 1019 495 sancti
1045 438 1191 492 Xiin
1224 448 1391 506 capue
1423 446 1811 492 memorantur.
1846 442 1891 494 Α
1917 438 2203 509 υιείδςοριις
2234 442 2563 507 Parmensis,
2589 454 2641 498 et
2692 445 3010 501 Benedictus
3058 447 3364 517 przclectus,
3400 467 3484 504 re-

312 550 481 605 XXV.
524 548 872 602 Particnlaris
911 549 1024 616 ejus
1059 547 1323 599 electionis
1360 538 1634 615 descriptio
1679 562 1743 599 ex

737 620 995 672 Chronico
1028 616 1317 670 Casiaensi.

311 708 427 765 Huc
474 724 647 778 usque
696 709 877 762 varios
921 716 1200 769 auctores,
1234 704 1321 773 qui
1355 706 1478 757 data
1527 704 1813 757 occasione

237 800 550 854 summatim
583 799 647 851 de
678 797 882 852 Urbani
923 795 1188 849 electione
1237 794 1591 861 scripserunt,
1626 792 1809 847 lauda—

236 892 415 943 vimus
443 908 456 942 :
498 888 611 958 jam
642 903 773 942 vero
828 887 1069 955 proferre
1101 885 1229 937 libet
1264 885 1533 953 egregiam
1570 882 1684 950 ejus
1715 884 1809 936 de-

238 982 607 1048 scriptionem,
649 993 808 1048 quam
860 977 1051 1030 Petrus
1102 974 1361 1027 diaconus
1388 974 1525 1027 libro
1555 988 1606 1025 Iv
1635 972 1808 1025 Chro-

240 1073 343 1125 nici
374 1070 687 1125 Casinensis
712 1084 832 1137 cap.
880 1067 915 1119 2
943 1066 1195 1129 inseruit,
1229 1065 1316 1118 ubi
1340 1078 1554 1118 omnem
1582 1062 1696 1130 ejus
1723 1076 1809 1116 se-

241 1162 375 1215 riem
403 1175 523 1213 cum
564 1158 788 1227 singulis
828 1154 1247 1210 circumstantiis
1296 1152 1413 1207 fuse
1442 1161 1495 1206 et
1524 1152 1810 1222 particula-

242 1252 332 1304 tim
360 1250 613 1317 explicat.

316 1360 334 1391 ι
373 1342 499 1395 Post
527 1349 754 1394 mortem
778 1337 1011 1393 Victoris
1044 1336 1257 1391 tristitia
1301 1336 1488 1405 ingens
1518 1346 1572 1390 et
1611 1338 1806 1405 despe-

245 1430 381 1484 ratio
402 1437 626 1483 cunctos
657 1437 853 1481 nostrae
881 1427 1049 1496 partis
1078 1426 1307 1488 invasit;
1332 1424 1511 1492 etiam
1545 1425 1656 1479 fere
1682 1425 1809 1493 quid

245 1532 495 1591 agerent,
526 1521 609 1574 vel
648 1520 882 1590 qualiter
915 1534 971 1572 se
1004 1520 1068 1571 de
1099 1518 1337 1571 Ecclesia
1367 1518 1807 1581 intromitterent,

247 1615 585 1685 ignorabant.
617 1612 897 1682 Episcopis
948 1612 1367 1679 circumquaque
1413 1608 1675 1676 dispersis
1699 1606 1811 1661 fre--

246 1716 468 1776 quentes
497 1705 695 1767 nuntii,
742 1703 1031 1772 crebrique
1082 1701 1242 1770 legati
1296 1711 1401 1753 tam
1442 1699 1807 1753 Romanorum

1918 529 2155 583 tulerunt
2206 542 2261 586 et
2318 534 2413 601 ipsi
2463 542 2568 587 tam
2618 536 2934 590 clericorum
2988 554 3149 607 quam
3216 539 3480 593 laicorum

1914 620 2148 675 fidelium
2203 640 2232 677 a
2293 624 2460 679 Roma
2514 644 2673 696 super
2743 630 2843 683 hoc
2898 633 3111 700 negotio
3161 631 3481 701 legationem

1912 713 2119 779 pariter
2140 724 2302 784 atque
2332 733 2691 786 consensum;
2723 722 2987 785 videlicet,
3024 732 3080 775 ut
3109 740 3483 796 quemcunque

1914 804 2011 874 ipsi
2045 815 2171 860 tunc
2196 810 2433 861 unanimi
2460 820 2582 864 voto
2610 812 2675 864 ad
2708 812 2808 865 hoc
2832 812 3059 867 ollicium
3084 824 3479 882 promovet-ent,

1910 896 2153 947 eumdem
2186 912 2372 949 omnes
2402 899 2513 966 pari
2546 910 2593 952 et
2624 900 2781 953 simili
2809 916 3074 955 consensu
3098 902 3146 954 in
3181 914 3351 972 apost'
3378 905 3476 957 lica

1912 982 2036 1036 sede
2067 988 2407 1040 statuendum
2479 991 2796 1057 reciperent.
2829 991 3068 1059 Cumque
3093 994 3248 1063 hujus
3299 1011 3482 1047 mona-

1910 1076 2250 1131 steriiabbas
2302 1086 2357 1131 ct
2438 1080 2876 1150 archiepiscopus
2946 1082 3252 1150 (Iapuanns,
3310 1094 3363 1137 et
3415 1084 3480 1137 ad

1910 1175 2245 1236 postremum
2295 1169 2383 1237 qui
2432 1183 2814 1237 convenerant,
2867 1172 3200 1227 benefactum
3237 1187 3483 1243 recteque

1911 1259 2110 1313 dictum
2155 1259 2555 1315 laudassent....
2608 1274 2912 1317 statuerunt
2965 1268 3177 1319 demum
3208 1268 3479 1321 communi

1911 1352 2165 1413 consilio,
2228 1362 2287 1405 ut
2340 1368 2436 1421 per
2482 1364 2591 1409 tres
2653 1356 2769 1410 illos
2820 1356 2954 1421 dies,
2983 1358 3031 1410 id
3057 1360 3397 1425 estquintam
3431 1370 3483 1411 ct

1910 1452 2119 1495 sextam
2176 1442 2385 1503 feriant.
2448 1460 2509 1499 ac
2560 1445 2795 1501 Sabbato
2829 1449 3135 1501 triduanum
3176 1450 3482 1517 Specialittr

1905 1534 2166 1604 jejunium
2205 1538 2536 1592 celebrarent
2579 1539 2631 1592 in
2690 1540 3014 1594 abstinentia
3067 1541 3481 1595 etorationilms

1912 1640 1975 1679 ac
2026 1626 2404 1695 elccmosyuis,
2469 1629 2726 1683 divinitus
2779 1630 2985 1684 ostendi
3051 1629 3148 1683 sibi
3198 1646 3481 1700 personam

1914 1722 2076 1767 tanta)
2125 1716 2369 1784 dignitati
2420 1718 2742 1784 condignam
2794 1718 3063 1772 continuis
3109 1719 3357 1788 precibus
3386 1719 3484 1771 im-

248 1771 400 1866 qnam
447 1771 982 1851 Ultramoutanorum
1030 1802 1083 1847 et
1132 1792 1418 1846 comitissa:
1451 1790 1718 1844 Mathildae
1747 1790 1812 1843 ad

1920 1813 2207 1870 petrareut.
2258 1804 2531 1858 Dominica
2583 1806 2763 1874 itaque
2806 1806 2891 1860 die
2921 1806 3073 1860 valde
3107 1821 3261 1859 mane
3297 1821 3486 1861 omnes

249 1888 457 1941 eosdem
480 1886 762 1955 episcopos
798 1883 1121 1945 transmissi,
1151 1882 1503 1936 hortabantur
1527 1881 1729 1951 pariter
1750 1896 1813 1934 ac

254 1978 507 2047 rogabant
536 1984 661 2029 ut...
696 1976 747 2029 in
791 1990 954 2027 unum
998 1973 1379 2027 convenientes
1422 1980 1584 2040 caput
1633 1969 1813 2024 facere

256 2068 669 2125 Christianitatis
691 2075 1028 2135 satagerent:
1049 2062 1287 2118 membra
1310 2062 1403 2115 Dei
1432 2060 1631 2114 auxilio
1650 2060 1811 2129 capiti

268 2176 365 2213 non
411 2158 667 2212 defutura.
728 2156 967 2210 Tandem
1045 2155 1226 2222 itaque
1283 2168 1494 2206 rursum
1548 2152 1601 2204 in
1649 2166 1811 2204 unum

266 2252 560 2315 coadunati,
592 2266 693 2303 una
723 2265 847 2303 cum
890 2247 1085 2302 abbate
1141 2254 1328 2300 nostro
1374 2244 1616 2299 Oderisio
1654 2244 1813 2297 mise-

263 2351 377 2394 runt
423 2341 631 2393 litteras
687 2339 945 2392 Romanis
1004 2338 1215 2392 clericis
1259 2352 1323 2390 ac
1383 2335 1563 2397 laicis,
1628 2335 1813 2388 Sancti

254 2431 391 2485 Petri
435 2432 701 2495 tiuclibus,
749 2440 808 2483 ut
858 2438 1121 2499 quotquot
1171 2444 1237 2483 ex
1262 2429 1339 2481 cis
1369 2436 1608 2496 possent,
1643 2426 1813 2495 prima

254 2523 576 2578 hebdomada
610 2521 1069 2590 Quadragesimze,
1115 2518 1465 2572 Terracinam
1525 2518 1811 2572 venirent:

250 2623 510 2683 quotquot
558 2628 687 2668 vero
754 2630 856 2668 non
913 2621 1155 2681 possent,
1218 2626 1497 2665 assensum
1549 2627 1702 2665 suum
1762 2611 1813 2663 in

249 2721 501 2773 persona,
535 2721 700 2774 quam
748 2705 846 2774 ipsi
902 2703 1153 2757 concordi
1215 2712 1336 2756 voto
1385 2703 1661 2771 eligerent.
1695 2718 1819 2769 pro-

244 2799 376 2867 priis
429 2798 621 2851 litteris
666 2804 1134 2866 reprzeseutarent.
1177 2794 1434 2848 Similiter
1462 2795 1621 2847 etiam
1658 2792 1820 2845 misc-

238 2897 371 2941 runt
399 2888 613 2941 litteras
676 2887 945 2940 universis
994 2886 1415 2952 circumquaque
1441 2899 1536 2952 per
1584 2884 1813 2950 Campn-

242 2977 412 3038 niam,
487 2975 876 3045 Principatum,
946 2983 1105 3043 atque
1175 2973 1421 3041 Apuliam
1477 2971 1817 3026 manentibus

241 3067 511 3136 episcopis
559 3075 719 3135 atque
762 3065 1065 3129 abbatibus,
1125 3074 1178 3118 ut
1241 3064 1548 3133 quicunque
1596 3071 1815 3133 possent
1846 3102 1884 3156 (ζ

240 3159 449 3226 absque
468 3157 725 3211 canonica
750 3155 1097 3210 excusatione
1130 3170 1225 3224 per
1269 3154 1475 3222 seipsos
1521 3154 1586 3206 ad
1622 3154 1818 3223 przedi-
1848 3142 1887 3158 “’

239 3258 385 3302 ctum
404 3248 581 3301 locum
606 3255 659 3301 et
684 3253 1249 3315 tempusnccurrercnt
1267 3260 1281 3308 ;
1300 3259 1405 3296 non
1431 3254 1612 3298 autem
1631 3244 1815 3297 valen-

240 3348 338 3403 tes,
369 3348 470 3392 aut
499 3352 595 3405 per
624 3337 842 3391 idoneas
870 3350 1149 3406 personas,
1178 3344 1270 3389 aut
1294 3344 1441 3388 certe
1465 3351 1560 3404 per
1583 3336 1812 3400 litteras,

238 3444 564 3483 consensum
588 3443 743 3481 suum
774 3428 1139 3480 transmittere
1167 3427 1558 3496 perstuderent.
1590 3425 1813 3478 Factum

236 3535 335 3587 est,
369 3533 429 3578 et
457 3531 647 3591 quarta
698 3520 828 3573 feria
879 3521 1067 3589 prima:
1116 3518 1461 3572 hebdomadis
1511 3516 1816 3583 Quadragc-

237 3617 430 3677 sirnte,
494 3629 593 3687 .vm
653 3612 857 3665 scilicet
883 3611 1004 3664 ldus
1068 3608 1266 3671 Martii,
1325 3607 1627 3676 congregati
1693 3613 1817 3659 sunt

237 3704 375 3774 apud
406 3701 760 3756 Terracinam
812 3699 1119 3769 Campania:
1181 3698 1451 3752 civitatem
1520 3710 1640 3749 cmn
1702 3696 1813 3763 cpi-

244 3794 430 3863 scopis
483 3800 537 3845 et
584 3789 946 3845 cardiualibus
992 3788 1250 3842 Romanis
1288 3801 1448 3855 supra
1503 3785 1814 3849 nominatis,

238 3897 556 3955 atquecum
604 3892 791 3936 nostro
838 3882 1033 3935 abbate
1070 3880 1349 3942 Oderisio,
1404 3878 1817 3945 archiepiscopi,

238 3974 509 4045 episcopi,
552 3982 712 4041 atque
762 3974 983 4026 abbates
1044 3987 1108 4025 ex
1160 3969 1387 4023 diversis
1434 3968 1694 4037 partilms,
1724 3984 1822 4021 nn-

238 4079 393 4118 mero
442 4060 833 4131 quadraginta;
869 4060 935 4113 ab
982 4059 1113 4113 urbe
1160 4067 1337 4112 autem
1367 4057 1558 4121 Roma,
1589 4056 1821 4111 Joannes

238 4154 567 4212 Portuensis
595 4153 877 4221 episcopus
898 4192 911 4215 ,
935 4151 1173 4204 omnium
1197 4149 1549 4203 cardinalium
1584 4154 1637 4200 et
1663 4146 1819 4200 cleri-

239 4266 437 4304 corum
469 4246 749 4300 catholica:
804 4245 1064 4298 duntaxat
1114 4242 1252 4311 parti
1285 4240 1615 4304 faventium;
1649 4238 1815 4292 Bene-

240 4341 426 4395 dictus
482 4354 609 4393 vero
647 4335 948 4405 prtefectus,
996 4335 1367 4387 universorum
1408 4332 1663 4386 laicornm
1701 4330 1826 4383 tide-

1916 1892 2108 1945 iterum
2140 1894 2189 1945 in
2219 1893 2404 1946 eadem
2452 1895 2677 1948 ecclesia
2736 1897 3066 1965 congregati,
3118 1912 3237 1949 cum
3268 1897 3406 1949 inter
3427 1912 3485 1951 se

1915 1983 2117 2049 pariter
2162 1982 2412 2035 nonnulla
2465 1983 2531 2037 de
2573 1999 2631 2038 re
2676 1985 3047 2053 hujuscemodi
3087 1988 3482 2048 tractavissent,

1914 2079 2264 2139 exsurgentes
2329 2080 2438 2126 tres
2493 2073 2793 2126 cardinales
2867 2074 3127 2143 episcopi,
3185 2076 3273 2143 qui
3327 2086 3485 2144 caput

1915 2158 2150 2224 ejusdem
2175 2160 2387 2214 concilii
2450 2171 2626 2227 erant,
2684 2161 2994 2217 Portuensis
3031 2163 3254 2223 scilicet,
3286 2162 3487 2218 Tuscu-

1917 2249 2151 2305 lancnsis
2222 2260 2279 2305 ct
2346 2252 2689 2317 Alhancnsis,
2755 2254 3036 2308 ambonem
3102 2255 3486 2318 ascenderunt,

1915 2342 2163 2412 factoque
2236 2343 2473 2407 silentio,
2533 2360 2638 2399 uno
2687 2346 2845 2400 simul
2880 2361 2972 2400 ore
2998 2349 3345 2416 pronuntiant
3390 2347 3487 2402 Ot-

1920 2443 2099 2487 toncm
2127 2436 2435 2503 episc0pum
2468 2436 2683 2504 placere
2706 2437 2806 2491 sibi
2850 2438 2900 2491 in
2940 2438 3240 2491 Romanum
3269 2442 3487 2509 pontili-

1916 2536 2032 2576 com
2088 2523 2410 2591 eligendum.
2488 2525 2729 2595 Cumque
2804 2536 2982 2580 utrum
3037 2530 3285 2582 omnibus
3346 2530 3485 2582 idem

1918 2629 2131 2682 quoque
2164 2616 2420 2684 placeret,
2450 2617 2588 2669 sicut
2626 2627 2706 2670 est
2729 2620 3079 2683 consuetudo,
3122 2622 3484 2689 requirerent;

1920 2715 2139 2771 repente
2172 2705 2400 2758 mirabili
2461 2721 2525 2759 ac
2564 2722 2770 2761 summa
2828 2710 3136 2773 concordia,
3164 2725 3351 2762 omnes
3380 2726 3489 2762 ma.

1919 2809 2019 2860 {ina
2056 2808 2189 2846 voce.
2219 2795 2319 2848 hoc
2341 2794 2440 2848 sibi
2471 2794 2699 2863 placere.
2736 2797 3062 2866 digmnnqnc
3086 2796 3232 2851 illum
3258 2798 3489 2853 universi

1919 2883 2257 2937 Conclamant
2280 2885 2587 2953 apostolica:
2616 2887 2758 2941 sedis
2804 2902 2994 2956 papam
3044 2890 3297 2944 existere.
3335 2890 3487 2943 Tunc

1920 2975 2205 3030 Albanensi
2246 2978 2495 3046 episeopo
2556 2980 2964 3047 pronuntiante,
3021 2979 3290 3034 Urbanum
3341 2981 3488 3035 illum

1921 3068 2134 3137 placere
2163 3070 2369 3135 vocari;
2402 3086 2520 3123 mox
2566 3073 2744 3126 cuu'cti
2772 3082 3054 3144 surgentes
3078 3076 3313 3142 capiunt,
3347 3090 3491 3129 eum-

1921 3176 2026 3229 que
2053 3176 2274 3230 cappam
2303 3161 2508 3215 laneam
2539 3172 2819 3225 cxttentes,
2872 3180 3194 3233 purpuream
3243 3167 3489 3229 induunt,

1920 3263 1973 3307 et
2020 3270 2138 3307 cum
2193 3253 2613 3316 acclamatione,
2664 3264 2825 3323 atque
2868 3254 3206 3310 invocatione
3258 3256 3492 3326 Spiritus

1918 3339 2088 3393 sancti
2122 3338 2187 3391 ad
2213 3339 2383 3392 altare
2418 3338 2560 3392 beati
2598 3338 2741 3392 Petri
2799 3340 3026 3409 apostoli
3094 3340 3240 3394 illum
3285 3353 3492 3409 pertra-

1918 3429 2129 3492 hentes,
2183 3428 2234 3481 in
2289 3428 2581 3496 pontificali
2640 3428 2774 3482 solio
2846 3439 3053 3496 ponunt
3115 3438 3309 3497 quarto
3371 3430 3491 3483 ldus

1918 3517 2093 3571 Martii
2126 3536 2139 3571 :
2173 3519 2355 3586 sicque
2386 3518 2453 3571 ab
2483 3519 2669 3572 eodem
2711 3519 2962 3585 pontifice
2990 3519 3151 3572 miSsa
3177 3519 3493 3571 solemniter

1916 3606 2207 3672 celebrata,
2235 3606 2467 3659 universi
2516 3606 2831 3672 gaudentes,
2868 3606 3084 3676 Deoque
3123 3608 3327 3678 gratias
3355 3610 3490 3663 rere-

1920 3708 2123 3762 rentes,
2167 3698 2445 3752 redierunt
2490 3697 2555 3751 ad
2610 3713 2727 3751 sua.
2786 3697 2909 3751 lltec
2953 3698 3145 3753 Petrus
3214 3699 3489 3761 diaconus,

1920 3789 2114 3857 quibus
2160 3788 2432 3858 jnngenda
2468 3800 2586 3856 quae
2623 3789 2735 3857 ipse
2778 3788 3028 3844 Urbanus
3073 3790 3233 3844 habet
3281 3789 3333 3842 in
3383 3791 3495 3858 epi-

1923 3880 2076 3934 smlis
2102 3897 2262 3937 supra
2281 3880 2514 3933 lattlatis

1922 3994 2110 4049 XXVI.
2157 3993 2401 4065 Pontifex
2423 3993 2599 4065 Casini
2632 3994 2886 4047 mimcnlo
2914 4005 3153 4048 sanatur.
3189 3994 3321 4048 Inde
3347 4013 3496 4049 ossu-

2356 4065 2446 4116 nti!
2473 4064 2731 4117 Joannem
2758 4066 3058 4118 diaconum.

1996 4155 2191 4209 Narrat
2239 4154 2375 4209 idem
2421 4153 2612 4209 Petrus
2648 4154 2784 4208 libro
2821 4169 2906 4215 tv,
2953 4171 3074 4224 cap.
3124 4155 3176 4208 5.
3223 4154 3495 4208 Urbanum

1927 4255 2047 4315 post
2094 4260 2245 4299 suam
2294 4244 2609 4298 electionem
2660 4260 2876 4297 sacrmn
2914 4244 3093 4298 Casini
3138 4254 3371 4299 montem
3413 4247 3498 4298 inv

1927 4338 2153 4397 visisse.
2205 4336 2384 4405 ibique
2431 4337 2602 4390 sancti
2650 4334 2830 4389 Patris
2875 4335 3149 4391 Benedicti
3207 4336 3415 4390 meritis
3467 4351 3495 4389 a

242 4430 373 4482 lium
450 4427 773 4496 legationem
840 4434 893 4477 et
966 4438 1286 4478 consensum
1364 4422 1674 4475 unanimem
1731 4436 1826 4489 pCI'
1860 4461 1904 4514 Β
1931 4427 2249 4495 gravissimo
2294 4426 2478 4479 lateris
2516 4426 2728 4491 dolore,
2764 4441 2870 4495 quo
2915 4424 3223 4494 frequenter
3253 4425 3496 4478 alllictari

242 4522 460 4575 litteras
501 4519 818 4571 attulerunt.
867 4516 1189 4585 Legatorum
1233 4525 1411 4570 autem
1450 4514 1818 4569 Ultramonta-

244 4625 449 4663 norum
478 4617 531 4661 et
561 4605 832 4660 Matiiildtn
860 4606 1151 4659 comitissa:
1174 4604 1410 4659 nonnulli
1436 4602 1819 4667 interfuerunt,

241 4709 473 4755 orantes
504 4703 765 4753 instanter
803 4709 859 4751 ut
909 4700 1080 4752 eidem
1114 4708 1332 4768 propter
1364 4712 1524 4764 quam
1553 4710 1822 4749 convene-

244 4800 366 4845 rant
398 4790 505 4853 rei,
536 4804 659 4844 cum
716 4789 916 4842 auxilio
966 4798 1020 4843 et
1068 4789 1235 4855 gratia
1279 4786 1480 4856 Spiritu
1526 4786 1716 4847 sancti,
1749 4785 1820 4839 ita

240 4880 535 4934 studerent
558 4886 616 4931 ut
640 4878 756 4930 laeta
794 4877 897 4931 illis
921 4892 952 4930 a
980 4878 1173 4946 quibus
1206 4876 1364 4943 legati
1391 4875 1606 4929 fuerant
1636 4876 1821 4928 mmtia

239 4969 454 5024 referre
504 4967 764 5020 valerent.
838 4966 1018 5021 Altera
1087 4967 1249 5034 igitur
1301 4966 1405 5031 die,
1457 4972 1823 5020 convenerunt

239 5072 442 5112 omnes
475 5055 675 5125 pariter
702 5055 769 5108 ad
814 5056 1141 5125 episcopium)
1178 5054 1447 5123 praedicta:
1493 5054 1729 5109 civitatis
1769 5054 1820 5106 in

240 5146 480 5202 ecclesia
512 5145 652 5198 beati
682 5145 1043 5214 apostolorum
1069 5144 1322 5213 principis
1346 5154 1400 5197 et
1426 5144 1596 5197 sancti
1621 5143 1821 5197 Christi

242 5238 425 5291 levita!
442 5236 681 5298 Catsarii,
698 5245 882 5288 etcum
900 5237 1249 5296 resedissent,
1262 5250 1490 5302 surgens
1513 5235 1564 5288 in
1589 5236 1820 5290 medium

243 5324 674 5381 Tusculanensis
701 5326 1006 5394 episcopus,
1033 5326 1213 5378 retulit
1250 5342 1344 5396 per
1367 5328 1613 5381 ordinem
1642 5328 1820 5381 omnia

244 5432 367 5486 quae
426 5416 494 5471 de
544 5415 882 5472 ordinatione
932 5416 1205 5480 Ecclesite,
1288 5417 1368 5471 vel
1421 5432 1554 5487 papa
1616 5419 1823 5489 Grego-

245 5510 363 5564 rius
408 5516 588 5572 antea,
628 5506 711 5561 vel
766 5507 1105 5576 postmodum
1164 5523 1301 5576 papa
1373 5510 1560 5563 Victor
1624 5519 1822 5564 statue-

246 5607 397 5664 rant,
426 5599 589 5671 simul
612 5601 774 5656 etiam
798 5615 961 5669 quam
991 5602 1061 5654 ob
1088 5616 1306 5654 causam
1334 5601 1551 5670 ipsimet
1580 5603 1818 5657 universi

246 5697 378 5745 tunc
425 5690 476 5746 in
520 5691 707 5748 eodem
763 5690 882 5748 loco
932 5704 1318 5748 convenerant.
1361 5693 1564 5749 Dehinc
1596 5709 1820 5765 surgens

1929 4519 2135 4573 solebat
2154 4558 2168 4581 ,
2201 4526 2432 4584 tuncque
2470 4518 2814 4571 vehementer
2835 4515 3184 4580 adiciebatur,
3214 4516 3496 4569 liberatum

1925 4608 2111 4664 fuisse.
2146 4607 2428 4678 Subjungit
2450 4607 2640 4661 Petrus
2670 4606 2769 4660 hoc
2793 4606 3109 4660 miraculum
3135 4605 3500 4658 testimonium

1926 4701 2007 4753 sui
2045 4699 2275 4766 corporis
2305 4698 2443 4766 apud
2470 4695 2719 4750 Casinum
2751 4696 3039 4764 prrrsentia:
3068 4709 3096 4748 a
3136 4694 3294 4748 beato
3335 4691 3500 4746 Bene.

1925 4789 2071 4844 dicto
2102 4795 2371 4855 patratum
2418 4785 2613 4850 fuisse,
2641 4786 2812 4854 quod,
2848 4786 3042 4854 inquit,
3080 4799 3142 4836 ea
3180 4784 3244 4837 de
3282 4799 3339 4837 re
3371 4799 3501 4853 pon-

1928 4878 2054 4933 tifex
2082 4878 2328 4931 dubitare
2371 4876 2641 4929 videretur
2677 4874 2905 4944 (Bnllar.
2937 4873 3116 4926 Casin.
3150 4880 3188 4926 t.
3223 4872 3269 4936 l,
3300 4888 3353 4941 p.
3390 4872 3496 4940 12).

1926 4970 1990 5022 Et
2018 4969 2233 5039 quidem
2262 4967 2458 5035 vulgati
2503 4975 2750 5019 auctores
2780 4964 2976 5019 bullam
3013 4962 3208 5017 Urbani
3241 4978 3301 5016 ea
3347 4977 3501 5018 occa-

1926 5062 2076 5115 sione
2102 5060 2279 5114 datam
2312 5058 2547 5111 landant.
2590 5056 2695 5112 Sed
2728 5058 2839 5109 hinc
2866 5072 2892 5108 a
2922 5054 3153 5109 Baronio
3192 5056 3257 5107 ad
3299 5070 3497 5107 annum

1930 5152 2086 5215 1088,
2117 5150 2345 5218 aliisque
2372 5148 2500 5202 viris
2530 5148 2724 5212 doctis,
2762 5146 2921 5200 veluti
2950 5147 3129 5215 spuria
3157 5143 3502 5214 Γιο]ἰ(’Ῐ1111“.[)ο

1927 5242 2090 5311 hujus
2124 5240 2435 5294 sinceritate
2462 5238 2549 5291 alii
2573 5238 2890 5307 jndicabunt
2917 5255 2927 5289 :
2956 5247 3007 5289 at
3030 5236 3367 5290 desimulare
3392 5251 3496 5290 non

1930 5333 2055 5386 licet
2078 5346 2197 5385 eam
2226 5330 2295 5385 ob
2322 5340 2569 5384 notarum
2606 5328 3105 5398 chronologicarum
3144 5325 3384 5381 defectus
3404 5366 3418 5391 ,
3447 5335 3501 5382 ct

1930 5440 2110 5480 rerum
2140 5424 2190 5477 in
2228 5423 2341 5490 ipsa
2373 5430 2744 5476 contentarum
2780 5420 3154 5481 insolentiam,
3186 5419 3292 5471 imo
3325 5418 3498 5485 ipsum

1926 5515 2090 5568 etiam
2123 5513 2318 5582 stylum
2346 5510 2484 5579 apud
2510 5512 2759 5564 cordatos
2788 5510 3034 5563 homines
3072 5519 3125 5562 et
3154 5509 3392 5561 eruditos
3444 5509 3497 5561 in

1925 5603 2045 5657 falsi
2077 5602 2436 5670 suspicionem
2476 5615 2579 5653 non
2622 5599 2892 5653 immerito
2924 5599 3149 5653 venisse.
3196 5597 3260 5651 Et
3283 5602 3497 5665 quidem

1924 5692 2047 5747 licet
2078 5692 2313 5770 nobilius
2334 5690 2859 5767 inliciariUrbamtm
2889 5690 3059 5745 sancti
3095 5688 3363 5744 Benedicti
3389 5704 3499 5741 mc-
