3962 6312
525 310 598 364 55
1839 297 1897 352 Β.
1941 295 2104 352 Ulill.‘

2229 292 2268 346 ll
2309 292 2510 348 PAPAE'.
3700 296 3757 352 36

527 422 650 475 ritis
697 420 748 473 in
779 433 934 472 sacro
986 425 1161 469 monte
1208 414 1492 468 sanitatem
1543 427 1923 481 recuperasse,
1968 409 2105 463 haud
2135 414 2180 471 Α
2212 407 2460 461 manibus
2496 406 2652 477 hujus
2700 408 3009 462 monasterii
3049 408 3337 464 ecclesiam
3392 422 3755 466 consecrasset.

530 519 711 563 tamen
736 506 1086 567 admittimus,
1115 502 1254 569 quod
1283 502 1372 555 ille
1402 510 1589 555 auctor
1621 510 1835 565 narrat,
1860 508 2104 553 sanetum

528 597 743 651 Patrem
777 594 1012 665 pontiﬁci
1052 591 1396 660 apparuisse,
1428 602 1485 643 ut
1529 605 1651 643 eum
1704 588 1770 641 de
1824 588 2103 657 praesentia

530 688 613 741 sui
640 686 803 753 ipsius
829 682 1070 752 corporis
1104 682 1241 749 apud
1290 680 1579 742 Casinum,
1612 695 1773 748 quam
1799 687 1954 733 antea
2000 694 2104 731 non

529 777 801 837 credebat,
852 772 1052 824 faceret
1102 770 1413 824 certiorem.
1466 768 1660 837 Liquet
1701 770 1843 822 enim
1892 785 1957 822 ex
1988 769 2107 823 aliis

530 864 727 932 passim
759 861 912 923 locis,
948 860 1164 914 Petrum
1198 858 1456 928 ejusmodi
1490 856 1797 911 historiolas
1825 858 2107 912 occasione

531 949 909 1004 miraculorum
957 948 1131 1015 rcipsa
1166 964 1193 998 τι
1224 954 1410 1001 sancto
1456 945 1743 999 Benedicto
1772 954 2105 1014 patratorum

529 1041 726 1110 passim
755 1041 867 1093 suis
893 1039 1291 1092 narrationibus
1322 1038 1698 1101 iunniscursse,
1721 1053 1838 1105 qua:
1880 1052 2000 1092 cum
2028 1052 2108 1092 rc-

530 1146 649 1185 rum
673 1139 948 1199 gestarum
974 1130 1200 1183 veritate
1228 1140 1373 1181 stare
1396 1124 1765 1196 non'possunt.

602 1223 656 1275 Si
680 1222 853 1275 eidem
883 1220 1088 1273 auctori
1118 1220 1421 1283 credamus,
1452 1218 1699 1272 Urbanus
1722 1220 2105 1273 monasterium

530 1313 828 1367 Casinense
866 1327 1053 1365 rursus
1085 1311 1267 1363 inrisit
1297 1310 1455 1380 paulo
1488 1319 1612 1364 ante
1656 1308 1946 1377 Trojanum
1978 1325 2103 1379 syn'

530 1404 713 1456 odum.
748 1403 861 1467 Quo
894 1413 1137 1471 tempore,
1170 1402 1360 1470 inquit,
1389 1417 1507 1471 cap.
1536 1402 1587 1465 7,
1620 1403 1950 1468 supradictus
1970 1418 2104 1469 papa

533 1491 774 1546 Urbanus
824 1492 1007 1543 iterant
1059 1493 1127 1544 ad
1182 1493 1278 1544 ltus
1316 1502 1486 1560 partes
1542 1492 1809 1543 deueniens
1849 1490 2105 1542 Joannem

529 1585 839 1654 Cujetanum
869 1585 970 1638 loci
1006 1586 1193 1654 hujus,
1237 1585 1287 1638 id
1319 1594 1399 1638 cst
1426 1585 1626 1648 Casini,
1656 1583 1964 1637 monachum
1991 1582 2106 1634 dia-

530 1692 714 1729 conum
742 1677 794 1728 in
830 1676 1166 1729 Lateranensi
1199 1676 1517 1745 patriarchio
1544 1674 1820 1727 ordinavit.
1849 1673 1916 1725 At
1944 1672 2103 1726 Joan-

533 1766 615 1819 nis
644 1767 930 1835 promotio,
966 1775 1021 1819 ut
1055 1769 1105 1819 in
1134 1769 1274 1820 hunc
1298 1767 1472 1821 locum
1506 1767 1757 1821 observat
1780 1764 2012 1834 Angelus
2035 1751 2100 1818 at»
2132 1746 2173 1801 Β

530 1853 696 1919 Nuce,
731 1857 795 1908 ad
834 1857 1063 1924 primum
1094 1855 1299 1910 Urbani
1341 1872 1616 1909 accessum
1648 1855 1887 1909 revocari
1927 1854 2104 1918 debet,

530 1941 691 2012 i.!que
714 1944 1081 2014 compluribus
1124 1956 1177 1999 et
1218 1946 1531 2000 indubitatis
1570 1946 1950 2015 diplomatibus
1984 1960 2104 1999 cer-

529 2043 639 2088 tum
666 2045 771 2101 est,
796 2052 915 2105 quae
958 2052 988 2089 τι
1033 2035 1241 2091 Joanne
1279 2038 1380 2092 hoc
1410 2038 1524 2107 ipso
1561 2038 1869 2092 anno-1088
1906 2036 2103 2091 Urbant

525 2128 872 2195 pontiﬁcatus
931 2130 1105 2197 primo
1148 2130 1447 2197 subscripta
1493 2130 1691 2199 passim
1744 2128 2101 2197 reperiuntur.

526 2216 684 2270 Certe
708 2219 842 2271 hanc
869 2229 1048 2271 notam
1073 2219 1272 2272 diserte
1317 2219 1516 2272 habent
1544 2217 1743 2273 Urbani
1785 2218 1978 2293 littera:
2011 2231 2105 2286 pro

527 2306 758 2375 primatu
789 2305 1062 2361 'l‘oletana:
1092 2307 1342 2362 Ecclesiae
1365 2308 1416 2361 in
1451 2307 1738 2376 Hispaniis,
1768 2307 2104 2375 privilegium

527 2396 905 2460 Cluniacense,
937 2405 991 2449 et
1017 2396 1117 2449 alia
1145 2397 1340 2471 quibus
1368 2397 1685 2465 subscripsit
1712 2395 1947 2449 Joannes
1969 2409 2106 2464 pra:-

526 2487 807 2555 signatoris
839 2488 991 2542 titulo
1026 2504 1193 2558 usque
1224 2490 1291 2543 ad
1327 2505 1527 2543 annuat
1560 2490 1690 2544 1089
1714 2503 1818 2557 quo
1846 2487 2106 2543 cancella-

527 2579 595 2632 rii
627 2580 940 2651 dignitatem
977 2582 1226 2635 obtinuit.

526 2690 738 2747 XXVII.
778 2692 1063 2766 Bantinunt
1100 2696 1471 2766 monasterium
1508 2695 1712 2749 dedicat
1759 2705 1807 2749 et
1836 2695 2102 2766 privilegio

771 2765 959 2827 donat;
983 2765 1119 2833 quod
1144 2765 1387 2818 violatura
1410 2766 1579 2819 denuo
1603 2766 1863 2833 ﬁrmatur.

596 2854 785 2908 Atkiuc
814 2854 865 2907 in
904 2855 1182 2911 Casinensi
1225 2857 1551 2912 monasterio
1591 2858 1906 2911 versabatur
1933 2856 2102 2912 Urba-

527 2961 658 3010 nus,
691 2962 812 2999 cum
843 2961 871 2999 a
897 2945 1126 3015 Rogerio
1149 2945 1285 3001 duce
1307 2956 1360 3000 et
1388 2945 1557 3001 fratre
1600 2947 1716 3016 ejus
1756 2945 2099 3013 Boatnundo,

528 3033 751 3088 Roberti
783 3034 1065 3089 Guiscardi
1096 3036 1245 3097 filiis,
1278 3035 1437 3089 simul
1467 3044 1522 3089 ct
1552 3036 1618 3088 ab
1652 3035 1876 3090 Ursionc
1908 3036 2100 3093 abbate
2129 3075 2171 3133 Ο

526 3126 843 3180 monasterii
889 3124 1101 3179 Bantini
1150 3142 1315 3195 prope
1371 3125 1756 3181 Acheruntiam
1808 3127 1861 3179 in
1908 3126 2097 3196 Apulia

528 3216 638 3278 siti,
670 3216 925 3271 invitatus
947 3228 1047 3281 est,
1072 3219 1137 3271 ad
1167 3218 1404 3287 ejusdem
1436 3218 1535 3272 loci
1570 3217 1854 3272 ecclesiam
1897 3218 1950 3271 in
2003 3220 2104 3272 ito-

530 3320 713 3359 norem
744 3306 913 3360 beata:
944 3306 1123 3360 Maria:
1150 3309 1589 3362 consecrandam.
1614 3306 1766 3372 Quod
1793 3321 1912 3365 cum
1941 3306 2103 3361 fecis-

529 3406 611 3450 set
635 3396 892 3465 pontifex,
922 3398 1130 3451 il'orum
1181 3398 1477 3466 principum
1520 3412 1814 3467 eorumque
1860 3399 2103 3475 comitum

526 3497 573 3539 et
611 3486 861 3540 baronum
904 3488 1206 3543 interventu
1236 3529 1249 3551 ,
1278 3488 1418 3541 idem
1450 3489 1832 3543 monasterium
1858 3489 2107 3544 maximis

529 3579 897 3647 prmrogativis
920 3580 1156 3634 donavit.
1191 3580 1319 3647 Qua:
1346 3581 1515 3634 fusius
1551 3580 1603 3634 in
1636 3580 1927 3650 diplomate
1946 3595 2008 3634 ea
2037 3581 2104 3636 de

529 3685 589 3723 re
636 3672 831 3725 donato
880 3674 1238 3741 explicantur.
1278 3674 1410 3727 lllud
1448 3675 1784 3743 privilegium
1830 3676 1970 3730 inter
2004 3679 2103 3731 ιλιι

528 3761 934 3829 banicpistolas
989 3766 1218 3832 primmn
1267 3765 1441 3818 locum
1506 3766 1715 3819 obtinet
1764 3768 1815 3820 in
1868 3766 2103 3821 editione

528 3853 874 3907 Conciliorunr
903 3853 1209 3921 Labbeaua,
1250 3855 1341 3909 sed
1371 3854 1469 3909 sub
1498 3855 1599 3909 hoc
1634 3855 1768 3911 falso
1800 3857 1951 3911 titulo
1981 3872 1994 3910 :
2026 3857 2104 3910 De

527 3942 742 3996 ecclesia
790 3943 997 3997 Sancta:
1063 3943 1249 3999 .llarire
1293 3943 1589 3998 Casinensis
1632 3948 1937 4000 monasterii
1978 3964 2009 4000 a
2050 3965 2104 4001 se

530 4044 831 4087 consecrata
878 4045 925 4087 et
955 4035 1222 4103 privilegio
1270 4037 1491 4090 munita.
1536 4037 1761 4091 Exstant
1805 4037 1942 4105 apud
2000 4038 2105 4106 Ug-

534 4122 756 4187 hellum,
794 4133 937 4178 IOIIlO
962 4124 1045 4179 Vll
1080 4125 1242 4179 Italia:
1272 4141 1471 4188 sacrm,
1504 4127 1591 4180 ubi
1621 4127 1687 4181 de
1720 4128 2103 4184 Acheruntinis

532 4213 951 4282 architqiiscOpis
994 4213 1188 4269 littera:
1232 4213 1507 4269 Paschalis
1542 4217 1783 4280 secundi,
1830 4232 1949 4286 qua:
2001 4218 2103 4273 hoc

530 4302 703 4367 ipsum
748 4300 944 4356 Urbani
981 4304 1315 4373 privilegium
1349 4305 1691 4359 conﬁrmant.
1721 4306 1859 4373 Quin
1885 4318 1937 4361 et
1977 4322 2099 4361 cum

2211 498 2344 551 'l‘tnn
2376 497 2595 551 laudant
2623 499 2958 567 privilegium
2987 500 3055 556 ab
3077 501 3266 566 eodem
3289 502 3544 569 pontiﬁce
3567 517 3757 559 conces-

2209 603 2347 651 sum,
2378 588 2518 656 quod
2546 590 2759 655 triginta
2790 590 2992 643 duobus
3012 591 3285 646 catholicis
3317 592 3565 647 Patribus
3588 594 3759 649 innixis

2206 679 2425 748 singulis
2456 680 2806 747 pastoralibus
2833 683 3010 750 rirgis,
3049 684 3376 746 astantibus,
3403 694 3654 753 praesente
3682 704 3756 739 co-

2207 768 2390 820 mitum
2419 778 2464 821 et
2494 768 2746 820 baratrum
2782 770 3053 823 innumera
3094 772 3450 837 multitudine,
3479 774 3757 829 roboratam

2209 857 2375 913 fuisse
2417 868 2699 913 testantur.
2739 860 2832 923 Et,
2874 877 2938 915 ne
2974 863 3098 931 quid
3136 864 3238 917 loci
3293 865 3473 917 tutelae
3519 866 3760 938 ﬁrmitatis

2208 952 2439 1013 deesset,
2474 963 2693 1006 narrant
2723 954 2918 1021 quibus
2958 956 3358 1009 centlitionibus
3393 956 3443 1009 id
3476 974 3505 1009 a
3538 958 3760 1023 pontiﬁce

2208 1041 2502 1109 priestitum
2536 1040 2712 1093 fuerit.
2740 1040 3113 1095 Monasterium
3144 1044 3342 1111 ipsum,
3378 1044 3643 1112 inquiunt,
3682 1047 3759 1096 do-

2208 1130 2379 1181 minus
2432 1146 2565 1197 papa
2613 1144 2916 1181 consecrare
2958 1130 3166 1183 omnino
3225 1132 3431 1195 renuit,
3486 1133 3759 1201 priusquam

2208 1217 2341 1270 idem
2372 1228 2416 1271 et
2443 1235 2617 1270 omnia
2656 1235 2749 1270 sua
2784 1219 2835 1270 in
2868 1228 3043 1272 nostra
3084 1231 3129 1273 et
3172 1222 3445 1274 Itwredum
3491 1235 3760 1274 nostrorum

2206 1305 2417 1372 speciali
2464 1323 2593 1372 cura
2628 1316 2674 1358 et
2727 1306 3023 1373 defensione
3060 1310 3362 1363 omnimodo
3413 1310 3759 1377 reciperentur,

2207 1398 2525 1451 ctconvicini
2561 1399 2771 1451 comites
2797 1410 2841 1451 et
2877 1403 3092 1454 barones
3137 1403 3226 1470 qui
3274 1402 3529 1463 aderant,
3580 1413 3761 1468 aposta-

2207 1490 2307 1541 lica
2332 1489 2570 1557 jussione
2619 1491 2923 1557 euangelicis
2972 1494 3575 1563 sacramentisastricti,
3617 1494 3759 1545 eidem

2207 1579 2517 1632 mortasterio
2555 1590 2599 1631 et
2641 1580 2789 1633 rebus
2821 1581 3055 1633 omnibus
3094 1584 3202 1634 suis
3242 1599 3427 1651 pacem
3462 1594 3508 1635 et
3530 1584 3763 1649 defensio-

2208 1684 2324 1721 nam
2370 1682 2696 1737 perpe.‘uam,
2739 1680 2785 1722 et
2829 1671 3116 1739 generalem
3158 1672 3456 1726 libertatem
3502 1690 3555 1726 se
3601 1674 3761 1737 ubique

2208 1759 2471 1813 cusmdire
2510 1761 2887 1829 promitterent.
2926 1760 3059 1814 Tum
3086 1772 3375 1817 recensent
3418 1763 3591 1815 varias
3619 1764 3763 1815 dona—

2211 1848 2382 1902 tiones
2408 1864 2436 1901 a
2464 1850 2655 1919 seipsis
2683 1849 2871 1913 factas,
2890 1852 3325 1921 .conﬁrmantqne
3360 1863 3415 1906 et
3446 1862 3637 1921 augent
3664 1867 3762 1905 nio-

2208 1940 2433 1993 nasterii
2472 1939 2861 1996 iunnunitatcs.
2910 1942 3043 2008 Quia
3078 1957 3205 1998 vero
3240 1943 3513 2013 privilegii
3545 1942 3676 2010 quod
3703 1941 3762 1995 ab

2210 2030 2428 2085 Urbano
2456 2033 2637 2086 datum
2681 2032 2855 2087 fuerat
2885 2035 3277 2106 autographum
3308 2034 3472 2089 simul
3518 2050 3635 2087 cum
3660 2031 3762 2087 aliis

2207 2122 2415 2189 chartis
2438 2125 2723 2194 direptum,
2761 2142 2865 2180 non
2914 2126 3140 2195 amplius
3188 2127 3588 2189 inveniebatur,
3619 2139 3761 2178 cura-

2208 2224 2331 2267 runt
2358 2208 2562 2283 providi
2610 2216 2898 2286 principes,
2945 2227 3003 2270 ut
3045 2216 3188 2271 aliud
3230 2220 3348 2285 ejus
3393 2216 3760 2286 exernplarau-

2210 2306 2505 2359 thenticum
2529 2307 2939 2369 describeretur,
2966 2310 3106 2377 quod
3137 2310 3295 2379 primi
3320 2310 3497 2365 locum
3523 2318 3576 2363 et
3602 2300 3763 2361 aucto-

2208 2395 2420 2449 ritatem
2478 2396 2722 2451 haberet.
2758 2399 2922 2468 Digna
2964 2412 3089 2454 sunt
3123 2416 3316 2455 eorum
3354 2401 3519 2456 verba
3547 2416 3659 2469 qua:
3690 2398 3762 2452 hic

2208 2486 2535 2540 inserantur.
2589 2487 2732 2552 Nos,
2772 2490 2949 2551 aiunt,
2996 2491 3119 2544 tacti
3162 2490 3345 2545 dolore
3372 2492 3760 2552 intrinsecus,et

2204 2578 2524 2632 extrinsecus
2577 2579 2774 2646 aspersi
2840 2578 3055 2645 rubore,
3104 2583 3354 2650 quoniam
3413 2581 3562 2635 labor
3596 2579 3761 2631 debitis

2206 2682 2397 2727 nostra:
2416 2668 2783 2724 sollicitudinis
2800 2674 3079 2741 preiiosum
3103 2676 3449 2743 apostolicum
3470 2676 3761 2728 instrumen-

2205 2772 2347 2825 tum,
2394 2761 2582 2813 nostris
2628 2762 3089 2830 supplicationibus
3141 2766 3517 2826 constitutum,
3564 2773 3610 2817 et
3656 2761 3761 2814 sub-

2206 2862 2407 2921 reptum
2449 2862 2676 2919 tempore
2725 2864 2899 2908 nostra
2935 2870 3070 2908 nunc
3100 2872 3260 2925 usque
3305 2858 3522 2925 reperiri
3562 2872 3657 2908 non
3682 2870 3760 2921 po-

2205 2942 2333 3005 tuit;
2361 2957 2517 2995 secuu
2538 2946 2643 2994 tum
2672 2945 2816 3011 quod
2836 2943 3061 3010 ﬁdeliter
3087 2950 3150 2997 ab
3177 2963 3235 3000 eo
3267 2946 3613 3015 cxcmplatum
3635 2945 3758 2996 inre-

2205 3035 2412 3098 nimus,
2466 3046 2643 3088 nosna
2689 3047 3082 3107 nostrorumque
3121 3040 3369 3092 comitum
3433 3048 3481 3092 et
3531 3038 3760 3090 baronum

2207 3123 2324 3191 pari
2354 3125 2601 3178 memoria
2624 3136 2964 3201 protestunre,
3008 3144 3233 3195 prwsens
3264 3135 3364 3182 hoc
3393 3127 3561 3182 simile
3594 3126 3763 3177 libera-

2209 3214 2395 3266 toriunt
2424 3215 2541 3281 seri,
2566 3225 2673 3267 tum
2698 3232 2788 3283 per
2823 3232 3008 3269 manus
3039 3218 3276 3284 magistri
3306 3216 3584 3271 Theodosii
3621 3213 3763 3267 nostri

2209 3306 2399 3357 notarii
2428 3306 2585 3358 scribi
2625 3307 3016 3371 mandavimus,
3055 3317 3102 3359 et
3126 3308 3371 3375 plumbea
3408 3309 3547 3361 bulla
3567 3349 3579 3368 ,
3608 3315 3762 3358 nostra

2206 3394 2359 3448 solito
2406 3397 2608 3465 typario
2654 3397 2902 3464 impressa
2933 3398 3269 3464 conﬁrmari,
3301 3408 3417 3454 etc.
3466 3398 3591 3464 Qua:
3640 3392 3761 3462 apud

2208 3482 2496 3538 Baronium
2526 3484 2792 3540 habentur
2821 3486 2885 3539 ad
2917 3502 3115 3539 annum
3148 3487 3299 3551 1090,
3331 3489 3427 3543 ubi
3457 3489 3762 3542 instrumen-

2209 3582 2319 3627 tum
2341 3574 2481 3629 istud
2498 3576 2681 3628 datum
2704 3576 2919 3629 Canusii
2948 3590 3130 3630 mense
3156 3575 3313 3639 Julia,
3347 3578 3635 3631 indictione
3655 3586 3757 3631 snt,

2207 3662 2473 3732 integrum
2507 3662 2754 3730 habetur,
2787 3680 2906 3718 cum
2939 3665 3151 3735 Κοδριῆί
3194 3665 3491 3721 Boantundi
3526 3664 3759 3719 aliorum-

2207 3768 2309 3823 que
2334 3756 2649 3823 optimatum
2680 3757 3180 3824 suiscriptionihus.

2261 3844 2493 3898 XXVlll.
2536 3846 2609 3899 De
2638 3846 2771 3915 falso
2801 3848 3137 3901 instrumento
3166 3848 3509 3903 dedicationis
3543 3847 3702 3901 Caute.

2277 3936 2354 3989 Ex
2404 3936 2487 3990 his
2532 3949 2708 3991 autem
2748 3937 2905 3993 facile
2947 3939 3261 4008 intelligitur
3292 3950 3554 4008 quantum
3585 3952 3612 3989 ει
3648 3944 3761 3984 vero

2205 4027 2542 4083 aberraverit
2594 4028 2847 4098 Ughellus
2890 4038 3034 4083 tumo
3069 4030 3151 4081 \‘tl
3189 4029 3349 4083 Italiae
3378 4045 3565 4093 sacrte,
3606 4022 3689 4078 ubi
3712 4022 3758 4075 in

2204 4117 2450 4185 catalogo
2489 4118 2790 4171 antittstum
2835 4119 3325 4173 Ache:turtinorum
3379 4122 3519 4174 hanc
3564 4109 3757 4169 Baulilli

2205 4207 2517 4260 monasterii
2551 4207 2941 4261 dedicationem
2975 4210 3041 4261 ad
3082 4222 3282 4261 annum
3322 4208 3456 4264 l093
3484 4223 3547 4261 es
3580 4198 3756 4255 veleri-

2204 4313 2262 4353 ιιι
2321 4310 2511 4368 putat,
2541 4308 2886 4353 immunento
2937 4314 3213 4353 revocare.
3258 4310 3505 4353 conatur.
3564 4290 3756 4349 Etenim

528 4398 735 4464 Apuliae
759 4397 974 4467 quidam
999 4413 1269 4466 proceres,
1294 4399 1522 4470 Rogerio
1551 4402 1731 4470 procul
1755 4403 1915 4457 dubio
1939 4412 2099 4473 atquc

2207 4388 2449 4457 quaruvis
2493 4387 2718 4441 inﬁciari
2753 4386 2982 4442 nolimus
3009 4387 3281 4443 Urbanum
3307 4404 3450 4443 anno
3493 4384 3650 4445 1095.
3677 4385 3758 4433 θυι

532 4485 843 4547 Boamundo
871 4487 975 4540 alio
1007 4488 1248 4552 intentis,
1280 4490 1572 4545 monachos
1594 4492 1832 4561 ejusdem
1861 4492 1981 4557 loci,
2016 4496 2100 4547 di-

533 4578 697 4645 reptis
720 4578 882 4631 etiam
925 4580 1240 4633 monasterii
1283 4580 1439 4633 bonis
1472 4591 1525 4635 et
1555 4582 1788 4646 chartis,
1823 4595 2099 4646 vexarent,

532 4664 779 4720 Urbanus
827 4682 889 4721 ea
938 4668 1003 4721 de
1057 4683 1111 4721 re
1154 4668 1219 4721 ad
1283 4669 1570 4737 Rogerium
1618 4682 1671 4725 et
1717 4672 1831 4737 ejus
1881 4672 2103 4726 fratrem

533 4756 780 4824 scripsit,
807 4767 864 4812 ut
903 4775 996 4813 sua
1030 4759 1351 4813 auctoritate
1380 4761 1693 4816 temerarios
1739 4762 1856 4816 illos
1891 4777 2104 4829 compc-

535 4856 766 4908 sccrcnt,
792 4850 1023 4902 minatus
1047 4849 1265 4917 insuper
1291 4864 1348 4903 se
1377 4848 1666 4919 sacrilegos
1695 4852 1828 4906 adeo
1859 4852 2103 4906 homines

533 4936 860 4989 anathemati
887 4938 1252 5007 subjecturum
1274 4978 1286 5000 ,
1320 4938 1421 4991 nisi
1454 4939 1599 4993 brevi
1638 4941 2031 5007 resipiscerent.

604 5025 762 5091 Papa:
786 5028 998 5081 monitis
1028 5028 1461 5082 obsccundaruut
1493 5030 1563 5096 pii
1595 5028 1882 5098 principes,
1920 5046 2103 5084 mona-

531 5118 865 5187 steriumque
898 5136 1032 5173 novo
1057 5122 1330 5190 privilegio
1361 5122 1685 5191 munierunt,
1721 5124 1861 5192 quod
1888 5123 1955 5175 ab
1978 5124 2105 5191 ipsis

534 5208 760 5275 aliisque
780 5208 1067 5262 comitibus
1090 5220 1142 5262 et
1166 5210 1430 5264 nobilibus
1460 5211 1589 5263 viris
1611 5212 1970 5282 subscriptum
1999 5220 2104 5278 est,

533 5312 601 5349 ne
632 5297 942 5349 chartarum
972 5307 1023 5350 et
1053 5298 1400 5366 diplomatum
1429 5315 1548 5369 quae
1571 5314 1842 5369 perierant
1872 5302 2101 5371 jactura.

535 5387 917 5440 detrimentum
968 5386 1184 5454 aliquod
1222 5387 1370 5444 locus
1413 5390 1501 5444 ille
1543 5405 1695 5444 sacer
1723 5402 2015 5459 pateretur.
2049 5393 2105 5447 in

535 5490 678 5529 novo
707 5485 884 5529 autem
910 5475 998 5530 illo
1024 5477 1378 5543 instrumento
1408 5479 1668 5549 Roget-ius
1697 5496 1759 5535 ac
1798 5482 1913 5549 ejus
1942 5480 2108 5536 frater

534 5566 881 5621 Boatnundus
928 5568 1067 5620 inter
1104 5578 1293 5621 ett-tera
1322 5569 1535 5624 sibimet
1580 5571 1709 5639 ipsis
1738 5572 2103 5641 gratulantur,

535 5662 677 5729 quod
716 5673 900 5715 eorum
945 5676 1105 5729 opera
1158 5676 1399 5717 summus
1442 5662 1554 5731 ipse
1595 5663 1835 5731 pontifex
1875 5666 2106 5735 propriis

2205 4479 2365 4533 etiam
2392 4478 2509 4530 aliis
2545 4477 2892 4548 temporibus,
2928 4490 2983 4531 ut
3016 4479 3189 4532 innuit
3218 4479 3409 4534 Petrus
3436 4480 3683 4534 diaconus
3710 4470 3755 4520 in

2205 4568 2608 4623 continuatione
2629 4568 2879 4623 Chronici
2909 4567 3237 4633 Casinensis,
3266 4570 3518 4624 Casinum
3546 4564 3756 4620 invisere

2206 4662 2470 4731 potuisse,
2508 4663 2616 4716 imo
2658 4671 2713 4715 et
2753 4676 2875 4716 eum
2929 4662 2982 4716 in
3031 4662 3275 4731 Apuliam
3312 4678 3434 4717 cum
3466 4653 3757 4716 memoratis

2205 4751 2537 4821 principibus
2562 4752 2725 4806 variis
2760 4752 3087 4822 temporibus
3116 4768 3220 4807 non
3247 4755 3411 4809 semel
3438 4748 3753 4808 convenisse.

2206 4843 2249 4897 si
2281 4852 2455 4897 tamen
2487 4855 2635 4898 certa
2663 4852 2789 4898 sunt
2828 4854 3172 4899 monumenta
3207 4862 3324 4915 qua:
3361 4857 3583 4899 numero
3610 4848 3755 4904 super

2206 4933 2335 4987 riori
2377 4933 2731 4999 laudavimus,
2776 4943 2830 4987 et
2858 4948 2985 4989 sane
3013 4933 3101 4988 illa
3128 4949 3247 4989 esse
3280 4946 3424 4990 certa
3458 4934 3593 4989 haud
3617 4924 3755 4981 dubi-

2208 5025 2307 5079 tari
2353 5034 2559 5092 potest,
2610 5025 2698 5077 vix
2744 5025 2879 5077 ultra
2934 5038 3133 5078 annum
3182 5023 3318 5079 1088
3363 5021 3559 5079 dilferri
3596 5018 3755 5087 polesl

2207 5112 2363 5179 hujus
2393 5114 2744 5169 dedicationis
2769 5112 3069 5169 celebritas.
3104 5115 3314 5170 Etenim
3342 5133 3482 5170 anno
3510 5108 3639 5168 1090
3658 5115 3753 5171 (Ιυο

2208 5206 2389 5259 datam
2420 5214 2502 5258 est
2549 5207 2847 5260 secundum
2892 5206 3018 5259 illud
3047 5207 3261 5276 Rogerii
3295 5218 3348 5269 et
3377 5198 3654 5262 Boamundi
3683 5196 3753 5248 in-

2207 5310 2587 5363 strumentum,
2616 5300 2725 5369 jam
2774 5315 2802 5353 a
2846 5299 3114 5355 celebrata
3150 5301 3486 5356 dedicatione
3522 5287 3748 5361 aliQ"°d’

2208 5391 2363 5459 etqui
2386 5394 2486 5444 tem
2508 5391 2639 5445 satis
2659 5390 2873 5461 longum
2889 5393 3144 5461 temporis
3158 5392 3490 5448 intervallum
3506 5381 3751 5444 efﬂuxisse

2208 5481 2485 5545 debuerat,
2520 5490 2576 5535 ut
2601 5497 2705 5535 non
2734 5482 2902 5537 solum
2925 5484 3129 5553 Apulia:
3160 5498 3408 5553 proceres
3435 5480 3752 5535 immemores

2207 5588 2425 5628 suorum
2476 5577 2889 5644 promissorum,
2923 5576 3129 5630 Bautiui
3180 5576 3485 5630 monasterii
3536 5572 3662 5624 bona
3703 5563 3750 5657 (ξι

2214 5669 2432 5723 chartas
2477 5668 2823 5737 diripuerint;
2865 5670 2957 5725 sed
3002 5670 3162 5725 etiam
3196 5680 3253 5723 ut
3283 5680 3488 5739 tempus
3526 5654 3751 5717 habuerit
