3962 6312
213 391 281 451 57
895 452 897 454 η

219 509 482 566 Urbanus,
527 498 760 554 instante
787 488 1013 546 Ursione
1047 482 1238 538 abbate
1257 517 1271 544 ,
1296 475 1406 545 jam
1437 472 1607 529 dictos
1633 466 1774 538 prin-

219 603 360 662 cipes
389 585 786 650 commonendi,
817 591 877 635 ut
907 586 1114 632 tantum
1145 568 1453 626 scandalum
1479 580 1572 618 sua
1602 569 1784 614 aucto-

221 665 380 746 ritate
403 680 843 750 comprimerent.
879 667 1030 734 Quod
1063 680 1118 718 re
1142 663 1255 731 ipsa
1285 671 1471 713 mense
1511 651 1679 712 Julio,
1711 647 1785 701 uti

222 769 540 836 tfert.eorum
571 766 836 836 diploma,
881 756 1084 813 coactis
1132 752 1296 806 totius
1338 742 1629 817 provinciae
1661 737 1788 792 viris

222 864 487 924 nobilibus
516 871 658 911 anno
685 853 800 922 ipso
833 847 965 902 1090
986 842 1096 912 jam
1126 840 1386 894 fecerant.

431 967 588 1014 vero,
628 949 672 1001 si
707 915 908 999 libeat.
941 939 1120 992 dicere
1171 931 1297 1000 quid
1335 927 1400 980 de
1440 925 1543 979 hoc
1585 915 1789 987 Ughclli

224 1051 569 1105 monumento
593 1036 905 1092 sentiamus.
939 1025 1069 1081 lllud
1099 1023 1165 1091 ad
1201 1017 1488 1072 Bantinum
1521 1018 1790 1065 monaste-

227 1141 364 1195 rium
411 1131 542 1188 nihil
586 1127 871 1197 pertinere,
918 1121 1010 1175 sed
1054 1125 1147 1170 aut
1188 1113 1254 1166 ab
1297 1109 1475 1176 aliquo
1529 1100 1794 1157 nebulone

229 1226 513 1283 conﬁctum
543 1219 726 1279 fuisse,
755 1217 1021 1266 aut‘certe
1049 1206 1112 1259 ad
1141 1197 1525 1257 monasterium
1557 1190 1808 1245 Cavcnso

233 1315 420 1373 referri
461 1311 689 1368 debere,
720 1303 874 1358 nobis
903 1298 1132 1352 videtur.
1163 1293 1228 1346 Et
1272 1287 1488 1358 quidem
1537 1287 1798 1334 monaste-

237 1410 365 1460 rium
406 1409 602 1456 sanctw
637 1393 821 1448 Mario:
845 1390 908 1442 de
938 1386 1133 1446 Pauso,
1161 1377 1444 1447 uulgariter
1470 1371 1795 1425 Doventunm

237 1501 559 1561 nuncupata,
583 1485 724 1556 quod
749 1484 800 1536 in
830 1495 892 1534 ea
919 1479 1104 1531 charta
1133 1474 1483 1527 memoratur,
1516 1474 1672 1515 nemo
1700 1472 1797 1509 no-

237 1587 335 1649 vit;
370 1546 469 1636 nec
499 1546 914 1634 nisi-divinando
944 1563 1213 1635 Ughellus,
1247 1574 1310 1612 ac
1331 1564 1451 1626 post
1481 1567 1601 1606 eum
1633 1546 1798 1601 Lubi-

243 1691 334 1730 nus
357 1674 409 1726 in
440 1668 641 1724 Notitia
689 1660 1024 1718 abbatiarum
1054 1652 1248 1714 Italiae,
1273 1658 1327 1702 et
1360 1645 1496 1698 forte
1539 1640 1627 1694 alii
1669 1652 1800 1691 non-

243 1765 364 1820 nulli
396 1759 721 1816 recentiores
751 1752 878 1806 illud
926 1761 1045 1802 esse
1091 1738 1472 1798 monaSterium
1517 1732 1800 1786 Bantinmn

250 1854 607 1921 coniecerunt.
633 1847 690 1901 Si
713 1857 840 1899 vero
869 1841 970 1894 hoc
991 1836 1364 1908 qualecunque
1386 1829 1802 1883 instrumentum

249 1943 398 1999 simul
423 1956 548 1996 cum
569 1934 826 1992 Cavensis
853 1927 1162 1985 monasterii
1191 1917 1567 1994 privilegiiset
1592 1910 1805 1965 dedica-

252 2036 404 2089 tionis
450 2031 564 2098 ejus
611 2024 835 2082 historia
889 2018 1216 2080 conferatur,
1257 2026 1324 2065 ex
1368 2010 1432 2063 iis
1476 2005 1632 2075 plane
1675 1997 1804 2053 illud

263 2122 670 2177 consarcinatum
702 2115 869 2168 fuisse
891 2150 906 2175 ,
944 2109 1169 2178 quisque
1210 2099 1366 2156 facile
1402 2097 1682 2151 advertere
1709 2103 1805 2158 po-

268 2213 382 2268 terit
410 2228 422 2264 :
454 2209 583 2279 quod
607 2205 837 2276 probant
870 2195 1223 2253 sanctissima:
1245 2184 1527 2246 Trinitatis
1571 2178 1770 2234 mentio
1791 2216 1806 2241 ,

261 2273 923 2370 indulgentis—utrobique
982 2284 1219 2346 eaedem,
1278 2273 1540 2333 dedicatio
1586 2277 1811 2335 utraque

256 2357 430 2446 mense
460 2382 762 2457 Septembri
790 2357 950 2442 facta,
977 2375 1176 2431 easdem
1215 2368 1400 2440 gratia:
1440 2363 1653 2431 utrique
1695 2357 1811 2411 loco

253 2498 313 2537 ac
350 2447 589 2535 ecclesiae
629 2467 1073 2542 Compostellana:
1112 2459 1352 2522 indultae,
1385 2453 1526 2509 bulla
1575 2451 1628 2504 in
1657 2447 1810 2501 favo-

256 2587 360 2626 rem
412 2583 564 2624 novze
611 2559 962 2620 dedicationis
1010 2552 1294 2621 utrobique
1357 2543 1565 2602 Salerni
1627 2550 1813 2593 mense

249 2661 469 2719 Octobri
498 2660 654 2720 data,
708 2664 762 2708 et
789 2651 891 2705 alia
919 2662 1038 2717 quae
1069 2646 1174 2698 huc
1205 2639 1474 2710 appellare
1502 2648 1606 2688 non
1639 2635 1813 2682 vacat.

253 2754 322 2809 De
361 2747 590 2808 Cavensi
623 2740 958 2801 dedicatione
1006 2735 1143 2792 infra
1181 2733 1247 2788 ad
1287 2743 1484 2785 antrum
1520 2721 1653 2780 L093
1691 2734 1818 2792 age-

251 2857 385 2897 mus.

574 2925 764 2982 XXIX.
801 2917 997 2976 Urbani
1024 2921 1120 2973 iter
1142 2917 1197 2970 in
1226 2913 1482 2970 Siciliam.

315 3023 600 3080 Urbanum
634 3016 822 3072 eodem
850 3026 992 3067 anno
1038 3010 1092 3063 in
1140 3004 1375 3060 Siciliam
1426 2995 1816 3057 transmisisse,

251 3132 349 3171 non
387 3113 549 3168 modo
581 3107 909 3164 recentiores
947 3110 1224 3160 auctores,
1269 3093 1360 3149 sed
1392 3093 1504 3161 ipse
1533 3089 1695 3142 etiam
1739 3094 1818 3138 tc-

249 3215 428 3259 statur
452 3199 756 3257 Gaufredus
779 3193 1083 3256 Malaterra,
1103 3186 1396 3243 monachus
1417 3177 1820 3239 Benedictinus,

248 3306 444 3350 auctor
466 3292 677 3345 illorum
707 3298 1002 3355 temporum
1027 3288 1337 3338 accuratus,
1367 3275 1456 3346 qui
1492 3287 1574 3325 res
1609 3268 1822 3338 Rogerii

246 3385 467 3440 comitis
515 3391 727 3452 gestas,
795 3377 909 3446 ipso
981 3373 1332 3432 adhortante,
1389 3372 1616 3434 quatuor
1670 3356 1824 3432 libris

248 3475 594 3544 conscripsit.
640 3471 688 3526 ls
736 3475 922 3522 narrat
965 3465 1099 3518 libro
1147 3477 1228 3524 tv,
1263 3474 1379 3527 cap.
1415 3456 1503 3518 15,
1537 3451 1822 3519 Rogerium

251 3542 763 3624 Sicilimcomitem,
792 3559 1014 3613 fratrem
1055 3553 1274 3608 Roberti
1319 3546 1632 3608 Guiscardi,
1661 3542 1825 3596 adco-

248 3677 350 3729 que
385 3656 614 3712 alterius
647 3651 859 3721 Rogcrii
891 3647 1043 3702 ducis
1087 3643 1288 3713 Apulia:
1330 3650 1384 3694 et
1413 3633 1705 3692 Boatnundi
1736 3645 1828 3700 pa-

252 3723 469 3816 truum,
497 3764 641 3802 anno
683 3744 821 3800 1088
846 3741 1120 3796 inchoante
1148 3734 1315 3804 Aprili
1351 3731 1609 3785 Buceram
1631 3723 1829 3779 Siciliae

252 3815 462 3897 urbem
495 3835 804 3898 obsedisse,
852 3832 1032 3900 ibique
1066 3825 1364 3893 suscepisse
1400 3818 1597 3876 Urbani
1624 3815 1830 3885 legatos

253 3949 368 3986 cum
399 3929 589 3983 litteris
617 3923 882 3996 sigillatis,
911 3918 1104 3989 quibus
1127 3913 1389 3971 invitabat
1411 3925 1533 3965 eum
1565 3904 1829 3978 pentifex,

253 4037 310 4078 ut
333 4021 600 4076 Troinam
622 4058 636 4082 ,
667 4029 772 4085 quo
801 4015 912 4082 ipse
956 4008 1276 4080 p'roperabat
1295 4045 1309 4069 ,
1337 4017 1496 4075 quam
1527 4007 1707 4071 posset
1751 4012 1835 4050 ce-

253 4116 480 4170 lerrime
509 4108 822 4169 accederet,
853 4117 1036 4158 secum
1084 4101 1148 4155 de
1190 4099 1350 4152 rebus
1388 4093 1639 4167 gravibus
1668 4081 1833 4144 collo-

253 4205 449 4274 quium
479 4199 778 4254 habiturus.
797 4189 1258 4255 Adfuil,condieto
1278 4186 1382 4252 die,
1413 4187 1684 4243 contes,ut
1715 4193 1837 4246 pro-

256 4266 510 4364 sequitur
554 4287 642 4342 ille
686 4293 888 4345 auctor,
924 4289 978 4336 et
1027 4279 1178 4332 linito
1211 4274 1477 4343 colloquio
1517 4266 1836 4340 pontiﬁcem

255 4386 446 4440 multis
478 4380 712 4434 donariis
737 4379 1048 4430 honoratum
1077 4371 1293 4425 dimisit.
1319 4367 1454 4434 Quid
1486 4379 1613 4419 vero
1643 4361 1836 4431 negotii

210 4503 214 4507 ·
257 4480 405 4532 inter
459 4489 552 4528 eos
597 4483 864 4540 ageretur,
905 4445 1206 4519 Gaufredus
1246 4460 1448 4514 diserte
1480 4472 1584 4510 non
1632 4452 1834 4516 retulit,
1866 4462 1913 4519 υ

260 4568 365 4622 nisi
392 4565 536 4620 forte
560 4564 611 4616 id
641 4559 801 4613 fuerit
833 4554 974 4624 quod
1005 4550 1275 4620 subiungit
1297 4550 1360 4602 dc
1389 4543 1842 4609 Constantinopo-

262 4659 439 4710 litano
473 4654 828 4721 imperatore,
859 4643 1044 4696 Alexio
1071 4641 1374 4701 Conmeno,
1407 4635 1564 4705 quem
1594 4631 1844 4686 Urbanus

268 4747 458 4801 missis
484 4752 603 4794 ante
632 4753 825 4807 paucos
853 4735 961 4787 dies
981 4774 993 4797 ,
1021 4732 1071 4786 id
1102 4735 1193 4786 est
1234 4729 1414 4783 statim
1446 4734 1565 4795 post
1593 4737 1745 4778 suam
1793 4721 1845 4773 in

259 4833 648 4907 pontiﬁcatum
704 4826 1053 4886 electionem,
1126 4819 1319 4890 legatis
1384 4815 1606 4870 Nicolao
1655 4813 1847 4866 abbate

268 4905 487 4997 Cryptat
515 4922 748 4981 ferratre,
779 4926 829 4971 et
854 4913 1082 4984 liogerio
1105 4912 1344 4970 diacono,
1378 4918 1596 4976 paterna
1621 4905 1849 4970 int-repn-

269 5022 413 5073 tione
444 5017 830 5069 commonuerat
851 5047 865 5071 ,
890 5004 1030 5073 quod
1062 5004 1114 5056 in
1144 5000 1433 5072 provinciis
1460 4997 1559 5052 sibi
1593 4981 1860 5062 subjectis

267 5110 502 5165 Latinos
524 5101 850 5162 sacerdotes,
881 5096 1102 5164 abiectis
1131 5094 1354 5163 azymis,
1382 5091 1433 5145 in
1464 5103 1600 5159 pane
1623 5087 1853 5141 fertnen-

270 5209 390 5254 tato
417 5192 726 5250 sacriﬁcare
771 5193 1008 5257 cogeret.
1035 5184 1198 5237 Addit
1238 5182 1376 5235 idem
1409 5188 1598 5233 auctor
1623 5177 1854 5244 impera-

271 5275 754 5347 torem,suscepta
808 5273 1082 5328 humiliter
1133 5269 1402 5340 pontiﬁcis
1449 5267 1848 5336 increpatione,

272 5389 401 5428 eum
432 5385 529 5441 per
552 5369 769 5421 eosdem
793 5363 985 5431 legatos
1009 5376 1074 5415 ex
1099 5361 1290 5414 itinere
1308 5360 1418 5429 jam
1447 5371 1692 5413 reversos
1721 5353 1855 5408 invi-

278 5476 428 5518 tasse
456 5455 711 5513 chartulis
742 5452 925 5504 litteris
950 5451 1120 5502 aureis
1147 5450 1384 5518 scriptis’,
1413 5457 1472 5502 ut
1512 5447 1652 5500 intra
1699 5443 1856 5497 unius

278 5553 408 5608 anni
440 5559 493 5603 et
537 5543 742 5600 dimidii
779 5543 1064 5594 terminum
1102 5541 1154 5593 in
1203 5539 1464 5594 Grteciam
1512 5537 1747 5600 veniret,
1789 5534 1858 5588 ad

283 5640 627 5697 tractandum
655 5649 718 5688 ea
750 5633 814 5687 de
861 5647 918 5684 re
967 5631 1021 5684 in
1047 5630 1275 5684 concilio
1300 5631 1439 5698 apud
1481 5627 1858 5685 Consutntino-

280 5733 450 5806 poliat
473 5724 798 5786 celebrando
827 5737 842 5777 :
880 5722 1066 5790 sicque
1089 5728 1360 5777 communi“
1381 5723 1657 5792 utriusque
1683 5719 1858 5790 gentis

1739 345 1910 404 \‘lTA.

1807 467 2147 524 Acousensu
2196 465 2297 518 pax
2355 447 2504 500 ﬁrma
2561 443 2610 497 in
2670 440 2904 496 Ecclesia
2962 437 3282 493 sanciretur.
3341 436 3462 492 Hoc

3382 319 3458 374 38v

1886 547 2134 616 quidem,
2177 552 2233 596 ttt
2273 540 2438 594 refert
2481 535 2618 590 idem
2661 543 2867 597 auctor,
2923 531 3184 601 Rogerius
3235 527 3454 584 Urbano

1889 637 2232 700 consulebat;
2282 632 2374 688 sed
2425 629 2624 682 veritus
2667 623 2908 694 pontifex
2965 637 3062 688 ne,
3121 635 3180 676 se
3209 620 3455 686 absente,

1889 726 2217 790 Guibertini,
2245 723 2332 792 qui
2361 722 2544 776 Romte
2586 723 2829 786 potentes
2853 721 3042 776 erant,
3073 711 3293 765 omnino
3321 723 3459 778 prro-

1889 817 2150 878 valerent,
2192 811 2321 866 illud
2352 809 2455 864 iter
2491 804 2704 876 aggredi
2749 817 2910 856 ausus
2957 816 3061 854 non
3095 808 3216 854 est:
3248 807 3303 853 et
3339 813 3461 852 eos-

1893 910 2011 963 dem
2045 915 2132 959 aut
2155 914 2299 958 certe
2328 901 2461 953 alios
2493 899 2698 967 legatos
2729 894 2808 948 sui
2841 893 2956 947 loco
2986 891 3232 945 Urbanus
3254 889 3318 943 ad
3355 889 3458 943 im-

1893 1003 2197 1065 peratorem
2245 991 2438 1044 iterato
2469 987 2640 1048 misit,
2675 984 2765 1052 qui
2804 995 2988 1051 pacem
3029 990 3169 1032 anno
3215 974 3460 1047 sequenti

1897 1097 2164 1152 utcunque
2193 1097 2313 1136 cum
2361 1080 2449 1133 illo
2480 1081 2912 1146 composuerunt.
2951 1070 3106 1126 Certe
3144 1067 3462 1138 urgentissis

1899 1191 2042 1230 mum
2072 1181 2125 1227 et
2148 1172 2362 1242 quidem
2389 1167 2736 1236 improvisum
2767 1162 2981 1232 aliquod
3009 1159 3185 1229 magni
3209 1155 3463 1211 momenti

1898 1264 2168 1333 negotitnn
2221 1261 2346 1314 huic
2377 1261 2428 1311 in
2461 1256 2696 1311 Siciliam
2728 1253 2904 1307 itineri
2950 1249 3286 1318 occasionem
3332 1259 3467 1314 pra:-

1899 1357 2080 1410 buisse
2108 1353 2230 1406 inde
2259 1350 2587 1417 colligimus,
2621 1347 2760 1416 quod
2809 1342 3072 1412 pontifex,
3103 1340 3191 1408 qui
3225 1346 3347 1414 ante
3376 1335 3470 1388 ali-

1899 1455 2032 1515 quot
2069 1445 2183 1498 dies
2227 1440 2404 1496 Casini
2452 1439 2783 1497 versabatur,
2820 1435 2942 1508 imo.
2972 1440 3026 1486 et
3070 1431 3123 1486 itt
3169 1411 3358 1497 Apulia
3403 1425 3468 1477 azl

1902 1537 2183 1591 Bantiuam
2232 1533 2512 1587 ecclesiam
2562 1528 2910 1583 dedicandam
2974 1517 3092 1577 cum
3142 1519 3370 1588 ltogerio
3417 1524 3472 1569 ct

1903 1624 2216 1679 Boamuntio
2253 1621 2468 1676 comitis
2498 1618 2804 1688 Rogeriiex
2835 1615 3001 1668 fratre
3031 1610 3311 1681 nepotibus
3339 1604 3472 1660 nihil

1887 1712 2047 1770 aliud
2095 1714 2338 1783 cogitans
2391 1718 2731 1770 accesserat,
2794 1703 3140 1758 Terracinam
3195 1709 3470 1758 reversus,

1835 1790 1876 1848 Β
1910 1815 2130 1875 repente
2155 1801 2391 1856 dimissis
2418 1800 2669 1855 omnibus
2705 1797 2756 1850 in
2800 1794 3038 1849 Siciliam
3083 1791 3235 1858 longo
3261 1788 3486 1850 itinere,

1893 1899 1984 1952 uti
2011 1894 2319 1950 Gaufredus
2349 1892 2538 1955 habet,
2568 1889 2818 1957 fatigatus
2849 1882 3237 1944 transmiserit,
3265 1887 3322 1932 ut
3351 1894 3472 1930 cum

1909 1984 2139 2055 Rogerio
2167 1974 2580 2051 colloqueretur,
2605 1977 2711 2046 qui'
2729 1977 2831 2028 boc
2860 1987 2998 2026 anno
3026 1970 3214 2039 captis,
3242 1965 3477 2021 utrclcrt

1909 2073 2089 2144 Lupus
2117 2074 2456 2140 Protospata,
2490 2064 2794 2139 Syracusis,
2823 2063 3134 2124 Bruceram,
3165 2067 3222 2111 ut
3241 2073 3305 2110 ex
3332 2057 3476 2112 Gau-

1911 2164 2062 2219 fredo
2089 2164 2344 2225 diximus,
2369 2170 2516 2222 tunc,
2539 2173 2710 2226 mense
2735 2153 2939 2208 scilicet
2963 2148 3151 2219 Aprili,
3175 2147 3472 2202 obsidebat.

1911 2255 2075 2309 Aiunt
2121 2252 2321 2323 vulgati
2366 2250 2505 2320 apud
2555 2246 2829 2302 Bocchum
2880 2241 3144 2312 Pyrrhum
3193 2238 3242 2290 in
3295 2235 3477 2313 Sicilia

1913 2359 2066 2400 sacra
2113 2353 2361 2398 auctores
2418 2341 2687 2397 Urbanum
2729 2352 2790 2390 ca
2834 2332 3116 2388 occasione
3179 2330 3233 2383 iu
3283 2311 3481 2382 sacello

1914 2440 2146 2511 quodam
2168 2438 2524 2492 subterraneo
2545 2428 2872 2487 catbedralis
2897 2424 3137 2481 ecclesia:
3171 2419 3483 2479 Troinensis

1917 2531 2138 2585 missam
2188 2528 2528 2588 celebrasse,
2581 2530 2741 2590 atque
2794 2518 2846 2571 in
2890 2514 3004 2584 ejus
3042 2513 3116 2568 rei
3166 2511 3480 2565 memoriam

1918 2620 2217 2690 appositam
2248 2616 2414 2671 fuisse
2449 2612 2885 2681 inscriptionem,
2908 2621 3011 2676 qua
3053 2603 3275 2679 vetitum
3308 2610 3389 2655 est
3417 2613 3482 2652 ne

1918 2711 2172 2780 deinceps
2199 2711 2251 2764 in
2276 2709 2449 2762 locant
2485 2705 2633 2757 illum
2666 2700 2916 2755 mulieres
2947 2677 3373 2767 ingrederentur.

1905 2818 2086 2880 XXX.
2149 2819 2394 2877 Anet’hno
2451 2805 2834 2888 archiepiscopo
2900 2808 3294 2888 Mediolanensi
3329 2788 3487 2863 mth

2507 2885 2720 2951 pallium
2737 2925 2752 2951 ,
2783 2891 2887 2939 ct‘c.
2914 2890 2916 2893 ’
3291 2885 3294 2891 “

1989 2984 2307 3053 Respiralrat
2339 2990 2464 3036 tunc
2508 2976 2916 3033 Mediolanensis
2956 2963 3196 3053 Ecclesia
3243 2968 3340 3023 sub
3381 2967 3493 3021 Au-

1924 3077 2076 3133 selmi
2099 3074 2349 3130 catholici
2380 3073 2480 3127 viri
2504 3070 2814 3142 pontiﬁcatu
2837 3109 2851 3133 ,
2882 3049 3127 3137 quiante
3155 3065 3358 3133 aliquot
3389 3079 3488 3114 an-

1925 3182 2024 3222 nos
2053 3167 2106 3219 in
2136 3165 2310 3218 locum
2337 3160 2555 3216 'l'etlaldi
2587 3158 2911 3213 scbismatici
2942 3153 3216 3216 suffectus,
3245 3150 3489 3205 baculum

1911 3264 1956 3314 'a
1987 3275 2113 3331 rege
2141 3265 2475 3326 susceperat,
2509 3256 2576 3310 ob
2623 3255 2674 3308 id
2725 3267 2826 3316 ne,
2873 3260 2966 3306 aut
2991 3259 3138 3305 certe
3163 3248 3229 3300 ob
3259 3245 3490 3312 aliquam

1926 3350 2085 3405 aliam
2145 3362 2395 3411 causam,
2437 3360 2596 3414 quam
2651 3343 3072 3404 incertampesse
3125 3331 3495 3403 Ripamo‘ntius

1927 3442 2077 3503 dicit,
2111 3441 2163 3494 in
2190 3438 2432 3508 Gregorii
2475 3435 2741 3505 pontiﬁcis
2781 3432 3126 3487 offensionem
3162 3428 3493 3486 incurreret;

1927 3532 2020 3586 sed
2066 3533 2113 3584 ei
2155 3541 2273 3599 post
2321 3530 2534 3581 modum
2581 3524 2854 3594 por-nitenti
2908 3521 3116 3588 culpam
3175 3515 3497 3571 condonavit

1930 3618 2199 3680 Urbanus,
2235 3625 2396 3684 atque
2430 3615 2525 3682 ipsi
2563 3613 2612 3665 itt
2649 3612 2869 3673 solium,
2895 3608 3034 3676 quod
3067 3613 3256 3677 sponte
3283 3602 3500 3655 dimise-

1931 3719 2045 3771 rat,
2087 3708 2330 3762 restituto
2357 3721 2419 3758 ac
2450 3704 2796 3761 conﬁrmato,
2827 3699 3042 3770 pallitttn
3074 3675 3169 3766 per
3222 3675 3502 3748 llcrimau-

1933 3819 2058 3858 num
2087 3800 2414 3856 cardinalem
2464 3799 2610 3852 misit
2652 3811 2770 3851 cmn
2814 3793 3069 3866 epistola,
3125 3792 3277 3861 cujus
3329 3787 3500 3843 solum

1933 3900 2180 3963 superest
2205 3885 2560 3961 fragmentum
2587 3889 2637 3941 in
2665 3859 2866 3941 Urbani
2899 3883 3039 3947 Vita,
3069 3859 3210 3951 quod
3243 3859 3504 3933 referetur

1935 3986 2076 4040 inter
2104 3983 2218 4052 eius
2255 3980 2528 4052 epistolas.
2568 3979 2706 4033 Idem
2751 3975 2918 4030 ferme
2969 3972 3216 4044 praestitit
3255 3969 3505 4024 Urbanus

1913 4089 2061 4142 erga
2103 4069 2392 4128 Henricum
2428 4068 2869 4123 Suessionensem
2905 4063 3236 4132 episcopum,
3265 4057 3352 4126 qui
3385 4070 3504 4110 cmn

1936 4166 2272 4234 episcopatus
2301 4161 2672 4216 investituram
2700 4173 2728 4211 a
2757 4154 2999 4223 Philippo
3031 4165 3154 4218 rege
3180 4147 3471 4216 accepisset
3489 4186 3504 4208 ,

1923 4259 2164 4312 Romam
2208 4255 2433 4311 veniens
2477 4246 2937 4317 corarppontiﬁce
2967 4248 3156 4312 sponte
3191 4240 3505 4315 dignitatem

1940 4350 2207 4405 abdicavit
2237 4365 2248 4400 :
2282 4313 2632 4400 huictamen
2651 4313 2899 4393 renitenti
2950 4343 3006 4390 et
3035 4332 3230 4388 nolenti
3258 4313 3511 4400 praecepit

1943 4442 2216 4503 L’rbanus,
2245 4445 2303 4491 ut
2347 4435 2529 4490 sedem
2557 4435 2851 4500 repeteret,
2879 4431 3100 4494 accepto
3117 4422 3422 4491 iuramento
3453 4429 3509 4468 se

1942 4545 2214 4600 nunquam
2249 4527 2342 4592 iis,
2371 4526 2461 4596 qui
2493 4541 2522 4578 a
2549 4523 2674 4578 sede
2714 4518 3002 4590 apostolica
3043 4515 3266 4568 fuissent
3297 4524 3511 4563 excom-

1943 4623 2234 4685 municati,
2271 4616 2794 4675 communicaturum
2839 4625 2979 4675 esse,
3007 4616 3099 4662 aut
3133 4603 3510 4660 interfuturum

1944 4732 2128 4770 eorum
2160 4707 2688 4768 consecrationibus,
2736 4704 2824 4773 qui
2851 4716 2947 4772 per
2989 4698 3138 4753 nefas
3175 4695 3514 4763 episcopatus

1946 4805 2029 4860 vel
2057 4803 2301 4858 abbatias
2331 4805 2706 4867 occupassent.
2742 4795 2883 4848 ldem
2914 4792 3109 4844 factum
3135 4786 3300 4840 fuisse
3327 4783 3513 4836 Belvav

1948 4898 2093 4953 censi
2122 4896 2374 4966 episcopo
2418 4890 2580 4944 tradit
2620 4884 2909 4940 Pandulfus
2946 4882 2996 4934 in
3044 4879 3162 4934 Vita
3201 4874 3420 4935 Urbani.
3464 4871 3515 4925 id

1949 4989 2092 5060 quod
2135 4964 2296 5040 etiam
2348 4982 2554 5037 Platina
2599 4986 2845 5033 testatur.
2873 4970 3052 5026 llcdco
3098 4969 3164 5024 ad
3203 4964 3517 5022 Anselmum

1951 5079 2421 5136 Mediolanensem.

2025 5171 2159 5226 lluic
2201 5168 2459 5224 Urbanus
2499 5164 2705 5217 litteras
2733 5155 2951 5228 scripsit
2982 5155 3046 5211 de
3073 5148 3518 5209 reconciliatione

1955 5263 2244 5333 lapsorum,
2275 5273 2339 5312 ex
2370 5243 2676 5324 quibuslvo
2705 5257 2855 5320 parte
2883 5263 2953 5312 tv,
2971 5261 3020 5302 c.
3048 5244 3173 5309 407,
3194 5239 3520 5297 decretaleut

1955 5351 2236 5421 epistolam
2264 5344 2553 5414 excerpsit,
2586 5355 2705 5411 qua:
2736 5340 2936 5410 passim
2969 5338 3135 5401 edita,
3169 5333 3261 5388 sed
3295 5329 3523 5384 multum

1957 5459 2023 5499 ex
2068 5441 2286 5511 vulgato
2339 5435 2595 5489 Anselmo
2633 5431 2860 5487 Lucensi
2913 5437 3091 5492 aucta,
3143 5422 3357 5480 dabitur
3386 5419 3525 5504 inter

1961 5491 2023 5499 "‘
2083 5491 2222 5511 “"D"
3080 5491 3085 5492 ,

1959 5533 2161 5591 Urbani
2213 5531 2451 5589 litteras,
2509 5540 2632 5579 cum
2681 5523 2890 5578 duobus
2946 5520 3066 5573 aliis
3111 5491 3524 5573 canonibusfin

1959 5622 2190 5682 concilio
2212 5615 2524 5673 Belvacensi
2549 5615 2672 5669 anni
2698 5613 2833 5668 illi
2856 5619 3040 5666 nostro
3063 5603 3297 5676 pontiﬁci
3325 5599 3526 5670 pariter

1961 5713 2257 5777 attributis,
2280 5724 2508 5780 quorum
2531 5707 2737 5778 primus
2759 5704 2917 5769 clero,
2943 5700 3079 5755 alter
3108 5694 3295 5768 papula
3323 5691 3525 5745 Medio-
