3962 6312
465 270 542 326 ω
1717 258 1756 310 u
1820 257 2069 312 unum

2203 255 2401 310 I‘AI‘A’.
3702 257 3764 313 ιο

471 383 677 436 laneus:
715 378 1002 448 inscriptus
1058 386 1161 430 est.
1218 374 1369 428 lluuc
1427 383 1714 440 utrumque
1759 387 2042 435 cauouem,
2077 379 2117 432 Λ
2151 371 2386 425 Pistorio
2431 380 2562 424 toni.
2605 369 2667 423 llI
2711 369 2984 438 Hispania:
3035 368 3342 423 illustratze
3417 367 3561 423 editi
3606 369 3760 426 habet

468 469 568 523 etsi
624 467 867 520 nonnulli
925 475 1184 518 censeant
1233 461 1542 515 Alexandro
1596 460 1635 512 Il
1695 460 2040 513 tribuendum

468 575 612 626 esse,
653 558 873 612 Urbano
899 555 1208 625 abjudicare
1246 554 1417 607 visum
1461 568 1564 606 non
1606 560 1712 615 est,
1745 567 1863 604 cum
1906 550 2044 604 forte

472 653 636 707 simili
693 650 831 704 malo
876 650 1017 703 idem
1066 649 1291 700 0nnino
1347 645 1645 699 remedium
1696 643 1764 696 ab
1820 652 2046 710 utroque

474 741 728 812 pontifice
779 738 1081 792 adhibitum
1134 736 1317 790 fuerit.
1379 734 1562 800 Neque
1619 733 1762 786 enim
1811 732 2048 785 insolens

473 833 643 886 videri
684 832 846 886 debet
895 844 1060 882 unum
1092 836 1145 880 et
1176 825 1423 880 eumdem
1455 838 1715 876 canoucm
1777 836 1804 874 a
1842 820 2048 874 duobus

472 923 818 994 pontiﬁcibus
844 919 1237 990 promulgatum
1264 916 1448 969 fuisse.
1482 913 1614 968 Nam
1641 928 1812 966 canon
1840 912 2051 980 presby-

477 1030 706 1070 terorum
749 1011 911 1080 ﬁlios,
958 1011 1083 1064 dist.
1137 1008 1225 1072 56,
1273 1024 1393 1076 cap.
1441 1007 1492 1070 1,
1547 1020 1740 1074 magna
1787 1018 1851 1056 cx
1897 1011 2050 1070 parte

477 1105 744 1172 repetitur
791 1118 841 1156 e.
883 1102 970 1167 ‘ll,
1007 1100 1124 1154 Nisi
1168 1110 1280 1162 aut,
1313 1098 1404 1167 qui
1450 1097 1671 1151 Urbano
1721 1104 1950 1162 utroque
1997 1093 2047 1146 in

475 1194 595 1249 loco
619 1195 942 1263 assignatur,
968 1204 1021 1246 et
1046 1192 1217 1260 reipsa
1243 1192 1382 1244 inter
1406 1187 1714 1258 Melphitaui
1742 1196 1795 1239 et
1823 1186 2050 1239 aliorum

479 1285 684 1341 Urbani
729 1285 1077 1340 conciliorum
1129 1285 1344 1338 decreta
1392 1281 1632 1335 occurrit
1661 1297 1672 1333 :
1706 1288 1760 1332 et
1796 1277 2050 1332 tamenin

477 1376 712 1431 concilio
764 1375 1073 1429 Belvacensi
1124 1389 1286 1441 supra
1340 1382 1642 1425 memorato
1689 1370 1886 1424 dicitur
1934 1384 2054 1423 esse

476 1463 722 1532 Gregorii
756 1463 820 1516 Vl
853 1472 907 1517 et
938 1461 1138 1516 Urbani
1175 1461 1234 1514 ll.
1278 1460 1344 1513 Et
1383 1459 1521 1528 apud
1555 1458 1770 1511 lvonem
1800 1466 1952 1525 parte
1981 1472 2052 1521 vt,

481 1569 532 1607 c.
588 1552 716 1618 ΜΟ,
764 1552 1007 1621 Gregorii
1046 1551 1126 1606 Vll
1157 1560 1210 1603 ct
1241 1549 1443 1604 Urbani
1492 1548 1552 1602 ll.
1592 1548 1780 1601 Visum
1836 1555 1918 1601 est
1960 1546 2057 1600 ali-

484 1643 702 1711 quando
747 1641 899 1704 niihi,
949 1640 1088 1693 idem
1124 1637 1252 1692 ferri
1282 1651 1436 1707 posse
1458 1636 1722 1706 judicium
1754 1635 1820 1690 de
1849 1648 2055 1688 canone

2155 462 2435 516 Urbanum
2465 459 2686 514 Alfouso
2713 460 2999 528 Aragonia:
3032 461 3139 530 regi
3177 458 3432 528 ejusque
3484 449 3764 516 successo-

2150 556 2298 609 ribus
2323 564 2377 610 et
2401 555 2550 625 regni
2584 555 2898 625 proceribus
2925 554 3309 615 conJonasse,
3356 561 3422 605 ut
3449 553 3681 608 decima:
3711 555 3758 608 in

2147 645 2440 699 ditiouibus
2489 658 2625 713 quas
2654 659 2682 695 a
2713 642 2912 696 Mauris
2960 649 3403 712 recuperarent,
3462 643 3535 695 ab
3577 643 3658 696 eis
3687 659 3767 698 rc-

2148 735 2478 804 ciperentur,
2521 734 2760 802 exceptis
2797 732 3177 802 episcoporum
3223 732 3472 786 sedibus
3503 741 3556 784 et
3597 734 3764 794 digni-

2152 828 2372 881 tatibus.

2222 920 2292 971 At
2322 918 2546 973 sedente
2580 919 2820 983 Urbano,
2854 936 2958 973 non
2991 919 3283 985 Alfonsus,
3321 919 3426 974 sed
3456 920 3694 975 Saucius
3719 931 3766 977 ct

2151 1006 2344 1062 Petrus
2388 1009 2748 1076 Arragoniam
2795 1011 3137 1075 obtinebant;
3167 1025 3363 1079 quare
3396 1011 3476 1075 id,
3510 1011 3565 1064 ni
3600 1011 3762 1073 fallor,

2153 1099 2557 1168 intelligendum
2591 1109 2674 1154 est
2703 1100 2768 1154 de
2792 1099 2972 1165 Petro,
3005 1101 3089 1154 cui
3123 1099 3403 1155 Urbanus
3430 1100 3581 1154 hanc
3611 1101 3770 1154 facul-

2160 1200 2324 1243 tatem
2376 1189 2614 1244 indulsit.
2663 1191 2776 1244 Etsi
2807 1191 2857 1245 id
2885 1192 3048 1244 etiam
3089 1190 3336 1245 Alfouso
3385 1190 3508 1258 regi
3553 1179 3770 1243 conces-

2157 1293 2274 1331 Stult
2325 1279 2560 1342 dicatur,
2609 1278 2661 1331 id
2717 1277 2911 1333 referri
2951 1278 3109 1332 debet
3142 1279 3210 1332 ad
3247 1277 3638 1332 Aldefonsum
3682 1293 3767 1332 seu

2155 1369 2433 1423 Alt‘onsum
2481 1367 2732 1438 Legionis
2775 1378 2829 1423 et
2879 1369 3126 1424 Castclhe
3177 1385 3386 1438 regem
3454 1379 3589 1422 tunc
3634 1369 3771 1423 inter

2159 1477 2312 1532 reges
2354 1461 2622 1529 Hispanos
2671 1461 3028 1525 eminentem,
3072 1461 3185 1530 qui,
3240 1470 3489 1530 recepto
3529 1469 3656 1514 ante
3682 1459 3771 1512 ali-

2157 1562 2288 1622 quot
2331 1568 2503 1606 annos
2547 1568 2611 1606 ex
2659 1551 2916 1606 Barbaris
2945 1550 3152 1617 Toleio,
3181 1554 3554 1621 imperatoris
3587 1552 3773 1621 llispao

2159 1646 2260 1697 nire
2307 1644 2520 1696 titulum
2568 1643 2782 1711 accepit
2829 1644 3151 1712 curavitque
3177 1653 3236 1697 ut
3270 1643 3326 1698 ei
3367 1642 3496 1697 urbi
3542 1643 3769 1697 Bernar-

483 1731 670 1785 clerico
697 1731 930 1800 jaciente
963 1730 1089 1783 dist.
1125 1729 1215 1792 50,
1244 1745 1293 1782 C-
1325 1729 1415 1792 57,
1447 1727 1588 1796 (ιιιοά
1619 1741 1685 1780 ex
1717 1725 1918 1781 Urbi!"i
1942 1725 2055 1793 ePi'
2088 1719 2130 1778 Β
2157 1736 2258 1789 dus
2302 1735 2601 1788 monachus
2647 1733 3046 1798 Cluniacensis,
3097 1734 3188 1802 qui
3247 1743 3375 1787 tum
3431 1732 3769 1787 monasterio

481 1820 616 1874 stola
665 1821 732 1873 ad
771 1818 1114 1874 Gnernerium
1153 1816 1572 1878 Narbonensem,
1606 1824 1896 1882 antequam
1922 1826 2057 1882 pon-

483 1911 612 1965 tifex
660 1912 843 1974 ﬁeret,
899 1909 1242 1973 defunctum,
1297 1908 1579 1976 decerptus
1635 1905 1928 1960 diceretur.
1989 1905 2059 1957 Λι

484 2002 825 2070 postmodum
861 2015 889 2052 a
923 2000 1053 2054 viris
1082 1999 1256 2052 doctis
1283 1998 1446 2053 didici
1477 2011 1722 2050 errorem
1756 1995 1807 2048 in
1841 1994 2056 2048 titulum

487 2091 799 2160 irrepsisse,
845 2089 1238 2159 legendumque
1285 2102 1405 2142 esse
1456 2084 1746 2140 Guerncrio
1791 2084 2060 2138 Mersbur-

486 2182 654 2250 gensi,
709 2181 798 2250 qui
826 2181 1000 2249 reipsa
1029 2179 1231 2234 Urbani
1261 2179 1304 2232 ll
1330 2187 1571 2246 tempore
1615 2177 1815 2231 vixisse
1861 2190 2060 2229 memo-

491 2281 662 2324 ratur.
695 2269 874 2336 Quare
915 2270 1063 2324 illum
1097 2274 1359 2323 cauoncm
1389 2268 1487 2322 sub
1522 2268 1735 2321 sincero
1763 2264 1879 2334 ejus
1909 2264 2062 2318 titulo

489 2362 787 2417 referemus
834 2362 888 2416 iu
938 2362 1254 2432 appendice.
1307 2359 1424 2426 Quo
1459 2369 1638 2413 autem
1677 2372 1818 2411 anno
1851 2356 1964 2410 lucc
1994 2357 2061 2408 ad

491 2454 854 2509 Gueruerium
907 2455 1131 2523 epistola
1194 2452 1393 2521 scripta
1449 2451 1633 2512 fuerit,
1681 2450 1824 2502 haud
1871 2448 2058 2518 liquet.

487 2544 773 2599 Buceliuus
836 2545 1088 2598 observat
1143 2543 1499 2598 Guernerium
1552 2556 1649 2610 pro
1690 2540 1950 2608 Gregorio
1977 2536 2064 2591 \"t'I

489 2636 723 2698 stetisse,
747 2645 800 2688 et
822 2646 998 2688 tamen
1022 2633 1160 2688 inter
1182 2633 1461 2702 episcopos
1491 2630 1782 2685 catholiCus
1818 2628 1906 2696 qui
1936 2641 2066 2681 con-

490 2725 618 2780 cilio
671 2724 1152 2794 Quiutiliburgensi
1207 2738 1350 2777 anno
1410 2722 1545 2776 1085
1599 2720 2062 2788 subscripserunt,

492 2817 691 2888 legitur
748 2817 1057 2871 Bernardus
1123 2814 1592 2884 lllersburgeusis,
1659 2828 1726 2866 an
1780 2813 1921 2866 idem
1974 2810 2066 2879 qui

494 2908 814 2963 Wernarins
876 2923 971 2963 seu
1019 2906 1354 2962 Guernerius
1400 2906 1575 2960 dictus
1623 2906 1730 2969 sit,
1781 2900 2068 2957 Bucelinus

493 3001 691 3070 quippe
720 2999 1050 3054 Bcrnardum
1089 3013 1191 3051 non
1225 3007 1488 3051 recenset.

770 3089 962 3144 XXXI.
1005 3087 1238 3142 Ecclesia
1269 3086 1537 3141 Cremona:
1568 3085 1800 3138 dotatur.

567 3182 680 3237 lloc
710 3184 826 3252 ipso
848 3198 989 3236 anno
1012 3179 1300 3234 ecclesiam
1326 3177 1662 3248 collegiatam
1691 3175 1906 3229 Sanctae
1927 3171 2072 3242 Aga-

499 3276 776 3344 thtc-apnd
805 3261 1149 3336 Cremonam,
1189 3287 1351 3340 quam
1388 3269 1684 3339 Gregorius
1725 3268 1811 3322 VII
1849 3265 2073 3334 amplia-

499 3376 670 3432 verat,
720 3366 973 3422 Urbanus
1023 3363 1254 3426 dolavit,
1307 3360 1584 3414 attrihutis
1624 3359 1673 3412 ci
1717 3357 2072 3412 ecclesiarum

499 3463 681 3517 Sancti
721 3461 916 3517 Valerii
951 3469 1004 3515 ct
1050 3458 1233 3514 Sancti
1273 3454 1676 3526 Chrislophori,
1718 3469 1885 3524 prope
1923 3467 2072 3508 cam-

500 3555 621 3608 dcm
663 3554 852 3607 urbem
907 3552 1160 3616 sitarum,
1206 3549 1489 3616 reditibus,
1549 3556 1606 3602 ut
1657 3547 1823 3602 refert
1873 3545 2072 3614 Josepli

501 3645 845 3698 Brcsccanus
879 3643 931 3695 in
976 3642 1246 3695 Chronico
1277 3638 1625 3694 Cremonensi
1659 3654 1760 3692 ms.
1792 3639 1933 3706 quod
1967 3653 2077 3708 pra:

503 3736 753 3790 manibus
799 3734 1081 3787 habemus.
1133 3732 1373 3786 Clericos
1425 3730 1712 3784 saecularcs
1742 3730 1902 3796 hujus
1929 3730 2076 3784 basi-

512 3826 628 3880 lic:e
667 3825 719 3878 in
774 3823 1048 3894 regulares
1089 3821 1381 3875 canonicos
1431 3828 1667 3875 mutasse
1689 3821 1833 3875 circa
1878 3835 2078 3874 annum

506 3916 660 3978 £090,
703 3913 901 3968 dicitur
931 3913 1069 3967 idem
1103 3911 1346 3981 pontifex
1379 3911 1521 3981 apud
1563 3910 1845 3974 Merulam,
1879 3911 1971 3964 sed
2005 3909 2078 3963 illi

505 4013 691 4074 postea
724 4003 790 4057 ad
816 4002 1133 4058 szccularein
1158 4011 1360 4056 statum
1401 4001 1626 4056 rediere.
1667 4000 1826 4054 Aliud
1869 4000 2082 4070 prii-ile-

505 4095 651 4164 gium
683 4093 788 4148 hoc
818 4092 982 4147 etiam
1018 4107 1162 4146 anno
1206 4091 1431 4146 indulsit
1464 4090 1716 4145 Urbanus
1751 4092 2082 4145 iuouastcrio

509 4185 721 4238 Sancta)
767 4182 957 4236 Crucis
1016 4181 1286 4246 Saxivivi,
1332 4183 1384 4234 in
1431 4181 1704 4236 territorio
1751 4180 2079 4251 Fulgincnsi.

511 4275 654 4346 quod
699 4273 977 4327 Maiu-ardo
1010 4272 1126 4342 ejus
1169 4271 1377 4326 auctori
1406 4280 1460 4326 et
1487 4271 1660 4340 primo
1685 4271 1862 4325 abbati
1889 4270 2080 4326 inscri-

2161 1824 2346 1878 Sancti
2387 1823 2627 1878 Facundi
2667 1832 2920 1893 praeerat,
2951 1824 3419 1894 archiepiscopus
3463 1824 3769 1894 praeficere-

2163 1922 2268 1969 tur.
2301 1915 2484 1983 Atque
2509 1930 2570 1968 ea
2597 1913 2698 1967 fuit
2723 1914 2939 1968 occasio
2962 1915 3258 1969 renovandi
3300 1914 3481 1983 hujus
3519 1899 3770 1968 Ecclesia:

2161 2003 2370 2072 antiqui
2401 2003 2728 2072 splendoris,
2759 2020 2922 2074 quem
2957 2005 3212 2059 diuturna
3243 2004 3646 2059 Barbarorum
3679 2004 3768 2058 do-

2162 2093 2389 2146 iniuatio
2419 2095 2832 2149 obscuraverat.

2234 2184 2424 2240 lriensi
2454 2185 2735 2251 Ecclesiaa,
2777 2187 2863 2240 cui
2904 2194 3030 2242 tunc
3074 2187 3304 2241 suberat
3347 2189 3490 2242 urbs
3539 2186 3765 2255 Campo-

2163 2274 2341 2339 stella,
2376 2275 2488 2344 jam
2521 2277 2588 2331 ab
2625 2276 2832 2347 aliquot
2859 2278 3016 2332 annis
3040 2277 3373 2347 praefecerat
3408 2293 3510 2332 rex
3542 2277 3768 2332 Saucius

2167 2367 2446 2432 Didacum,
2503 2367 2679 2421 virum
2731 2368 2874 2422 haud
2918 2369 3237 2439 ignobilem,
3291 2369 3397 2423 sed
3451 2369 3575 2438 qui,
3608 2377 3664 2422 ut
3697 2368 3766 2420 ait

2165 2466 2354 2510 auctor
2380 2456 2628 2511 Historiae
2659 2456 3131 2526 Compostellauaz,
3163 2458 3304 2512 adeo
3333 2459 3599 2513 externis
3625 2457 3764 2511 curis

2166 2547 2460 2618 implicitus
2484 2559 2622 2613 erat,
2655 2559 2713 2602 ιιι
2743 2550 2999 2604 interiora
3032 2565 3135 2604 non
3162 2548 3300 2604 satis
3333 2559 3588 2604 curaret.
3622 2548 3765 2602 llunc

2167 2639 2353 2694 nescio
2381 2654 2490 2708 quo
2512 2654 2640 2694 casu
2674 2647 2978 2694 commotus
3012 2640 3267 2696 Alfonsus
3297 2642 3353 2696 in
3391 2641 3618 2698 vincula
3647 2655 3766 2694 con-

2165 2730 2321 2800 jecit,
2374 2731 2513 2784 unde
2556 2746 2749 2800 magna
2805 2731 3168 2796 tumultuatio,
3207 2733 3390 2787 turba:
3431 2732 3683 2802 ingentes
3717 2729 3762 2782 in

2169 2822 2269 2876 hac
2305 2821 2546 2876 Ecclesia
2578 2823 2884 2877 concitatae.
2917 2821 3050 2877 Cum
3097 2822 3282 2892 itaque
3317 2823 3514 2878 omnia
3556 2834 3761 2891 pessum

2173 2912 2334 2977 irent,
2396 2927 2498 2967 nec
2547 2912 2917 2968 celeberrima:
2972 2913 3246 2977 Ecclesiae,
3289 2921 3436 2983 'quze
3471 2913 3591 2982 jam
3645 2919 3762 2964 tunc

2173 3002 2315 3056 beati
2368 2993 2553 3056 Jacobi
2611 3002 2963 3071 reliquiarum
3015 3002 3367 3071 possessione
3401 3001 3759 3070 gloriabatur,

2175 3092 2385 3146 cladem
2433 3107 2588 3161 aequo
2640 3092 2822 3145 animo
2868 3091 3011 3146 ferre
3048 3091 3294 3146 valerent
3327 3093 3438 3145 viri
3472 3090 3649 3161 probi,
3680 3086 3764 3140 Al-

2174 3183 2367 3238 fonsus
2399 3190 2458 3235 ut
2483 3183 2624 3235 hanc
2645 3197 2673 3234 a
2699 3196 2756 3235 se
2788 3180 3041 3248 iujuriam
3073 3181 3427 3242 amoliretur.
3458 3180 3628 3234 alium
3653 3175 3758 3246 epi-

2174 3290 2397 3345 scopum
2460 3274 2512 3327 in
2577 3273 2762 3329 Didaci
2818 3273 2993 3327 locum
3049 3273 3332 3327 intrudere
3389 3281 3626 3327 conatus
3667 3277 3761 3322 est.

2177 3365 2547 3437 Opportnnam
2598 3367 2758 3436 hujus
2794 3367 3008 3422 concilii
3040 3368 3381 3435 exsequendi
3422 3365 3761 3420 occasionem

2179 3458 2440 3513 olierebat
2467 3459 2536 3523 ei,
2563 3467 2621 3512 ut
2648 3460 2864 3528 quidem
2889 3459 2987 3529 ipsi
3020 3461 3329 3526 videbatur,
3357 3459 3608 3530 synodus
3631 3451 3762 3523 apud

2179 3558 2419 3604 sanctam
2451 3548 2675 3602 Mariam
2709 3549 2775 3603 de
2815 3549 3062 3614 Fuscllis,
3111 3564 3272 3618 quam
3319 3559 3454 3604 tunc
3507 3545 3762 3602 Ilicardus

2181 3640 2364 3695 Sancti
2420 3639 2650 3694 Victoris
2700 3640 2889 3706 abbas,
2943 3642 3152 3712 legatus
3199 3641 3346 3695 sedis
3396 3637 3762 3710 apostoliczea

2179 3730 2442 3798 Gregorio
2469 3730 2554 3784 Vll
2589 3731 2640 3783 in
2673 3729 2946 3799 Hispaniis
2970 3732 3273 3796 institutus,
3311 3734 3757 3802 congregaverat.

2183 3820 2364 3885 Quare
2423 3820 2679 3874 immissis
2735 3822 3228 3885 subornatoribus,
3291 3832 3625 3890 persuasum
3689 3822 3763 3869 est

2183 3909 2378 3965 callide
2415 3894 2616 3963 Didaco
2647 3921 2726 3975 ut,
2779 3911 2824 3964 si
2865 3911 3027 3966 vellet
3077 3911 3283 3966 absolvi
3335 3923 3365 3966 a
3419 3909 3671 3971 vinculis,
3709 3920 3762 3958 sc

2185 4016 2338 4055 reum
2389 4001 2445 4054 in
2497 4001 2726 4056 concilio
2762 4002 3059 4068 fateretur,
3109 4011 3164 4058 et
3213 4003 3530 4058 humilitate
3585 3993 3762 4070 procul

2185 4090 2346 4146 dubio
2367 4106 2463 4145 cor
2485 4091 2630 4161 regis
2651 4092 3031 4148 emolliendum
3057 4093 3304 4158 fore,nec
3333 4093 3502 4148 aliam
3526 4091 3574 4145 ei
3592 4099 3764 4156 stupet"

2184 4196 2307 4236 esse
2336 4182 2642 4236 obtinendae
2664 4182 2930 4238 libertatis
2957 4183 3120 4237 viam.
3145 4183 3397 4238 Assensit
3425 4183 3540 4247 ille,
3570 4178 3662 4234 scd
3685 4190 3763 4228 res

2185 4272 2292 4326 alio
2320 4273 2480 4327 vertit
2509 4287 2670 4342 quam
2701 4274 2814 4343 ipse
2841 4283 3148 4343 potaverat.
3179 4275 3390 4345 Quippe
3421 4290 3548 4332 cum
3589 4269 3764 4326 Alfon-

509 4377 657 4438 ptmn
709 4359 907 4419 dicitur
942 4365 995 4419 in
1027 4363 1266 4432 ejusdem
1304 4362 1402 4418 leci
1437 4362 1710 4417 Chronico
1736 4362 1957 4416 italico.
2012 4361 2082 4415 At
2115 4399 2160 4438 τ..
2190 4378 2282 4418 sus
2310 4363 2364 4417 in
2397 4363 2686 4418 concilium
2725 4366 2983 4431 venisset,
3017 4366 3410 4435 adductosque,
3439 4381 3506 4420 eo
3525 4363 3760 4434 jubentC,

510 4459 625 4526 ejus
668 4456 949 4526 exemplar
983 4456 1186 4509 habere
1221 4469 1326 4508 non
1368 4453 1540 4532 licuit,
1567 4453 1708 4508 sicut
1739 4467 1837 4506 nec
1866 4452 2086 4506 alterius
2116 4423 2134 4459 ³

513 4549 659 4618 quod
716 4549 816 4602 hoc
871 4547 986 4615 ipso
1035 4561 1176 4599 anno
1232 4545 1417 4598 datum
1470 4543 1642 4598 fertur
1689 4543 1849 4597 Petro
1906 4543 2086 4597 abbati

513 4638 819 4693 Carrofcnsi
886 4637 1026 4706 apud
1092 4635 1337 4690 Pictones
1387 4635 1442 4688 in
1491 4635 1706 4699 Gallia,
1777 4649 2085 4703 quanquam

515 4731 677 4794 istud,
718 4731 761 4784 si
793 4746 896 4784 non
931 4729 1110 4791 fallor,
1151 4726 1298 4799 aliud
1332 4741 1437 4780 non
1471 4734 1555 4780 est
1586 4726 1654 4780 ab
1685 4740 1749 4780 eo
1777 4726 1918 4796 quod
1943 4739 2087 4778 anno

515 4821 652 4877 I096
703 4823 874 4877 eidem
930 4820 1267 4876 monasterio
1322 4832 1642 4873 concessum
1690 4832 1786 4872 suo
1840 4817 1957 4871 loco
2007 4816 2088 4870 di-

514 4930 724 4975 ceruus.

518 5021 729 5077 XXXII.
791 5021 864 5073 De
913 5022 1058 5075 rebus
1114 5020 1434 5089 Ilispanicis.
1493 5017 1680 5071 Turbw
1736 5015 2090 5089 in_£'cclesia

593 5091 803 5144 Iricnsi.
859 5089 1076 5144 (ἐοικυὶὶ
1137 5085 1484 5144 Fussellrnsis
1528 5099 1746 5156 tempus.
1796 5085 2068 5140 Prima-tus

591 5161 837 5215 Ecclesia:
878 5159 1139 5213 Toletanw
1162 5162 1449 5214 restitutus.

587 5273 738 5341 Quod
785 5272 852 5328 ad
890 5288 984 5328 res.
1020 5271 1339 5342 HiSpauicas
1388 5272 1601 5327 attinet.
1655 5269 1965 5340 Augebatur
2013 5269 2085 5322 ibi

519 5363 765 5432 quotidie
796 5363 952 5418 novis
980 5361 1336 5418 incrementis
1367 5362 1636 5416 catholica
1676 5361 1808 5414 fides
1833 5360 2088 5414 Christia-

523 5470 712 5508 norum
737 5453 1038 5522 principum
1070 5451 1411 5518 fortitudine,
1441 5453 1531 5521 qui
1569 5451 1739 5522 pulsis
1770 5451 1969 5506 Mat-tris
1997 5467 2090 5505 ur-
2128 5477 2130 5479 -

527 5545 624 5600 bes
653 5545 961 5614 prmclaras,
1008 5554 1062 5598 et
1107 5543 1417 5614 provincias
1446 5545 1713 5598 interdum
1747 5546 1981 5613 integras
2010 5558 2095 5598 re-

523 5638 878 5706 cupcrabant.
907 5637 1109 5692 Auctor
1133 5636 1356 5690 lndiculi
1390 5650 1568 5691 rerum
1607 5636 2034 5704 Aragonicarum
2064 5650 2094 5689 a

2139 4427 2160 4457 λ
2192 4453 2384 4508 fuisset
2434 4454 2689 4518 Didacus,
2734 4464 2898 4527 atque
2939 4457 3015 4510 uti
3061 4458 3282 4512 edoctus
3311 4457 3512 4521 fuerat,
3546 4456 3688 4520 virga
3715 4455 3762 4499 οι

2191 4545 2392 4601 annulo
2419 4546 2472 4600 in
2499 4562 2692 4601 manus
2732 4547 2898 4617 legati
2937 4550 3303 4620 consignatis,
3352 4545 3640 4620 episcopali
3686 4538 3761 4593 (Ιὶ-

2191 4637 2396 4706 gnitate
2423 4650 2610 4691 coram
2643 4639 2789 4692 omni
2817 4639 3013 4709 populo
3039 4655 3098 4695 se
3129 4641 3406 4711 indignum
3443 4636 3762 4710 pret-lamas-

2192 4735 2308 4789 set,
2373 4725 2555 4779 statim
2619 4727 2995 4795 pronuntiavit.
3045 4727 3256 4798 legatus
3299 4744 3423 4783 cum
3481 4715 3757 4796 episcopali

2195 4817 2459 4887 dignitate
2505 4817 2800 4882 decidisse,
2853 4818 3234 4890 licentiamque
3277 4821 3423 4875 dedit
3461 4819 3684 4891 alterum
3712 4807 3757 4860 in

2196 4905 2313 4973 ejus
2355 4907 2529 4962 locum
2569 4908 2954 4962 substituendi.
2993 4905 3104 4964 Nec
3141 4925 3315 4974 mora,
3351 4909 3544 4964 Petrus
3576 4894 3756 4957 Candi—

2197 4999 2460 5052 dinieusis
2495 4998 2686 5062 abbas,
2727 5000 2816 5070 qui
2848 5000 2970 5054 data
3004 5016 3169 5070 opera
3193 5010 3389 5071 praesto
3417 5008 3554 5061 erat,
3585 5011 3612 5048 a
3641 5001 3757 5055 νειςε

2207 5089 2518 5158 designatus
2560 5089 2613 5142 in
2646 5090 2977 5160 episcopum,
3022 5092 3206 5146 statim
3247 5101 3554 5160 assumptus
3597 5093 3745 5151 alii"c

2199 5190 2558 5235 consecratus
2587 5189 2688 5236 cst.
2732 5181 2781 5237 ls
2825 5181 3052 5243 Biennio
3093 5186 3234 5240 rexit
3273 5184 3566 5242 Ecclesium
3602 5175 3754 5231 lricn-

2199 5284 2335 5333 sem.
2367 5272 2435 5326 ad
2477 5285 2679 5326 annum
2726 5273 2934 5328 scilicet
2981 5273 3138 5339 1091,
3193 5289 3301 5345 quo
3349 5274 3403 5329 in
3453 5257 3750 5341 Legimtensi

2201 5363 2434 5417 concilio
2462 5377 2491 5416 a
2523 5362 2781 5417 Rainerio
2804 5363 3115 5432 apostolicae
3145 5365 3288 5419 sedis
3317 5364 3494 5434 legato
3518 5359 3752 5414 exaucto-

2205 5460 2356 5508 ratus
2384 5451 2506 5516 fuit.
2532 5469 2656 5508 cum
2683 5453 2794 5522 jam
2830 5455 3114 5520 Ricardus,
3156 5470 3214 5510 re
3249 5458 3315 5510 ad
3363 5457 3626 5512 Urbanum
3665 5443 3748 5496 dc-

2204 5545 2344 5608 lata,
2401 5545 2696 5614 apostolica
2756 5546 3023 5618 legatione
3075 5546 3336 5616 spoliatus
3385 5547 3588 5602 fuisset.
3637 5534 3744 5590 Ilaec

2207 5636 2387 5691 omnia
2419 5637 2676 5694 discimus
2724 5655 2791 5695 cx
2833 5641 3000 5696 veteri
3050 5639 3287 5696 Historia
3333 5630 3749 5710 Couipostcllanﬂ?
