3962 6312
144 369 195 421 Η
1657 384 1805 439 VITA
1817 427 1829 440 .
3311 402 3381 456 4⁸1

146 483 380 575 Ecclesia!
410 498 530 555 qum
561 485 713 540 initio
758 485 942 542 saeculi
990 488 1320 557 duodecimi,
1352 492 1576 563 jubente
1615 495 1692 548 al-
1724 505 1770 560 Α
1802 515 1963 569 quam
2028 508 2271 575 regebat,
2319 513 2697 568 reverentiam.
2762 513 2899 572 llinc
2963 516 3147 571 statim
3201 518 3378 573 cidem

146 586 252 632 tero
309 574 544 642 Didaco,
609 576 784 646 primo
841 578 1253 650 Compostellae‘
1294 585 1703 654 archiepiscopo

148 668 332 739 scripta
364 681 446 724 est
475 685 508 724 a
544 667 782 727 Geraldo
822 670 940 740 ejus
973 672 1250 730 familiari.
1283 678 1362 733 Ex
1394 679 1496 733 hac
1524 679 1703 737 IIisto-

145 761 217 815 ria
238 775 297 815 ea
335 775 457 831 quae
498 762 565 817 ad
607 777 720 818 rem
753 774 992 821 nostram
1022 768 1297 836 pertinent
1325 768 1620 825 referemus
1650 771 1702 825 in

143 852 435 923 Appendice
477 864 735 925 excerpta
777 871 919 925 anno
954 858 1091 913 I703
1113 875 1180 914 ex
1207 860 1329 915 eod.
1359 877 1463 917 ms.
1500 863 1703 919 doctis-

144 943 255 997 simi
304 941 549 998 Ferrem
592 945 732 1014 apud
776 944 1066 1001 Madritum
1100 949 1430 1016 parochialis
1458 951 1702 1008 ecclesia:

146 1033 372 1098 rectoris,
401 1050 431 1088 a
462 1035 581 1089 viro
622 1034 691 1090 cl.
733 1033 943 1091 Joanne
986 1035 1059 1090 Lc
1104 1035 1310 1103 Crand,
1344 1053 1467 1094 cum
1496 1050 1639 1096 esset
1667 1056 1700 1097 a

144 1123 354 1177 secretis
397 1122 769 1178 illustrissimo
801 1125 982 1181 abbati
1020 1126 1247 1194 Estraeo,
1280 1128 1371 1198 qui
1405 1138 1517 1183 tum
1547 1130 1705 1186 Chri-

145 1211 443 1268 stianissimi
488 1214 632 1284 regis
670 1213 938 1284 legatione
984 1217 1051 1270 ad
1098 1215 1405 1288 Philippum
1437 1218 1478 1273 V
1506 1219 1702 1291 Hispa-

146 1302 339 1356 niarum
375 1318 557 1374 regem
588 1305 643 1359 in
673 1321 737 1361 ea
764 1307 899 1362 urbe
929 1306 1273 1377 fungebatur.

207 1391 343 1446 Inter
385 1402 585 1447 uetera
630 1409 763 1449 vero
802 1410 921 1464 qua:
951 1410 1015 1451 ex
1044 1398 1231 1453 eadem
1271 1400 1508 1457 Historia
1537 1402 1701 1458 disci-

148 1494 278 1544 mus,
319 1479 447 1535 illud
476 1497 609 1538 sane
632 1484 1008 1541 observatione
1039 1487 1259 1559 dignum
1287 1502 1372 1548 est
1402 1493 1543 1563 quod
1576 1495 1702 1552 inde

148 1569 288 1627 facile
312 1571 488 1642 colligi
522 1573 693 1643 possit
732 1589 842 1644 quo
896 1584 1141 1648 tempore
1177 1580 1506 1639 celebratum
1535 1583 1702 1642 fuerit

56 1708 59 1711 λ
148 1662 411 1716 concilium
449 1662 817 1731 Fusscllense,
860 1668 1028 1723 variis
1055 1672 1389 1740 temporibus
1419 1662 1487 1730 ab
1513 1686 1702 1731 aucto-

153 1753 287 1808 ribus
324 1753 573 1824 IIispanis
620 1757 977 1829 assignatum.
1029 1760 1145 1815 Non
1195 1763 1340 1817 enim
1390 1765 1455 1820 ad
1495 1780 1697 1822 annum

1801 594 2091 661 primatum
2125 598 2176 652 in
2203 608 2428 655 caeteras
2481 602 2858 673 IIiSpaniarum
2897 607 3170 665 Ecclesias
3206 608 3378 666 Urba-

1801 699 1905 740 nus
1938 689 2182 752 contulit,
2234 691 2361 748 data
2398 694 2542 749 bulla
2590 695 2850 768 Anagniae
2898 699 3078 757 Idibus
3126 699 3377 758 Octobris

1802 775 1963 847 hujus
1992 782 2139 845 anni,
2173 782 2225 838 in
2258 799 2364 853 qua
2402 785 2551 855 pallii
2591 788 2957 860 privilegium,
2988 802 3044 847 et
3084 795 3374 864 primatum

1802 864 1857 919 in
1884 867 2159 940 Hispaniis
2196 887 2256 928 se
2287 874 2335 929 ei
2376 876 2625 932 conferre
2659 879 2921 945 declarat,
2947 883 3015 936 ad
3054 882 3104 938 id
3133 886 3374 953 precibus

1801 958 2067 1032 Ildefonsi
2130 968 2266 1036 regis
2318 966 2627 1034 excitatus,
2685 971 2754 1026 ob
2814 972 3066 1043 antiquas
3124 974 3389 1045 Ecclesiae

1802 1049 2075 1109 Toletanae
2104 1056 2508 1127 praerogativas.
2538 1057 2652 1125 Qua
2686 1058 2754 1116 de
2782 1077 2842 1116 re
2882 1079 2985 1118 non
3013 1079 3192 1133 regem
3218 1066 3376 1120 modo

1800 1151 1895 1195 aut
1929 1140 2208 1215 Hugonem
2235 1146 2506 1215 abbatem,
2544 1150 2637 1203 sed
2667 1150 2827 1205 etiam
2862 1152 3147 1210 universos
3185 1154 3375 1226 IIiSpa-

1801 1230 2014 1289 niarum
2046 1237 2479 1310 archiepiscopos
2512 1241 2773 1298 certiores
2800 1243 2946 1299 fecit.
2986 1244 3219 1301 Litteras
3248 1262 3377 1301 vero

1800 1341 1936 1395 quas
1982 1327 2143 1397 hujus
2185 1329 2263 1383 rei
2312 1344 2475 1385 causa
2521 1331 2738 1399 scripsit
2778 1332 3040 1403 pontifex,
3083 1334 3185 1390 etsi
3234 1337 3379 1392 notis

1802 1414 2201 1483 chronologicis
2236 1425 2493 1483 careant,
2541 1419 2610 1473 ad
2657 1418 2803 1473 hunc
2854 1436 3055 1475 annum
3105 1424 3381 1492 pertinere

1801 1519 1962 1559 nemo
2011 1519 2117 1560 non
2177 1504 2343 1563 videt.
2384 1506 2730 1563 Praemissum
2789 1509 3065 1566 Toletauae
3121 1512 3380 1568 Ecclesia:

1799 1592 2140 1664 privilegium
2186 1594 2239 1648 in
2286 1596 2597 1666 Appendice
2638 1597 2816 1653 locum
2851 1600 3095 1667 habebit,
3145 1602 3287 1658 sicut
3326 1614 3384 1658 et

1800 1684 2046 1753 Gregorii
2088 1683 2159 1739 IX
2183 1686 2249 1740 de
2276 1687 2466 1742 eadem
2493 1700 2552 1742 re
2592 1688 2916 1759 rescriptum
2952 1692 3017 1743 ad
3057 1692 3381 1746 Rodericum

1801 1773 2124 1830 Toletanum
2175 1777 2667 1850 archiepiscopum,
2715 1780 2806 1850 qui
2851 1781 3251 1851 privilegiorum
3284 1784 3383 1837 Ec-

154 1843 531 1941 1135_l‘ef06_=_“‘i
555 1846 737 1941 ἀθιξςι,
771 1858 827 1903 ιιι
848 1851 1054 1919 Ρυιθνῖι
1088 1851 1490 1921 Sandovallius,
1523 1870 1615 1911 aut
1637 1858 1706 1914 ad
1734 1852 1780 1911 Β
1808 1865 1989 1922 desire
2009 1882 2123 1922 sure
2176 1843 2632 1939 exemp—laria‘sua
2656 1843 2971 1925 authentica
3016 1843 3083 1926 ab
3114 1886 3178 1925 eo
3207 1875 3382 1941 ponti-

154 1932 412 1990 Paschalis
437 1933 478 1989 II
504 1938 900 2006 pontificatum,
936 1950 994 1995 ut
1019 1941 1194 1997 visum
1233 1954 1320 2000 est
1356 1946 1456 2016 piae
1495 1962 1703 2002 memo-

158 2023 247 2077 ria:
283 2024 527 2080 cardinali
574 2028 761 2097 Aguiri
807 2030 1018 2087 ordinis
1042 2032 1378 2090 Benedictini
1403 2036 1702 2106 splendori,

165 2114 249 2182 qui
295 2115 416 2170 illud
461 2133 581 2172 cum
620 2118 905 2177 Palentino
937 2123 991 2178 in
1024 2140 1151 2194 quo,
1184 2137 1242 2181 ut
1269 2126 1467 2198 legitur
1498 2130 1551 2185 in
1585 2131 1704 2186 Vita

170 2203 296 2258 beati
325 2204 547 2274 Geraldi,
574 2211 856 2266 recitatum
891 2210 995 2268 fuit
1027 2215 1418 2274 Braccarensis
1446 2220 1705 2278 Ecclesiae

163 2295 490 2366 privilegium,
513 2301 753 2357 confudit
783 2321 797 2355 :
828 2305 923 2360 sed
945 2321 1087 2363 anno
1122 2308 1253 2365 l088
1282 2311 1582 2378 desinente,
1612 2323 1706 2371 aut

157 2389 406 2454 sequentis
447 2391 604 2447 initio
641 2394 973 2451 celebratum
1015 2397 1181 2455 fuisse
1210 2401 1316 2457 dici
1348 2402 1528 2461 debet.
1567 2405 1703 2461 Nam

154 2474 323 2534 Petrus
348 2482 531 2549 abbas,
562 2485 654 2553 qui
685 2484 803 2555 ejus
831 2487 1051 2544 concilii
1087 2498 1360 2562 tempore,
1391 2505 1483 2550 aut
1511 2497 1701 2553 saltem

152 2572 316 2625 statim
347 2582 508 2644 atque
539 2577 747 2633 finitum
778 2579 900 2646 Iuit,
940 2581 1200 2639 Iriensem
1248 2585 1549 2645 Ecclesium
1605 2608 1701 2648 oc-

150 2664 370 2730 cupavit,
426 2678 549 2735 post
598 2670 735 2725 duos
783 2674 1063 2744 regiminis
1111 2692 1283 2734 annos
1320 2694 1704 2740 exauctoratus

149 2750 239 2807 fuit
266 2770 293 2808 a
320 2755 577 2815 Itainerio
628 2761 805 2832 legato
847 2767 990 2821 sedis
1022 2772 1351 2839 apostolicre,
1388 2774 1442 2829 in
1475 2778 1705 2834 concilio

144 2843 479 2917 Legionensi,
523 2855 667 2921 quod
706 2870 773 2910 ex
806 2859 1046 2914 omnium
1094 2878 1361 2922 consensu
1394 2882 1536 2923 anno
1568 2870 1699 2927 1091

142 2939 438 3031 consignari
482 2943 661 2999 debet.
710 2946 965 3017 Ejusdem
995 2953 1197 3009 veteris
1230 2960 1564 3014 monumenti
1604 2976 1706 3031 ope

142 3029 349 3086 multum
402 3032 749 3091 illustrantur
796 3037 1002 3110 aliquot
1058 3042 1265 3101 Urbani
1320 3048 1599 3117 epistolae,
1640 3029 1706 3107 in

142 3122 321 3188 quibus
349 3124 603 3193 pontifex
642 3129 990 3186 vehementer
1032 3137 1387 3206 conqueritur
1428 3141 1568 3209 apud
1616 3142 1707 3196 Al-

139 3209 333 3269 fonsum
365 3231 581 3286 regem,
610 3218 676 3272 de
704 3222 1021 3290 captivitate
1044 3227 1272 3295 episcopi
1302 3200 1477 3282 sancti
1494 3228 1704 3296 Jacobi,
1735 3200 1779 3263 Ο

137 3318 194 3356 ac
239 3306 301 3359 de
354 3306 610 3374 ejusdem
664 3309 943 3380 illegitima
993 3317 1471 3383 exauctoratione,
1531 3334 1561 3373 a
1614 3319 1710 3375 Ri-

135 3395 322 3451 clmrdo
369 3409 576 3453 contra
617 3402 829 3470 regulas
860 3411 1145 3460 attentata.
1179 3406 1315 3462 llinc
1346 3409 1509 3463 etiam
1541 3411 1707 3466 disci-

135 3503 239 3542 mus
266 3504 362 3543 cur
392 3488 680 3556 Urbanus,
708 3493 885 3549 ablata
920 3494 1519 3571 Ricbardqlegatione,
1554 3504 1706 3557 vices

133 3592 246 3633 suas
279 3581 329 3634 in
358 3582 634 3651 Hispania
680 3584 956 3642 Bernardo
1007 3588 1269 3645 Toletano
1304 3594 1535 3648 antistiti
1561 3610 1708 3651 com-

132 3670 343 3726 miserit.
374 3674 602 3729 Caetera
633 3676 746 3731 suis
776 3677 910 3733 locis
932 3692 1289 3748 exponentur.

192 3761 323 3819 Cum
355 3766 555 3834 itaque
577 3767 663 3821 his
697 3769 867 3824 turbis
898 3770 1153 3826 Ecclesiae
1175 3773 1416 3830 Galliciae
1441 3778 1710 3849 agitaren-

132 3860 229 3919 tur,
290 3855 620 3912 Bernardus
672 3857 785 3927 jam
854 3873 1203 3919 consecratus
1270 3866 1443 3923 Toleti
1502 3872 1712 3941 episco-

131 3958 254 4011 pus,
302 3955 363 4001 ut
403 3946 665 4018 plerique
701 3952 1059 4018 existimant,
1111 3956 1255 4024 quod
1310 3959 1527 4027 quidem
1572 3962 1712 4016 veri-

134 4035 359 4093 similius
411 4047 531 4104 est,
565 4048 659 4094 aut
696 4051 845 4096 certe
882 4043 1224 4101 solummodo
1258 4049 1324 4103 ad
1363 4051 1504 4107 hanc
1529 4052 1712 4107 sedem

132 4125 493 4197 designatus,
554 4131 622 4197 si,
681 4140 740 4186 ut
794 4132 884 4186 alii
940 4134 1151 4200 volunt,
1212 4153 1403 4193 verum
1460 4141 1535 4194 sit
1589 4156 1712 4196 eum

129 4217 192 4270 ab
248 4218 522 4284 Urbano,
579 4221 723 4291 quod
789 4222 904 4292 ipse
956 4239 1232 4294 nunquam
1307 4228 1462 4295 dixit,
1522 4245 1713 4285 conse-

129 4316 335 4363 cratum
382 4310 606 4378 fuisse,
664 4312 890 4367 Romam
950 4317 1100 4371 venit
1164 4318 1423 4375 adversus
1481 4321 1715 4376 Richar-

127 4398 244 4454 dum
273 4442 290 4466 ,
340 4403 388 4458 si
456 4401 724 4457 Roderico
780 4404 1047 4460 Toletano
1098 4408 1387 4464 credamus
1418 4450 1432 4473 ,
1478 4425 1717 4480 conque-

127 4499 322 4556 sturus,
382 4492 509 4563 vel,
560 4506 619 4547 ut
655 4493 777 4549 aliis
827 4494 1046 4565 placet,
1085 4496 1152 4550 ad
1193 4498 1461 4553 visitanda
1502 4510 1718 4569 aposto-

126 4578 293 4636 lorum
348 4584 585 4648 limina,
625 4593 679 4638 et
720 4593 779 4638 ut
814 4586 1076 4655 obsequia
1124 4604 1223 4642 sua
1277 4604 1417 4643 novo
1452 4590 1714 4660 pontifici,

126 4672 235 4725 sive
276 4674 370 4728 ille
421 4673 598 4731 fuerit
647 4675 876 4740 Victor,
931 4684 991 4729 ut
1040 4676 1260 4745 quidam
1314 4679 1541 4743 dicunt,
1602 4680 1718 4736 sive

124 4780 410 4822 successor
466 4767 585 4838 ejus
628 4766 906 4834 Urbanus,
954 4768 1097 4837 quod
1148 4770 1321 4839 magis
1363 4770 1581 4826 videtur
1619 4787 1718 4826 an-

127 4856 285 4922 liquis
338 4856 720 4911 monumentis
779 4866 1250 4923 consentaneum,
1313 4858 1551 4914 deferret
1595 4875 1611 4915 :
1654 4875 1721 4916 eo

125 4948 282 5002 etiam
328 4949 664 5004 intendebat
694 4958 753 5003 ut
792 4963 854 5004 ea
901 4949 1190 5004 occasione
1238 4950 1584 5020 antiquorum
1620 4951 1723 5007 Ec-

126 5038 298 5096 clesia:
326 5042 618 5096 Toletante
658 5039 1064 5110 privilegiorum
1099 5039 1372 5096 obtineret
1420 5042 1720 5097 restitutio-

129 5146 243 5185 nem
271 5148 286 5187 :
313 5135 470 5204 quod
512 5133 696 5204 colligi
760 5141 964 5203 potest,
1005 5133 1115 5187 imo
1143 5133 1347 5188 diserte
1386 5134 1618 5189 habetur
1662 5135 1717 5188 in

130 5223 332 5281 Urbani
394 5226 667 5296 epistolis.
718 5224 881 5281 Certe
946 5224 1463 5281 Bernardum-cum
1521 5225 1718 5281 litteris

132 5318 601 5373 commendatitiis
637 5316 849 5372 Alfonsi
884 5316 1026 5385 regis
1056 5316 1361 5372 venientem
1389 5317 1620 5388 benigne
1650 5318 1720 5373 ab

138 5408 350 5467 Urbano
371 5419 667 5480 exceptum
696 5409 864 5466 fuisse
902 5416 1132 5465 testatur
1160 5408 1274 5479 ipse
1311 5410 1453 5464 idem
1476 5409 1723 5478 pontifex

137 5498 184 5551 in
233 5499 478 5571 epistola
524 5502 591 5555 ad
645 5503 894 5558 eumdem
945 5515 1150 5570 regem,
1195 5500 1288 5570 qui
1338 5501 1391 5554 in
1441 5500 1611 5555 altera
1655 5500 1721 5554 ad

137 5590 417 5663 Ilngonem
461 5593 892 5657 Cluniacensem,
916 5594 989 5647 ait
1028 5592 1363 5648 Bernardum
1408 5607 1437 5646 a
1486 5606 1547 5647 se
1585 5606 1725 5646 reve-

141 5695 306 5737 rcntcr
351 5685 528 5739 fuisse
565 5696 856 5754 exceptum,
893 5696 1005 5738 tum
1042 5684 1111 5738 ob
1139 5685 1256 5754 ejus
1297 5682 1723 5738 commendatio-

140 5786 279 5837 nem,
316 5783 437 5827 tum
485 5773 551 5826 ob
592 5774 761 5842 ipsius
811 5774 1088 5839 Bernarlli,
1139 5785 1193 5827 et
1240 5774 1384 5828 sedis
1428 5772 1721 5838 Toletanaé,

422 5886 696 5945 Pauor.
746 5886 891 5945 CLI.

1745 4539 1795 4599 Ι)

1808 1957 1911 2012 ﬁcc
1970 1959 2363 2027 postulaverat.
2422 1960 2570 2029 Ipsas
2630 1969 2810 2014 autem
2874 1961 3085 2016 litteras
3146 1964 3381 2018 edendas

1806 2047 2161 2118 relinquimus
2187 2050 2456 2105 laborioso
2476 2051 2799 2121 eruditoque
2838 2051 3239 2119 pontiﬁciarum
3267 2052 3381 2117 epi-

1806 2139 2066 2195 stolarum
2102 2139 2403 2206 collectori,
2449 2154 2518 2194 ne
2555 2139 2782 2209 repetita
2826 2138 3024 2208 smpius
3064 2140 3380 2194 earumdem

1805 2244 1987 2285 rerum
2013 2230 2251 2285 editione
2292 2228 2546 2284 litteratis
2578 2228 2840 2283 librorum
2870 2230 3205 2299 emptoribus
3229 2230 3382 2285 oneri

1805 2321 1994 2375 simus.
2507 2365 2509 2368 .

1808 2409 2040 2465 XXXIII.
2082 2410 2335 2465 Artaldus
2364 2409 2669 2465 Helenensts
2690 2416 2754 2465 ab
2787 2407 2999 2466 Urbano
3027 2420 3382 2466 consecratur.

1876 2500 2111 2555 Emersit
2131 2502 2278 2556 circa
2310 2500 2443 2555 illud
2470 2508 2682 2571 tempus
2704 2501 2886 2572 gravis
2912 2502 3284 2557 controversia
3330 2502 3385 2555 in

1806 2594 2080 2664 provincia
2106 2591 2441 2649 Narbonensi
2483 2593 2625 2648 inter
2649 2592 2938 2647 Artaldum
2968 2593 3199 2648 electum
3227 2593 3385 2647 llele-

1808 2700 2028 2740 nensem
2056 2685 2371 2756 episcopum
2409 2692 2465 2741 et
2493 2684 2817 2740 Dalmatium
2865 2699 2984 2753 ejus
3014 2685 3388 2756 metropolita-

1810 2792 1959 2840 num,
1986 2776 2075 2846 qui
2102 2790 2226 2830 eum
2268 2778 2338 2831 ob
2375 2774 2634 2831 Simonis:
2662 2776 3025 2844 suspicionem
3065 2790 3389 2831 consecrare

1808 2867 2091 2923 retinebat.
2134 2865 2392 2920 Artaldus
2430 2866 2576 2921 hanc
2614 2866 2887 2936 repulsam
2918 2880 3111 2936 passus
3155 2865 3384 2921 Romam

1809 2959 1972 3022 adiit,
2024 2958 2208 3027 ibique
2260 2957 2505 3029 [ιι-ωειίιο
2560 2965 2904 3012 sacramento
2954 2966 3254 3026 purgatus,
3322 2957 3390 3011 ab

1811 3046 2032 3102 Urbano
2054 3046 2171 3117 ipso
2196 3055 2544 3101 consecratus
2568 3054 2675 3101 est.
2703 3045 2759 3099 Id
2790 3044 2986 3112 fusius,
3018 3047 3095 3100 uti
3119 3045 3392 3115 conjicere

1823 3139 1969 3203 licet,
2004 3138 2332 3208 descriptum
2375 3146 2495 3193 erat
2524 3137 2576 3192 in
2607 3136 2811 3194 Urbani
2852 3137 3053 3201 Gestis,
3094 3153 3159 3191 ex
3197 3137 3393 3207 quibus

1810 3241 2075 3282 canonem
2123 3228 2383 3282 Artaldus
2408 3227 2460 3282 in
2489 3242 2646 3282 suum
2671 3227 2949 3283 decretum
2976 3225 3275 3283 Gratianus
3305 3226 3388 3281 ἰη-

1811 3317 1960 3370 vexit
1983 3317 2038 3383 8,
2066 3332 2122 3387 q.
2153 3317 2211 3382 3,
2253 3331 2303 3372 c.
2334 3316 2390 3383 2,
2420 3317 2509 3372 ubi
2547 3316 2639 3372 ille
2678 3318 2959 3381 mendose,
3001 3316 3078 3370 uti
3123 3316 3388 3375 dicemus,

1810 3409 2079 3479 episcopus
2138 3409 2460 3463 Arelatensis
2518 3408 2837 3479 appellatur.
2903 3408 2980 3463 De
3040 3422 3146 3476 quo
3205 3420 3393 3461 errore

1810 3519 1931 3558 cum
1961 3503 2050 3558 hic
2078 3518 2251 3559 canon
2278 3504 2345 3559 ad
2375 3502 2656 3558 Urbanum
2684 3513 2931 3557 nostrum
2973 3509 3206 3569 spectet,
3239 3498 3395 3567 juvat

1813 3592 1902 3646 hic
1928 3591 2087 3662 paulo
2118 3592 2429 3647 accuratius
2466 3590 2764 3661 inquirere.
2793 3591 3124 3645 Franciscus
3156 3589 3390 3659 Bosque-

1815 3690 1900 3735 tus
1934 3682 2127 3736 merito
2156 3681 2505 3750 reprehendit
2529 3679 2781 3736 Gratiani
2824 3682 3082 3745 editores,
3111 3680 3253 3749 quod
3291 3695 3392 3749 pro

1812 3769 2153 3835 Arelatensis,
2200 3770 2486 3842 legendum
2530 3783 2656 3825 esse
2705 3768 2991 3827 Electensis
3052 3770 3390 3833 censuerint,

1813 3877 1964 3928 cum,
1991 3861 2185 3931 inquit,
2216 3869 2425 3917 certum
2459 3861 2531 3916 sit
2569 3859 2907 3916 Electensem
2935 3859 3259 3926 Ecclesiam,
3289 3860 3389 3914 etsi

1814 3952 2149 4009 Narbonensi
2200 3952 2493 4024 provinciae
2554 3952 2622 4006 ab
2676 3952 2833 4007 initio
2880 3949 3215 4020 subjectam,
3267 3960 3394 4005 ante

1813 4045 2039 4100 Joannis
2089 4044 2231 4099 XXII
2290 4054 2532 4116 tempora
2586 4043 2879 4115 episcopali
2932 4043 3090 4097 titulo
3144 4052 3394 4097 ornatam

1816 4151 1921 4189 non
1961 4135 2150 4190 fuisse.
2188 4136 2253 4190 At
2284 4136 2497 4191 caneris
2530 4134 2741 4189 felicior
2780 4149 2886 4189 non
2915 4132 3121 4189 fuitvir
3149 4134 3397 4188 eruditus

1816 4227 1870 4281 in
1919 4226 2131 4298 vulgata
2190 4226 2422 4282 lectione
2466 4224 2891 4297 prepugnanda,
2941 4241 3101 4295 quam
3168 4225 3393 4280 retineri

1817 4316 2014 4372 debere
2041 4318 2342 4382 contendit,
2367 4326 2426 4371 ut
2450 4318 2576 4372 inde
2604 4318 2860 4387 probaret
2901 4316 3244 4371 Arelatenses
3276 4317 3394 4384 epi-

1818 4423 2013 4479 scopos
2059 4408 2187 4463 olim
2242 4406 2581 4463 Narbonensi
2640 4406 3061 4476 metropolitano
3122 4405 3397 4474 subjectos

1820 4498 2008 4552 fuisse.
2037 4497 2247 4552 Etenim
2290 4512 2391 4553 nec
2427 4497 2760 4552 Arelatensis
2794 4497 3033 4552 Ecclesia
3066 4510 3301 4565 unquam
3329 4496 3396 4548 ad

1822 4588 2153 4658 provinciam
2196 4596 2290 4641 aut
2327 4587 2619 4657 primatum
2664 4585 3068 4642 Narbonensem
3112 4585 3393 4655 pertinuit,

1822 4694 1923 4735 nec
1964 4679 2106 4734 inter
2134 4678 2477 4734 Arelatenses
2514 4678 2799 4749 episcopos
2844 4676 3101 4733 Artaldus
3131 4672 3271 4728 ulius
3310 4689 3399 4726 us-

1822 4787 1983 4843 quam
2012 4778 2364 4826 memoratur.
2388 4769 2506 4824 Alia
2553 4770 2736 4839 itaque
2774 4768 3040 4825 solvenda:
3070 4766 3230 4836 hujus
3264 4764 3399 4820 ditii-

1822 4862 2037 4918 cultatis
2062 4862 2148 4916 via
2185 4861 2417 4917 ineunda
2449 4868 2555 4925 est,
2584 4875 2744 4929 quam
2774 4858 2988 4912 videtur
3015 4857 3286 4910 invenisse
3318 4857 3391 4907 vit

1825 4956 1895 5012 cl.
1946 4955 2253 5025 Stephanus
2288 4954 2544 5009 Baluzius
2592 4953 2644 5007 in
2683 4950 2882 5006 additis
2920 4949 2985 5002 ad
3024 4948 3221 5003 librum
3259 4963 3291 5001 v
3324 4947 3399 5001 De

1825 5047 2114 5102 concordia
2157 5045 2445 5101 sacerdotii
2473 5052 2527 5099 et
2550 5041 2761 5113 imperii
2792 5053 2912 5108 cap.
2949 5037 3041 5102 41,
3073 5038 3167 5092 ubi
3218 5047 3400 5091 monet

1824 5137 2104 5206 legendum
2147 5150 2265 5190 esse
2307 5136 2359 5189 in
2407 5136 2510 5188 hoc
2554 5147 2763 5187 canone
2822 5128 3071 5183 Artaldus
3127 5128 3400 5183 Elenensis

1825 5228 2117 5298 episcopus,
2150 5225 2467 5281 Helenensis
2494 5224 2693 5294 quippe
2721 5220 2955 5275 Ecclesia
2984 5231 3113 5276 tunc
3144 5220 3400 5287 temporis

1827 5316 2066 5386 subjecta
2093 5326 2214 5372 erat
2240 5315 2523 5385 metropoli
2553 5312 2907 5368 Narbonensi.
2934 5313 2999 5367 Et
3025 5310 3242 5382 quidem
3275 5318 3403 5365 tunc

1824 5408 2044 5464 vivebat
2080 5408 2358 5472 Artaldus,
2388 5406 2478 5476 qui
2522 5405 2843 5461 Elenensem
2888 5405 3068 5460 sedem
3096 5417 3163 5457 eo
3201 5400 3399 5457 saeculo

1828 5501 2108 5555 desinente
2133 5499 2327 5563 tenuit,
2370 5506 2431 5551 ut
2460 5496 2818 5552 conﬁrmatur
2844 5511 2913 5551 ex
2944 5495 3029 5549 his
3056 5492 3239 5547 verbis
3275 5491 3401 5545 libri

1827 5607 1879 5645 tv
1903 5590 2097 5645 Marem
2121 5588 2443 5658 Hispanicm,
2468 5586 2655 5640 Artalli
2679 5586 2824 5640 electi
2847 5583 3072 5655 episcopi
3094 5580 3402 5635 Helenensis

1825 5684 2019 5737 mentio
2048 5681 2106 5753 ﬁt
2136 5696 2188 5734 vt
2234 5679 2365 5734 Idus
2410 5680 2561 5743 Maii,
2593 5694 2733 5732 anno
2770 5678 2836 5731 27
2876 5684 3121 5747 regnante
3160 5671 3404 5739 Philippo

1831 5789 1963 5841 rege.
2012 5771 2112 5838 Qui
2164 5770 2379 5839 quidem
2425 5768 2653 5838 Philippi
2703 5767 3033 5827 annussia
3076 5760 3246 5831 patris
3288 5760 3404 5825 ejus

2929 5883 2968 5938 2
