3962 6312
582 347 652 403 45

1885 342 1941 394 [ι.
1984 310 2233 397 uncam
2270 343 2311 395 ιι
2342 342 2538 398 parte

3720 361 3769 416 ιι

578 476 726 531 obitu
771 478 1131 541 computetur,
1163 468 1228 522 ad
1278 481 1478 521 annum
1524 464 1658 521 1088
1702 464 1947 519 revocari
1977 462 2157 526 debet,
2189 468 2234 525 Α
2265 466 2624 545 monasticam
2674 480 2780 520 non
2815 466 3046 522 obscure
3090 466 3312 523 alterum
3357 468 3651 540 baptismum
3689 496 3763 548 ap»

579 581 688 637 quo
737 564 913 633 reipsa
954 560 1235 615 Artaldnm
1278 559 1510 613 electqu
1557 555 1721 609 fuisse
1766 552 2063 617 credimus,
2105 564 2161 608 et

580 654 684 709 sub
738 651 977 719 ejusdem
1032 648 1160 703 anni
1210 647 1373 701 ﬁnem
1414 646 1617 709 Roma,
1667 659 1773 713 quo
1818 653 1939 713 post
1982 643 2162 696 varias

578 741 1047 814 peregrinationes
1090 740 1201 809 jam
1254 737 1493 791 redierat
1536 734 1825 799 Urbanus,
1878 748 2160 789 consecra-

577 844 715 889 tum.
752 832 963 886 Laudat
1013 831 1152 884 idem
1190 827 1446 881 Baluzius
1496 826 1629 880 duos
1668 825 1883 879 codices
1920 832 2161 879 vetustos

573 938 676 977 ms.
715 937 919 974 :unum
964 919 1170 973 scilicet
1214 916 1532 979 Pnteannm,
1578 914 1669 983 qui
1703 930 1848 968 nunc
1888 923 2066 969 exstat
2104 914 2157 967 in

573 1010 909 1064 Bibliotheca
938 1009 1107 1077 regia,
1145 1016 1198 1059 et
1225 1005 1453 1058 alterum
1479 1020 1641 1073 quem
1671 1019 1837 1073 penes
1865 1019 1923 1058 se
1953 1012 2156 1066 servat,

572 1103 629 1157 in
666 1103 862 1172 quibus
897 1100 985 1154 hic
1016 1099 1236 1163 dicitur,
1268 1095 1519 1150 Artaldus
1551 1096 1828 1149 Alancnsis
1864 1097 2154 1165 episcopus,

578 1211 700 1263 qua
748 1193 909 1247 lectio
958 1190 1059 1244 etsi
1108 1191 1387 1251 mendosa,
1440 1188 1711 1242 sinceram
1765 1195 1944 1241 tamen
1993 1201 2155 1256 quam

572 1299 979 1357 propugnamus
1009 1282 1315 1338 confirmat.
1347 1279 1443 1333 His
1472 1280 1609 1334 adde
1642 1278 1848 1334 Urbani
1874 1278 2154 1347 epistolam

574 1395 718 1434 anno
760 1377 1005 1448 sequenti
1050 1375 1307 1445 scriptam
1358 1373 1425 1427 ad
1466 1372 1798 1442 Raynerium
1849 1369 2156 1433 apostolicae

571 1468 718 1523 sedis
752 1467 1008 1537 legatum,
1050 1480 1153 1533 qtta
1189 1461 1433 1533 pontifex
1459 1462 1508 1515 ei
1555 1477 1773 1515 causam
1808 1460 1950 1513 haud
1990 1458 2153 1513 dubio

571 1561 755 1625 istam,
799 1574 921 1629 qua
951 1559 1091 1611 inter
1132 1557 1439 1626 episcopum
1484 1555 1799 1608 Elenenscm
1841 1563 1896 1607 et
1939 1552 2152 1608 Narbo-

569 1665 797 1707 nensem
854 1647 1325 1716 metropolitanum
1369 1644 1719 1705 versabatur,
1762 1642 2153 1697 discutiendam

570 1738 883 1796 committit.
943 1736 1041 1790 Hic
1092 1734 1432 1790 exhibendus
1488 1741 1572 1787 est
1626 1732 1774 1786 locus
1832 1731 2044 1801 integer
2086 1748 2152 1785 ex

2262 556 2443 625 pellat.

2319 668 2531 724 XXXV.
2573 664 3139 742 Magalonw'episwpi
3166 671 3375 739 speciali
3387 671 3504 741 jure
3529 675 3726 742 pontiﬁci

2787 739 3024 793 Romano
3066 742 3302 810 subjecti.

2306 829 2515 894 Mense
2554 831 3071 899 sequenti'pontifex
3105 832 3392 888 Gotofredo
3421 834 3651 903 episcopo
3688 836 3767 892 Ec-

2260 921 2481 975 clesiam
2528 921 2963 989 Magalonensem
3008 937 3127 976 cum
3183 924 3437 977 comitatu
3484 923 3770 979 Substantio-

2260 1012 2414 1067 nensi
2453 1011 2815 1078 conﬁrmavit,
2845 1011 3039 1067 litteris
3066 1029 3129 1068 ea
3162 1014 3228 1068 de
3273 1030 3331 1068 re
3373 1015 3470 1068 hoc
3511 1029 3637 1068 anno
3661 1016 3771 1069 datis

2258 1100 2444 1156 Roma
2512 1118 2602 1156 xtx
2668 1100 2937 1156 Kalendas
3011 1101 3273 1157 Januarii.
3329 1103 3433 1158 Cur
3492 1120 3609 1159 vero
3673 1113 3772 1160 tunc

2258 1192 2549 1247 Gotofredo
2576 1194 2885 1247 necessaria
2927 1192 3089 1248 fuerit
3136 1194 3389 1249 Ecclesiae
3432 1194 3772 1265 Magalonensis

2259 1282 2620 1347 conﬁrmatio,
2661 1284 2751 1353 qui
2787 1284 2956 1338 multo
2991 1294 3279 1354 antequam
3312 1284 3552 1342 Urbanus
3575 1286 3772 1355 pontifex

2259 1374 2428 1437 ﬁeret,
2459 1375 2598 1430 hanc
2628 1376 2811 1430 sedem
2850 1377 3182 1440 obtinuerat,
3215 1377 3470 1432 discimus
3495 1393 3555 1433 ex
3577 1378 3772 1432 Antonio

2259 1466 2326 1520 de
2372 1464 2627 1529 Verdala,
2660 1465 2903 1534 ejusdem
2948 1466 3205 1521 Ecclesia
3236 1468 3499 1536 episcopo,
3547 1467 3595 1520 in
3633 1466 3777 1520 libello

2257 1556 2332 1612 De.
2354 1558 2496 1612 serie
2517 1558 2895 1628 episcoporum
2917 1557 3372 1629 Magalonensium
3394 1560 3527 1628 apud
3545 1558 3775 1612 Labbeum

2258 1655 2402 1701 tomo
2449 1647 2471 1701 Ι
2515 1646 2863 1703 Bibliotheca
2920 1664 3091 1715 nova,
3142 1651 3232 1705 ubi
3286 1650 3373 1705 ille
3419 1658 3599 1704 auctor
3643 1647 3776 1701 refert

2257 1737 2481 1792 Petrum
2519 1738 2762 1810 Melgorii
2790 1740 3041 1795 comitem
3081 1756 3225 1795 anno
3257 1742 3393 1796 1085
3413 1738 3646 1794 Kalendis
3680 1737 3777 1791 Maii

570 1833 793 1886 decreto
844 1826 1111 1891 Gratiani,
1154 1841 1278 1881 cum
1331 1822 1486 1879 Gesta
1543 1822 1743 1877 Urbani
1799 1825 2032 1888 secundi,
2083 1839 2146 1877 ex
2184 1841 2225 1898 ις
2258 1827 2473 1883 dedisse
2515 1828 2778 1899 Gregorio
2818 1830 2905 1883 VII
2949 1830 3192 1899 pontiﬁci
3242 1831 3481 1885 Romano
3525 1827 3606 1896 jus
3651 1841 3779 1880 omne

571 1923 767 1993 quibus
816 1922 905 1976 hic
953 1934 1128 1975 canon
1171 1918 1521 1988 depromptus
1563 1917 1784 1982 dicitur,
1836 1916 1997 1971 modo
2044 1932 2148 1970 non

568 2014 897 2067 habeantur.

570 2128 697 2182 Post
754 2126 1094 2190 electionem,
1147 2141 1241 2194 pro
1288 2125 1630 2178 indemnitate
1683 2123 1969 2194 Ecclesia,
2032 2123 2148 2176 licet

689 2197 847 2250 electo
882 2193 1241 2265 juramentum
1273 2207 1522 2263 prwstare
1561 2195 1638 2262 (8,
1667 2211 1723 2263 q.
1756 2195 1813 2257 3,
1854 2209 1906 2248 c.
1946 2193 2025 2261 2).

643 2308 660 2340 ‹
687 2287 945 2342 Artaldus
966 2286 1299 2339 Arelatensis
1325 2282 1812 2354 [legellelenensis]
1841 2282 2149 2352 episcopus,

568 2378 936 2434 Narbonensis
966 2377 1223 2432 Ecclesia
1258 2376 1657 2444 suﬁ‘raganeus,
1690 2375 1916 2428 Romam
1959 2389 2152 2429 consc—

567 2473 803 2528 crandus
835 2470 903 2525 ad
946 2470 1222 2525 dominum
1271 2467 1548 2523 Urbanum
1596 2482 1787 2537 papam
1820 2468 1984 2531 venit,
2021 2482 2150 2521 suus

565 2565 767 2634 quippe
830 2560 1274 2631 archiepiscopus
1330 2574 1453 2613 eum
1511 2574 1833 2613 consecrare
1898 2559 2148 2625 nolebat,

566 2656 821 2725 quoniam
847 2661 972 2725 post
993 2651 1313 2706 electionem
1343 2665 1494 2703 suam
1530 2659 1750 2720 propter
1778 2650 1919 2704 bona
1960 2650 2147 2705 Eccle-

566 2753 660 2805 sia
726 2747 1097 2804 conservanda
1162 2743 1441 2800 canonicis
1493 2743 1716 2811 juravit.
1785 2743 2148 2799 Consecratus

565 2843 748 2913 itaque
794 2849 877 2896 est
914 2856 944 2894 a
978 2838 1197 2895 domino
1238 2852 1375 2907 papa
1424 2836 1662 2901 Urbano,
1708 2845 1836 2890 ante
1882 2845 2148 2905 purgatus

567 2930 875 3002 huiusmodi
900 2932 1229 3001 juramento.
1267 2946 1284 2977 ι
1313 2928 1386 2980 De
1408 2924 1718 2994 juramento
1747 2928 1889 2994 quod
1920 2925 2147 2979 canoni-

568 3024 648 3077 cis
681 3030 881 3077 nostra
915 3018 1171 3074 Ecclesia
1215 3016 1317 3071 feci
1365 3026 1484 3086 post
1520 3015 1841 3069 electionem
1866 3054 1882 3080 ,
1945 3013 2146 3067 nullam

566 3112 979 3169 conventionem
1031 3118 1158 3164 ante
1209 3115 1269 3161 ut
1330 3106 1559 3176 eligerer
1604 3104 1730 3160 feci.
1783 3102 2147 3158 Narbonensis

563 3221 696 3260 vero
724 3203 1163 3273 archiepiscopus
1193 3198 1389 3253 nullius
1409 3206 1605 3267 prater
1633 3197 1684 3251 id
1706 3194 1952 3250 criminis
1982 3209 2144 3250 causa

565 3296 1032 3353 consecrationem
1063 3300 1301 3347 nostram
1333 3290 1537 3355 omisit,
1573 3304 1657 3343 me
1688 3288 1923 3354 sciente,
1971 3301 2145 3356 neque

564 3390 700 3445 mihi
738 3387 983 3444 criminis
1031 3384 1283 3441 conscius
1319 3397 1439 3437 sum
1470 3390 1690 3450 propter
1720 3378 1862 3449 quod
1908 3394 1937 3432 a
1988 3393 2145 3433 sacra

565 3495 654 3535 me
680 3479 934 3534 unctione
956 3476 1105 3548 [mss.
1132 3489 1162 3528 a
1190 3472 1499 3529 sacerdotio
1525 3469 1632 3542 me]
1668 3469 1909 3540 repellat.
1945 3487 1964 3521 ι

632 3571 833 3627 Contra
878 3569 1022 3623 hanc
1062 3564 1460 3623 ordinationem
1516 3561 1921 3617 Narbonensem
1966 3561 2140 3615 archi-

563 3662 877 3730 episcopum
939 3659 1268 3714 reclamasse
1329 3656 1592 3710 discimus
1648 3671 1716 3709 ex
1784 3653 2011 3722 epistola
2077 3654 2145 3707 ad

565 3749 899 3820 Raynerium
956 3749 1116 3801 modo
1169 3745 1385 3799 laudata
1446 3766 1457 3797 :
1512 3761 1674 3815 quem
1736 3755 1914 3799 tamen
1983 3759 2145 3800 causa

565 3841 828 3897 cecidisse
849 3847 997 3910 patet
1033 3848 1144 3892 tum
1176 3852 1243 3891 ex
1280 3836 1383 3891 isto
1403 3850 1635 3901 canone,
1667 3844 1778 3889 tum
1811 3850 1879 3889 ex
1909 3849 1976 3889 eo
2004 3836 2147 3903 quod

566 3931 823 3988 Artaldus
857 3929 1155 3985 Ecclesiam
1206 3925 1565 3982 Helencnsem
1611 3927 1701 3980 diu
1741 3934 1927 3994 postea
1966 3926 2147 3994 quiete

565 4022 793 4089 rexerit,
823 4022 1098 4090 variisque
1145 4018 1413 4084 conciliis,
1458 4032 1523 4072 ac
1549 4018 1889 4087 potissimum
1922 4016 2148 4072 Nemau-

565 4114 734 4180 sensi,
767 4113 860 4168 ubi
903 4126 1146 4183 praesens
1192 4119 1313 4166 erat
1366 4108 1481 4180 ipse
1525 4108 1787 4178 pontifex,
1832 4109 1973 4163 inter
2014 4108 2148 4164 alios

565 4204 864 4263 catholicos
906 4202 1180 4259 antistites
1221 4200 1551 4266 interfuerit,
1584 4208 1643 4254 ut
1672 4200 1863 4270 probat
1896 4199 2147 4255 Baluzius

564 4299 701 4355 locis
765 4296 1015 4352 laudatis.
1083 4294 1256 4351 Porro
1325 4291 1608 4348 Elenensis
1672 4306 1766 4347 seu
1829 4291 2147 4348 Ilelenensis

565 4392 911 4462 episcopatus
953 4388 1111 4444 sedes
1137 4396 1263 4458 post
1303 4385 1487 4440 varias
1533 4384 1802 4450 fortunas,
1837 4399 1973 4454 quas
2005 4385 2144 4439 idem

563 4481 814 4538 Baluzins
843 4478 1105 4536 describit
1138 4479 1191 4533 in
1226 4476 1369 4532 notis
1395 4475 1463 4530 ad
1491 4473 1837 4539 Gratianum,
1883 4473 2143 4528 translata

563 4571 966 4644 Perpinianum,
996 4570 1213 4624 tandem
1261 4576 1388 4623 ante
1428 4566 1637 4634 aliquot
1676 4580 1846 4620 annos
1876 4579 1905 4618 a
1946 4563 2143 4618 Tarra-

564 4664 818 4720 conensis
846 4660 1241 4732 archiepiscopi
1270 4658 1644 4730 jurisdictione
1674 4658 1974 4724 subtracta,
2008 4656 2143 4712 Nar-

562 4755 791 4812 bonensi
827 4754 1062 4823 antiqua
1088 4768 1200 4808 sua
1225 4751 1507 4822 metropoli
1543 4750 1791 4805 restituta
1824 4758 1928 4805 est.

844 4840 1085 4897 XXXIV.
1130 4840 1469 4908 Privilegium
1496 4838 1859 4895 Cluniacense.

520 4996 525 5001 ,
636 4936 889 4994 Urbanus
911 4935 1003 5004 qui
1030 4934 1211 4989 Idibus
1240 4932 1492 4989 Octobris
1521 4934 1780 5003 Anagnia
1806 4943 1944 4999 erat,
1977 4933 2053 4986 uti
2076 4949 2143 4987 ex

561 5027 849 5100 privilegio
904 5026 1179 5081 Toletana
1233 5024 1491 5079 Ecclesia
1549 5034 1737 5094 patet,
1805 5023 1963 5092 paulo
2021 5032 2143 5092 post

565 5118 795 5172 Romam
834 5128 1108 5178 reversus,
1156 5112 1229 5167 ibi
1278 5112 1394 5183 ipso
1440 5113 1530 5167 die
1569 5113 1745 5183 primo
1776 5111 2138 5167 Kalendarum

564 5205 951 5265 Novembrium
1000 5202 1390 5272 amplissimum
1431 5203 1770 5274 privilegium
1814 5212 2004 5258 sancto
2034 5202 2143 5256 Hu-

564 5300 691 5370 goni
744 5298 971 5368 ejusque
1034 5296 1365 5351 monasterio
1422 5295 1768 5351 Cluniacensi
1830 5295 2135 5357 concessit,

564 5393 622 5447 in
646 5404 774 5460 quo,
810 5389 951 5443 inter
978 5395 1171 5442 caetera
1202 5387 1580 5442 obserVatione
1602 5386 1787 5455 digna,
1820 5384 2060 5456 pontifex
2082 5400 2141 5438 se

563 5487 754 5535 sancto
781 5477 963 5532 abbati
991 5475 1216 5546 ejusque
1258 5477 1507 5532 coenobio
1545 5476 1830 5530 debitorem
1872 5474 2137 5546 agnoscit,

563 5569 706 5641 quod
732 5583 824 5638 per
851 5582 970 5621 eum
1009 5566 1316 5633 monasticw
1342 5567 1610 5637 religionis
1646 5564 1944 5619 rudimenta
1968 5581 2141 5618 susce-

563 5663 731 5732 perit,
781 5663 908 5715 etin
957 5677 1017 5715 eo
1067 5660 1181 5715 loco
1239 5676 1331 5728 per
1376 5661 1661 5714 secundum
1694 5659 1863 5713 sancti
1911 5657 2137 5726 Spiritus

563 5758 785 5830 gratiam
822 5757 980 5826 fuerit
1025 5766 1271 5821 renatus;
1303 5755 1497 5826 quibus
1538 5755 1717 5811 verbis
1743 5752 2136 5825 professionem

2175 3178 2216 3206 Ι·1

2175 3212 2217 3238 υ

2178 4524 2227 4582 Ι)

2251 1919 2394 1986 quod
2422 1918 2654 1973 habebat
2683 1920 2734 1972 in
2767 1919 3077 1989 episcopatu
3104 1919 3490 1990 Magalonensi,
3520 1916 3661 1972 simul
3682 1930 3778 1968 cum

2252 2008 2518 2062 comitatu
2570 2006 3044 2065 Substantionensi
3082 2010 3135 2064 in
3181 2025 3375 2063 manus
3409 2008 3547 2063 Petri
3586 2003 3778 2075 episcopi

2249 2094 2593 2163 Albanensis,
2649 2097 2793 2152 sedis
2854 2098 3167 2167 apostolica
3212 2099 3396 2169 legati,
3445 2107 3495 2151 et
3549 2093 3781 2151 Gotofredi

2252 2188 2493 2258 ejusdem
2540 2189 2796 2245 Ecclesia
2830 2188 2942 2258 jam
2993 2198 3120 2245 tunc
3151 2190 3410 2260 episcopi.
3460 2188 3525 2241 At
3561 2184 3780 2258 pontifex,

2252 2288 2473 2348 accepta
2528 2280 2843 2344 donatione,
2876 2280 3191 2334 comitatum
3243 2279 3402 2334 Petro
3443 2279 3650 2348 ejusque
3685 2289 3783 2328 suc-

2253 2369 2564 2424 cessoribus
2593 2371 2645 2423 in
2676 2370 2891 2438 feudum
2936 2370 3169 2425 reddidit
3198 2370 3293 2424 sub
3331 2381 3647 2425 sacramento
3681 2365 3784 2432 ﬁde-

2252 2458 2415 2513 litatis
2446 2471 2493 2513 et
2537 2478 2695 2514 censu
2738 2478 2915 2515 annuo
2956 2463 3111 2515 unius
3142 2463 3313 2517 unciae
3357 2463 3473 2516 auri
3503 2456 3787 2529 aptium]us

2254 2564 2381 2603 vero
2430 2566 2622 2615 omne,
2666 2552 2809 2621 quod
2854 2553 3149 2622 apostolica
3194 2556 3353 2609 sedes
3402 2554 3501 2607 hac
3542 2549 3789 2606 donatione

2252 2639 2603 2709 acquisierat,
2654 2639 2946 2695 transfodit
2989 2642 3043 2694 in
3090 2642 3473 2707 Gotofredum,
3522 2639 3609 2710 qui
3646 2654 3700 2691 ex
3738 2651 3790 2689 eo

2253 2747 2494 2805 tempore
2530 2739 2676 2793 vices
2706 2738 2975 2807 pontiﬁcis
3018 2753 3081 2793 ea
3137 2738 3189 2792 in
3239 2753 3299 2792 re
3330 2737 3579 2799 obtinuit,
3616 2742 3664 2787 et
3698 2730 3788 2796 ejus

2251 2832 2488 2886 Ecclesia
2510 2834 2604 2886 sub
2632 2832 2845 2901 speciali
2868 2831 3117 2885 Romana:
3136 2833 3276 2886 sedis
3305 2834 3463 2886 tutela
3488 2830 3648 2900 posita
3676 2825 3789 2879 fuit:

2252 2924 2391 2978 ttnde
2419 2924 2642 2978 comites
2680 2922 3198 2979 Snbstantionenses
3228 2922 3677 2995 Magalonensinm
3698 2916 3790 2984 epi-

2251 3031 2536 3085 sc0porum
2586 3014 2715 3069 facti
2780 3023 2906 3069 sunt
2961 3012 3282 3077 feudatarii,
3337 3025 3391 3068 et
3445 3012 3543 3082 ipsi
3588 3004 3790 3078 episcopi

2254 3106 2512 3159 Romanis
2561 3103 2910 3175 pontiﬁcibus
2955 3102 3265 3173 specialiter
3320 3103 3518 3157 addicti
3569 3099 3791 3153 fuerunt:

2250 3208 2370 3263 qua
2389 3198 2568 3248 omnia
2592 3193 2719 3247 huic
2742 3192 3171 3248 conﬁrmationis
3200 3193 3366 3247 bulla
3394 3194 3458 3247 de
3487 3206 3585 3260 qua
3616 3187 3796 3258 agimus

2251 3285 2426 3340 locum
2473 3286 2771 3355 praebuere.
2808 3283 2979 3339 Porro
3022 3282 3358 3338 Gotofredus
3404 3292 3585 3353 postea
3636 3276 3798 3332 multas

2249 3378 2509 3434 ecclesias
2567 3388 2622 3433 et
2663 3377 3036 3448 possessiones
3086 3392 3197 3431 sua
3250 3376 3514 3431 Ecclesia:
3558 3366 3799 3425 canonicis

2248 3474 2495 3536 contulit,
2545 3482 2601 3527 ut
2643 3489 2737 3553 eos
2775 3474 2842 3528 ad
2878 3471 3044 3526 vitam
3081 3486 3456 3532 communem,
3501 3478 3555 3523 et
3591 3462 3796 3532 regulam

2248 3566 2423 3620 sancti
2462 3566 2748 3636 Augustini
2782 3564 3211 3634 amplectendam
3242 3564 3520 3619 incitaret.
3552 3564 3656 3628 Qua
3686 3559 3731 3611 in
3753 3566 3800 3607 re

2249 3659 2574 3714 auctoritate
2610 3659 2810 3714 Urbani
2860 3659 3099 3728 adjutum
3143 3657 3320 3713 fuisse
3357 3659 3516 3713 docet
3564 3656 3694 3709 idem
3720 3665 3798 3704 au-

2248 3761 2409 3815 ctor,
2465 3750 2558 3819 qui
2612 3750 2865 3806 observat
2918 3751 3101 3804 datam
3149 3750 3323 3805 fuisse
3380 3751 3450 3804 ab
3501 3748 3707 3803 Urbano
3749 3755 3799 3794 ea

2247 3840 2531 3895 occasione
2563 3848 2885 3910 potestatem
2925 3839 3241 3905 Gotofredo,
3284 3839 3517 3910 ejusque
3558 3848 3805 3893 successo-

2248 3933 2401 3987 ribus
2458 3932 2753 3996 insistendi,
2816 3932 2959 4002 qttod
3011 3931 3213 3986 frustra
3267 3933 3338 3987 ab
3391 3930 3509 4000 ejus
3551 3931 3803 3984 decessore

2249 4030 2515 4077 tentatum
2559 4021 2757 4088 fuerat,
2790 4032 2845 4076 ut
2882 4021 3059 4076 clerici
3090 4022 3162 4075 ad
3190 4024 3505 4077 canonicam
3544 4031 3589 4076 et
3624 4016 3806 4085 religio~

2246 4130 2360 4167 sam
2403 4113 2563 4167 vitam
2601 4122 3043 4179 converterentur,
3087 4114 3381 4182 arguendo,
3433 4111 3737 4167 obsecrando
3766 4111 3804 4156 ct

2246 4206 2583 4274 increpando.

2246 4295 2485 4351 XXXVI.
2512 4294 2801 4351 Guidonem
2824 4294 3027 4365 epistol.
3068 4293 3451 4349 Viennensibus
3484 4287 3805 4348 commendat.

2319 4386 2431 4441 Hoc
2473 4387 2590 4457 ipso
2617 4402 2785 4452 anno,
2817 4395 2874 4440 ut
2915 4402 2981 4441 ex
3009 4385 3279 4464 Chronico
3320 4386 3633 4441 antistitum
3672 4382 3811 4437 Vien-

2254 4479 2496 4534 nensium
2550 4494 2579 4533 a
2623 4480 2877 4534 Burnone
2925 4478 3168 4548 ejusdem
3216 4477 3373 4533 urbis
3427 4474 3811 4543 archiepismpo

2251 4572 2395 4627 edito
2449 4571 2729 4637 discimus,
2784 4570 3105 4627 Viennensis
3142 4580 3265 4641 post
3315 4571 3654 4631 diuturnam,
3690 4560 3813 4635 quod

2249 4662 2602 4731 conqueritur
2636 4662 2889 4718 Urbanus
2923 4663 2976 4716 in
3004 4663 3234 4732 epistola
3272 4664 3341 4717 ad
3393 4662 3516 4731 ejus
3547 4656 3813 4731 provincia

2248 4754 2555 4823 episcopos,
2595 4752 2803 4823 aliquot
2854 4769 3119 4807 annorum
3150 4756 3588 4817 cunctationem,
3644 4753 3693 4805 in
3737 4763 3813 4800 ar-

2250 4847 2651 4916 chiepiscopum
2675 4846 2952 4916 elegerunt
2978 4844 3300 4911 Guidonem,
3327 4862 3357 4901 e
3381 4844 3810 4915 Burgundionum

2250 4938 2557 5007 principum
2620 4937 2869 5000 familia,
2935 4936 3025 5006 qui
3074 4936 3358 4993 confestim
3427 4939 3497 4992 ad
3559 4934 3816 4991 Urbanum

2249 5027 2481 5082 accessit
2509 5037 2562 5081 et
2590 5027 2821 5096 benigne
2851 5025 2918 5080 ab
2965 5040 3033 5080 eo
3068 5035 3350 5095 exceptus,
3396 5042 3465 5081 ac
3494 5041 3592 5094 per
3621 5014 3816 5087 aliquod

2251 5125 2461 5185 tempus
2502 5116 2557 5169 in
2588 5115 2740 5170 curia
2780 5114 3024 5169 Romana
3057 5125 3300 5170 retentus
3330 5125 3437 5170 est.
3473 5116 3610 5169 Eum
3650 5117 3817 5180 postea

2251 5208 2512 5261 Viennam
2557 5215 2921 5261 revertentem
2969 5206 3210 5276 pontifex
3259 5207 3485 5271 litteris,
3532 5206 3603 5260 ad
3646 5212 3820 5257 onmes

2247 5299 2365 5369 ejus
2420 5298 2571 5353 urbis
2615 5298 2835 5352 ordines
2882 5298 3056 5363 datis,
3114 5299 3545 5353 commendavit.
3609 5294 3712 5349 llas
3761 5286 3819 5342 ad

2247 5388 2405 5457 ltnjus
2456 5390 2581 5443 anni
2633 5390 2793 5444 ﬁnem
2848 5389 3181 5445 revocandas
3223 5403 3346 5443 esse
3400 5390 3601 5442 suadet
3655 5392 3819 5437 rerum

2244 5488 2515 5545 gestarum
2546 5479 2735 5533 series.
3057 5474 3064 5482 ’

2246 5589 2505 5646 XXXVII.
2550 5590 2831 5647 Benedicto
2885 5594 3122 5662 episcopo
3170 5592 3503 5647 Nannetensi
3560 5585 3817 5662 privilegia

2898 5666 3152 5717 concedit.

2315 5754 2467 5809 Circa
2498 5755 2636 5811 idem
2658 5761 2865 5825 tempus
2892 5796 2905 5822 ,
2931 5766 2989 5809 ut
3036 5757 3251 5825 quidem
3281 5755 3519 5818 videtur,
3582 5751 3821 5806 Urbanus
