3962 6312
151 363 216 418 l5
1692 345 1730 397 Ὺ

1836 365 1872 397 l.
3337 333 3406 393 ιϐ

154 471 428 529 Benedicto
465 464 882 522 Nannetensium
927 465 1214 535 episcopo,
1245 463 1336 534 qui
1389 461 1461 526 ei,
1494 471 1551 514 ut
1574 476 1703 514 con-
1742 465 1788 522 Α
1817 469 1867 512 et
1894 458 2208 528 provinciis,
2240 455 2352 528 ipse
2376 458 2538 512 etiam
2564 457 2828 512 llenricus
2861 472 2963 512 non
3016 455 3181 512 semel
3205 456 3257 512 in
3285 459 3406 511 vitae

149 562 373 633 jicimus,
401 571 585 612 recens
637 555 810 610 electo
841 553 1146 625 gratulatus
1198 552 1403 616 fuerat,
1438 547 1721 617 rescripsit

155 650 362 719 ejusque
385 646 670 711 Ecclesiae,
713 661 777 699 ac
833 644 1143 698 monasterii
1200 639 1718 712 Kempcrlegiensis,

153 742 229 797 cui
259 740 412 795 etiam
447 737 614 790 abbas
648 746 902 805 praeerat,
942 735 1222 805 privilegia
1252 731 1616 787 continuavit.
1652 731 1720 782 At

153 831 596 886 canonizationem
626 827 796 880 sancti
821 827 1072 881 Garluesii
1104 841 1266 895 quam
1314 823 1458 877 idem
1488 821 1720 876 antistes

153 920 476 990 efﬂagitabat,
510 920 563 972 in
597 917 742 970 aliud
771 917 980 986 tempus
1011 915 1398 985 distulit,quod
1415 915 1528 968 haec
1555 925 1720 967 causa

155 1012 202 1065 in
228 1009 451 1080 plenaria
480 1009 687 1078 synoJo
714 1008 944 1078 expendi
977 1007 1216 1060 deberet.

156 1097 415 1153 XXXVIII.
454 1093 857 1151 Romwhiemem
874 1099 1113 1168 transigit
1136 1099 1190 1151 in
1213 1096 1412 1166 magnis
1443 1095 1719 1166 angustiis.

219 1191 395 1246 Totam
447 1189 606 1259 hujus
658 1188 785 1242 anni
835 1190 1068 1244 hiemem
1139 1189 1382 1259 pontifex
1461 1185 1722 1255 transegit

160 1279 343 1345 Roma},
371 1279 462 1334 sed
488 1280 543 1334 in
575 1280 742 1334 tantis
773 1280 1054 1348 angustiis,
1091 1287 1149 1332 ut
1199 1278 1286 1332 vix
1315 1279 1363 1332 ei
1413 1277 1721 1330 necessaria

161 1371 627 1441 suppeditarentur.
657 1367 949 1423 Guibertus
989 1383 1180 1437 nempe
1223 1383 1345 1422 cum
1374 1379 1484 1421 suae
1532 1364 1722 1419 factio-

163 1465 241 1517 nis
271 1463 567 1517 hominibus
617 1462 690 1515 ita
723 1461 1026 1531 pontificios
1078 1456 1407 1530 exagitabat,
1445 1467 1500 1510 nt
1528 1459 1720 1525 nequi—

164 1559 270 1612 dem
313 1556 573 1628 respirare
593 1555 672 1610 eis
725 1565 843 1610 tuto
882 1554 1090 1608 liceret.
1137 1554 1413 1609 Urbanum
1474 1551 1527 1605 in
1573 1560 1721 1605 turre

165 1652 370 1723 quadam
398 1650 666 1719 captivum
691 1650 972 1704 detentum
1005 1647 1194 1712 fuisse,
1225 1664 1288 1702 ac
1326 1655 1515 1716 postea
1544 1663 1573 1697 a
1603 1641 1713 1698 Ro-

167 1744 304 1798 berto
335 1739 610 1796 Wiscardo
636 1739 760 1793 inde
784 1739 1072 1793 liberatum
1110 1738 1275 1792 tradit
1302 1735 1551 1792 Gerohus
1580 1733 1721 1804 apud

1824 561 1875 603 et
1909 549 2118 618 imperii
2148 548 2448 618 periculmn
2499 549 2770 604 inciderit.
2811 549 3041 619 Welpho
3070 559 3249 607 autem
3296 551 3401 607 Ba-

1825 643 1986 696 varia:
2009 642 2136 705 dux,
2162 642 2252 712 qui
2292 641 2339 696 ei
2367 643 2779 708 adversabatur,
2809 643 2919 712 jam
2947 643 3015 698 ab
3067 641 3223 697 initio
3247 637 3406 710 hujus

1826 735 1971 799 anni,
1998 745 2056 787 ut
2087 743 2271 787 narrat
2298 730 2650 798 Trithemius,
2687 735 2979 804 Augustam
3007 733 3403 789 Vindelicorutn

1835 834 2222 895 occupaverat,
2253 835 2409 893 capto
2432 823 2546 894 ejus
2573 824 2721 877 urbis
2757 825 3103 894 episcopatus
3152 825 3406 878 invasere

1826 916 2115 988 Sigefrido.
2151 915 2267 982 Quo
2311 915 2475 969 etiam
2533 924 2774 985 tempore
2826 916 2963 971 alius
3007 917 3404 980 schismaticns,

1824 1007 1912 1076 qui
1939 1003 2252 1061 Wormatiae
2268 1005 2450 1060 sedem
2476 1014 2632 1059 antea
2658 1006 2948 1070 invaserat,
2970 1005 3094 1060 facti
3114 1008 3404 1077 pmnitens,

1825 1099 2014 1154 relieo
2039 1100 2376 1168 episcopatu,
2416 1097 2756 1169 Hirsangiam
2789 1099 3014 1153 secessit
3034 1109 3087 1153 et
3109 1100 3407 1156 monachus

1826 1189 1894 1244 ibi
1928 1188 2150 1245 effectus
2180 1198 2282 1245 est.
2316 1187 2524 1244 Interea
2574 1189 2728 1261 llugo
2775 1206 2960 1246 comes
2990 1192 3056 1246 de
3087 1193 3405 1262 Egentheim

1822 1281 2082 1336 Alsatiam
2115 1280 2348 1351 recepit;
2393 1292 2447 1335 et
2474 1281 2762 1346 Metcnses,
2801 1299 2922 1338 cum
2958 1283 3256 1339 audiissent
3302 1284 3409 1341 Ur-

1821 1375 2020 1430 banum
2053 1373 2369 1430 in'Victoris
2400 1375 2664 1430 demortui
2698 1376 2872 1430 locum
2903 1377 3185 1432 suffectum
3218 1377 3407 1443 fuisse,

1825 1466 1984 1535 idque
2017 1465 2069 1519 in
2098 1461 2389 1521 Germania
2419 1463 2587 1521 fuisse
2616 1468 3019 1538 promulgatum
3047 1511 3061 1534 ,
3083 1464 3249 1539 pulso
3273 1469 3411 1524 Bru-

1825 1571 1965 1611 none
1989 1556 2451 1627 pseutloepiscopo
2477 1599 2490 1621 ,
2535 1559 2623 1626 qni
2656 1568 2774 1628 post
2819 1559 3048 1614 alterum
3079 1562 3408 1627 invasorem,

1824 1647 2049 1717 sedjam
2093 1657 2220 1703 tunc
2271 1648 2649 1718 pomitentcm,
2716 1651 2857 1705 hanc
2912 1653 3091 1706 sedem
3146 1655 3412 1724 o'ccupare

1826 1739 2090 1806 tentabat,
2115 1739 2289 1810 palam
2318 1741 2601 1811 protestati
2655 1751 2778 1797 sunt
2808 1742 3009 1797 nullum
3062 1759 3120 1799 se
3174 1762 3409 1816 unquam

170 1832 540 1904 Tegnagellum,
570 1832 664 1887 sed
699 1831 788 1886 hic
812 1841 1003 1886 auctor
1020 1831 1163 1900 (ιυοιΙ
1191 1827 1454 1900 Gregol‘iO
1475 1827 1558 1882 VH
1592 1842 1719 1880 6οη-
1751 1819 1800 1881 B
1828 1836 1990 1891 alium
2021 1836 2356 1908 episcopum,
2385 1847 2584 1906 praeter
2619 1839 3011 1906 llermannum,
3039 1841 3130 1911 qui
3167 1823 3326 1897 verus
3358 1853 3412 1898 et

174 1925 295 1996 tigit,
323 1925 627 1980 incaute-ad
659 1923 937 1979 Urbanum
986 1923 1173 1977 refert.
1211 1921 1427 1976 Certius
1452 1930 1536 1974 est
1565 1919 1723 1972 Durn-

177 2013 362 2068 nizonis
414 2013 806 2078 testimonium,
858 2011 1001 2083 quod
1052 2013 1105 2066 in
1179 2010 1544 2080 Appendiccm
1599 2023 1724 2063 nos-

187 2118 312 2164 train
331 2107 623 2172 referemus,
653 2123 719 2162 ex
772 2108 908 2163 libro
941 2123 998 2171 ιι,
1029 2122 1150 2176 cap.
1169 2107 1233 2177 5,,
1268 2105 1355 2160 ubi
1383 2104 1459 2157 ait
1482 2101 1722 2156 Odonem

191 2197 442 2267 quemdam
469 2198 530 2250 de
553 2195 768 2250 Tulliere
799 2214 828 2250 a
866 2195 1130 2253 Guibcrto
1176 2195 1288 2250 suis
1326 2194 1495 2261 ipsius
1554 2191 1727 2260 copiis

185 2289 334 2344 fuisse
355 2290 667 2358 praefectum,
729 2299 788 2342 ut
841 2287 1118 2344 Urbanum
1155 2273 1317 2344 'bcllo
1369 2285 1727 2340 eontinuola-

179 2389 411 2435 cesseret.
441 2380 688 2433 Atnemo
732 2378 927 2433 melius
982 2394 1046 2432 ea
1092 2378 1158 2433 de
1201 2391 1257 2431 re
1294 2375 1514 2444 scripsit
1564 2387 1726 2442 quam

173 2467 433 2526 Pandulfns
460 2473 515 2526 in
542 2469 660 2526 Vita
685 2470 885 2526 Gelasii
910 2469 1152 2527 secundi.
1199 2468 1447 2523 Gelasius
1488 2482 1650 2536 porro
1684 2465 1728 2519 is

171 2561 363 2629 ipseest
390 2559 626 2617 Joannes
651 2563 973 2633 Cajetanus,
1029 2577 1188 2632 quem
1244 2561 1490 2617 Urbanus
1545 2559 1728 2613 diaco-

168 2669 278 2707 num
306 2654 628 2710 cardinalem
658 2666 715 2710 et
755 2654 1136 2710 cancellarimn
1160 2655 1387 2720 creavit,
1431 2649 1582 2720 cujus
1606 2666 1732 2704 cono

168 2747 392 2800 stantiam
433 2747 738 2802 Pandulfus
794 2762 1136 2816 summopere
1193 2745 1398 2808 laudat,
1425 2745 1493 2798 ob
1526 2743 1578 2797 id
1634 2757 1730 2811 ι)οο

171 2836 401 2892 tissimqu
427 2841 577 2908 quod
603 2839 913 2909 pontificem
951 2848 1027 2894 tot
1061 2837 1334 2907 tantisque
1363 2835 1536 2890 ferme
1564 2835 1728 2889 obru-

140 2938 259 3006 ‘tum
288 2931 684 2988 calamitatibus
733 2948 1011 3002 nunquam
1065 2930 1392 2986 deseruerit.
1431 2927 1590 2983 Libet
1641 2927 1729 2982 hic

163 3019 300 3090 hujus
325 3026 574 3081 auctoris
607 3027 768 3081 verba
792 3026 1062 3095 proferre.

226 3134 243 3166 ι
277 3115 326 3170 In
353 3118 549 3173 diebus
582 3118 745 3188 igitur
776 3118 883 3172 illis
933 3135 1061 3183 non,
1117 3115 1260 3172 sicut
1297 3114 1486 3178 credo,
1523 3114 1730 3182 abxque

162 3203 370 3274 Spiritus
395 3207 762 3264 consolatoris
786 3209 1029 3272 oraculo,
1085 3207 1253 3262 frater
1296 3201 1536 3260 Joannes
1567 3202 1725 3271 Caje-
1758 3177 1802 3239 ο

162 3307 298 3355 tanus
346 3301 455 3372 jam
528 3299 879 3365 adolescens,
934 3301 1235 3356 monachus
1293 3297 1626 3362 Casinensis,
1662 3295 1730 3350 ab

159 3391 286 3446 omni
315 3391 470 3447 simul
516 3391 780 3448 catholica
827 3391 1070 3446 Romana
1118 3389 1362 3444 Ecclesia
1397 3397 1450 3443 et
1513 3387 1730 3443 Urbano

158 3495 296 3552 papa,
319 3484 408 3554 qui
438 3486 492 3540 ei
537 3494 791 3554 praeerat,
827 3484 878 3538 in
931 3493 1203 3537 tantarum
1257 3478 1728 3550 perturbationum

158 3574 394 3630 auxilium
417 3593 486 3632 ac
523 3575 832 3640 consilium,
871 3584 1192 3644 partemque
1216 3581 1300 3627 est
1346 3568 1731 3626 sollicitudinis

155 3678 376 3733 vocatus,
405 3678 524 3724 etc.
573 3668 812 3722 Domnus
855 3665 1172 3721 Urbanus...
1225 3678 1348 3718 eum
1380 3661 1594 3724 accivit,
1628 3660 1731 3713 im-

157 3757 377 3815 minente
415 3759 802 3830 persecutione
824 3742 1198 3811 Allcmannica
1222 3794 1237 3820 ,
1267 3751 1322 3807 in
1367 3761 1575 3806 tantum
1626 3749 1730 3803 ini-

154 3849 400 3902 seriarum
446 3863 552 3919 per
594 3845 905 3902 Girbertum
958 3844 1235 3907 astrictus,
1297 3840 1441 3910 quod
1506 3850 1731 3908 practer-

155 3937 320 3992 missis
353 3937 502 4003 aliis,
540 3953 570 3990 a
601 3938 831 4006 quodam
877 3934 1240 3988 famosissimo
1271 3931 1387 3986 viro
1425 3939 1586 3999 atque
1613 3928 1732 3980 illuv-

154 4027 258 4092 stri,
285 4027 682 4082 Petro-Leonis
724 4025 983 4081 Romaein
1025 4023 1200 4079 insula
1248 4021 1541 4093 Lycaonia,
1590 4019 1729 4073 intra

156 4119 276 4173 duos
304 4118 512 4191 egregii
537 4116 758 4184 Tiberis
787 4128 1004 4185 pontes,
1034 4117 1122 4170 vix
1151 4114 1218 4168 ab
1245 4111 1590 4167 inimicorum
1647 4109 1730 4162 in-

154 4209 290 4266 sidiis
345 4218 695 4267 sustentatus
761 4217 1133 4262 matronarum
1207 4204 1617 4264 Romanarum,
1680 4207 1736 4253 et

156 4298 430 4369 aliquando
502 4297 944 4353 muliercularum
1011 4311 1306 4368 pauperum
1378 4290 1735 4361 eleemosynis

153 4393 609 4445 sustentabatur.»
643 4388 781 4453 Huc,
812 4389 912 4443 nisi
965 4386 1143 4451 fallor,
1187 4393 1280 4440 aut
1327 4393 1495 4448 certe,
1549 4380 1734 4449 utjam

153 4479 399 4547 diximus,
429 4483 502 4536 ad
531 4480 704 4550 prima
731 4478 850 4548 ejus
898 4477 1245 4548 pontificatus
1302 4474 1456 4528 initia
1488 4471 1734 4528 revocari

153 4582 368 4639 possunt
420 4572 778 4628 Domnizonis
829 4586 1019 4625 versus
1061 4585 1125 4623 ex
1155 4583 1276 4636 cap.
1325 4567 1379 4632 '5,
1415 4565 1506 4620 lib.
1565 4580 1624 4628 ιι,
1681 4563 1734 4617 in

153 4666 339 4733 quibus
365 4667 627 4722 Urbanus
658 4681 686 4720 a
716 4663 1052 4721 Guibertinis
1082 4661 1361 4732 impetitus
1408 4659 1474 4714 ad
1522 4656 1736 4711 Mathil-

154 4756 265 4812 dem
317 4759 614 4829 scripsisse
653 4757 870 4822 dicitur,
917 4763 978 4811 ut
1019 4751 1269 4823 Gregorii
1340 4758 1736 4822 praeceptorum

153 4863 351 4905 memor
372 4850 637 4906 Ecclesia:
676 4865 894 4905 causam
952 4862 1059 4902 non
1091 4846 1327 4910 deserat,
1377 4841 1520 4913 quod
1573 4855 1735 4911 quam

153 4941 282 4997 virili
308 4944 500 4999 animo
525 4941 719 4997 fecerit
748 4941 941 4996 mulier
967 4938 1291 5001 fortissima,
1325 4933 1547 5006 exponit
1590 4933 1734 4985 idem

154 5043 334 5088 auctor
380 5035 436 5090 in
485 5033 962 5104 consequentibus,
1024 5044 1231 5100 nosque
1272 5028 1384 5083 suis
1425 5025 1557 5084 locis
1590 5023 1738 5079 dice-

157 5137 284 5179 IDUS.

222 5254 468 5312 XXXIX.
506 5255 701 5311 Rerum
740 5257 794 5308 in
821 5253 1104 5317 Germania
1125 5262 1172 5306 el
1215 5251 1425 5305 llenrici
1473 5259 1662 5302 status.

579 5327 646 5382 Β.
704 5326 962 5382 Slam'slai
1010 5322 1306 5377 translatio.

221 5441 290 5495 At
333 5440 690 5512 quantumvis
719 5453 913 5510 graves
956 5436 1158 5491 fuerint
1185 5435 1368 5488 Romae
1415 5442 1470 5487 et
1502 5432 1554 5485 in
1582 5430 1735 5484 Italia

159 5530 409 5590 Ecclesiae
438 5545 497 5589 et
512 5534 664 5605 regni
693 5533 1036 5601 turbae,quas
1067 5527 1380 5582 llenriciani
1413 5534 1468 5579 et
1495 5523 1740 5577 fautores

159 5625 517 5694 pseudopapa'.
578 5623 809 5679 Wiberti
863 5621 948 5677 his
1005 5618 1340 5688 temporibus
1394 5615 1749 5674 excitarunt,

161 5713 297 5773 haud
335 5727 522 5774 tamen
545 5718 782 5773 minores
807 5716 959 5772 fuere
1003 5712 1265 5769 tumultus
1315 5709 1366 5762 in
1422 5705 1737 5768 Germania,

161 5809 288 5864 adeo
316 5818 396 5877 ut,
429 5809 618 5866 divisis
649 5809 788 5865 inter
807 5825 863 5866 se
896 5808 950 5867 in
1003 5805 1179 5860 varias
1210 5801 1473 5857 factiones
1517 5796 1738 5853 urbibus

1825 1927 2096 2000 legitimus
2125 1944 2310 1984 eorum
2341 1941 2525 1998 pastor
2553 1941 2691 1995 erat,
2717 1932 2786 1986 ob
2827 1933 2990 2001 idque
3019 1933 3086 1988 ab
3128 1935 3413 1991 llenricia-

1826 2021 1913 2075 nis
1943 2021 1995 2074 in
2019 2020 2215 2076 Tuscia
2233 2022 2480 2091 captivus
2509 2021 3230 2094 detinebatur,recepturos.
3263 2027 3413 2082 Unde

1827 2113 2007 2170 Bruno
2037 2117 2170 2171 adeo
2199 2114 2267 2169 ab
2289 2116 2538 2170 omnibus
2593 2117 2877 2186 despectus
2928 2127 3031 2184 est,
3093 2129 3229 2174 teste
3279 2119 3414 2174 Ber-

1830 2208 1996 2274 toldo,
2026 2216 2082 2262 ut
2104 2224 2246 2263 anno
2269 2209 2512 2277 sequenti
2539 2208 2607 2260 ad
2631 2207 3019 2262 Cat/tolicorum
3042 2220 3243 2279 partem
3272 2227 3416 2280 repe-

1828 2300 1956 2353 dare
1981 2297 2276 2368 compulsus
2300 2298 2477 2368 fuerit.

1897 2391 2011 2446 Hoc
2032 2392 2196 2447 etiam
2223 2407 2385 2456 anno,
2415 2400 2507 2446 aut
2538 2401 2686 2448 certe
2719 2394 2990 2462 sequenti,
3021 2393 3419 2450 crebrescenti-

1829 2483 1928 2538 bus
1961 2484 2026 2538 ad
2055 2483 2314 2538 tutnulum
2371 2486 2513 2540 beati
2551 2483 2808 2540 Stanislai
2865 2484 3244 2542 Cracoviensis
3301 2488 3419 2556 epi-

1831 2575 1976 2646 scopi
2007 2575 2306 2640 miraculis,
2341 2591 2554 2631 sacrum
2586 2576 2704 2646 ejus
2730 2591 2927 2646 corpus
2955 2575 3042 2631 die
3073 2577 3142 2648 27
3170 2576 3421 2648 Septem-

1830 2666 1943 2720 bris
1967 2681 2033 2721 ex
2063 2667 2236 2721 sancti
2265 2667 2543 2723 Michaelis
2573 2668 2773 2738 templo
2829 2668 2883 2723 in
2917 2669 3205 2724 ecclesiam
3235 2671 3421 2725 cathe-

1832 2757 2037 2814 dralem
2057 2758 2286 2813 solemni
2326 2759 2433 2812 ritu
2490 2759 2810 2835 translatum
2844 2760 2966 2814 fuit.
3016 2762 3076 2816 Ei
3109 2772 3298 2832 postea
3343 2766 3424 2819 lu-

1833 2849 2116 2904 nocentius
2146 2847 2212 2902 ιν
2236 2864 2421 2904 sacros
2444 2851 2676 2906 honores
2723 2853 2994 2920 decrevit,
3023 2863 3078 2908 et
3097 2856 3297 2910 exhinc
3338 2857 3423 2911 in-

1835 2952 1916 3000 ter
1946 2953 2216 3014 martyres
2263 2944 2594 2998 celebratur.
2649 2944 2777 3000 Haec
2827 2946 2998 3002 fusius
3044 2949 3186 3018 apud
3218 2948 3424 3021 Longi-

1833 3052 1964 3091 num
1989 3036 2107 3105 ejus
2140 3035 2274 3090 Vita:
2296 3037 2644 3105 scriptorem.

1903 3129 1976 3182 At
2003 3143 2290 3199 prosperos
2339 3127 2460 3183 ilios
2485 3137 2710 3183 eventus
2761 3144 2908 3184 mors
2959 3130 3166 3199 aliquot
3214 3142 3425 3186 sancto-

1834 3237 1952 3274 rum
1983 3223 2224 3277 virorum
2255 3222 2654 3276 interturbavit.
2686 3223 2766 3277 Ex
2806 3224 2890 3278 his
2937 3223 3038 3278 fuit
3078 3223 3423 3280 Burchardus

1834 3311 2292 3368 llalherstatensis
2315 3311 2622 3382 episcopus,
2650 3328 2810 3380 quem
2834 3313 3164 3369 schismatici
3200 3315 3425 3369 immani

1835 3406 2123 3476 sacrilegio
2175 3405 2261 3460 die
2288 3420 2381 3460 νιιι
2433 3405 2558 3459 ldus
2585 3405 2787 3475 Aprilis
2831 3405 3231 3459 interfecerunt.
3272 3405 3424 3460 Hunc

1833 3498 1982 3554 brevi
2013 3497 2183 3554 secuti
2229 3505 2357 3553 sunt
2404 3495 2685 3567 Wigoldus
2715 3496 3002 3565 episcopus
3053 3497 3421 3564 Auguslanus,

1833 3589 2201 3653 Bernhardus,
2265 3587 2355 3656 qui
2425 3585 2599 3640 fuerat
2665 3585 3098 3642 Constantiensis
3172 3588 3424 3644 Ecclesite

1834 3679 2145 3738 scholarum
2175 3678 2454 3748 magister,
2481 3676 2765 3732 Bertoldus
2789 3677 2914 3731 item
2940 3678 3189 3749 egregius
3212 3679 3420 3746 doctor,

1833 3781 1890 3827 et
1925 3771 2016 3841 qui
2048 3762 2157 3840 pra:
2195 3770 2410 3825 caeteris
2440 3769 2664 3823 illustris
2696 3777 2832 3830 erat,
2869 3768 3221 3826 Gebehardus
3243 3774 3426 3829 arch's

1834 3865 2142 3935 episcopus,
2173 3861 2598 3933 Salisburgensis
2629 3861 2884 3916 Ecclesire
2923 3862 3202 3918 catholicae
3229 3881 3422 3937 propn-

1835 3965 2027 4026 guator
2050 3953 2372 4018 indefessus,
2397 3953 2463 4007 ad
2488 3967 2648 4021 quem
2673 3951 2895 4021 ejusque
2916 3952 3149 4023 collegas
3175 3955 3234 4011 υι
3252 3957 3284 4011 b
3304 3973 3424 4012 mus

1835 4047 2066 4117 primam
2091 4043 2356 4109 omnium,
2387 4041 2627 4113 pontifex
2660 4041 2856 4107 factus,
2905 4043 3184 4112 epistolam
3218 4045 3285 4100 de
3327 4062 3424 4101 sua

1834 4140 2098 4195 electione
2127 4139 2437 4208 scripserat.
2483 4135 2632 4191 Obiit
2676 4151 2787 4190 xvn
2819 4135 2936 4190 Kal.
2968 4135 3091 4190 Julii
3137 4146 3193 4191 ut
3223 4139 3275 4190 in
3307 4139 3424 4208 ejus

1837 4231 1961 4286 Vita
2007 4230 2224 4301 legitur,
2262 4229 2403 4283 edita
2443 4229 2699 4297 Augustae
2745 4225 3168 4282 Vindelicorum.
3200 4228 3422 4283 Librum

1837 4323 2056 4394 scripsit
2079 4331 2269 4378 contra
2306 4321 2703 4387 schismaticos,
2752 4335 2918 4389 quem
2972 4320 3325 4392 Tegnagellus
3368 4323 3420 4376 in

1839 4430 1936 4470 sua
1991 4413 2310 4469 collectione
2381 4413 2650 4483 in:egrum
2703 4413 2944 4466 exhibet.
3025 4412 3228 4467 Praeter
3283 4415 3455 4476 ἣξεις,-

1770 4538 1814 4592 D
1842 4506 2148 4563 Saxonibus
2181 4521 2304 4560 cum
2352 4504 2588 4559 Henrico
2641 4503 3029 4568 reconcil'atis,
3083 4505 3424 4559 llermannus

1840 4598 1931 4669 qui
1965 4597 2224 4651 adversus
2267 4609 2391 4649 eum
2431 4593 2485 4646 in
2515 4607 2695 4661 regem
2731 4593 2936 4646 electus
2966 4592 3158 4655 fuerat,
3182 4595 3425 4662 compil-

1839 4705 1931 4746 sns
1951 4698 2033 4744 est
2057 4688 2109 4743 in
2140 4685 2541 4755 Lotharingiam
2568 4699 2626 4739 se
2655 4685 2929 4753 recipere.
2958 4685 3048 4738 ubi
3097 4685 3255 4752 paulo
3308 4697 3426 4752 rust

1839 4783 2147 4847 defunctus,
2179 4779 2334 4834 Motis
2361 4778 2601 4848 sepultus
2625 4787 2726 4832 est.
2746 4775 2942 4831 Verum
2971 4784 3171 4846 postea,
3206 4781 3426 4832 mutatis

1838 4875 2069 4938 vicibus,
2099 4875 2341 4926 Saxones
2369 4871 2566 4927 iterum
2594 4869 2856 4923 adversus
2879 4867 3170 4920 Henricnm
3203 4870 3428 4923 rebellas

1844 4976 1988 5030 runt,
2053 4973 2106 5018 et
2172 4965 2285 5032 ipsi:
2337 4961 2634 5032 insignibus
2688 4960 2849 5028 regiis
2886 4957 3146 5026 Spoliatus
3183 4961 3340 5029 turpi
3368 4976 3429 5014 er

1843 5055 2020 5110 victus
2053 5053 2375 5125 fugatusque
2403 5050 2522 5114 fuit,
2556 5061 2612 5104 ut
2643 5049 2810 5105 refert
2838 5047 3122 5102 Bertoldas
3165 5051 3229 5102 ad
3265 5065 3271 5100 Ξ
3299 5065 3332 5104 n
3356 5071 3424 5102 2."

1847 5145 2005 5214 hujus
2033 5146 2185 5210 anni,
2232 5143 2321 5198 ubi
2353 5143 2544 5198 scribit
2575 5141 2875 5195 Henricum
2903 5140 3134 5193 biduana
3164 5141 3429 5194 obsidione

1849 5243 1912 5295 ad
1939 5239 2312 5309 confessionem
2339 5235 2685 5289 anathematis
2724 5245 2769 5286 et
2810 5234 3170 5302 expetitione‘m
3202 5237 3430 5287 reconci-

1851 5331 2077 5384 liationis
2127 5328 2371 5380 adactum
2403 5324 2584 5393 fuisse.
2613 5322 2681 5374 At
2728 5322 2982 5376 diuturna
3015 5337 3118 5375 non
3171 5321 3268 5375 fuit
3297 5336 3426 5376 -ncc

1845 5421 2057 5474 sincera
2118 5418 2230 5472 lnec
2290 5415 2677 5476 reconciliatio,
2726 5422 2781 5468 et
2825 5413 2984 5483 paulo
3027 5422 3144 5480 post
3206 5413 3450 5465 suorum'

1844 5516 2233 5585 promissorum
2259 5511 2457 5565 oblitus
2485 5523 2672 5562 rursus
2702 5508 2860 5562 rediit
2888 5507 2954 5560 ad
2987 5505 3264 5559 vomitum.
3305 5504 3430 5558 llrcc

1844 5605 2349 5663 licet.Dodochinus
2404 5602 2578 5656 sancti
2631 5600 2869 5656 Disibodi
2934 5599 3100 5653 abbas
3152 5609 3292 5650 anno
3342 5607 3427 5649 se:-

1845 5709 2044 5772 quente
2062 5698 2339 5767 consignat
2363 5695 2414 5748 in
2437 5693 2746 5765 Appendice
2763 5693 2829 5746 ad
2855 5691 3152 5745 Marianum
3178 5689 3419 5748 Scotum,

1845 5809 2000 5866 quem
2033 5790 2276 5858 sequitur
2307 5785 2674 5842 Trithemius:
2709 5782 3043 5854 praeferenda
3079 5787 3161 5834 est
3185 5777 3224 5832 Β
3261 5777 3419 5831 rtoldi
