3962 6312
590 284 659 338 η
1725 352 1737 370 ,
1881 295 1940 351 B.

1989 298 2235 353 ttRBANl
2278 299 2317 353 ll
2357 299 2555 354 PAI’A‘I
3755 322 3808 374 £8

592 412 705 455 tum
752 400 985 455 viventis
1036 401 1350 466 auctoritas,
1383 404 1474 473 qui
1511 406 1649 461 hanc
1678 406 1884 461 cladem
1933 409 2165 464 Henrico
2194 423 2237 477 Α
2270 409 2456 465 Sancti
2489 410 2710 465 Joannis
2748 413 2800 466 in
2839 413 3040 477 Vincis,
3087 416 3241 472 edita:
3287 421 3582 475 secundum
3608 429 3806 496 regulam

591 492 792 546 illatam
844 492 925 546 bis
950 503 1358 560 commemorat,
1400 495 1499 549 sub
1546 498 1708 551 linem
1759 512 1950 568 nempe
2005 500 2163 568 hujus

594 584 721 637 anni
760 593 815 638 et
840 584 1113 656 sequentis
1131 584 1307 650 initio,
1336 586 1478 655 quod
1506 601 1602 656 pro
1638 602 1786 641 more
1815 603 1913 643 suo
1947 604 1977 642 a
2008 588 2164 643 Chri-

590 675 659 729 sti
708 650 969 729 Natalium
1015 674 1305 731 festivitate
1354 650 1587 746 repetit.
1639 677 1809 734 Porro
1858 681 2159 745 victoriam,

2268 500 2450 557 Sancti
2484 502 3157 571 Augustini.conﬁrmatae
3187 525 3215 562 a
3247 512 3405 564 bonae
3435 518 3695 571 memoria:
3714 521 3807 573 vito

2265 588 2484 647 Urbano
2504 594 2757 661 pontiﬁce
2782 595 2824 652 ll
2855 611 2988 665 quas
3015 598 3273 653 debemus
3320 600 3694 658 inviolabiliter
3716 624 3807 661 ser-

2261 695 2411 736 vare.
2440 682 2656 738 Duabus
2682 678 2862 739 autem
2900 695 2955 739 et
2984 687 3341 759 quadraginta
3393 690 3699 751 lectionibus
3732 698 3808 751 ab-

576 768 748 837 ‘quam
778 782 841 822 ea
861 768 1145 823 occasione
1173 767 1524 825 Ekkehardus
1562 770 1805 825 marchio
1839 773 1903 827 de
1929 771 2163 827 Henrico

590 858 900 928 reportavit,
948 866 1152 912 tantam
1218 859 1383 914 fuisse
1434 869 1709 914 asseverat
1753 860 2053 928 Bertoldus,
2101 873 2161 917 ut

587 952 903 1021 imperator,
959 951 1183 1020 perditis
1243 951 1513 1021 regalibus
1567 952 1895 1024 insignibus,
1944 955 2031 1008 vix
2093 956 2158 1010 de

584 1044 834 1098 manibus
878 1042 1271 1113 insequentium
1323 1053 1563 1114 ereptus,
1614 1058 1646 1097 e
1710 1042 2007 1116 Thuringia
2069 1046 2157 1101 ubi

583 1131 861 1189 Gleicham
889 1149 1067 1189 arcem
1092 1135 1393 1202 obsidebat,
1426 1136 1758 1207 Banbergam
1782 1153 1952 1206 usque
1974 1137 2159 1207 fugere

583 1238 805 1280 coactus
832 1225 1014 1292 fuerit,
1045 1226 1221 1296 ibique
1270 1226 1539 1282 Natalium
1579 1226 1779 1283 Christi
1812 1228 2155 1284 festivitatem

582 1316 787 1385 absque
812 1315 920 1370 ullo
948 1324 1207 1385 apparatu
1237 1316 1489 1387 inglorius
1515 1317 1873 1373 solemnizare.

821 1407 931 1464 XL.
970 1406 1206 1477 Epistola
1233 1408 1505 1463 decretalis
1526 1410 1596 1463 ad
1630 1410 1899 1464 Pibonem.

2260 770 2565 837 solvuntur,
2606 790 2624 823 ι
2651 783 2756 827 etc.
2799 772 2957 829 Certe
2978 775 3251 831 Urbanum
3280 780 3590 846 pontiﬁcem
3618 785 3803 851 speciali

2260 859 2545 915 dilectione
2590 872 2934 931 prosecutum
2998 865 3163 921 fuisse
3227 869 3525 923 canonicos
3574 872 3807 940 regulares

2259 950 2428 1003 sancti
2454 951 2763 1021 Augustini,
2793 954 2883 1022 qui
2911 963 3036 1009 tunc
3059 970 3245 1011 recens
3268 958 3496 1012 excitati
3524 960 3575 1013 in
3603 960 3806 1017 Ecclesia

2258 1036 2538 1106 florebant,
2566 1043 2796 1110 probant
2826 1044 2970 1097 varia
3003 1043 3119 1112 ejus
3163 1046 3463 1116 diplomata
3493 1065 3609 1118 qua
3655 1068 3808 1123 super-

2261 1137 2407 1192 sunt,
2463 1131 2574 1185 suis
2622 1130 2755 1187 locis
2812 1132 3150 1201 proferenda.
3198 1137 3279 1191 Et
3342 1138 3541 1204 quibus
3590 1140 3807 1197 Gerosius

2257 1221 2576 1290 praepositus
2606 1223 3172 1295 'Rcicherspergensis
3203 1226 3257 1280 in
3286 1231 3623 1298 expositione
3649 1232 3807 1301 psalmi

2257 1311 2323 1366 64
2362 1328 2457 1367 seu
2502 1314 2639 1369 libro
2685 1316 2761 1371 De
2807 1329 3061 1385 corrupto
3104 1326 3245 1373 statu
3274 1320 3533 1376 Eccelsia:
3572 1324 3633 1376 ad
3664 1325 3804 1393 Euge-

2260 1401 2409 1456 nium
2455 1403 2519 1457 lll
2573 1420 2788 1475 papam,
2842 1416 2984 1461 tomo
3039 1407 3075 1461 V
3137 1408 3611 1467 Miscellaneorum
3652 1414 3805 1468 Baluz.

651 1500 807 1556 Circa
836 1501 963 1556 illud
1014 1511 1221 1572 tempus
1254 1501 1505 1558 Urbanus
1536 1520 1565 1558 a
1590 1503 1794 1559 Pibone
1826 1504 2155 1559 Tullensium
2255 1494 2399 1549 θάίιο
2424 1494 2601 1551 locum
2642 1498 2903 1569 insignem
2947 1500 3174 1570 profert.
3204 1519 3370 1573 «ιυειη
3399 1519 3637 1561 seorsum
3678 1509 3809 1562 ede"

580 1593 831 1664 episcopo
857 1593 922 1648 de
945 1594 1109 1649 variis
1134 1595 1314 1650 causis
1349 1596 1710 1667 interrogatus
1735 1597 2058 1651 dem-ciale.“
2088 1596 2155 1651 ad
2255 1586 2430 1640 visum
2459 1602 2567 1641 non
2597 1599 2698 1656 est,
2739 1605 2861 1644 cum
2893 1590 3078 1645 iisdem
3106 1595 3332 1650 omnino
3374 1599 3558 1653 verbis
3586 1599 3808 1653 habeatur

579 1699 704 1738 eum
731 1683 1029 1753 epistolam,
1062 1701 1180 1739 cum
1210 1702 1462 1740 consensu
1511 1687 1779 1757 synodalis
1809 1689 2034 1751 concilii,
2070 1702 2155 1742 re-
2257 1678 2310 1732 in
2362 1679 2635 1749 plerisque
2682 1682 3064 1736 canonicornm
3130 1686 3469 1755 rcgularium
3528 1689 3803 1759 privilegiis.

578 1771 817 1840 scripsit,
871 1788 1032 1841 quam
1091 1776 1281 1844 primis
1345 1775 1546 1830 Urbani
1600 1776 1944 1846 pontificatus
1996 1778 2150 1831 annis
2182 1766 2228 1827 B
2260 1767 2426 1824 Porro
2464 1770 2608 1825 aliud
2647 1770 2830 1827 Sancti
2876 1773 3101 1828 Joannis
3164 1775 3578 1834 Suessionensis
3620 1781 3804 1849 privile-

576 1861 1015 1931 scriptamfuisse
1043 1877 1107 1918 ex
1137 1878 1201 1919 co
1229 1864 1548 1935 colligimus,
1568 1868 1706 1935 quod
1740 1867 1792 1921 in
1820 1880 1879 1920 ea
1910 1868 2151 1936 pontifex
2254 1860 2401 1929 gium
2451 1877 2516 1916 ex
2580 1861 2852 1917 Sit’mondi
2902 1867 3131 1932 SChediS.
3187 1871 3334 1936 QUOd
3374 1871 3537 1924 etiam
3565 1886 3625 1926 ει
3653 1871 3805 1926 00d?“c

576 1951 751 2018 capite
786 1950 821 2005 4
871 1951 1062 2005 innuat
1113 1967 1172 2007 se
1221 1954 1410 2009 Piboni
1460 1958 1807 2025 respondere,
1858 1970 2149 2027 antequam
2393 1954 2589 2022 reginae
2616 1954 2842 2020 Sueciiﬁ.
2870 1972 3014 2012 ηιιηο
3043 1956 3435 2023 Οιιοὺοηῑίιηο.
3462 1961 3641 2015 Roma!
3666 1961 3802 2014 Ῐιλδε·

573 2042 739 2097 ullum
765 2044 1049 2099 concilium
1083 2046 1332 2115 generale
1356 2047 1702 2104 celebrasset.
1730 2050 1800 2103 At
1824 2065 1967 2105 anno
1990 2050 2147 2115 1089,

2258 2059 2398 2104 mus.
2430 2045 2595 2099 edidit
2622 2046 2867 2103 Labbeus
2903 2057 3048 2103 tomo
3078 2049 3125 2103 Χ
3150 2049 3541 2118 Conciliorum,
3572 2054 3656 2106 sed
3689 2054 3804 2121 quad

572 2143 633 2188 ιη
682 2136 847 2191 δίψει
895 2136 1198 2200 nummus.
1258 2138 1505 2194 Urbanus
1553 2140 1842 2210 generalem
1897 2143 2151 2211 synodum
2252 2133 2449 2201 prioris
2504 2145 2816 2205 excerptum
2871 2137 3025 2192 facile
3071 2142 3447 2208 crederemus,
3490 2144 3590 2196 nisi
3642 2154 3804 2212 prieter

572 2225 678 2278 “5
707 2226 1063 2296 ερίιτοροηιη,
1088 2227 1313 2296 collegii,
1354 2228 1517 2283 pone
1558 2229 1707 2295 pum,
1732 2246 1854 2285 cum
1886 2241 2009 2300 post
2050 2233 2154 2286 iter
2252 2238 2422 2293 pauca
2461 2225 2585 2290 alia,
2632 2227 2902 2282 diversam
2947 2230 3166 2285 haberet
3188 2232 3510 2288 chronicam
3536 2244 3721 2288 notam.
3746 2235 3798 2287 Et

573 2315 1082 2391 Jerosolymitanum
1108 2319 1161 2373 in
1209 2321 1540 2375 monasterio
1576 2319 1761 2375 Sancti
1807 2322 2030 2391 Benigni
2068 2322 2154 2376 Di-
2253 2308 2468 2385 (1ηίάοω
2500 2334 2604 2373 ιιοη
2634 2321 2855 2376 οῐηηῖηο
2903 2323 3139 2378 Ῐηδοιθηε
3185 2318 3390 2390 est.“
3424 2327 3562 2380 idem
3603 2326 3801 2395 Ροηίῗίδι

570 2407 731 2462 γίοηθ
802 2409 1125 2463 monachum
1182 2410 1474 2477 induisset,
1526 2413 1593 2466 ad
1661 2412 1945 2469 ecclesiam
1999 2428 2151 2467 suam
2255 2409 2461 2463 duobus
2490 2410 2893 2479 diplomatibus,
2934 2414 3148 2468 diverso
3183 2424 3431 2485 tempore
3457 2418 3617 2480 datis,
3647 2419 3801 2470 eadem

572 2498 752 2552 redire
775 2497 932 2568 paulo
957 2509 1139 2569 postea
1188 2499 1393 2568 jussus,
1424 2504 1523 2558 has
1551 2502 1770 2558 Urbano
1814 2503 2154 2560 difficultates
2255 2500 2427 2556 ferme
2469 2502 2590 2570 jura
2640 2504 2731 2557 υιιί
2775 2503 2893 2558 Ῑοοο
2936 2508 3299 2573 concesserit;
3359 2525 3468 2579 quo
3496 2518 3664 2563 amem
3688 2522 3804 2560 3"“0

569 2589 871 2658 proposuit,
900 2589 1007 2645 ue.—
1050 2591 1177 2647 iuud
1208 2604 1521 2664 susceperat
1571 2609 1713 2649 anno
1754 2594 1910 2662 4085,
1945 2606 1998 2651 ει
2028 2597 2154 2651 Tn]-
2254 2587 2438 2642 datum
2470 2590 2609 2644 istud
2642 2590 2826 2658 fuerit,
2858 2609 2925 2648 ne
2949 2594 3287 2663 conjiciendo
3314 2598 3532 2667 quidem
3568 2596 3798 2667 expiscari

570 2678 682 2733 inm
723 2678 834 2748 jam
884 2695 1138 2738 reversus
1186 2693 1305 2738 erat
1334 2699 1478 2740 anno
1508 2684 1663 2753 1038,
1708 2687 1797 2742 ubi
1831 2687 1967 2741 οωίι
2014 2703 2154 2743 anno
2254 2683 2545 2750 potuimus,
2591 2687 2891 2753 przcsertitn
2945 2702 3068 2742 cum
3112 2688 3165 2742 in
3214 2691 3339 2745 cod.
3393 2707 3497 2745 ms.
3550 2684 3800 2743 decretalis

575 2770 732 2827 1107.
875 2842 943 2847 ___
989 2842 1039 2847 __
1120 2842 1162 2847 __
1205 2845 1212 2847 _
1402 2845 1427 2847 _

2256 2773 2479 2830 fortnam
2506 2777 2776 2847 pra-ferat.
3536 2780 3544 2789 ’

2420 2867 2552 2923 XLI.
2586 2869 2923 2941 Privilegium
2949 2872 3009 2929 S.
3051 2872 3268 2930 Victoris
3298 2875 3658 2932 Massiliensis.

641 2934 852 2992 Primos
876 2938 1033 3007 hujus
1055 2940 1179 2994 anni
1206 2941 1385 3011 (1089)
1418 2958 1651 3009 menses,
1684 2944 1928 3000 Rommiu
1954 2947 2147 3014 insula,

2325 2959 2405 3012 Ad
2437 2961 2596 3030 hujus
2627 2978 2843 3033 quoque
2869 2966 2992 3019 anni
3037 2967 3188 3021 initia
3213 2971 3577 3024 revocandum
3609 2981 3683 3023 est
3714 2966 3801 3037 pri-

572 3033 632 3077 ut
665 3026 832 3080 refert
882 3026 1187 3096 Bertoldus,
1234 3033 1509 3100 quaeinter
1534 3034 1667 3088 duos
1700 3046 1879 3105 pontes
1906 3039 2006 3091 sita
2054 3049 2147 3105 est,

2257 3051 2509 3120 vilegium
2589 3055 2729 3122 quod
2794 3054 3043 3110 Urbanus
3116 3062 3450 3114 monasterio
3518 3055 3797 3112 Massilitani

567 3117 836 3187 transegit
864 3117 1133 3186 Urbanus,
1166 3131 1220 3177 et
1246 3124 1458 3194 quidem
1492 3124 1576 3180 his
1622 3126 1674 3180 in
1714 3128 1977 3197 angustiis
2006 3131 2147 3198 posi-

2255 3140 2439 3197 Sancti
2466 3141 2695 3198 Victoris
2724 3146 2897 3215 primo
2925 3147 3269 3215 pontiﬁcatus
3301 3152 3384 3204 sui
3432 3168 3571 3205 anno
3594 3146 3799 3209 indulsit,

575 3216 680 3267 tus,
710 3222 844 3277 quas
866 3208 1023 3279 paulo
1050 3213 1296 3283 superius
1324 3230 1389 3269 ex
1417 3215 1677 3272 Pandulfo
1698 3221 2147 3275 commemoravi-
2250 3248 2354 3287 non
2386 3234 2601 3303 quidem
2645 3236 2938 3293 indictione
2996 3255 3069 3299 xi,
3135 3249 3194 3293 ut
3233 3242 3452 3310 vulgatu
3503 3240 3796 3308 exemplaria

574 3310 715 3359 tuus,
766 3296 897 3352 nihil
944 3292 1165 3355 ‘omnino
1216 3303 1543 3361 subtrahens
1596 3307 1830 3373 utilium,
1862 3311 2151 3377 quominus
2250 3292 2562 3391 prmia-runt,
2589 3326 2682 3380 sed
2709 3341 2805 3392 χιι,
2832 3343 2951 3397 qum
2978 3330 3102 3384 huic
3131 3345 3274 3384 anno
3306 3292 3579 3388 62....enn,
3610 3331 3667 3384 Et
3702 3328 3801 3397 qni-

571 3389 718 3457 grcgi
771 3389 871 3445 sibi
927 3394 1217 3449 commisso
1276 3396 1328 3450 in
1399 3399 1652 3456 omnibus
1706 3403 2023 3471 prodesset;
2075 3405 2148 3459 ita
2249 3389 2370 3467 dem
2400 3389 2889 3485 anno-prtecedenli
2942 3421 3029 3475 die
3078 3437 3112 3475 χ
3152 3422 3427 3480 Kalendas
3473 3424 3647 3479 Martii
3677 3430 3796 3489 (nam

572 3480 780 3550 majora
826 3485 1039 3552 negotia
1094 3494 1453 3556 pertractans,
1483 3500 1539 3544 ut
1566 3500 1743 3547 tamen
1772 3494 1837 3547 ea
1866 3509 1985 3564 qua:
2017 3496 2148 3551 tanti
2249 3504 2354 3560 hoc
2383 3480 2582 3561 Illellse‘
2597 3508 2781 3563 datum
2833 3510 3057 3581 dicitur)
3100 3515 3342 3569 nondum
3378 3516 3622 3572 Urbanus
3648 3512 3798 3567 sedem

572 3572 679 3630 non
722 3576 1042 3654 videbantur
1072 3596 1193 3637 esse
1239 3584 1499 3641 momenti
1545 3596 1795 3653 curaret;
1841 3603 1906 3643 ac
1958 3588 2038 3643 sic
2085 3590 2150 3645 iis
2248 3597 2599 3666 apostolicam
2648 3603 3061 3667 conscenderat,
3097 3616 3152 3659 et
3197 3606 3507 3663 liichardus
3548 3607 3703 3661 abbas
3729 3600 3797 3655 cui

573 3679 695 3732 qua:
731 3665 801 3719 ad
862 3669 1164 3726 universale
1206 3672 1458 3730 Ecclesia:
1515 3676 1756 3746 regimen
1805 3679 2151 3749 pertinebant
2248 3665 2569 3758 inscriptum
2612 3699 2721 3756 est,
2781 3693 2957 3749 adhuc
3002 3665 3055 3748 in
3106 3696 3369 3765 Hispania
3408 3708 3534 3753 tunc
3580 3691 3797 3765 temporis

570 3752 830 3861 intentus,
858 3766 917 3861 u't
943 3774 1049 3812 non
1072 3760 1364 3832 negligeret
1389 3766 1722 3835 privatorum
1760 3778 1997 3840 negotia,
2029 3787 2149 3841 quae
2249 3782 2586 3849 morabatur,
2606 3783 2695 3838 ubi
2726 3784 3010 3854 legationis
3033 3790 3365 3858 apostolicae,
3394 3808 3553 3861 quam
3581 3807 3605 3843 a
3629 3788 3799 3851 στρέψ’

2048 3840 2061 3841 κ
2574 3840 2585 3849 ,
2778 3840 2807 3854 υ
3068 3840 3087 3857 κ
3398 3840 3592 3861 νηη-
3640 3840 3652 3843 -
3725 3840 3747 3851 υ

572 3840 638 3894 ad
663 3856 786 3895 eum
818 3842 1207 3902 referebantur.
1235 3848 1358 3906 Haec
1376 3854 1555 3907 omnia
1588 3870 1766 3910 rerum
1796 3858 1864 3912 ab
1887 3874 1951 3914 eo
1974 3874 2149 3931 gesta-
2248 3874 2330 3928 rio
2359 3874 2444 3928 VII
2477 3882 2783 3946 acceperat,
2810 3881 2990 3933 munia
3024 3886 3339 3951 exercebat,
3392 3887 3517 3941 licet
3554 3902 3581 3938 a
3612 3884 3797 3938 Victore

571 3932 890 4047 Tlltnfel'les
910 3949 1036 4047 νθιξξ
1058 3950 1177 3992 €858
1204 3941 1591 4047 ςίξιξιρτοῢεὼίι.
1622 3945 1789 4014 "Ilius
1815 3950 1941 4004 anni
1994 3952 2147 4008 initio
2246 3965 2475 4034 primum
2504 3966 2809 4034 defecisset,
2838 3982 3021 4041 postea
3047 3972 3276 4031 fortasse
3306 3979 3407 4047 ipsi
3434 3976 3796 4034 reconciliatus.

568 4021 909 4137 pt'ivi'legipm
963 4024 1090 4080 olim
1148 4028 1509 4137 exhibendum
1559 4038 1829 4093 concessit
1872 4042 2147 4097 canonicis
2245 4021 2314 4110 λι
2334 4058 2433 4111 hoc
2463 4074 2603 4113 anno
2623 4021 2911 4129 meai-diis,
2940 4065 3026 4118 illa
3044 4068 3307 4137 dignitate
3326 4021 3400 4126 tib
3428 4070 3659 4132 Urbano,
3680 4061 3795 4133 quod

2469 4111 2506 4112 ,,
2536 4111 2596 4113 η-
2624 4111 2639 4113 ν
2661 4111 2911 4129 ,.-_v_.._..,
2940 4111 3026 4118 η-..
3046 4111 3093 4121 ι..
3138 4111 3307 4124 ...ι-..σν
3332 4111 3400 4126 nu
3432 4111 3659 4132 υιυυι--νι
3682 4111 3760 4133 ‘1'"

572 4111 919 4181 regularibus
944 4116 1116 4170 sancti
1143 4116 1366 4175 Joannis
1392 4120 1461 4177 de
1502 4122 1686 4180 Vincis
1731 4129 1870 4196 apud
1901 4128 2146 4187 Suessio-
2246 4149 2426 4204 minus
2454 4162 2634 4217 caute,
2688 4163 2749 4207 ut
2786 4150 2871 4208 ait
2894 4111 3208 4225 noderigus,
3260 4157 3546 4233 legationis
3595 4157 3794 4213 ofﬁcium

572 4216 665 4233 ιισια
700 4209 753 4233 nl
811 4217 901 4233 Δηι-
951 4205 1049 4233 ..ι-ιι
1096 4209 1399 4233 -.u...n..l:-..
1432 4213 1571 4233 -Ln-
1625 4225 1637 4233 .
1687 4225 1699 4233 .
1741 4217 1751 4233 ι
1940 4221 1972 4233 ο,
2126 4223 2142 4233 .

569 4216 669 4255 nas
700 4209 757 4256 ut
810 4217 905 4258 eos
948 4205 1050 4261 sub
1094 4209 1402 4277 apostolica:
1429 4213 1575 4269 sedis
1624 4217 2042 4295 tutelapositos
2076 4223 2144 4278 ad

571 4292 856 4319 n-uAI:AmA-‘~n
906 4296 1100 4319 ---ηιμ
1154 4313 1256 4319 ---μ
1313 4302 1465 4319 μη-ηο
1924 4309 1936 4319 .

2621 4205 2634 4217 ,
2894 4205 3208 4225 ---παπη
3260 4205 3545 4233 --,,.........-
3597 4205 3700 4213 ψ-
3730 4205 3745 4206 κ

2253 4239 2437 4304 obiret,
2459 4250 2510 4294 et
2542 4241 2680 4296 forte
2713 4246 2780 4299 ob
2807 4246 2939 4301 alias
2976 4249 3129 4303 nobis
3155 4239 3369 4319 ignotas
3395 4269 3581 4308 causas
3614 4258 3794 4305 exutus.

569 4292 858 4347 arctiorem
904 4296 1103 4363 regulae
1151 4313 1262 4354 suae
1311 4302 1548 4371 praxim,
1602 4321 1766 4375 quam
1808 4292 1974 4379 paulo
2012 4322 2145 4369 ante

568 4393 939 4452 susceperant,
971 4386 1141 4458 magis
1168 4404 1233 4445 ac
1258 4392 1429 4461 magis
1452 4394 1846 4454 observandam
1892 4402 2143 4458 adhorta-

570 4484 720 4529 retur
747 4491 954 4546 :quare
977 4493 1139 4549 super
1165 4482 1344 4537 omnia
1391 4488 1601 4553 statuit,
1630 4499 1688 4544 ut
1716 4496 1981 4549 canonica:
2018 4514 2144 4552 con-
2176 4470 2221 4525 Β

875 2842 967 2898 XL
989 2842 1093 2901 bis.
1116 2842 1363 2900 Urbanus
1394 2845 1570 2902 Romae
1596 2857 1850 2904 moratur.

2244 4339 2298 4383 et
2323 4331 2389 4383 ad
2427 4322 2812 4389 monasterium
2859 4352 3016 4394 suum
3048 4335 3320 4410 reversus,
3354 4347 3456 4421 hoc
3493 4339 3795 4414 privilegium

2246 4435 2273 4472 a
2298 4422 2550 4489 pontiﬁce
2571 4424 2819 4482 obtinere
2841 4430 3035 4497 potuit.
3068 4430 3181 4487 Nec
3216 4436 3415 4491 mirum
3445 4434 3611 4489 videri
3636 4430 3792 4486 debet.

2254 4522 2377 4567 tunc
2403 4514 2476 4569 illi
2509 4515 2780 4571 Urbanum
2811 4522 3103 4588 gratiﬁcari
3152 4526 3419 4598 voluisse;
3466 4521 3794 4583 necessarium

567 4567 886 4631 stitutioaes,
912 4571 1171 4639 perpetuis
1212 4576 1524 4644 temporibus
1570 4580 1624 4634 in
1674 4596 1859 4638 eorum
1902 4586 2142 4643 Ecclesia

568 4657 902 4715 inviolabiter
923 4661 1333 4718 observarentur.
1368 4665 1475 4723 Has
1504 4670 1915 4730 constitutiones
1946 4677 2142 4734 vidisse

569 4756 623 4802 et
647 4749 975 4819 approbasse
1028 4751 1276 4811 Urbanus
1325 4756 1522 4815 dicitur
1564 4761 1616 4816 in
1662 4767 1829 4820 veteri
1878 4767 1994 4838 ejus
2039 4770 2139 4826 loci

567 4836 858 4904 Chronico,
891 4840 1043 4911 cujus
1071 4853 1262 4899 auctor
1305 4845 1359 4902 id
1410 4849 1694 4918 prohatex
1735 4836 1920 4910 earum
1964 4858 2137 4924 titulo,

558 4928 662 4999 qui
693 4929 746 4983 in
793 4930 1102 4990 authentico
1139 4949 1326 4991 earum
1362 4941 1678 5011 exemplari,
1724 4953 1780 5000 et
1807 4946 1945 5003 forte
1986 4959 2140 5007 auto-

567 5021 795 5091 grapho,
818 5037 915 5081 suo
937 5032 1178 5098 tempore
1202 5028 1517 5088 habebatur.
1542 5033 1667 5091 Haac
1686 5046 1814 5093 sunt
1835 5038 1953 5108 ejus
1975 5045 2136 5099 verba

567 5111 632 5165 de
661 5110 875 5170 Urbano
901 5113 1207 5186 loquentis:
1239 5119 1296 5175 Is
1329 5123 1528 5191 primus
1554 5124 1654 5195 fuit
1676 5144 1799 5199 erga
1832 5133 2139 5188 canonicam

566 5210 823 5270 nostram,
856 5205 937 5262 sic
965 5216 1174 5265 veteres
1220 5213 1602 5271 canonicorum
1645 5220 1975 5288 regularium
2020 5239 2136 5279 mo-

562 5292 802 5347 nasteria
878 5296 1150 5365 appellare
1216 5315 1643 5372 consueverant,
1722 5308 2138 5368 benedictionum

564 5381 965 5437 auostolicarum
983 5395 1031 5439 et
1055 5387 1389 5457 largitionum
1418 5394 1741 5463 distributor,
1770 5401 1861 5470 qui
1890 5405 2143 5457 constitu-

564 5471 729 5525 tiones
779 5475 925 5531 uobis
978 5481 1219 5548 proprias
1264 5493 1313 5537 et
1362 5487 1705 5554 particulares
1754 5495 2055 5562 approbatit
2093 5508 2139 5552 et

560 5566 938 5634 corroboravit,
994 5573 1436 5641 quemadmodum
1490 5579 1673 5635 titulus
1728 5582 1832 5638 illis
1886 5587 2140 5655 prta/imus

563 5668 827 5713 oonnotat.
856 5679 875 5713 ι
903 5660 1169 5733 Incipiunt
1196 5670 1469 5725 canonicte
1491 5670 1854 5735 institutiones
1882 5681 2137 5739 Ecclesia:

2249 4606 2444 4675 quippe
2471 4617 2589 4663 erat
2619 4617 2826 4681 tantum
2858 4615 3053 4683 virum,
3078 4618 3229 4688 cujus
3259 4622 3473 4675 animus
3496 4620 3562 4675 ob
3591 4616 3793 4676 ultimm

2249 4694 2347 4749 sibi
2375 4696 2695 4766 legationem
2723 4708 3035 4774 eanperari
3069 4711 3353 4778 potuisset,
3382 4710 3663 4767 conciliare
3688 4701 3791 4761 sibi.

2247 4795 2302 4842 et
2332 4790 2509 4857 reipsa
2542 4789 2864 4863 Richardus,
2898 4799 3037 4853 sicut
3061 4809 3114 4853 et
3138 4800 3291 4869 llugo
3310 4799 3688 4873 Lugdunensis.
3717 4790 3793 4861 qui

2247 4872 2478 4934 simula
2532 4880 2767 4938 Victoris
2818 4887 3123 4945 obedientia
3183 4872 3547 4956 recesserant,
3604 4887 3793 4943 Urbano

2247 4984 2461 5039 semper
2494 4983 2676 5041 postea
2700 4976 3052 5035 addictissimi
3084 4982 3257 5041 fuere.
3308 4987 3423 5041 Non
3474 4986 3647 5053 itaque
3687 4974 3789 5030 sub

2248 5061 2572 5116 movendum
2614 5076 2695 5119 est
2723 5068 2789 5122 ab
2818 5069 2921 5126 hoc
2943 5086 3086 5128 anno
3119 5075 3452 5148 privilegium
3481 5074 3601 5130 illud
3632 5062 3792 5123 Massi-

2248 5148 2435 5214 liense.
2466 5155 2608 5222 quod
2640 5157 2707 5209 ad
2734 5160 2856 5213 cod.
2916 5178 3018 5218 ms.
3073 5165 3395 5223 Tolosanum
3440 5167 3604 5222 beatae
3635 5156 3791 5215 Μπῖίθ

2247 5240 2520 5296 deaurata:
2542 5244 2795 5301 collatum
2825 5250 2960 5307 alias
2985 5255 3310 5323 proferetur.

2604 5333 2763 5391 XL".
2802 5339 2879 5393 De
2912 5344 3060 5398 rebus
3095 5343 3439 5403 Germanicis.

2316 5417 2461 5474 Nihil
2512 5434 2689 5479 autem
2731 5431 2905 5500 magis
2952 5435 3099 5490 cordi
3140 5449 3257 5494 erat
3305 5440 3519 5497 Urbano
3547 5444 3693 5504 quam
3738 5431 3786 5477 ut

2245 5507 2547 5568 Germanias
2576 5517 2891 5576 subveniret
2919 5538 3079 5593 quam
3122 5528 3329 5585 sciebat
3372 5546 3402 5584 a
3456 5514 3784 5584 scltismaticis

2245 5599 2471 5656 multum
2498 5619 2564 5660 eo
2594 5617 2839 5679 tempore
2866 5616 3203 5673 conturbari.
3237 5621 3563 5693 Supererant
3590 5610 3780 5683 quidem

2243 5691 2418 5747 adhuc
2438 5710 2503 5749 ea
2545 5696 2597 5752 in
2632 5702 2848 5771 regione
2873 5718 3071 5775 prtetcr
3106 5691 3469 5768 llcrtnannunt
3502 5709 3776 5763 Μειυιιεριη,
