3962 6312
144 398 199 454 19
1612 383 1788 439 νιτΑ.

3302 384 3373 440 50

146 509 353 579 quiante
378 500 580 568 aliquot
603 497 717 553 dies
743 496 928 551 sedem
954 510 1107 551 suam
1135 504 1438 566 receperat,
1480 505 1535 550 et
1557 494 1692 549 alios
1720 499 1768 555 A
1796 506 1949 553 catur
1980 500 2033 555 in
2065 500 2155 555 illa
2179 500 2384 573 synodo
2413 501 2651 573 generali
2684 494 2786 558 HS
2811 501 3189 572 episcoporum
3214 504 3377 571 quam

144 611 338 672 paucos.
364 590 581 647 omnino
612 600 847 660 quatuor
875 586 1127 641 catholici
1159 585 1424 657 episcopi,
1447 600 1690 656 quorum,

96 693 104 715 ν
146 688 295 759 inquit
319 680 612 744 Bertoldus,
634 680 689 733 in
706 677 1002 733 Teutonicis
1019 678 1257 747 partibus
1278 677 1694 747 confortamento

145 778 304 850 reliqui
332 772 571 829 catholici
598 769 945 827 schismaticis
974 786 1005 822 a
1026 768 1281 839 principio
1309 768 1629 823 restiterunt.
1654 766 1693 821 Ii

145 879 279 925 erant
301 866 557 919 Adalbero
592 859 1020 930 Niceburgensis,
1053 858 1375 913 AItmannus
1406 856 1693 911 Patavien—

144 965 221 1026 sis,
247 958 551 1015 Adelbertus
605 952 1028 1018 Wormatiensis,
1064 959 1120 1008 et
1164 950 1517 1008 Gebeltardus
1558 949 1697 1005 Con-

148 1049 434 1107 stantiensis.
475 1045 527 1101 Is
559 1045 782 1102 ultimus
807 1044 877 1099 ab
903 1043 1148 1108 Urbano,
1173 1058 1294 1098 cum
1326 1042 1381 1097 in
1407 1042 1695 1098 Germania

146 1138 420 1212 apostolicae
462 1135 614 1191 sedis
662 1135 1048 1200 apocrisiarius
1092 1143 1261 1201 esset,
1301 1135 1354 1189 in
1386 1135 1697 1206 episcopum

147 1242 473 1291 censecra'us,
527 1227 695 1295 probe
743 1226 792 1279 ei
833 1234 996 1279 notus
1050 1233 1165 1280 erat
1199 1226 1217 1279 :'
1246 1239 1415 1295 quare
1446 1226 1696 1281 eumdem

150 1320 355 1390 pontifex
380 1317 559 1372 factus
587 1315 897 1384 apostolicae
920 1315 1064 1371 sedis
1095 1315 1332 1384 legatum
1356 1316 1409 1370 in
1436 1325 1546 1369 tota
1572 1318 1697 1371 Ale-

148 1412 317 1470 mania.
343 1408 619 1478 Bajoaria,
644 1405 902 1470 Saxonia,
926 1409 1210 1479 vicinisque
1230 1409 1521 1478 regionibus
1548 1423 1699 1464 crea-

148 1504 214 1557 vit
242 1502 409 1556 litteris
435 1515 497 1554 ea
538 1499 607 1554 de
638 1515 699 1554 re
744 1498 925 1553 Ranae
952 1500 1090 1553 datis
1122 1513 1213 1555 xtv
1246 1498 1514 1554 Kalendas
1542 1500 1694 1566 Maii,

149 1602 194 1647 et
217 1593 404 1662 qu'dem
432 1591 535 1645 hoc
567 1606 734 1655 anno,
778 1590 857 1643 uti
881 1590 1038 1645 docet
1066 1606 1164 1645 nos
1187 1590 1491 1659 Bertoldus,
1517 1599 1695 1646 tanta-

153 1699 241 1750 que
261 1684 362 1737 visa
387 1690 467 1735 est
493 1696 682 1735 earum
713 1680 1033 1743 auctoritas,
1071 1689 1129 1734 ut
1156 1680 1225 1735 ab
1268 1680 1430 1735 lvone
1458 1690 1513 1736 et
1558 1680 1696 1736 Gra-

154 1774 278 1827 tiano
322 1773 368 1826 in
408 1772 643 1828 decretis
695 1771 807 1826 suis
850 1770 1017 1825 veluti
1072 1771 1267 1841 regulae
1300 1771 1441 1842 juris
1472 1772 1694 1828 omnino

155 1872 359 1918 remeet
397 1862 706 1932 approbata:
759 1862 967 1916 laudari
1023 1863 1339 1918 meruerint.
1375 1862 1695 1917 Decretalem

160 1953 388 2019 epistolam
408 1950 959 2021 appellatBertoldus,
991 1950 1191 2004 litteras
1217 1950 1494 2021 synodales
1513 1950 1695 2006 cardi-

162 2043 279 2097 nalis
316 2044 576 2106 Baronius,
607 2042 749 2114 quod
780 2056 873 2097 eas
904 2059 968 2096 ex
1015 2042 1214 2113 synodo
1255 2044 1488 2112 scriptas
1530 2041 1696 2096 fuisse

167 2134 512 2187 existimaverit
538 2144 585 2185 ut
612 2150 674 2187 ea:
697 2131 811 2202 ejus
835 2132 1144 2201 fragmento,
1176 2133 1371 2201 inquit,
1396 2138 1534 2202 patet
1556 2131 1696 2202 quod

172 2223 226 2274 ab
248 2222 381 2277 li-one
410 2224 661 2279 laudatur.
721 2228 828 2281 Sed
881 2227 933 2280 id
953 2224 1069 2294 jam
1105 2227 1325 2281 omnino
1351 2235 1558 2281 certum
1591 2236 1693 2290 est,

162 2327 218 2366 ex
264 2312 364 2381 ejus
409 2315 592 2384 ipsius,
644 2330 808 2387 quam
869 2317 1030 2372 modo
1080 2317 1346 2372 habemus
1405 2318 1694 2387 integram,

157 2400 351 2459 lcet'one
376 2422 387 2459 :
418 2407 557 2461 hanc
578 2422 776 2478 nempe
803 2423 832 2461 a
864 2422 923 2463 se
949 2407 1209 2475 scriptam
1256 2407 1423 2462 fuisse
1451 2407 1696 2477 pontifex

155 2504 348 2549 testatur
372 2496 593 2566 fratrum
620 2514 843 2553 suorum
869 2500 1254 2553 communicato
1287 2500 1527 2566 consilio,
1572 2500 1695 2554 diu-

149 2600 230 2652 que
273 2589 828 2655 excommunicationis,
878 2591 945 2644 de
990 2605 1093 2659 qua
1151 2591 1494 2659 potissimum
1546 2591 1597 2644 in
1634 2605 1698 2644 ea

149 2675 314 2743 agitur,
343 2680 631 2747 qucestione
652 2688 878 2755 tractata
910 2689 1073 2751 atque
1102 2682 1237 2736 adeo
1278 2682 1329 2735 in
1362 2682 1697 2748 subsequen-

158 2767 278 2823 tibus
318 2770 561 2826 conciliis
590 2770 724 2825 nihil
754 2771 899 2827 aliud
946 2786 1009 2826 ea
1048 2771 1114 2827 de
1162 2786 1241 2839 re,
1279 2787 1438 2841 quam
1471 2772 1612 2842 quod
1647 2772 1697 2824 in

152 2872 202 2911 ra
224 2860 425 2929 epistola
456 2863 854 2932 praescribitur,
894 2865 1176 2919 decretum
1211 2862 1332 2918 fuit.
1362 2864 1566 2919 Prmter
1595 2864 1698 2917 alia

148 2964 250 3004 vero
272 2952 396 3008 bene
411 2953 611 3016 multa,
641 2970 761 3023 qua:
787 2955 1126 3025 potissimum
1154 2955 1206 3009 in
1234 2954 1320 3010 his
1348 2955 1540 3010 litteris
1560 2970 1700 3009 novo

142 3053 223 3093 suo
247 3040 403 3113 legato
430 3043 787 3099 commendat
833 3044 1104 3111 Urbanus,
1150 3044 1445 3115 praeclaras
1488 3044 1701 3115 regulas

142 3133 406 3195 prtescribit
427 3134 505 3189 de
548 3135 708 3188 modo
747 3133 1181 3202 recipiendorum
1210 3134 1703 3190 excommunicatm

142 3233 239 3274 rum
263 3223 323 3276 ad
364 3224 768 3294 paenitentiam.
820 3225 939 3293 Qua
992 3225 1046 3280 in
1089 3240 1147 3281 re
1177 3218 1546 3282 acerbissimis
1596 3226 1702 3282 illis

140 3312 437 3380 temporibus
473 3330 674 3385 magna
705 3315 916 3369 cautela
955 3316 1257 3371 adhibenda
1298 3326 1441 3378 erat,
1470 3332 1538 3371 ne
1576 3316 1703 3371 faci-

138 3398 266 3455 litate
290 3405 588 3475 recipiendi
619 3406 797 3477 lapsos
823 3407 1078 3464 Ecclesiae
1102 3408 1384 3478 disciplina
1412 3408 1705 3465 labefacta-

138 3501 280 3559 retur,
336 3507 429 3552 aut
482 3500 794 3553 econtrario
841 3500 1006 3554 nimia
1062 3501 1384 3556 austeritate
1418 3503 1705 3557 exacerba-

137 3595 299 3642 rentur
318 3591 492 3645 auimi
527 3606 737 3654 eorum,
772 3592 865 3661 qui
891 3593 1126 3662 quadam
1157 3592 1322 3648 veluti
1358 3593 1702 3660 necessitate,

135 3684 364 3735 autcerte
414 3680 645 3737 levitate
698 3682 918 3753 ingenii,
951 3683 1132 3753 potius
1177 3698 1339 3754 quam
1386 3680 1598 3740 malitia
1648 3685 1703 3739 in

134 3775 731 3829 excommunicatioucm
783 3775 1128 3830 incurrerunt
1160 3793 1175 3830 :
1208 3777 1408 3846 quippe
1451 3792 1601 3845 cum,
1625 3777 1703 3830 uti

130 3862 359 3919 obserVat
388 3867 703 3930 Bertoldus,
732 3863 1011 3922 Guibertus
1036 3868 1253 3939 ejusque
1286 3869 1580 3941 contplices,
1609 3885 1707 3941 per

133 3951 200 4006 fas
224 3962 275 4009 et
315 3957 496 4025 nefas,
536 3971 682 4028 saepe
714 3958 879 4014 etiam
922 3968 1148 4029 accepto
1178 3961 1375 4032 pretio,
1404 3970 1705 4020 sectatores

129 4057 236 4101 suos
268 4064 365 4118 per
392 4050 615 4105 diversa
644 4049 758 4106 loca
787 4051 1033 4106 ordinare
1066 4068 1167 4107 non
1191 4063 1474 4120 cessarent,
1498 4070 1707 4110 excom-

130 4140 482 4197 municationis
516 4141 716 4196 malum
738 4130 1421 4215 intantum‘propagabatur,
1441 4145 1702 4212 utetiam,

127 4226 363 4288 Catholici
410 4235 504 4289 vix
551 4250 606 4288 se
651 4235 715 4288 ab
759 4250 937 4290 eorunt
978 4237 1221 4305 contagio
1272 4246 1479 4306 possent
1510 4236 1704 4291 illa'sos

128 4324 388 4380 custodire.
416 4327 605 4394 Quare
628 4326 884 4396 providus
906 4326 1149 4395 pontifex
1177 4336 1232 4382 et
1252 4328 1374 4397 pius
1399 4328 1704 4396 complures

126 4420 718 4474 excommunicatorum
770 4418 968 4489 gradus
1015 4418 1314 4489 distinguit,
1342 4428 1401 4473 ut
1430 4429 1484 4473 et
1514 4434 1706 4489 super-

123 4501 298 4561 borum
319 4524 382 4563 ac
406 4509 780 4581 pervicacium
808 4509 1100 4565 temeritati
1131 4511 1435 4575 resistatur,
1462 4520 1515 4567 et
1542 4512 1704 4566 simul

122 4608 464 4657 succurratur
516 4600 844 4671 simplicium
908 4616 974 4658 ac
1018 4600 1359 4657 inﬁrmorum
1421 4603 1705 4659 imbecilli-

126 4687 228 4740 tati.

180 4778 329 4845 Quod
362 4798 499 4839 vero
529 4783 581 4837 in
609 4798 674 4838 ea
716 4784 941 4854 epistola
973 4784 1223 4840 Urbanus
1263 4784 1503 4841 declarat
1532 4800 1614 4852 se,
1646 4787 1701 4842 in

123 4865 199 4923 bis
232 4874 577 4939 ptenitentite
604 4876 864 4947 gradibus
909 4876 1273 4946 assignandis,
1322 4878 1572 4946 Gregorii
1614 4879 1703 4934 VII

121 4960 349 5030 vestigiis
401 4963 707 5031 inhresisse,
764 4964 1121 5020 conﬁrmatur
1164 4982 1231 5021 ex
1274 4966 1514 5037 epistolae
1554 4967 1701 5040 frag-

123 5058 314 5117 mento,
341 5053 496 5121 quod
543 5052 693 5123 Htth
743 5054 1165 5110 Flaviniacensis
1213 5057 1266 5110 in
1307 5056 1576 5114 Chronico
1603 5074 1702 5114 suo

124 5136 304 5212 refert,
359 5144 417 5198 in
472 5160 578 5213 quo
617 5145 910 5215 Gregorius
968 5149 1128 5203 morti
1177 5150 1458 5219 proximus
1504 5151 1703 5206 dicitur

124 5241 316 5295 omnes,
348 5236 601 5305 exceptis
629 5234 863 5292 Henrico
892 5246 949 5293 et
974 5238 1238 5296 Guiberto
1259 5282 1274 5307 ,
1307 5257 1371 5297 ac
1398 5243 1705 5313 principali-

126 5313 209 5372 bus
235 5324 480 5391 personis
520 5342 638 5395 qua:
675 5327 894 5381 consilio
927 5339 1019 5383 aut
1060 5330 1263 5387 auxilio
1310 5333 1551 5402 [avebant
1583 5334 1702 5390 illo-

128 5426 228 5465 rum
259 5418 518 5487 nequitia:
553 5430 599 5472 et
626 5420 883 5490 impietati
915 5422 1213 5478 absolvisse
1248 5433 1301 5477 et
1332 5425 1699 5483 benedixisse.

187 5503 299 5561 Jam
330 5523 470 5565 vero
519 5510 562 5564 si
608 5520 887 5581 qumratur
926 5528 1030 5581 qua
1062 5513 1117 5566 in
1158 5514 1361 5584 synodo
1403 5517 1585 5585 gravis
1610 5518 1702 5573 illa

128 5599 342 5653 ("uestio
380 5601 455 5654 de
489 5603 972 5657 excommunicatis
1015 5604 1217 5673 agitata
1262 5604 1448 5670 fuerit,
1490 5606 1557 5660 de
1598 5623 1703 5678 qua

130 5684 186 5736 al
219 5685 606 5747 Gebebardum
636 5693 823 5747 scribit
861 5691 1129 5758 Urbanus,
1161 5709 1267 5748 non
1298 5696 1585 5750 admodum
1626 5698 1703 5749 fa-

130 5776 233 5832 cilis
261 5781 367 5835 erit
400 5783 709 5852 responsio,
754 5782 1035 5840 uisi'forte
1084 5785 1135 5839 id
1178 5785 1379 5840 factum
1428 5786 1591 5841 fuisse
1622 5788 1701 5841 di-

1796 592 1899 647 hoc
1924 607 2067 649 anno
2100 602 2155 650 et
2200 594 2419 668 quidem
2460 594 2665 660 Romae,
2718 595 2781 649 ut
2823 592 2979 649 multi
3024 591 3375 658 volunt,.Ur-

1793 680 1970 738 banus
2017 684 2158 753 apud
2187 682 2499 739 Bertoldum
2530 682 2815 755 collegisse
2841 685 3062 750 dicitur,
3094 682 3146 738 in
3176 697 3281 753 qua
3317 691 3379 736 ut

1797 768 1937 838 idem
1961 780 2153 826 auctor
2173 772 2281 827 ait:
2306 770 2680 827 Ecclesiastica
2703 782 2900 827 statuta
2932 786 3147 828 suorum
3176 771 3379 841 pra’de—

1795 876 2060 917 cessorum
2091 863 2380 935 apostolica
2406 865 2715 918 auctoritate
2742 862 3088 932 conﬁrmavit.
3113 859 3252 916 Illud
3293 870 3377 914 ta-

1798 968 1919 1009 men
1950 953 2278 1011 incommodi
2314 963 2398 1010 est
2423 956 2476 1010 in
2508 955 2613 1011 hac
2642 955 2913 1010 sententia
2947 954 3091 1025 quod
3121 952 3380 1009 Urbanus

1798 1049 2180 1103 communicato
2214 1048 2433 1119 quidem
2478 1048 2703 1119 fratrum
2738 1046 2956 1103 consilio
2986 1045 3267 1117 epistolam
3312 1043 3380 1097 ad

1797 1140 2172 1195 Gebebardum
2207 1156 2270 1197 se
2311 1141 2597 1210 scripsisse
2641 1140 2807 1204 dicat,
2841 1139 2935 1195 sed
2964 1138 3127 1211 paqu
3153 1136 3381 1192 inferius

1800 1223 1851 1279 id
1868 1225 1923 1278 in
1940 1226 2137 1296 synodo
2151 1224 2380 1295 generali
2400 1224 2601 1279 faetum
2620 1240 2725 1280 non
2741 1224 2906 1279 fuisse
2926 1232 3110 1294 aperte
3126 1220 3378 1276 fateatur.

1801 1311 1870 1368 Ut
1900 1323 1958 1367 ut
1985 1312 2078 1379 sit,
2105 1323 2314 1369 certum
2346 1322 2432 1369 est
2457 1320 2519 1369 ea
2550 1313 2604 1367 in
2633 1313 2841 1385 synodo
2861 1311 3050 1367 Roma:
3071 1319 3164 1366 aut
3192 1309 3382 1380 quovis

1798 1404 1903 1459 alio
1942 1404 1997 1459 in
2046 1404 2166 1460 loco
2211 1404 2415 1470 habita,
2446 1417 2608 1473 quam
2644 1402 2931 1458 Bertoldus
2964 1408 3380 1463 commemorat,

1798 1495 1939 1550 sicut
1965 1504 2019 1550 et
2052 1495 2304 1551 Urbanus
2331 1498 2383 1551 in
2419 1495 2644 1567 epistola
2682 1509 2780 1550 sua
2830 1493 3139 1549 faciendum
3189 1493 3380 1548 decere

1797 1588 1899 1653 nit,
1938 1587 2126 1643 mitius
2156 1596 2336 1643 actum
2366 1587 2537 1643 fuisse
2570 1602 2694 1642 cum
2719 1587 2809 1653 iis,
2851 1585 2945 1656 qui
2968 1584 3183 1641 nonnisi
3220 1597 3382 1639 occa-

1800 1679 1959 1735 sione
1990 1688 2083 1734 aut
2117 1689 2299 1745 metu,
2341 1687 2435 1733 aut
2461 1679 2514 1734 vi
2546 1680 2610 1735 ad
2637 1678 3020 1734 sehismaticos
3047 1674 3381 1736 defecerant,

1798 1780 2096 1841 posteaque
2137 1771 2204 1826 ad
2231 1770 2531 1826 Ecclesium
2564 1769 2774 1825 fuerant
2820 1768 3047 1824 reversi.
3082 1765 3241 1823 Unde
3270 1764 3380 1817 Ho-

1726 1848 1769 1905 B
1798 1865 1970 1930 mani,
1998 1874 2057 1918 ut
2101 1865 2245 1919 idem
2294 1873 2486 1919 auctor
2530 1872 2743 1928 narrat,
2781 1863 2834 1917 in
2868 1871 3074 1917 tantum
3124 1860 3385 1915 adversus

1797 1954 2120 2009 Guibertum
2153 1953 2547 2017 eﬂ'erbUerunt,
2574 1962 2633 2007 ut
2660 1953 2728 2007 ab
2757 1952 2823 2006 iis
2851 1950 3072 2018 turpiter
3094 1948 3254 2017 fuerit
3285 1962 3382 2000 ex—

1795 2046 1979 2118 pulsus
2026 2056 2081 2102 et
2117 2055 2340 2102 coaetus
2368 2047 2672 2116 juramento
2716 2045 3035 2115 promittere,
3089 2042 3232 2112 quod
3279 2056 3383 2095 non

1798 2139 2023 2210 amplius
2047 2139 2385 2209 apostolicam
2406 2138 2577 2192 sedem
2602 2138 2849 2192 invadere
2868 2145 3222 2207 prarsumeret,
3248 2133 3384 2187 adeo

1797 2235 1879 2292 ut,
1906 2227 2022 2296 jam
2058 2227 2447 2297 aliquantulum
2487 2227 2740 2281 diuturna
2778 2226 2921 2297 regni
2950 2224 3216 2279 discordia
3244 2223 3383 2277 inter

1798 2319 2096 2375 Catholicos
2120 2330 2167 2374 et
2189 2320 2546 2374 schismaticos
2572 2318 2769 2375 exinde
2794 2328 3046 2389 tepescere
3072 2316 3300 2386 coeperit,
3328 2323 3383 2367 ut

1800 2430 1904 2467 non
1930 2411 2048 2481 jam
2087 2411 2278 2467 bellum
2325 2411 2395 2466 ad
2432 2412 2679 2477 inuicem,
2720 2411 2810 2465 sed
2855 2426 3037 2481 pacem
3077 2422 3385 2478 componere

1800 2510 1981 2563 sanius
2019 2509 2344 2580 judicarent.
2373 2505 2489 2561 Imo
2532 2519 2622 2560 res
2663 2518 2727 2559 eo
2754 2508 3097 2573 processerat
3150 2507 3235 2577 ut,
3275 2496 3385 2554 col-

1802 2597 1984 2669 loquio
2016 2599 2158 2653 inter
2187 2596 2481 2651 Henricum
2525 2603 2580 2650 et
2614 2608 2709 2650 eos
2737 2591 2850 2663 'qui
2896 2591 2964 2647 ab
3018 2589 3239 2647 Urbano
3269 2598 3379 2643 sta-

1801 2691 1933 2746 bant
1959 2689 2165 2755 habito,
2203 2704 2328 2760 spes
2353 2687 2531 2759 aliqua
2576 2683 2857 2758 effulgeret
2892 2683 3045 2755 pacis
3097 2682 3151 2737 in
3199 2680 3388 2736 Eccle-

1802 2785 1882 2838 sia
1914 2791 1969 2837 et
1996 2781 2225 2852 imperio
2253 2780 2623 2837 restituendae.
2652 2776 2747 2834 Isti
2778 2776 2921 2833 enim
2953 2772 3185 2831 Henrico
3224 2772 3382 2843 polli—

1806 2875 2067 2929 cebantur
2104 2888 2163 2928 se
2191 2874 2239 2928 ei
2271 2872 2471 2927 auxilio
2494 2882 2542 2927 et
2566 2870 2786 2925 consilio
2811 2881 3077 2937 nusquam
3099 2880 3207 2920 non
3230 2862 3386 2918 adfu-

1807 2976 1979 3032 turos,
2022 2965 2068 3021 si
2115 2965 2338 3020 dimisso
2381 2963 2642 3020 Guiberto
2668 2958 2833 3015 vellet
2879 2958 2949 3012 ad
2979 2953 3385 3012 ecclesiasticam

1804 3058 2222 3112 communionem
2280 3070 2373 3124 per
2433 3050 2746 3107 catholicum
2807 3057 3073 3117 pastorem
3131 3058 3382 3099 remeare.

1808 3149 1981 3213 Quam
2018 3147 2368 3203 conditionem
2401 3161 2505 3199 non
2539 3141 2762 3197 multum
2794 3138 3060 3195 Henricus
3089 3134 3383 3196 respuebat.

1809 3240 1915 3296 Sed
1962 3240 2212 3295 restitere
2261 3253 2373 3293 suae
2418 3234 2590 3307 ipsius
2635 3231 2888 3289 factionis
2934 3225 3195 3299 episcopi,
3242 3222 3388 3293 quod

1804 3342 2125 3389 vererentur
2162 3348 2231 3387 ne
2259 3344 2391 3400 pace
2418 3327 2719 3398 composita
2745 3340 2869 3380 cum
2909 3322 3171 3377 Guiberto
3197 3325 3252 3371 et
3285 3313 3386 3384 ipsi

1804 3431 2311 3479 exauctorarentur.
2348 3421 2526 3487 Quare
2552 3427 2609 3473 et
2630 3418 2678 3472 ei
2699 3416 2907 3487 penitus
2933 3414 3032 3467 hac
3053 3411 3159 3466 vice
3179 3408 3388 3462 dissua-

1806 3524 1979 3570 serunt
2004 3532 2067 3568 ne
2089 3522 2284 3567 sancta:
2308 3509 2558 3564 Ecclesiw
2581 3505 3028 3562 reconciliaretur.

1860 3626 2040 3682 XLIII.
2102 3622 2566 3702 Schismaticorum
2622 3618 2789 3700 furor.
2848 3614 2995 3701 Mors
3047 3609 3330 3667 Bonizonis

1944 3706 1945 3709 “
2478 3706 2725 3760 eptscopt.

1876 3787 1974 3853 Ea,
2007 3785 2085 3841 uti
2123 3784 2358 3849 videtur,
2389 3782 2676 3837 occasione
2712 3778 2786 3833 ita
2814 3768 2986 3833 crevit
3012 3770 3390 3832 schismatico-

1808 3896 1926 3935 rum
1959 3878 2012 3933 in
2044 3876 2355 3933 Catholicos
2385 3872 2591 3937 odium,
2626 3880 2685 3925 ut
2717 3868 2880 3924 etiam
2914 3866 3119 3939 aliquot
3152 3862 3391 3922 Catholi-

1807 3986 1995 4026 corum
2050 3969 2330 4039 episcolios
2388 3964 2705 4019 interimere
2747 3958 2864 4016 ausi
2917 3957 3140 4015 fuerint.
3189 3953 3390 4011 Horret

1809 4061 2024 4115 animus
2063 4059 2115 4112 in
2156 4055 2445 4113 referenda
2494 4050 2785 4107 Bonizonis
2832 4047 3134 4105 Sutriensis
3183 4042 3388 4099 crudeli

1808 4160 2005 4216 morte,
2038 4130 2198 4220 quem
2226 4156 2281 4205 et
2311 4162 2432 4202 cum
2460 4144 2679 4216 propria
2721 4141 2857 4197 urbe
2896 4139 3127 4209 ejectum
3157 4136 3388 4192 Placen-

1808 4244 1907 4300 tini
1954 4256 2053 4312 pro
2100 4240 2356 4312 episcopo
2388 4235 2744 4305 recepissent,
2794 4228 3147 4292 schismatici,
3178 4223 3389 4281 eti‘ossis

1806 4332 1978 4389 oculis
2008 4323 2381 4400 truncatisque
2431 4341 2567 4398 pene
2596 4321 2850 4381 omnibus
2875 4319 3156 4384 membris,
3198 4318 3390 4371 imma-
3448 4370 3455 4377 ,

1807 4426 1973 4492 niter,
2022 4424 2102 4479 uti
2134 4423 2302 4477 refert
2354 4418 2662 4485 Bertoldus,
2709 4416 3082 4477 trucidarunt,
3127 4409 3268 4481 quod
3321 4408 3388 4463 l4

1805 4516 1931 4572 Julii
1988 4513 2281 4585 contigisse
2324 4511 2581 4566 discimus
2632 4524 2700 4564 ex
2757 4507 2875 4579 ejus
2920 4501 3195 4575 epitaphio
3244 4500 3387 4569 apud

1812 4606 2095 4680 Ugbellum
2142 4614 2289 4660 tomo
2333 4601 2377 4656 Il
2430 4599 2600 4656 Italia:
2630 4606 2863 4656 'sacrae:
2905 4595 3067 4653 simili
3107 4590 3222 4647 fere
3260 4605 3387 4660 sup-

1809 4700 1972 4772 plicio
1998 4696 2223 4752 allectus
2254 4693 2357 4750 fuit
2382 4708 2412 4749 a
2438 4690 2800 4748 schismaticis
2831 4685 3134 4759 Liprandus
3163 4680 3388 4755 presby-

1808 4804 1893 4850 ter
1930 4788 2372 4853 Mediolanensis,
2404 4786 2503 4841 cui
2538 4802 2721 4841 nasum
2753 4793 2801 4839 et
2848 4797 3000 4837 aures
3031 4779 3086 4833 in
3116 4785 3384 4831 contume-

1804 4883 1932 4937 liam
1967 4878 2350 4952 praeciderunt.
2380 4876 2552 4932 Porro
2580 4872 2869 4930 Bonizonis
2899 4870 3104 4941 aliquot
3128 4865 3386 4938 opuscula

1803 4982 2050 5030 recenset
2077 4970 2400 5027 Lambecius
2454 4977 2600 5025 tomo
2639 4966 2684 5021 II
2717 4964 3066 5021 Bibliotheca:
3099 4961 3382 5026 Caesareae,

1804 5080 1998 5135 nempe
2026 5064 2334 5136 paradisum
2362 5059 2809 5132 Augustinianum
2828 5070 2895 5109 ex
2923 5054 3065 5110 beati
3094 5049 3385 5123 Augustini

1806 5156 2090 5215 sententiis
2155 5161 2210 5208 et
2269 5150 2453 5206 verbis
2510 5150 2732 5205 omnino
2795 5154 3146 5213 contextum,
3220 5156 3382 5215 quem

1806 5257 1993 5305 sancto
2022 5243 2215 5300 Joanni
2241 5242 2538 5298 Gualberto
2569 5238 2927 5308 nuncupavit;
2950 5235 3173 5292 Librum
3195 5235 3384 5290 decre.

1805 5339 1989 5403 talem,
2012 5346 2065 5391 et
2093 5335 2371 5404 Epitomen
2396 5328 2635 5385 historiae
2654 5328 2964 5398 pontificum
2992 5326 3379 5392 Romanorum,

1810 5442 1969 5496 quam
2030 5423 2294 5477 Martinus
2346 5421 2581 5475 Polonus
2633 5417 2891 5474 laudavit.
2952 5415 3099 5473 Idem
3162 5414 3384 5486 scripsit

1808 5516 2006 5571 librant
2049 5512 2124 5567 De
2151 5510 2491 5565 sacramentis
2517 5510 2585 5563 ad
2609 5506 2907 5565 Galterium
2934 5505 3232 5564 Leonensis
3266 5522 3383 5565 mo—

1809 5605 2032 5661 nasterii
2071 5604 2340 5665 abbatem,
2373 5615 2530 5671 quem
2571 5601 2627 5656 in
2658 5602 2846 5657 codice
2877 5616 2981 5656 ms.
3010 5598 3382 5656 Ambrosiam:

1806 5696 2145 5752 bibliotheca:
2192 5694 2401 5750 invenit
2429 5692 2772 5749 Mabillonius
2808 5708 2836 5747 :.
2866 5691 2933 5747 ad
2979 5705 3093 5747 rem
3138 5690 3379 5744 nostram

1810 5790 1979 5861 magis
2016 5795 2224 5859 spectat
2267 5786 2383 5857 ejus
2412 5786 2551 5843 liber
2606 5787 2681 5841 De
2726 5784 2895 5857 gestis
2937 5781 3136 5838 Urbani
3181 5778 3379 5837 ibidem
