3962 6312
597 357 660 412 ει
1873 345 1935 398 ιι.
1979 336 2234 398 unum
2264 336 2301 390 ιι
2333 337 2531 392 ρΑιιιιΕ
3730 346 3782 402 δι

600 476 955 531 memoratus,
991 480 1148 535 quem
1179 465 1344 518 etiam
1386 462 1614 532 ipsemet
1656 460 1759 515 sub
1798 459 1960 514 finem
1993 456 2178 526 Epito-
2209 451 2257 509 Α
2287 447 2609 515 laudandus,
2639 450 2808 519 quod,
2845 451 2922 503 uti
2953 449 3280 505 Trithemius
3315 451 3494 520 refert,
3539 455 3661 512 inter
3695 463 3782 529 epi-

603 573 720 614 mes
752 557 968 620 laudat,
1013 555 1096 609 his
1136 553 1324 608 verbis.
1356 567 1386 605 a
1425 551 1716 605 Lambecio
1767 549 1906 603 libro
1949 565 2008 615 ιι,
2043 563 2092 601 c.
2130 546 2183 609 8,

603 630 787 702 relatis
814 664 826 698 :
874 643 1074 698 Urbani
1105 659 1222 698 vero
1263 643 1528 711 pontiﬁcis
1556 651 1674 694 acta
1706 647 1754 694 et
1785 641 1848 695 de
1873 641 2181 710 ejusvicto—

602 738 683 790 ria
711 738 754 790 si
780 735 895 804 quis
923 735 1057 788 scire
1087 732 1332 796 voluerit,
1379 731 1515 802 legat
1558 732 1752 788 librum
1787 748 1940 801 quem
1981 731 2185 798 scripsit

599 827 655 879 in
690 825 960 896 Hugonem
982 863 995 887 ,
1027 822 1358 878 cardinalem
1393 823 1603 878 scilicet
1641 822 2048 877 schismaticum
2091 837 2184 877 co-

601 925 894 983 gnomento
928 910 1143 974 Album,
1189 922 1238 968 et
1286 913 1357 965 ibi
1395 913 1617 967 inveniet
1655 913 1723 966 ad
1750 911 1961 982 plenum
1994 911 2186 966 diluci-

601 1006 725 1061 data
757 1023 874 1076 qua:
905 1006 1146 1059 voluerit.
1539 1056 1544 1062 .

669 1099 741 1151 At
783 1098 923 1152 istud
975 1112 1110 1166 opus
1153 1104 1248 1152 aut
1293 1097 1472 1167 periit,
1525 1105 1618 1151 aut
1667 1105 1816 1152 certe
1848 1097 2183 1167 incognitum

601 1191 798 1244 alicubi
839 1191 1006 1256 latet;
1042 1192 1184 1245 sicut
1236 1199 1291 1245 et
1327 1190 1568 1261 dialogus
1613 1189 1892 1246 Guallredi
1944 1189 2183 1260 episcopi

605 1284 863 1337 Senensis
891 1283 955 1336 de
996 1294 1214 1351 utroque
1243 1284 1558 1352 apostolico,
1606 1284 1660 1339 in
1699 1300 1806 1354 quo
1836 1282 2185 1346 interlocutu-

602 1390 693 1429 res
729 1375 1059 1444 praducebat
1103 1374 1380 1429 Urbanum
1427 1383 1482 1428 et
1529 1374 1870 1439 Guibertum,
1913 1381 1975 1427 ut
2002 1372 2185 1429 videre

602 1475 686 1520 est
733 1468 871 1535 apud
910 1466 1193 1536 Ughellum
1242 1476 1386 1521 tomo
1429 1467 1495 1521 Ill
1535 1468 1702 1522 Italiae
1729 1483 1921 1524 sacrae.
1965 1467 2071 1522 Sed
2116 1470 2184 1524 ad

603 1559 977 1614 schismaticos
1010 1568 1369 1622 revertamur,
1393 1559 1484 1628 qui
1515 1575 1619 1613 non
1664 1561 1842 1614 minus
1877 1559 1930 1614 in
1959 1558 2183 1615 Germa-

607 1649 692 1704 nia
724 1665 885 1719 quam
923 1650 975 1703 in
1005 1649 1158 1703 Italia
1189 1650 1502 1704 serviebant.
1535 1649 1612 1706 Ibi
1640 1651 1785 1706 enim
1815 1650 1969 1721 [Iugo
1998 1664 2182 1706 comes

611 1741 674 1794 de
701 1739 1022 1808 Egensheim
1047 1750 1303 1797 strenuus
1326 1740 1725 1797 Catholicorum
1756 1741 2025 1805 defensor,
2057 1756 2176 1796 cum

612 1830 959 1900 Argentorati
999 1832 1137 1900 apud
1167 1833 1478 1902 episcopum
1510 1831 1646 1886 nihil
1673 1830 1916 1886 dillidens
1942 1847 2182 1887 morare-

620 1928 722 1982 tur,
754 1921 821 1973 ah
861 1920 977 1987 ejus
1009 1921 1273 1976 ministris
1307 1923 1482 1992 pridie
1509 1922 1689 1979 Nonas
1733 1922 2090 1994 Septembris,
2123 1932 2183 1978 ut

606 2019 791 2065 narrat
871 2011 1183 2076 Bertoldus,
1246 2013 1432 2069 dolose
1492 2013 1851 2084 interemptus
1909 2022 2012 2070 est.
2070 2013 2182 2068 Hoc

603 2101 721 2171 ipso
773 2102 937 2155 etiam
987 2118 1149 2168 anno,
1193 2104 1270 2162 uti
1321 2104 1462 2159 idem
1512 2113 1704 2160 auctor
1750 2105 1938 2170 refert,
1987 2105 2181 2161 Petrus

602 2192 927 2248 Albanensis
955 2195 1261 2263 episc0pus,
1291 2204 1649 2264 cognomento
1679 2196 1908 2267 Ignitus,
1963 2198 2016 2252 in
2057 2213 2180 2268 pcr-

602 2282 892 2351 scquendis
941 2281 1266 2338 Simouiacis
1315 2284 1782 2341 nominatissimus
1826 2286 1982 2353 obiit,
2027 2287 2182 2356 cujus

600 2375 920 2429 memoriam
964 2391 1020 2430 γι
1063 2374 1187 2432 ldus
1233 2374 1477 2432 Januarii
1533 2379 1751 2449 vulgata
1799 2378 2180 2451 Martyrologia

603 2463 900 2518 celebrant.
935 2465 1135 2520 Eodem
1167 2479 1310 2527 anno
1341 2468 1429 2522 die
1461 2483 1513 2522 tv
1546 2467 1729 2524 Nonas
1756 2469 1902 2534 Maii,
1933 2480 1991 2524 ut
2019 2472 2182 2527 habet

602 2555 757 2624 IIugo
787 2555 1213 2614 Flaviniaceusis
1242 2559 1411 2614 abbas
1445 2559 1500 2613 in
1532 2561 1802 2618 Chronico
1830 2563 2180 2631 Virdunensi,

603 2656 752 2702 tomo
785 2647 829 2702 II
866 2647 1217 2705 Bibliotheca:
1249 2665 1402 2706 novae
1438 2651 1765 2721 Labbeanae,
1812 2654 2182 2711 Theodericus

605 2740 968 2797 Virdunensis
1004 2743 1232 2798 antistes
1277 2759 1592 2814 supremum
1622 2746 1758 2801 obiit
1783 2747 1948 2814 diem,
1992 2747 2180 2804 Eccle-

608 2827 702 2882 siae
729 2828 986 2884 Romanae
1020 2831 1400 2888 reconciliatus
1443 2849 1474 2888 a
1519 2834 1761 2890 Gerardo
1807 2844 1964 2890 antea
1997 2838 2181 2892 archi-

609 2917 863 2984 diacono,
897 2928 1027 2974 tunc
1056 2921 1322 2976 monacho
1352 2920 1538 2977 Sancti
1574 2923 1774 2989 Vitoni,
1818 2925 1906 2980 cui
1939 2925 2182 2994 pontifex

603 3013 1108 3069 excommunicatos
1137 3013 1450 3069 absolvendi
1495 3023 1823 3086 potestatem
1854 3017 2177 3082 contulerat,

606 3109 667 3155 ut
688 3102 849 3172 paulo
871 3101 1042 3158 fusius
1066 3113 1256 3159 narrat
1277 3104 1603 3162 Laurentius
1621 3107 1686 3162 de
1708 3106 1907 3164 Leodio
1931 3109 1984 3162 in
2008 3107 2182 3165 Histo-
2211 3147 2252 3203 ρ

601 3192 682 3249 ria
712 3191 1092 3263 episcoporum
1129 3195 1570 3264 Virduneusium,
1621 3207 1766 3254 torno
1821 3199 1915 3254 XII
1955 3199 2180 3271 Spiciie-

605 3288 677 3359 gii
717 3289 1028 3344 Acheriaui.

885 3423 1067 3480 XLIV.
1111 3423 1386 3482 blatliildis
1423 3427 1702 3502 Welphoni
1731 3433 1897 3489 nubit.

675 3543 928 3600 Urbanus
983 3547 1225 3614 interea,
1269 3555 1329 3602 ut
1373 3562 1512 3602 novo
1554 3548 1752 3606 robore
1782 3549 2180 3606 Catholicorum

602 3645 789 3704 partes
831 3638 1099 3708 ﬁrmaret,
1131 3641 1300 3696 voluit
1331 3641 1643 3698 Mathildem
1680 3644 2039 3712 comitissam,
2077 3644 2175 3701 Go-

602 3726 795 3783 defridi
844 3728 998 3784 ducis
1037 3730 1306 3797 relictam,
1339 3729 1633 3802 Welphoni
1660 3733 1888 3790 alterius
1926 3735 2184 3806 Welpho-

609 3818 698 3872 nis
726 3818 880 3874 ducis
908 3818 1156 3876 Bavarlte
1193 3821 1304 3876 lilio
1332 3823 1521 3894 nuptui
1569 3824 1802 3890 tradere,
1833 3827 1976 3897 quod
2006 3827 2183 3897 reipaa

605 3906 713 3962 hoc
757 3922 900 3964 anno
946 3909 1146 3965 factum
1196 3911 1360 3966 fuisse
1399 3911 1558 3966 tradit
1605 3912 1909 3981 Bertoldus,
1941 3932 2044 3970 non
2075 3926 2182 3970 tam

604 4015 697 4066 pro
744 3999 1138 4066 incontinentia,
1191 4017 1467 4072 nunquam
1514 4005 1660 4059 enim
1708 4004 2056 4061 matrimonio
2101 4009 2181 4061 usi

605 4087 840 4156 fuerunt,
867 4099 926 4144 ut
948 4091 1088 4146 idem
1120 4102 1312 4146 auctor
1342 4093 1540 4146 asserit
1562 4092 1720 4162 paulo
1749 4091 1999 4160 inferius,
2025 4112 2183 4167 quam

604 4199 697 4252 pro
748 4182 974 4238 Romani
1016 4184 1278 4255 pontiﬁcis
1309 4183 1622 4248 obedientia,
1661 4194 1716 4238 ut
1757 4201 1936 4255 nempe
1968 4186 2185 4242 Mat/ii!—

604 4273 686 4326 dis
729 4273 931 4327 uirilius
985 4285 1181 4328 sancta:
1230 4273 1481 4328 Romana:
1521 4273 1773 4328 Ecclesia:
1827 4287 2006 4330 contra
2047 4279 2185 4332 schi-

605 4365 851 4417 smaticos
887 4375 1056 4434 posset
1081 4365 1371 4418 subvenire.
1401 4362 1602 4418 Volunt
1639 4364 1880 4419 nonnulli
1909 4364 2183 4422 Urbanum

609 4454 801 4507 harum
824 4455 1129 4523 nuptiarum
1154 4453 1439 4510 occasione
1465 4452 1638 4512 Senas
1658 4469 1829 4524 usque
1855 4455 1910 4510 in
1935 4453 2182 4511 Tusciam

607 4559 950 4616 properasse,
981 4545 1071 4599 ubi
1099 4545 1409 4600 Mathildem
1445 4548 1764 4604 convenisse
1790 4548 2010 4613 dicitur,
2038 4550 2180 4618 quod

603 4637 817 4705 quidem
846 4635 1130 4690 Bertoldus
1168 4636 1414 4703 reticuit;
1457 4639 1550 4692 sed
1599 4646 1828 4694 testatur
1868 4637 2177 4695 Catholico-

606 4743 727 4781 rum
756 4727 942 4782 hostes
971 4725 1105 4780 nihil
1135 4727 1402 4792 omisisse,
1452 4736 1512 4783 ut
1551 4729 1909 4800 Welphonem
1948 4731 2180 4787 laeesse-

602 4826 761 4882 rent,
813 4832 971 4886 quem
1030 4825 1206 4872 tamen
1259 4819 1460 4874 frustra
1517 4820 1759 4889 impetere
1811 4830 2178 4878 teutaverunt:

602 4923 774 4978 quare
806 4925 952 4975 cum,
977 4917 1035 4963 ut
1071 4909 1213 4965 idem
1250 4919 1441 4965 auctor
1469 4913 1830 4982 prosequitur,
1858 4914 1906 4968 ei
1944 4917 2180 4968 resistere

605 5015 711 5051 non
738 5009 945 5068 possent
975 5009 1185 5071 treugas
1216 5016 1376 5071 usque
1401 5001 1456 5053 in
1482 5000 1692 5055 Pascha
1722 5003 1786 5057 ab
1821 5019 1880 5057 eo
1907 5020 2000 5072 per
2023 5006 2184 5058 inter-

603 5099 813 5145 ventum
870 5091 1107 5162 conjugis
1174 5091 1288 5162 ejus
1351 5092 1780 5163 imploraverunt.
1855 5093 1966 5150 Nec
2028 5096 2178 5166 plura

602 5186 1117 5258 potuit-Henricus.
1185 5187 1261 5243 De
1324 5189 1576 5258 prtedicto
1641 5190 1886 5260 conjugio
1943 5191 2182 5243 tristatus

604 5281 1005 5349 expeditionem
1049 5281 1102 5332 in
1143 5278 1432 5335 Saxoniam
1484 5279 1719 5349 paravit,
1763 5296 1829 5334 ex
1874 5295 1979 5349 qua
2023 5279 2182 5350 paulo

602 5383 724 5443 post
772 5371 959 5427 fractis
1003 5372 1208 5426 viribus
1247 5373 1358 5426 sine
1406 5375 1601 5426 honore
1653 5372 1834 5427 reverti
1885 5372 2181 5440 compulsus

603 5475 698 5520 est.
930 5531 932 5534 τ

927 5556 1085 5611 XLV.
1127 5558 1419 5613 Gebehardi
1448 5558 1673 5628 episcopi
1702 5556 1867 5611 zelus.

677 5667 894 5723 Interim
917 5667 1274 5724 Gebehardus
1300 5667 1627 5722 auctoritate
1655 5666 1942 5736 legationis
1970 5673 2184 5736 aposto-

599 5761 750 5825 licae,
799 5775 902 5830 qua
946 5760 1102 5815 initio
1151 5758 1309 5825 hujus
1360 5760 1510 5822 anni,
1558 5766 1616 5812 ut
1647 5759 1904 5824 diximus,
1950 5758 2180 5813 donatus

600 5851 797 5919 fuerat,
833 5854 1081 5924 gnaviter
1123 5851 1408 5920 utebatur;
1459 5867 1520 5909 eo
1553 5852 1719 5909 etiam
1751 5853 1907 5910 titulo
1945 5855 2178 5912 maxime

2287 541 2527 607 scopales
2558 556 2739 606 curas,
2769 541 3034 610 regularis
3082 541 3204 596 vita:
3235 541 3522 610 fervorem,
3550 561 3686 616 quem
3709 551 3786 606 sub

2284 629 2565 684 Wittelmo
2627 631 2823 686 abbate
2879 629 3175 701 Hirsaugiae
3237 633 3508 698 hauserat,
3563 654 3782 708 nunquam

2287 719 2660 776 intermiserit.
2700 719 2752 776 Is
2797 722 3184 777 monasterium
3227 723 3592 795 Hirsaugiense
3628 731 3684 784 ab
3717 747 3786 788 eo-

2287 811 2406 863 dem
2456 816 2645 864 sancto
2681 809 2878 864 abbate
2930 824 3122 865 recens
3164 820 3513 880 restructum,
3556 824 3604 870 et
3639 817 3786 874 cellam

2285 901 2784 956 Ricbenbacensem
2836 902 3161 957 auctoritate
3218 902 3414 958 Urbani
3475 909 3783 975 consecravit;

2286 993 2380 1048 sed
2404 1009 2498 1047 sua
2532 995 2584 1047 in
2627 992 2979 1048 defendendis
3005 993 3261 1050 Ecclesiae
3289 996 3463 1051 causis
3490 1000 3782 1069 magnanimi-

2287 1095 2370 1140 tas
2413 1092 2540 1139 tunc
2567 1084 2910 1154 potissimum
2941 1085 3135 1139 enituit
3153 1126 3166 1150 ,
3202 1087 3482 1148 occasione
3507 1087 3691 1145 Ottonis
3715 1106 3787 1145 cn-

2280 1175 2493 1246 jusdam
2541 1175 2593 1230 in
2623 1175 2942 1230 Alemannia
2988 1175 3224 1243 comitis,
3261 1192 3419 1246 quem
3465 1179 3529 1233 ob
3570 1180 3786 1247 publicum

2285 1284 2408 1325 cum
2451 1283 2622 1324 uxore
2657 1268 2916 1324 Ludovici
2955 1268 3170 1323 comitis
3212 1284 3371 1339 quam
3410 1270 3608 1325 vivente
3641 1272 3788 1326 marito

2285 1361 2386 1417 sibi
2415 1361 2792 1431 c0pulaverat,
2823 1360 3145 1416 adulterium
3167 1362 3666 1417 exeommunicavit:
3689 1365 3790 1418 satis

2283 1454 2482 1524 quippe
2512 1469 2616 1509 non
2648 1450 2751 1506 fuit
2776 1466 2915 1508 novo
2950 1451 3025 1505 illi
3066 1450 3321 1521 Baptistae
3346 1452 3628 1508 adulterum
3649 1454 3793 1507 viven-

2285 1549 2392 1595 tem
2427 1541 2694 1612 arguisse,
2744 1540 2845 1594 nisi
2879 1555 3001 1596 eum
3036 1555 3250 1610 quoque
3275 1550 3396 1610 post
3438 1551 3645 1596 mortem
3666 1557 3790 1610 quam

2283 1633 2631 1703 impmnitens
2687 1632 3018 1702 pertulerat,
3073 1631 3465 1702 insequeretur.
3519 1632 3638 1689 Cum
3682 1634 3792 1688 enim

2283 1725 2465 1782 Ottoni
2493 1723 2753 1779 Ludovici
2801 1722 3020 1787 milites,
3049 1722 3140 1793 qui
3174 1731 3382 1778 tantum
3411 1723 3599 1778 domini
3626 1722 3696 1777 sui
3727 1723 3794 1776 de-

2284 1817 2450 1872 decus
2495 1815 2639 1870 ferre
2684 1829 2790 1870 non
2835 1823 3108 1884 poterant,
3160 1823 3323 1883 caput
3361 1822 3723 1884 amputassent,
3750 1827 3796 1865 ac

2283 1907 2401 1978 ejus
2434 1922 2632 1978 corpus
2663 1907 2716 1960 in
2747 1905 2981 1976 quodam
3009 1904 3341 1959 monasterio
3367 1905 3433 1959 ab
3461 1919 3523 1960 eo
3543 1910 3797 1959 constructo

2282 1999 2477 2056 fuisset
2501 2000 2798 2070 sepultum;
2825 1997 2956 2053 illud
2988 1997 3343 2052 Gehebardus
3371 1996 3508 2052 foras
3528 1994 3798 2065 projicijus-

2283 2095 2388 2159 sit,
2419 2102 2580 2164 atque
2617 2091 2778 2155 asini,
2810 2099 2870 2145 ut
2909 2104 2976 2144 ex
3007 2089 3300 2159 Scriptura:
3334 2087 3513 2144 verbis
3544 2084 3670 2158 (Jer.
3694 2100 3797 2147 mi,

2284 2185 2393 2255 19),
2418 2183 2584 2240 refert
2622 2181 2929 2246 Bertoldus,
2951 2179 3225 2250 sepultura
3250 2179 3436 2234 donari
3474 2179 3526 2233 id
3548 2186 3625 2233 est
3642 2177 3799 2245 absque

2282 2274 2555 2346 sepultura
2587 2273 2784 2329 dimitti
2810 2288 2827 2327 :
2855 2271 2998 2342 quod
3026 2285 3214 2325 revera
3251 2269 3453 2326 factum
3490 2276 3597 2334 est,
3627 2277 3674 2322 et
3695 2267 3800 2322 bona

2282 2365 2398 2434 ejus
2439 2380 2467 2418 a
2512 2364 2773 2419 militibus
2803 2362 3012 2430 direpta
3062 2361 3235 2427 fuere,
3286 2369 3344 2414 ut
3392 2361 3445 2414 in
3482 2374 3564 2424 eo,
3593 2357 3660 2412 ait
3697 2355 3800 2410 idem

2283 2465 2493 2517 auctor,
2518 2453 2928 2510 maledictiones
2947 2451 3235 2521 Propheta:
3259 2451 3311 2505 in
3334 2448 3521 2504 Judam
3545 2447 3802 2502 traditoretu

2281 2547 2352 2602 Et
2379 2548 2630 2616 diripiant
2659 2544 2822 2600 alieni
2847 2543 3052 2598 labores
3066 2542 3181 2614 ejus
3210 2539 3385 2614 (Psal.
3409 2555 3556 2608 cvm,
3581 2536 3804 2608 Iljadim-

2283 2636 2524 2707 plereutu
2533 2653 2578 2690 r.

2529 2724 2708 2781 XLVI.
2750 2724 3024 2780 Fiscamni
3061 2727 3320 2796 exemptio
3353 2724 3606 2794 ﬁrmatur.

2352 2819 2506 2874 IIaud
2545 2817 2742 2873 minori
2779 2817 2962 2873 animo
3003 2818 3148 2872 sedis
3188 2815 3496 2887 apostolicae
3524 2811 3806 2881 majestatem

2281 2912 2580 2968 vindicavit
2611 2911 2667 2966 in
2723 2909 3123 2966 Northmannia
3173 2910 3292 2979 ipse
3341 2909 3600 2966 Urbanus.
3647 2905 3808 2972 Quippe

2283 3019 2406 3059 cum
2454 3003 2762 3059 Willelmus
2813 3001 3261 3071 archiepiscopus
3316 2993 3809 3069 Rothomagensisob

2287 3093 2553 3149 sublatum
2591 3091 2847 3148 Ecclesia:
2891 3106 3008 3146 sua:
3048 3105 3078 3144 a
3127 3089 3329 3146 comite
3363 3091 3595 3145 Roberto
3630 3081 3808 3142 Gisortii

2288 3184 2565 3256 oppidum,
2599 3193 2767 3238 totam
2792 3180 3241 3236 Northmauniam
3275 3182 3450 3236 sacris
3479 3176 3810 3237 interdixisset,

2288 3293 2353 3332 ac
2384 3274 2635 3331 monachi
2667 3272 3083 3329 Fiscamnenses
3103 3310 3118 3334 ,
3151 3270 3299 3340 quod
3337 3269 3434 3326 soli
3467 3269 3690 3324 Romano
3713 3277 3812 3333 pon-

2287 3369 2418 3424 tilici
2455 3364 2685 3435 subjecti
2721 3372 2927 3430 essent,
2959 3361 3201 3418 oftieium
3232 3363 3473 3418 divinum
3512 3357 3814 3416 intermittere

2285 3459 2606 3524 noluissent,
2645 3457 2712 3511 ab
2749 3454 3164 3525 archiepiscopo
3218 3449 3662 3510 excommunicati
3701 3451 3812 3503 sunt.

2287 3551 2394 3606 Sed
2439 3565 2499 3606 re
2548 3550 2616 3604 ad
2667 3547 2949 3604 Urbanum
3002 3547 3215 3612 delata,
3268 3547 3360 3602 ille
3404 3545 3814 3616 archiepiscopum

2285 3645 2459 3712 ipsum
2509 3640 2656 3714 pallii
2710 3655 2813 3696 usu
2865 3627 3190 3694 interdixit:
3244 3655 3406 3710 quem
3447 3653 3551 3692 non
3594 3634 3685 3690 uisi
3727 3634 3817 3700 post

2286 3733 2484 3789 multas
2510 3747 2724 3802 preces,
2755 3739 2811 3785 et
2847 3729 3150 3800 legationes
3199 3737 3312 3783 tam
3343 3729 3410 3784 ab
3445 3728 3558 3798 ipso
3597 3715 3816 3786 archiepio

2285 3839 2470 3894 scopo,
2505 3837 2670 3892 quam
2713 3835 2744 3877 a
2771 3821 2971 3876 cernite
3001 3819 3234 3875 Romam
3281 3820 3477 3874 missas
3513 3817 3561 3872 ei
3600 3808 3814 3869 restituit;

2287 3924 2341 3969 et
2402 3927 2471 3968 ne
2525 3912 2655 3984 quid
2717 3912 2773 3967 in
2843 3920 3118 3980 posterum
3175 3910 3355 3964 simile
3411 3909 3562 3964 fieret
3611 3898 3818 3959 Ecclesia

2286 4008 2690 4065 Fiscamnensis
2710 4006 2993 4079 privilegia
3021 4020 3161 4060 novo
3185 4004 3481 4076 diplomate
3504 3992 3817 4058 conﬁrmavit-

2288 4097 2404 4152 Non
2439 4098 2658 4167 quidem
2693 4098 2844 4152 licuit
2872 4096 3076 4153 Urbani
3103 4095 3320 4152 litteras
3366 4094 3624 4156 invenire,
3649 4086 3731 4144 sed
3752 4097 3820 4137 su-

2289 4197 2469 4258 perest
2505 4188 2621 4256 ejus
2653 4187 2730 4243 rei
2778 4187 2967 4241 notitia
3017 4185 3070 4240 in
3119 4186 3291 4240 veteri
3345 4185 3688 4240 instrumento
3725 4185 3822 4260 tunc

2290 4281 2570 4351 temporis,
2595 4280 2796 4351 scripta
2829 4294 2947 4349 qua
2999 4279 3053 4334 in
3099 4277 3422 4333 collectione
3468 4276 3622 4346 epist.
3664 4263 3819 4342 pontii.

2289 4371 2498 4442 integra
2542 4370 2910 4428 exhibebitur.
2960 4369 3042 4425 Au
3073 4385 3204 4424 vero
3247 4369 3316 4423 de
3354 4369 3459 4424 hac
3492 4359 3824 4422 interdictione

2292 4465 2674 4535 intelligendus
2715 4464 2788 4519 sit
2814 4462 3115 4519 Eadmerus
3152 4461 3244 4515 lib.
3288 4478 3347 4516 tv
3377 4459 3572 4515 Novor.
3606 4467 3746 4526 quam
3772 4447 3825 4500 le-

2293 4567 2468 4612 vatam
2495 4558 2665 4612 fuisse
2693 4558 3004 4612 interventu
3050 4555 3225 4610 sancti
3264 4553 3510 4609 Anselmi
3539 4546 3732 4610 scribit,
3755 4535 3824 4594 alii

2287 4649 2541 4703 viderint.

2287 4739 2490 4799 XLVII.
2516 4738 2800 4794 Monac/tos
2838 4737 2988 4792 Becci
3016 4737 3154 4858 :tpud
3187 4736 3526 4792 Pontisaram
3550 4732 3714 4786 urbem
3737 4734 3826 4778 tut-

3039 4823 3121 4858 ur.

3039 4823 3121 4860 ur.

2359 4903 2547 4958 Eidem
2595 4901 2863 4957 Willelmo
2892 4899 3296 4969 archiepiscopo
3341 4897 3591 4952 Urbanus
3641 4880 3826 4954 scripsit

2288 4999 2433 5054 circa
2457 4995 2585 5050 illud
2615 5005 2828 5066 tempus
2866 4992 2919 5045 iu
2949 4991 3179 5062 gratiam
3208 4991 3599 5046 monachorum
3625 4984 3828 5038 Bccceu-

2287 5065 2571 5156 sium,lqui
2604 5085 2660 5139 in
2693 5065 2923 5139 ecclesia
2949 5082 3134 5137 Sancti
3181 5081 3330 5136 Petri
3361 5081 3501 5153 apud
3529 5072 3825 5133 Pontisaram

2286 5181 2573 5250 degebant.
2607 5176 2721 5231 Hoc
2762 5173 3165 5229 Pontisareusis
3210 5171 3392 5242 Oppidi
3434 5167 3646 5229 accolai,
3691 5169 3827 5214 cano-

2288 5273 2424 5327 nicis
2454 5269 2639 5326 Sancti
2670 5266 2912 5322 Mellonis
2955 5264 3219 5334 adjuncti,
3269 5263 3556 5334 prohibere
3586 5251 3822 5313 conaban-

2290 5376 2396 5428 tur,
2430 5379 2496 5419 nc
2521 5363 2671 5432 signa
2703 5360 2767 5414 ad
2801 5358 3032 5414 cilicium
3072 5358 3314 5411 divinum
3353 5355 3646 5425 pulsarent.
3698 5334 3822 5409 QtIO'J

2286 5431 2631 5525 irreligiosum
2654 5468 2763 5506 esse
2802 5467 2862 5504 ac
2887 5451 3230 5502 inhumanum
3254 5443 3567 5519 pronuntiat
3593 5431 3820 5509 pontich.

2287 5551 2505 5620 vultque
2531 5558 2590 5602 ut
2624 5548 2876 5616 deinceps
2909 5545 2959 5598 id
2981 5545 3061 5598 eis
3093 5543 3322 5597 liberum
3351 5541 3424 5595 sit
3454 5559 3466 5593 :
3503 5537 3685 5592 litterae
3710 5529 3824 5582 data:

2285 5650 2411 5697 sunt
2463 5653 2606 5693 trans
2669 5637 2893 5691 Tiberim
2955 5651 3013 5690 ιιι
3073 5633 3341 5687 Kalendas
3404 5626 3664 5697 Augusti,

2285 5719 2507 5802 proinde
2554 5730 2619 5783 ad
2667 5731 2808 5783 hunc
2853 5741 3051 5781 annum
3099 5721 3428 5779 revocandas
3478 5733 3593 5773 esse
3635 5707 3822 5778 comic"

2288 5841 2424 5880 tuus.
