3962 6312
203 338 272 391 55

334 442 557 499 XLVIII.
599 440 934 510 Privilegium
960 439 1021 494 S.
1050 439 1223 492 Pontii
1255 437 1636 491 Tomerinrum.

276 538 440 593 Paulo
466 544 587 589 ante
612 533 739 587 illud
761 533 1051 602 tempus,id
1083 540 1163 586 est
1194 531 1324 599 ipsis
1348 528 1599 583 Kalendis
1627 525 1772 589 Julii,

210 631 414 697 insigne
454 625 787 695 privilegium
817 623 1086 677 concessit
1118 620 1364 675 Urbanus
1386 618 1649 674 Frotardo
1677 618 1773 670 ab-

209 720 313 775 bati
344 716 529 773 Sancti
553 715 731 771 Pontii
775 714 1147 769 Tomeriarum
1181 713 1233 766 in
1262 711 1431 767 Gallia
1464 708 1777 765 Narbonen-

210 811 275 873 si,
301 823 409 879 quo
441 806 617 861 locum
653 804 802 859 illum
828 819 857 857 a
884 804 1255 873 cujuscunque
1283 800 1522 871 episcopi
1545 797 1771 869 iurisdi—

208 902 385 956 ctione
438 897 663 961 eximit,
714 895 941 965 aliisque
996 894 1362 965 compluribus
1408 890 1777 962 praerogativis

210 998 435 1047 exornat
479 988 657 1042 :illud
707 987 966 1042 debemus
1009 986 1271 1055 beneficio
1332 984 1618 1041 clarissimi
1674 982 1777 1037 viri

212 1079 465 1149 Stephani
487 1077 711 1141 Baluzii,
742 1086 904 1145 atque
931 1077 1115 1131 ultima
1141 1086 1242 1141 est,
1281 1075 1380 1129 nisi
1410 1071 1585 1140 fallor,
1612 1071 1776 1138 bulla,

212 1174 263 1225 in
306 1185 412 1241 qua
453 1167 697 1225 Joannes
738 1168 1127 1239 prasignatoris
1175 1168 1373 1223 domini
1417 1179 1567 1237 papa:
1623 1163 1778 1220 titulo

212 1277 339 1316 usus
362 1269 468 1315 εει.

213 1351 391 1408 XLIX.
435 1348 683 1406 Urbanus
711 1350 888 1405 scribit
916 1349 1361 1473 debrestauranda
1397 1346 1780 1401 Tarraconensi

920 1436 985 1473 ur
1018 1435 1066 1473 ε.

920 1435 1066 1473 urbe.

283 1510 512 1581 Scripsit
550 1522 767 1579 quoque
794 1508 984 1562 eadem
1020 1506 1107 1561 die
1124 1505 1366 1577 pontifex
1395 1504 1462 1560 ad
1490 1501 1783 1560 Catalanise

220 1617 459 1675 proceres
473 1616 611 1671 quos
632 1601 699 1655 ad
716 1600 1070 1669 reparandam
1101 1597 1561 1653 Tarraconensem
1592 1595 1779 1650 urbem

226 1697 553 1757 adhortatur,
586 1701 647 1748 ut
671 1691 983 1762 prmsidium
1011 1690 1082 1746 sit
1111 1691 1325 1744 ﬁrmum
1353 1690 1612 1744 adversus
1655 1686 1786 1742 Saro

1722 318 1899 375 V'ITA.

1804 434 1844 486 A
1877 436 1959 496 lis,
1984 442 2088 488 etc.
2122 433 2275 489 Unde
2310 431 2497 486 mirari
2532 429 2675 485 subit
2705 428 2924 484 Petrum
2960 425 3255 480 Diaconum
3292 421 3346 475 in
3374 420 3440 474 li-

3371 304 3443 359 ει

1876 527 1972 580 bro
2004 525 2078 579 De
2103 521 2546 578 virisillustribus
2566 513 3206 575 Casinensismonasterii
3237 510 3437 580 cap.“

1874 617 2126 671 laudasse
2161 615 2394 670 Leonem
2427 613 2711 682 quemdam
2739 605 3069 665 cardinalem
3100 603 3192 674 qui
3236 601 3442 670 scripsit

1874 724 1939 761 ea:
1968 710 2174 760 nomine
2201 704 2401 759 Urbani
2428 719 2575 773 papa?
2596 701 2927 772 quamplnres
2949 695 3215 769 epistolas,
3234 702 3283 749 et
3322 692 3443 763 fecit

1876 798 2153 867 registrum
2181 796 2316 866 ejus.
2342 795 2400 848 In
2440 807 2601 862 quem
2629 792 2805 847 locum
2838 790 3052 854 Marus,
3088 794 3211 857 post
3256 796 3443 852 repre-

1876 891 2075 947 hensos
2103 888 2389 943 Baronium
2419 895 2474 941 et
2499 884 2872 947 Possevinum,
2900 882 3140 950 aliosque
3172 883 3444 937 auctores,

1877 980 1969 1049 qui
2023 979 2167 1033 hunc
2213 977 2450 1031 Leonem
2507 988 2629 1029 cum
2678 973 2858 1028 Leone
2906 970 3240 1033 Marsicano,
3288 963 3448 1032 vulgo

1879 1067 2115 1123 Ostiensi
2146 1066 2318 1130 dicto,
2351 1064 2604 1119 Chronici
2632 1060 2943 1118 Casinensis
2972 1065 3212 1122 auctore,
3236 1054 3303 1109 de
3341 1067 3450 1121 quo

1876 1158 2070 1215 Petrus
2098 1157 2277 1227 capite
2309 1155 2635 1226 praecedenti
2661 1160 2865 1223 egerat,
2895 1149 3286 1213 confuderunt,
3319 1143 3449 1200 sub-

1872 1249 2050 1319 jungit
2085 1248 2321 1303 Leonem
2350 1247 2508 1301 istum
2544 1243 2853 1313 complures
2882 1238 3140 1311 epistolas
3175 1247 3450 1297 exarasse,

1879 1359 1945 1397 ex
1971 1343 2191 1411 quibus,
2224 1339 2415 1408 inquit,
2448 1337 2637 1408 viginti
2666 1334 2766 1390 sub
2813 1332 3018 1389 Urbani
3051 1330 3267 1385 nomine
3314 1325 3455 1396 apud

1879 1434 2091 1488 Binium
2117 1440 2262 1487 tonio
2307 1430 2398 1485 VII
2423 1429 2784 1485 Conciliorum
2824 1426 2982 1480 editae
3032 1430 3177 1478 sunt.
3220 1420 3291 1474 At
3320 1434 3452 1472 nus-

1881 1542 2041 1597 quam
2064 1524 2305 1594 reperire
2343 1521 2495 1576 licuit
2526 1519 2688 1575 ullam
2718 1518 2831 1573 sive
2858 1514 3058 1570 bullam
3090 1512 3205 1567 sive
3252 1509 3455 1579 episto-

1881 1618 1989 1672 lam
2026 1616 2251 1680 Urbani,
2282 1628 2402 1683 quaa
2447 1627 2478 1666 a
2532 1611 2713 1667 Leone
2758 1609 2958 1678 scripta
3007 1605 3173 1659 fuisse
3222 1600 3456 1664 dicatur,

1883 1707 2000 1771 sed,
2023 1714 2082 1759 ut
2108 1704 2368 1770 diximus,
2393 1702 2681 1772 pleraeque,
2710 1698 2957 1777 imofere
2982 1708 3170 1751 omnes
3196 1706 3224 1746 a
3253 1691 3461 1745 Joanne

228 1802 460 1851 racenos,
480 1793 535 1839 et
564 1784 620 1838 in
649 1796 713 1837 ea
752 1781 998 1835 cathedra
1025 1778 1333 1850 episcopalis
1355 1778 1561 1833 restitui
1592 1777 1780 1869 possit.
1813 1807 1857 1868 Β
1887 1798 2100 1869 scripta,
2124 1797 2378 1860 merum;
2411 1794 2554 1865 quod
2574 1793 2768 1847 mirum
2790 1798 2873 1845 es,
2911 1805 2942 1843 a
2960 1788 3144 1852 ρθυηον
3174 1784 3337 1840 etiam
3367 1780 3461 1836 ubi

230 1875 670 1933 Tunccommissa
695 1881 813 1928 erat
847 1871 960 1940 jam
1008 1887 1037 1925 a
1088 1870 1272 1925 multis
1325 1870 1483 1923 annis
1532 1867 1784 1937 episcopo

236 1967 515 2023 Ausonensi
544 1980 677 2021 cura
724 1962 1149 2017 Tarraconensis
1190 1959 1468 2025 Ecclesiae,
1515 1957 1784 2013 exstincta

243 2059 295 2114 in
341 2073 400 2131 ea
442 2055 713 2126 provincia
764 2054 1163 2125 metropolitica
1215 2052 1512 2122 dignitate,
1543 2065 1666 2122 quae
1719 2051 1787 2104 ad

250 2147 626 2202 Narbonensem
657 2143 1121 2213 archiepiscopum
1171 2142 1390 2198 decreto
1446 2141 1789 2212 comprovin-

256 2238 449 2292 cialium
492 2238 856 2306 episcoporum
885 2244 939 2289 et
963 2234 1283 2305 populorum
1311 2246 1577 2288 consensu
1624 2230 1789 2285 devo-

248 2324 347 2378 luta
394 2325 576 2379 fuerat.
626 2323 778 2379 Hanc
824 2338 951 2379 vero
1017 2322 1411 2399 restitutionem
1448 2320 1789 2391 potissimum

242 2417 443 2488 urgebat
468 2416 830 2486 Berattgerius
874 2414 1207 2483 Ausonensis
1232 2414 1539 2484 episcopus,
1562 2427 1791 2482 sperans

237 2523 291 2563 se
312 2523 370 2563 eo
398 2517 556 2578 pacto
582 2508 648 2562 ad
678 2506 1081 2576 metropolitani
1121 2504 1436 2575 dignitatem
1462 2503 1607 2558 haud
1635 2503 1795 2558 dubie

234 2608 631 2669 perventurum,
661 2607 716 2653 et
747 2598 961 2667 quidem
993 2596 1181 2651 eadem
1208 2608 1370 2650 causa
1393 2595 1504 2661 diu,
1548 2603 1606 2647 ut
1631 2601 1796 2649 testa-

234 2700 313 2744 tur
340 2690 449 2760 ipse
502 2688 765 2760 pontifex,
798 2690 982 2744 Roma:
1018 2696 1260 2744 moratus
1297 2698 1402 2755 est,
1431 2703 1551 2743 cum
1597 2687 1700 2741 huc
1728 2686 1797 2741 ad

233 2783 500 2838 invisenda
520 2768 891 2851 apostolorum
913 2781 1121 2847 limina,
1151 2794 1354 2850 suaque
1377 2778 1634 2849 obsequia
1659 2792 1797 2832 novo

234 2874 461 2945 pontiﬁci
498 2874 793 2938 reddenda,
821 2872 980 2942 hujus
1017 2872 1147 2927 anni
1181 2873 1355 2939 initio,
1380 2880 1471 2928 aut
1497 2873 1597 2928 sub
1639 2871 1800 2925 finem

231 2968 582 3035 praecedentis
593 2966 937 3021 accessisset.
974 2965 1121 3020 Data:
1140 2966 1360 3021 sunthae
1377 2966 1571 3021 littera:
1593 2964 1798 3033 Romae,

232 3063 477 3119 Kalendis
507 3061 632 3117 Julii
659 3064 761 3118 hoc
785 3078 947 3117 anno.
973 3060 1590 3117 Tarraconensistamen
1619 3059 1803 3115 Eccle-

1888 1891 1956 1946 de
1983 1890 2070 1945 illo
2100 1888 2307 1945 Joanne
2330 1888 2431 1944 sub
2477 1885 2677 1942 Gelasii
2702 1884 2745 1939 II
2775 1882 2992 1938 nomine
3038 1879 3168 1951 egit,
3201 1876 3461 1933 omissum

1888 1982 2078 2035 fuisse.

1914 1996 2078 2037 ursse.

1937 2071 2022 2125 LI.
2066 2068 2318 2123 Rainaldi
2344 2064 2718 2135 archiepiscopi
2747 2060 3010 2116 Remensis
3038 2064 3138 2112 iter
3167 2056 3407 2110 Romam.

1959 2161 2115 2216 Circa
2148 2160 2383 2214 medium
2430 2159 2589 2227 hujus
2635 2155 2761 2209 anni
2818 2150 3127 2223 Raynaldus
3172 2147 3466 2202 Remorum

1862 2254 2118 2311 .antistes
2138 2251 2369 2307 Romam
2402 2249 2623 2304 advenit
2651 2248 2718 2302 ab
2750 2245 2972 2302 Urbano
3012 2242 3291 2303 invitatus,
3324 2236 3468 2307 quod

1892 2346 1996 2401 iter
2035 2353 2161 2399 ante
2208 2342 2333 2397 Maii
2377 2340 2539 2395 ﬁnem
2575 2354 2697 2395 eum
2746 2335 3036 2405 iucoepisse
3089 2330 3362 2401 colligitur
3403 2343 3466 2383 ex

1894 2435 2038 2491 illius
2054 2434 2241 2487 charta
2271 2431 2324 2485 in
2353 2430 2581 2500 gratiam
2607 2426 2998 2483 monachorum
3027 2420 3470 2489 Remigianorum

1896 2527 2022 2581 data
2050 2525 2154 2579 hoc
2201 2538 2343 2577 anno
2384 2520 2541 2585 1089,
2576 2518 2869 2573 indictione
2902 2530 3002 2581 xu,
3031 2511 3261 2580 Philippi
3303 2509 3474 2563 Fran-

1897 2630 2082 2671 corum
2135 2614 2278 2684 regis
2324 2610 2769 2680 30,proindeque
2794 2615 2918 2660 ante
2965 2604 3109 2658 diem
3159 2599 3471 2655 vicesimum

1899 2705 2122 2759 tertium
2155 2702 2299 2756 Maii.
2330 2700 2465 2754 Nam
2495 2700 2598 2755 hoc
2632 2699 2749 2767 ipso
2799 2696 2884 2751 die
2932 2692 3208 2761 Philippus
3261 2687 3476 2743 tricesi-

1903 2811 2050 2851 mum
2095 2794 2245 2865 regni
2273 2793 2358 2848 sui
2382 2807 2583 2846 annum
2615 2788 2862 2857 incoepit,
2886 2794 3238 2842 consecratus
3287 2781 3476 2836 Remis

1904 2898 2029 2944 ante
2056 2888 2137 2942 sui
2169 2887 2341 2956 patris
2383 2887 2611 2947 obitum,
2644 2884 2731 2937 die
2780 2896 2938 2936 sacro
2986 2878 3351 2939 Pentecostes,
3378 2890 3478 2928 an-

1905 2993 1975 3033 no
2010 2976 2169 3032 1059.
2206 2976 2264 3030 In
2294 2975 2379 3029 illa
2405 2983 2582 3028 autem
2631 2973 2840 3033 charta,
2875 2983 3036 3040 quam
3082 2966 3340 3022 Marlotus
3366 2961 3477 3018 edid

1907 3071 1988 3126 dit
2033 3080 2180 3127 tonio
2204 3071 2245 3126 Il
2278 3068 2593 3139 Metropolis
2636 3065 2942 3129 Remensis,
2970 3047 3109 3117 libro
3162 3076 3221 3123 ιι,
3251 3072 3373 3127 cap.
3398 3054 3432 3109 4
3467 3067 3479 3109 t

232 3162 309 3214 sia
343 3160 566 3216 nonnisi
593 3158 812 3214 biennio
862 3166 1068 3229 postea,
1093 3164 1152 3212 ut
1180 3158 1441 3223 dicemus,
1485 3157 1801 3227 dignitatem
1831 3160 1875 3223 ο
1908 3162 2224 3228 Βίιίηειιάυε,
2249 3178 2364 3215 cum
2390 3177 2452 3215 ρετ
2466 3160 2713 3231 petitione
2736 3154 2935 3209 (ιοπηίηξ
2964 3168 3114 3224 papa;
3135 3148 3335 3204 Urbani
3362 3162 3472 3215 apo.

232 3264 375 3305 suam
406 3249 782 3319 recuperavit.

462 3340 533 3396 L.
574 3340 806 3395 Joannes
831 3339 1084 3395 diaconus
1113 3338 1169 3408 ﬁt
1192 3338 1563 3393 cancellarius.

296 3430 465 3488 Porro
488 3432 686 3485 litterae
713 3445 849 3500 quas
876 3444 938 3485 ea
963 3430 1247 3485 occasione
1269 3429 1520 3486 Urbanus
1570 3427 1807 3497 scripsit,

232 3525 362 3579 datae
407 3525 671 3580 dicuntur
697 3538 788 3592 per
829 3538 1017 3576 manus
1058 3521 1282 3577 Joannis
1310 3530 1505 3576 sancta:
1560 3520 1812 3574 Romana:

234 3616 482 3672 Ecclesia:
502 3616 716 3669 diaconi
741 3608 1028 3668 cardinalis
1057 3623 1104 3668 et
1123 3612 1444 3678 cancellarii,
1471 3626 1594 3667 cum
1629 3621 1811 3675 antea,

234 3719 289 3762 ut
320 3708 568 3763 diximus
595 3747 611 3772 ,
644 3705 881 3761 Joannes
924 3705 1319 3775 prtesignatoris
1367 3702 1566 3757 domini
1614 3698 1813 3754 Urbani

234 3800 447 3856 titulum
492 3813 707 3868 semper
753 3795 1092 3852 adhibuisset
1133 3813 1147 3848 :
1192 3797 1334 3850 unde
1381 3792 1578 3862 conjici
1610 3800 1807 3863 potest,

235 3909 351 3948 eum
383 3902 520 3948 tunc
553 3891 787 3960 primum
819 3890 1076 3943 Romanae
1111 3888 1367 3943 Ecclesia:
1395 3885 1703 3942 cancellarii
1734 3884 1814 3939 di-

235 3982 493 4053 gnitatem
542 3979 857 4034 obtinuisse.
884 3976 1042 4033 Certe
1072 3976 1367 4031 Paudulfus
1394 3976 1452 4031 in
1485 3974 1604 4029 Vita
1652 3973 1813 4030 Gela-

235 4075 297 4128 sii
321 4074 361 4128 ll
387 4072 610 4144 (quiest
637 4071 751 4141 ipse
772 4068 1028 4138 Joannes)
1052 4069 1304 4124 observat
1324 4082 1447 4123 eum
1475 4066 1544 4122 ab
1573 4065 1813 4132 Urbano,

236 4163 324 4231 qui
354 4172 485 4216 tunc
520 4160 703 4214 Romae
734 4159 877 4213 inter
902 4157 1036 4212 duos
1066 4167 1258 4227 pontes
1295 4156 1351 4211 in
1381 4156 1593 4226 magnis
1640 4169 1816 4224 angu-

236 4254 352 4309 stiis
408 4252 746 4309 constitutus
794 4248 1149 4314 morabatur,
1204 4246 1586 4303 cancellarium
1651 4244 1817 4301 fuisse

240 4344 588 4405 institutum,
629 4339 960 4410 proindeque
991 4352 1100 4393 non
1140 4338 1192 4391 in
1224 4335 1505 4392 Casinensi
1541 4344 1819 4391 monaste-

239 4438 337 4503 rio,
370 4434 594 4505 quando
625 4431 858 4502 primum
886 4432 938 4484 in
961 4429 1230 4499 pontificis
1258 4430 1573 4484 comitatum
1605 4442 1815 4482 assum-

241 4536 358 4597 ptus
396 4526 525 4592 fuit,
553 4532 646 4578 aut
672 4523 880 4593 reliquo
914 4533 1169 4591 tempore,
1194 4519 1338 4590 quod
1370 4520 1423 4573 in
1460 4518 1627 4573 variis
1656 4518 1815 4572 itiue-
1850 4513 1895 4568 D

242 4619 389 4673 ribus
412 4618 467 4672 in
502 4615 699 4685 quibus
719 4613 961 4684 pontifici
999 4612 1247 4678 adhaesit,
1273 4618 1526 4664 exactum
1548 4617 1656 4663 est.
1690 4606 1817 4664 Hazc

242 4720 366 4764 sunt
426 4707 676 4764 Pandulﬁ
721 4706 885 4760 verba
940 4712 1061 4774 post
1115 4710 1400 4758 enarratas
1445 4699 1820 4762 calamitates,

244 4819 375 4872 quas
401 4804 591 4858 Romae
613 4798 853 4870 pontifex
877 4798 975 4853 sub
1004 4798 1165 4851 finem
1192 4797 1320 4852 anni
1367 4794 1743 4864 praecedentis,
1774 4801 1828 4847 et

247 4896 406 4965 hujus
436 4893 595 4948 initio
619 4891 932 4961 pertulerat.
976 4888 1120 4942 Tunc
1170 4904 1307 4957 papa
1348 4886 1753 4943 litteratissimus
1779 4894 1827 4938 et

248 4987 512 5055 facundus
536 4984 753 5053 fratrem
775 4981 1037 5035 Joannem
1054 4981 1222 5034 virum
1250 4980 1428 5049 utique
1446 4978 1731 5047 sapientem
1766 4993 1828 5030 ac

247 5079 523 5147 providum
555 5075 801 5137 sentiens,
829 5073 1112 5135 ordinavit,
1141 5071 1394 5133 admovit,
1416 5085 1668 5139 suumque
1697 5085 1829 5121 can-

249 5167 534 5220 cellarium
560 5180 624 5218 ea:
671 5164 855 5217 intima
898 5161 1270 5215 deliberatione
1300 5160 1610 5213 constituit:
1642 5168 1697 5211 ut
1740 5174 1831 5228 per

250 5259 598 5329 eloquentiam
643 5257 742 5311 sibi
763 5273 793 5309 a
823 5255 1049 5309 Domino
1081 5254 1351 5318 traditam,
1377 5252 1580 5322 antiqui
1631 5251 1825 5319 teporis

250 5359 298 5403 et
341 5349 617 5419 elegantiw
641 5348 855 5419 stylum,
879 5347 934 5400 in
957 5347 1076 5400 sede
1096 5344 1381 5415 apostolica
1401 5344 1517 5413 jam
1545 5359 1673 5412 pene
1718 5357 1830 5394 om-

256 5459 368 5495 nem
414 5443 739 5512 deperditum
768 5482 782 5505 ,
820 5449 1003 5494 sancto
1061 5439 1289 5492 dictante
1315 5436 1537 5508 Spiritu,
1593 5434 1828 5489 Joannes

257 5531 351 5587 Dei
374 5535 548 5602 gratia
598 5534 930 5602 reformarct,
960 5548 1022 5585 ac
1067 5530 1354 5584 Leoninum
1398 5546 1609 5583 cursum
1646 5529 1829 5582 lucida

258 5621 525 5675 velocitate
557 5623 841 5676 reduceret.
869 5620 937 5675 Et
965 5620 1184 5689 quidem
1210 5632 1399 5674 omnes
1432 5618 1601 5674 ferme
1624 5616 1831 5672 Urbani

262 5713 420 5771 bullae
453 5715 727 5773 datmsunt
753 5732 848 5787 per
879 5730 1066 5770 manus
1090 5713 1317 5769 Joannis
1347 5712 1556 5767 diaconi
1580 5710 1831 5766 cardina-

1164 5862 1189 5877 κ

1909 3252 2165 3309 stolorum
2193 3253 2377 3307 limina
2401 3248 2793 3318 Ecclesiamque
2826 3244 3116 3298 Romanam
3147 3241 3357 3295 visitare
3385 3251 3451 3305 ag

1908 3353 2241 3424 grederetur,
2272 3356 2391 3400 ante
2448 3358 2638 3410 corpus
2696 3336 2979 3393 beatissimi
3025 3343 3073 3389 et
3124 3329 3484 3403 gloriosissims

1909 3419 2116 3512 patroni
2146 3438 2225 3493 sui
2252 3435 2473 3504 Remigii
2498 3432 2734 3486 oratione
2763 3428 2931 3496 facta,
2964 3426 3017 3478 in
3048 3419 3335 3489 capitulum
3358 3431 3486 3511 per-

1911 3500 2051 3582 rexit
2078 3526 2140 3577 de
2170 3537 2268 3577 suo
2297 3500 2478 3573 itinere
2523 3517 2817 3576 locuturus,
2862 3510 3044 3575 ibique
3091 3503 3259 3557 altare
3284 3504 3345 3553 de
3375 3500 3485 3553 vico

1913 3617 2080 3674 sancti
2107 3613 2326 3683 Remigii
2352 3609 2534 3665 abbati
2584 3605 2819 3661 Henrico
2850 3600 3058 3668 totique
3096 3591 3487 3650 archicoenobii

1916 3703 2215 3776 Remigiani
2269 3695 2675 3771 congregationi
2728 3690 3013 3748 concessit.
3066 3685 3201 3742 Cum
3249 3696 3398 3744 vero,
3431 3690 3492 3734 ut

1913 3770 2195 3855 Bertoldus
2225 3770 2414 3856 refert,
2442 3788 2695 3844 Urbanus
2723 3785 2826 3838 hoc
2853 3795 2996 3836 anno
3022 3777 3229 3832 litteras
3258 3770 3491 3842 Philippi

1916 3892 2050 3961 regis
2084 3887 2412 3942 Francorum
2437 3881 2663 3936 debitam
2686 3875 3053 3947 subjectionem
3074 3872 3121 3925 ei
3144 3866 3493 3940 promittentis

1915 3957 2216 4050 susceperit,
2238 3974 2532 4032 verisimile
2558 3979 2643 4026 est
2664 3984 2759 4025 eas
2794 3983 2823 4022 a
2851 3963 3131 4036 Raynaldo
3160 3961 3327 4016 fuisse
3349 3957 3495 4013 dela-

1918 4082 2020 4127 tas.
2044 4046 2173 4125 Erat
2199 4068 2366 4132 enim,
2399 4074 2458 4119 ut
2488 4063 2603 4132 ipse
2631 4057 2874 4132 pontifex
2905 4057 2959 4110 in
3001 4052 3233 4124 quadam
3266 4046 3495 4119 epistola

1921 4168 2189 4223 testatur,
2240 4156 2487 4225 Philippo
2536 4149 2968 4219 acceptissimus.
3004 4144 3171 4199 Forte
3219 4139 3489 4208 reliquum

1918 4247 2077 4318 hujus
2108 4247 2235 4303 anni
2258 4247 2440 4317 exegit
2471 4243 2657 4299 Romae
2687 4259 2701 4295 :
2726 4254 2876 4304 nam,
2898 4247 2956 4291 ut
2976 4234 3203 4291 inferius
3227 4231 3495 4293 dicemus,

1920 4339 2311 4409 amplissimum
2344 4332 2686 4407 privilegium
2723 4330 2792 4386 ab
2822 4329 3040 4386 Urbano
3058 4325 3158 4383 sub
3185 4320 3344 4393 hujus
3369 4318 3496 4375 anni

1922 4434 2081 4488 tinem
2104 4428 2331 4500 accepit.

2294 4519 2401 4575 LII.
2446 4517 2567 4573 Pax
2592 4532 2711 4572 cum
2738 4513 2936 4570 ercis
2964 4514 3116 4567 inita.

1990 4614 2242 4685 Aliquam
2265 4612 2429 4669 etiam
2452 4612 2594 4665 inter
2610 4608 2829 4664 Graecos
2847 4616 2902 4661 et
2921 4604 3140 4659 Latinos
3150 4597 3495 4657 concordiam

1922 4708 2110 4764 eodem
2138 4718 2377 4775 tempore
2404 4702 2591 4757 initam
2618 4699 2784 4755 fuisse
2801 4696 2978 4766 colligi
3000 4699 3175 4765 potest
3198 4706 3265 4745 ex
3292 4688 3499 4744 Bertol—

1926 4802 2013 4865 do,
2039 4799 2129 4869 qui
2156 4797 2321 4853 refert
2350 4794 2625 4851 Urbanum
2656 4808 2751 4862 per
2772 4805 2900 4846 suos
2944 4790 3150 4855 legatos
3200 4782 3501 4839 absolvisse

1928 4891 2310 4959 imperatorem
2333 4882 2993 4951 Constantinopolitanum
3028 4877 3095 4931 ab
3129 4888 3501 4931 excommuni-

1926 4981 2162 5035 catioue.
2185 4976 2236 5032 ls
2258 4987 2377 5032 erat
2397 4975 2617 5030 Alexius
2643 4972 2971 5027 Comnenus.
3004 4966 3096 5036 qui
3122 4980 3265 5020 anno
3292 4976 3495 5032 praece-

1925 5072 2095 5136 denti,
2118 5079 2178 5124 ut
2207 5083 2275 5123 ex
2311 5066 2582 5124 Gaufredo
2613 5063 2897 5118 Malater-ra
2922 5059 3174 5122 vidimus,
3206 5056 3233 5128 §
3281 5056 3372 5121 29,
3405 5053 3507 5110 Ur-

1927 5163 2131 5217 banum
2193 5154 2715 5225 Constantinopolim
2773 5150 3129 5213 invitaverat,
3172 5157 3230 5202 ut
3285 5145 3507 5201 consilio

1926 5260 2257 5322 congregato,
2289 5248 2574 5318 disputatio
2616 5246 2751 5298 inter
2776 5239 2986 5297 Graecos
3016 5249 3062 5293 et
3084 5238 3297 5293 Latinos
3336 5236 3506 5306 ﬁeret,

1935 5346 2111 5397 dicens
2144 5359 2198 5395 se
2227 5332 2807 5394 libenter-discussioni'
2843 5329 3115 5385 catholica:
3146 5342 3505 5383 assensurum.

1940 5435 2093 5491 Unde
2123 5447 2251 5487 vero
2274 5429 2448 5485 simile
2468 5435 2572 5492 est,
2595 5423 2738 5494 quod
2774 5422 2877 5479 etsi
2904 5422 2958 5476 id
2978 5421 3048 5475 ob
3073 5427 3379 5488 temporum
3407 5414 3513 5469 dif-

1938 5525 2206 5582 ficultates
2237 5536 2334 5591 per
2370 5520 2604 5588 seipsum
2633 5523 2895 5586 praestare
2924 5527 3031 5567 non
3055 5508 3293 5579 potuerit
3341 5504 3513 5562 Urba-
3608 5562 3611 5565 γ

1941 5634 2064 5681 nus,
2096 5630 2223 5670 suos
2252 5623 2430 5667 tamen
2468 5611 2675 5681 legatos
2729 5608 2784 5661 in
2826 5602 3090 5659 Graeciam
3139 5599 3392 5664 miserit,
3420 5595 3514 5665 qui

1944 5704 2532 5777 tiauclqualemcunque
2560 5698 2898 5771 paceminter
2922 5693 3170 5750 Latinam
3194 5699 3246 5746 et
3268 5688 3513 5745 Graecam
