4028 6310
499 295 570 352 55
1762 292 1823 349 Β.
1864 294 2045 350 URBA

2159 294 2200 349 II
2240 294 2440 350 PAPIE
3679 307 3753 366 56

498 405 796 464 Ecclesiant
826 404 1252 475 composuerint,
1282 404 1422 459 forte
1469 404 1690 472 utrique
1737 403 1883 473 genti
1912 417 2069 458 suum
2099 406 2146 460 Α
2174 403 2488 458 translatam
2542 404 2728 461 fuisse.
2783 406 2885 463 llic
2936 407 3136 479 quippe
3180 420 3371 468 auctor
3421 413 3476 470 in
3513 414 3748 476 Historia

497 496 663 553 ritum
684 494 1044 565 permittendo
1074 512 1087 548 :
1117 509 1265 560 nam,
1298 494 1364 549 de
1392 494 1642 581 fermenti
1665 508 1765 548 usu
1793 494 1846 547 in
1873 494 2070 549 eucha-

497 586 651 643 ristia
681 585 1017 655 potissimum
1040 583 1321 652 agebatur,
1344 584 1516 640 donec
1544 584 1747 654 aliquid
1767 583 1980 639 ﬁrmius
2012 583 2068 638 in

496 677 730 734 concilio
751 674 989 748 generali
1019 675 1425 731 decerneretur.

515 786 643 842 LIII.
684 787 764 842 De
784 802 912 908 pec:
935 786 1136 909 lygitur
1160 786 1303 909 inter
1353 785 1875 909 Rogertiilcuiseardi
1899 784 2038 854 ﬁlios

837 874 868 909 a
987 873 1013 909 r
1047 873 1137 910 ant
1182 873 1331 912 eaao
1366 873 1426 909 co
1482 874 1572 912 nos
1620 875 1675 910 a.

837 873 902 909 αθ
935 873 1137 910 υτυαηι
1160 873 1331 927 tegam
1366 873 1675 927 εοηιροδιια.

560 947 756 1004 Pacem
785 962 949 1016 quam
977 947 1229 1004 Urbanus
1255 962 1353 1018 per
1387 946 1621 1016 legatum
1648 963 1803 1002 suum
1842 962 2063 1018 compo-

488 1040 664 1096 suisse
689 1038 888 1094 dicitur
918 1039 1024 1096 hoc
1049 1054 1193 1094 anno
1240 1038 1383 1093 inter
1408 1037 1699 1108 Rogerium
1725 1048 1778 1094 et
1800 1038 2068 1094 Boamun-

487 1131 616 1185 dum
645 1128 868 1187 Roberti
892 1128 1175 1186 Guiscardi
1206 1130 1365 1195 filios,
1396 1130 1491 1199 qui
1530 1130 1601 1186 ob
1630 1139 1911 1201 paternam
1958 1130 2067 1185 hae-

488 1221 777 1276 reditatem
806 1221 950 1276 inter
1004 1235 1066 1295 se
1122 1222 1477 1289 dissidebant,
1508 1231 1567 1278 ut
1618 1231 1805 1278 narrat
1849 1222 2064 1279 Roccus

482 1310 726 1381 Pyrrhus
755 1320 900 1367 tomo
920 1310 987 1366 IlI
1016 1312 1219 1369 Sicilia:
1249 1328 1419 1369 sacrae
1442 1314 1497 1369 in
1524 1315 1717 1372 notitia
1746 1330 1799 1371 vx
1834 1328 1955 1385 quae
1979 1322 2065 1371 est

484 1401 552 1456 de
572 1402 814 1459 Eccmsia
839 1401 1161 1459 Mazarensl.
1186 1403 1235 1459 Is
1260 1413 1451 1461 auctor
1474 1404 1684 1474 profert
1696 1405 2060 1476 fragmentum

483 1490 609 1547 libri
665 1493 923 1548 tricesimi
983 1493 1334 1550 historiarum
1386 1495 1583 1551 Leonis
1632 1494 1921 1551 Marsicani
1994 1499 2062 1553 de

482 1581 745 1654 Gregorio
771 1582 859 1640 VII
893 1594 949 1640 et
983 1584 1201 1641 Urbano
1226 1584 1289 1649 II,
1312 1585 1367 1643 in
1394 1600 1502 1657 quo
1529 1584 1687 1656 hujus
1732 1585 1941 1643 dissidii
1970 1586 2058 1642 hi-

482 1672 650 1727 storia
674 1683 1028 1727 memoratur.
1055 1673 1125 1728 At
1146 1674 1279 1729 illud
1305 1674 1503 1731 Leonis
1528 1690 1667 1745 opus
1692 1675 1930 1745 ignotum
1951 1684 2056 1742 est,

2170 492 2503 550 inventionis
2531 497 2703 551 sancti
2728 495 2915 554 Sabini
2943 499 3008 555 de
3040 500 3169 556 Elite
3196 504 3591 579 archiepiscopi
3618 526 3750 566 eon-

2168 583 2471 640 secratione
2491 600 2659 657 agens
2674 587 2771 654 ait,
2803 588 2973 644 Eliam
2988 589 3043 645 in
3065 588 3359 649 Barenscm
3383 598 3749 668 archiepisco-

2167 686 2294 741 pum
2316 672 2580 731 voluntate
2618 686 2668 732 et
2701 694 2956 733 consensu
3004 679 3219 752 Βορεήὶ
3242 684 3391 738 ducis
3415 688 3748 758 proindeque

2168 760 2284 832 ejus
2306 761 2409 817 loci
2436 764 2660 833 domini,
2694 766 2864 825 fuisse
2894 771 3145 826 electum.
3180 771 3314 828 Tum
3341 774 3614 849 subjungit
3645 778 3748 836 Ur-

2164 852 2368 907 banum
2419 869 2631 924 papam,
2661 858 2751 927 qui
2782 873 2848 915 eo
2886 869 3127 931 tempore
3153 863 3419 934 synodum
3448 868 3589 938 apud
3612 867 3748 925 Mel-

2166 943 2348 1013 phiam
2379 945 2709 1016 celebrabat,
2740 965 2771 1005 a
2793 949 3126 1019 Boamundo,
3159 956 3250 1025 qui
3287 955 3485 1012 Barum
3505 960 3626 1030 jam
3649 978 3746 1017 suo

2165 1034 2492 1096 tenebat.sub
2539 1038 2793 1107 dominio,
2834 1041 3118 1099 invitatqu
3164 1045 3217 1101 in
3265 1048 3513 1107 eamdem
3554 1054 3746 1108 urbem

2165 1121 2399 1188 venisse,
2425 1124 2517 1180 ubi
2553 1125 2725 1183 Ellam
2746 1133 3104 1188 consecravit.
3137 1134 3217 1189 Ex
3243 1151 3349 1206 quo
3378 1137 3497 1194 loco
3520 1141 3748 1197 manife-

2165 1218 2307 1267 stum
2332 1222 2416 1268 est
2444 1213 2660 1272 Barium
2686 1218 2849 1288 paulo
2879 1230 3009 1277 ante
3061 1224 3325 1294 synodum
3357 1227 3745 1298 Melphitanam

2166 1303 2231 1358 ad
2263 1304 2553 1375 Itogerium
2584 1310 2934 1380 pertinuisse,
2973 1316 3190 1384 quando
3223 1318 3442 1387 quidem
3479 1320 3608 1377 Elia:
3636 1322 3748 1379 ele-

2165 1395 2407 1451 ctiocum
2419 1395 2536 1466 ejus
2565 1413 2833 1457 consensu
2855 1403 2996 1459 facta
3018 1414 3129 1472 est;
3156 1417 3212 1463 et
3234 1410 3396 1479 paulo
3417 1422 3538 1480 post
3565 1424 3748 1470 trans-

2162 1485 2291 1541 iisse
2353 1488 2423 1543 ad
2466 1487 2860 1561 Boamundum,
2907 1510 3031 1552 cum
3060 1497 3173 1568 jam
3205 1500 3306 1557 sub
3338 1501 3501 1559 tinem
3527 1506 3743 1561 concilii

2161 1591 2282 1633 eam
2335 1578 2429 1633 sub
2477 1596 2573 1636 suo
2598 1582 2842 1640 habuisse
2886 1586 3120 1643 dominio
3161 1589 3409 1658 dicatur;
3446 1595 3592 1663 quod
3617 1610 3745 1652 eum

2161 1682 2228 1723 ex
2258 1671 2407 1740 pacis
2441 1672 2589 1730 illiue
2636 1676 2951 1733 conditione
2997 1678 3203 1737 factum
3247 1681 3417 1740 fuisse
3446 1686 3748 1744 Gaul‘ridus

480 1760 609 1826 nisi,
633 1762 775 1831 quod
797 1763 1014 1832 quidem
1041 1779 1225 1820 verum
1246 1766 1521 1829 existimo.
1551 1766 1623 1821 sit
1648 1765 1887 1821 Historia
1910 1782 2060 1836 pere-
2090 1752 2133 1807 Β
2160 1760 2466 1830 scripserit,
2497 1764 2929 1824 concludendum
2955 1779 3041 1827 est
3067 1787 3188 1829 eam
3215 1788 3427 1844 pacem,
3456 1791 3619 1847 quam
3647 1777 3742 1834 ille

477 1852 750 1920 grinorum
784 1867 946 1923 quam
985 1852 1179 1910 Petrus
1222 1855 1494 1911 Diaconus
1536 1857 1673 1911 libro
1702 1872 1762 1911 ιιι
1812 1856 1889 1911 De
1922 1857 2056 1913 viris

479 1941 788 1998 illustribus
837 1946 1152 1999 monasterii
1184 1944 1513 2012 Casinensis,
1537 1948 1714 2017 capite
1758 1947 1847 2014 '50,
1878 1948 2054 2003 eidem

472 2029 637 2086 Leoni
669 2032 891 2087 tribuit:
920 2032 973 2087 in
1004 2047 1069 2088 ea
1107 2034 1311 2106 quippe
1335 2036 1514 2106 agitur
1543 2038 1611 2092 de
1632 2037 1720 2092 illa
1744 2053 1882 2109 pace
1909 2038 2054 2093 inter

472 2120 697 2177 Roberti
750 2122 891 2178 filios
939 2124 1097 2179 inita.
1148 2126 1217 2180 Et.
1266 2126 1484 2196 quidem
1527 2127 1615 2182 isti
1646 2129 1905 2197 peregrini
1946 2144 2051 2182 non

475 2212 726 2268 videntur
753 2213 843 2268 alii
871 2229 993 2271 esse
1043 2216 1200 2272 abiis
1228 2217 1321 2287 qui
1369 2227 1493 2287 post
1527 2217 1816 2274 concilium
1864 2218 2051 2274 Claro-

468 2314 782 2360 montanum
801 2305 855 2360 in
886 2305 1162 2362 Orientem
1191 2308 1417 2379 profecti
1445 2317 1572 2364 sunt
1591 2311 1658 2364 ad
1684 2324 1870 2365 sacras
1885 2326 2052 2380 expe-

469 2394 724 2460 (titiones,
748 2410 816 2450 ex
846 2395 1041 2473 quibus
1063 2396 1164 2451 fuit
1204 2396 1470 2453 Henricus
1496 2399 1796 2454 monachus
1841 2400 2049 2455 ordinis

466 2484 804 2540 Benedictini
828 2484 894 2540 ad
925 2484 1067 2541 hanc
1087 2486 1227 2543 inter
1247 2486 1446 2542 fratres
1474 2488 2049 2559 concordiamcompo-

468 2574 705 2629 nendam
753 2575 819 2630 ab
865 2575 1083 2632 Urbano
1128 2576 1360 2649 legatus,
1393 2578 1483 2647 qui
1535 2579 1875 2648 postmodum
1924 2595 2046 2635 eum

464 2662 782 2722 Boamundo
811 2668 879 2722 ad
900 2666 1100 2722 bellum
1137 2681 1358 2723 sacrum
1410 2667 1705 2737 profectus,
1736 2668 1913 2726 factus
1961 2680 2047 2727 est

465 2752 676 2820 primus
721 2767 789 2809 ex
841 2754 1048 2810 Latinis
1093 2754 1465 2812 Antiochenus
1508 2758 1852 2827 patriarcha;
1893 2760 2045 2831 cujus

465 2841 520 2896 in
552 2843 655 2898 hac
680 2844 1025 2914 expeditione
1052 2855 1172 2901 acta
1201 2844 1310 2901 Leo
1325 2848 1413 2916 qui
1430 2845 1605 2903 fuerat
1626 2846 1742 2915 ejus
1763 2850 2040 2916 educator,

463 2933 519 2990 in
548 2934 767 2991 laudato
789 2934 1096 3007 fragmento
1122 2937 1462 3007 potissimum
1479 2948 1687 2994 narrat.
1713 2938 1806 2995 Sic
1836 2949 2042 3007 autem,

463 3031 587 3092 post
606 3023 775 3079 multa
805 3024 871 3080 de
897 3024 1043 3080 illius
1077 3028 1390 3096 parentibus
1412 3029 1713 3097 praemissa,
1737 3044 2039 3084 sermonem

461 3090 811 3186 prosequitur
842 3134 856 3172 :
889 3090 1155 3172 Henricus
1203 3122 1323 3188 jam
1372 3090 1672 3174 adolescens
1698 3090 1859 3174 anno
1902 3121 2040 3177 1089
2069 3090 2113 3152 Ο

461 3210 839 3264 transmittitur
858 3228 889 3264 a
918 3227 1056 3281 papa
1086 3208 1299 3266 Urbana
1321 3211 1409 3278 11,
1433 3221 1487 3265 ιιι
1519 3229 1700 3282 pacem
1740 3214 1877 3268 ineat
1904 3215 2041 3268 inter

461 3284 744 3373 Royerium
767 3314 813 3358 et
847 3304 1215 3361 Baamundum
1240 3306 1452 3377 fratres,
1475 3310 1840 3365 contendentes
1871 3310 1935 3364 de
1959 3326 2041 3363 re-

458 3409 560 3462 gno
590 3393 851 3449 Calabria:
893 3404 942 3450 et
980 3394 1186 3467 Apulia:
1212 3406 1327 3467 post
1371 3398 1567 3453 obitum
1615 3400 1782 3469 patris
1826 3398 2042 3455 lioberti

460 3482 773 3551 Guiseardi;
824 3505 856 3541 a
899 3487 1088 3557 quibus
1135 3490 1447 3544 constitutus
1521 3491 1719 3545 arbiter
1758 3502 1809 3546 et
1847 3490 2035 3561 judex,

460 3575 651 3645 a’qunli
681 3575 831 3632 lance
861 3594 1075 3649 regnum
1088 3580 1283 3635 divisit.
1313 3580 1449 3636 Inde
1465 3582 1535 3636 ad
1559 3581 1833 3638 Urbanum
1862 3583 2036 3652 rediit,

460 3677 514 3720 ut
537 3667 600 3721 de
629 3667 779 3736 felici
798 3668 1053 3739 legatione
1075 3671 1327 3726 rationem
1356 3673 1610 3727 redderet.

530 3757 773 3814 Meminit
798 3760 964 3815 etiam
992 3759 1286 3817 Ganfridus
1340 3762 1624 3818 Malaterra
1652 3762 1791 3819 libro
1816 3779 1889 3829 IV,
1915 3778 2036 3835 cap.

462 3848 551 3914 IO,
578 3848 806 3920 alicujus
835 3851 1190 3908 dissensionis
1209 3867 1328 3923 qua:
1353 3852 1496 3908 inter
1518 3851 1807 3924 Rogerium
1828 3862 1883 3908 et
1902 3853 2040 3908 Boa-

458 3940 744 4006 mundum,
790 3951 911 4012 post
952 3942 1175 4000 Roberti
1220 3960 1408 4002 eorum
1462 3945 1634 4015 patris
1663 3943 1889 4012 obitum,
1920 3955 2039 4001 orta

460 4031 529 4085 ad
552 4029 830 4086 biennium
855 4048 1027 4103 usque
1048 4036 1377 4103 perduravit.
1395 4034 1501 4091 Sed
1538 4051 1660 4091 cum
1684 4036 1825 4092 idem
1849 4045 2042 4091 auctor

459 4123 639 4192 capite
689 4126 936 4194 sequenti
988 4125 1212 4182 innuere
1238 4127 1487 4182 videatur
1508 4126 1610 4183 hoc
1636 4127 1942 4192 dissidiun,
1974 4128 2041 4182 de

457 4228 569 4281 quo
590 4211 828 4283 loquitur
855 4230 997 4270 anno
1021 4216 1178 4283 1086,
1208 4218 1491 4287 utriusque
1515 4219 1779 4289 principis
1803 4219 2039 4288 ﬁdelium

457 4302 678 4358 consilio
704 4303 874 4360 fuisse
895 4307 1276 4377 compositum,
1321 4308 1563 4363 nonnulli
1592 4308 1824 4365 fortasse
1847 4309 2037 4364 existi-

454 4391 686 4447 mabunt
732 4392 1055 4451 Gaufridum
1092 4397 1159 4453 de
1196 4398 1262 4452 iis
1286 4413 1405 4467 quae
1437 4408 1563 4455 ante
1590 4398 1793 4455 Urbani
1821 4399 2040 4470 pontifi-

2158 1862 2349 1906 auctor
2368 1863 2657 1920 memorat,
2679 1864 2774 1912 aut
2793 1858 2955 1928 paqu
2982 1871 3111 1918 ante
3133 1865 3421 1921 concilium
3452 1867 3745 1940 Melphita-

2155 1957 2309 2008 num,
2349 1952 2443 1999 ant
2490 1955 2641 2002 certe
2666 1962 2732 2004 eo
2754 1949 3002 2017 durante,
3031 1954 3368 2027 proindeque
3406 1972 3551 2014 anno
3579 1960 3743 2027 i089,

2154 2046 2315 2122 quem
2362 2032 2527 2091 etiam
2569 2034 2680 2093 Leo
2719 2037 2776 2094 in
2831 2038 3138 2113 fragmento
3176 2046 3395 2105 laudato
3418 2051 3742 2122 assignavit,

2154 2121 2323 2180 fuisse
2345 2128 2723 2196 compositam.
2756 2130 3009 2190 Nostram
3055 2140 3380 2196 sententiam
3415 2121 3747 2201 confirmant

2152 2210 2334 2282 Lupus
2349 2213 2673 2288 Protospata
2692 2230 2747 2277 et
2766 2222 3037 2281 Robertus
3055 2225 3262 2283 Salerni
3271 2239 3451 2299 tanus,
3475 2242 3742 2291 auctores

2152 2301 2453 2390 domestici,
2503 2308 2597 2377 qui
2636 2310 2883 2368 scribunt
2924 2312 3127 2370 bellum
3174 2318 3464 2390 Rogerium
3513 2322 3659 2379 inter
3680 2332 3743 2380 et

2148 2389 2523 2450 Boamundum
2561 2396 2787 2456 Roberti
2815 2401 2956 2458 ﬁlios
2986 2389 3610 2477 exarsisseianno'I088,
3636 2428 3747 2469 nec

2150 2489 2332 2538 tamen
2393 2487 2649 2543 assentiri
2691 2505 2911 2560 possum
2956 2493 3274 2567 Peregrinio
3332 2501 3633 2571 suspicanti
3680 2504 3743 2560 in

2149 2573 2599 2645 castigationibus
2642 2583 2712 2638 ad
2764 2583 2973 2655 Lupum
3014 2588 3204 2645 initam
3234 2591 3382 2648 illam
3408 2593 3578 2652 fuisse
3597 2611 3743 2653 con~

2147 2664 2386 2719 cordiam
2411 2665 2466 2721 in
2490 2667 2610 2738 ipso
2638 2672 2868 2729 concilio
2910 2673 3257 2747 Melphitano.
3281 2680 3358 2736 Ea
3385 2683 3550 2753 enim,
3577 2694 3639 2742 ut
3661 2701 3740 2743 ex

2146 2752 2345 2812 Leonis
2383 2757 2684 2831 fragmento
2710 2775 2947 2835 constat,
2974 2769 3371 2831 interveniente
3400 2776 3607 2835 Urbani
3638 2781 3743 2836 ab-

2147 2848 2320 2904 sentis
2359 2848 2538 2921 legato
2563 2852 2707 2910 facta
2746 2865 2847 2922 est,
2872 2875 2980 2916 non
3008 2863 3238 2931 proinde
3266 2865 3321 2921 in
3355 2868 3588 2927 concilio
3607 2870 3743 2928 Mel-

2146 2941 2390 3031 phitano,
2419 2946 2506 3001 cui
2539 2946 2789 3007 Urbanus
2837 2952 2954 3024 ipse
2982 2969 3219 3024 pnesens
3248 2958 3438 3015 aderat
3464 2971 3519 3017 et
3540 2966 3743 3031 praesi-

2147 3029 2331 3086 debat.
2372 3031 2496 3090 Non
2525 3035 2730 3095 idcirco
2779 3049 2961 3098 tamen
2988 3043 3217 3102 dixerim
3240 3060 3430 3117 pacem
3460 3029 3609 3108 illam
3638 3056 3738 3111 diu

2146 3132 2271 3177 ante
2293 3125 2580 3181 concilium
2596 3129 2785 3185 initam
2808 3133 2995 3190 fuisse.
3012 3135 3152 3203 Quin
3181 3140 3363 3206 potius
3390 3142 3447 3198 iu
3459 3158 3527 3199 eo
3548 3148 3742 3215 ponti-

2144 3211 2262 3267 licis
2289 3222 2345 3269 et
2367 3212 2590 3271 Patrum
2615 3222 2937 3277 auctoritate
2957 3225 3332 3286 confirmatam
3357 3231 3527 3291 fuisse
3548 3211 3736 3293 liben-

2141 3312 2224 3358 ter
2254 3319 2644 3377 asseverarem,
2671 3313 2776 3369 nisi
2805 3314 2916 3371 Leo
2949 3329 3015 3372 ea
3041 3318 3109 3374 de
3136 3333 3197 3376 re
3224 3322 3280 3378 in
3318 3323 3537 3384 laudato
3570 3327 3733 3401 frag-

2140 3406 2324 3454 mento
2346 3398 2605 3457 siluisset.

2138 3507 2272 3597 LIV:
2302 3510 2625 3597 ‘C_onciliu_m
2658 3516 3081 3597 _Melphitanut_n.
3135 3525 3272 3597 Ejus
3315 3546 3562 3587 canones.
3603 3533 3735 3591 Alia

2211 3589 2428 3669 statuta.
2448 3614 2531 3669 Δ-
2548 3584 2623 3669 n
2647 3584 2973 3669 Itacrsynod‘o
3002 3584 3259 3669 Bogerius
3279 3600 3341 3669 ﬁt
3368 3584 3565 3659 saneta}

2211 3650 2389 3722 ligius,
2413 3662 2460 3707 et
2489 3655 2644 3711 mitra
2669 3650 2829 3715 Petro
2859 3662 3035 3719 abbati
3055 3650 3237 3723 d'ittur.

2211 3782 2343 3839 Illud
2373 3786 2660 3843 concilium
2708 3791 2930 3850 ineunte
2976 3805 3237 3855 autumno
3273 3805 3556 3872 praesentis
3596 3809 3732 3866 anni

2142 3871 2396 3931 Urbanus
2439 3877 2733 3935 celebravit
2763 3885 2904 3951 apud
2945 3885 3228 3958 Melphiam
3273 3871 3483 3963 Apulia!
3508 3898 3729 3965 urbem,

2139 3964 2227 4020 cui
2257 3966 2495 4038 episcopi
2541 3974 2881 4043 septuaginta
2930 3992 3052 4033 cum
3100 3980 3385 4039 duodecim
3435 3964 3731 4046 abbatibus

2139 4055 2454 4114 interfuisse
2478 4060 2761 4130 dicuntur;
2789 4065 2894 4122 huc
2930 4071 3395 4141 convenientibus,
3426 4079 3505 4133 uti
3531 4081 3730 4137 scribit

2138 4146 2323 4217 Lupus
2376 4148 2698 4221 Protospata
2758 4154 2809 4209 in
2838 4155 3127 4225 Chronico,
3159 4165 3415 4223 omnibus
3454 4168 3728 4240 episcopis

2137 4236 2536 4308 Apuliensium,
2589 4242 2941 4300 Calabrornm
2991 4256 3046 4303 et
3074 4249 3406 4323 Brutiorum,
3430 4236 3553 4313 cum
3585 4236 3726 4317 duce

2140 4325 2378 4398 Rogerio
2428 4338 2483 4384 et
2533 4332 2801 4390 universis
2838 4337 3127 4394 comitibus
3150 4342 3356 4412 Apulia:
3380 4356 3434 4402 et
3458 4347 3726 4404 Calabriae

2071 4443 2113 4497 ο
2140 4432 2205 4473 ac
2238 4418 2465 4474 aliarum
2497 4423 2922 4491 provinciarum.
2953 4428 3068 4485 Iloc
3088 4439 3198 4497 est,
3224 4442 3283 4487 ut
3312 4434 3455 4492 forte
3482 4439 3716 4494 nonnul-

454 4492 637 4538 calum
694 4486 1060 4557 Contigerant.
1123 4489 1358 4571 ιθοιιεζπι
1407 4506 1536 4547 vc1'0
1583 4493 1651 4547 de
1692 4492 2035 4547 ειιῑεηιῖιιιθΐ
2071 4486 2109 4497 ”
2138 4507 2205 4563 lis
2252 4486 2542 4575 videbitur,
2609 4513 2897 4571 concilium
2949 4519 3092 4586 quod
3142 4486 3429 4582 Bertoldus
3474 4527 3717 4585 adhunc

455 4575 654 4634 fratres
677 4578 1029 4638 altercatione
1058 4598 1219 4653 quam
1235 4566 1437 4641 Urbani
1465 4584 1677 4655 legatus
1702 4589 2031 4657 composuit,

454 4668 762 4737 scripsisse.
792 4670 861 4725 At
892 4680 1183 4741 utrumque
1229 4682 1506 4729 auctorem
1546 4676 1613 4731 de
1641 4691 1750 4731 uno
1767 4686 1822 4733 et
1844 4679 2032 4733 eodem

452 4756 615 4825 bello,
647 4761 789 4829 quod
818 4761 1019 4817 Urbani
1039 4772 1279 4833 tempore
1306 4764 1445 4819 inter
1463 4780 1557 4820 eos
1582 4766 1855 4838 principes
1877 4783 2037 4824 exar-

453 4851 546 4919 sit,
591 4851 757 4910 fuisse
802 4854 1068 4921 locutum,
1127 4856 1286 4911 facile
1340 4858 1760 4915 demonstratur.
1818 4861 2034 4917 Etenim

452 4952 812 5016 praeterquam
833 4947 976 5017 quod
1004 4962 1164 5004 nemo
1188 4948 1388 5003 dixerit
1412 4949 1555 5004 inter
1579 4949 1802 5007 Roberti
1823 4951 2032 5007 obitqu

451 5039 545 5108 qui
575 5055 719 5096 anno
735 5041 896 5108 I085,
922 5059 1109 5100 mense
1126 5044 1287 5109 Julio,
1301 5046 1552 5117 contigit,
1571 5055 1629 5103 et
1647 5063 1847 5106 annum
1873 5051 2029 5118 I086,

450 5129 733 5186 biennium
781 5132 1179 5199 intercessisse,
1232 5133 1523 5209 Gaufridns
1566 5140 1684 5210 ipse
1720 5142 2029 5212 scrupulum

452 5240 668 5282 omnem
694 5236 959 5293 removet,
993 5229 1082 5283 ubi
1113 5230 1210 5295 ait,
1243 5230 1402 5302 hujus
1430 5234 1579 5302 pacis
1607 5236 1777 5304 gratia
1808 5235 2029 5294 Barium

449 5315 769 5372 Boamundo
811 5320 1044 5375 cessisse
1076 5337 1091 5374 :
1121 5331 1330 5377 certum
1374 5326 1568 5395 quippe
1597 5335 1777 5383 estex
1825 5328 2030 5386 Joanne

450 5407 836 5463 archidiacono
860 5408 1102 5477 Barensi,
1133 5413 1225 5483 qui
1253 5423 1381 5470 tunc
1410 5417 1669 5487 temporis
1691 5418 1746 5474 in
1774 5420 1883 5476 illis
1906 5436 2030 5491 par-

448 5498 597 5552 tibus
617 5498 851 5565 vivebat,
876 5499 1169 5558 Barensem
1210 5505 1399 5560 urbem
1431 5508 1591 5577 paulo
1618 5520 1744 5565 ante
1763 5512 2027 5583 synodum

453 5586 855 5655 Melpltitanatn,
884 5592 967 5646 cui
993 5608 1135 5648 anno
1164 5593 1300 5651 l089
1326 5597 1539 5665 praefuit
1561 5599 1835 5667 Urbanus,
1863 5619 1893 5657 e
1926 5604 2024 5658 [Io-

452 5678 585 5748 gerii
625 5687 893 5750 potestate
931 5683 986 5742 in
1042 5683 1340 5746 Boamundi
1399 5688 1513 5759 ejus
1558 5690 1744 5749 fratris
1768 5695 2025 5751 ditionem

2136 4616 2334 4655 annum
2389 4603 2680 4692 generalem
2727 4609 2980 4677 synodum
3019 4610 3119 4667 H5
3146 4615 3505 4685 episcoporum
3535 4623 3720 4692 appel-

2135 4689 2233 4755 lat,
2262 4690 2315 4744 in
2349 4706 2452 4761 qua
2477 4691 2729 4749 Urbanus
2771 4703 3480 4769 suorumpmdecessorum
3509 4689 3715 4767 statuta

2135 4784 2461 4840 auctoritate
2508 4785 2801 4854 apostolica
2857 4790 3221 4852 confirmavit.
3255 4797 3569 4869 Quanquam
3598 4803 3715 4869 alii,

2134 4883 2189 4930 et
2214 4874 2456 4943 quidem,
2482 4884 2541 4929 ut
2567 4876 2847 4933 fatendum
2893 4890 2995 4949 est,
3025 4898 3131 4939 non
3154 4886 3361 4958 absque
3388 4889 3568 4959 aliquo
3589 4909 3716 4964 pro-

2135 4966 2297 5021 babili
2343 4966 2726 5035 fundamento,
2774 4974 3038 5043 synodum
3075 4990 3106 5030 a
3136 4975 3390 5035 Bertoldo
3440 4980 3712 5038 laudatam

2134 5055 2319 5111 Romae
2364 5057 2605 5114 habitam
2660 5059 2831 5117 fuisse
2878 5064 3083 5132 volunt,
3133 5077 3190 5122 ut
3232 5084 3416 5140 supra,
3443 5074 3710 5142 num.l3,

2133 5146 2391 5231 diximus.
2429 5147 2646 5206 Conditi
2677 5161 2804 5208 sunt
2828 5153 2881 5208 in
2908 5156 3013 5211 hac
3040 5156 3365 5230 Melphitana
3392 5164 3600 5235 synodo
3620 5180 3711 5220 ea-

2132 5252 2302 5294 nones
2320 5226 2591 5295 sexdecim
2623 5242 2677 5297 in
2707 5244 2902 5313 quibus
2948 5226 3231 5318 praeclara,
3258 5226 3595 5322 potissimum
3615 5258 3712 5311 ad-

2132 5343 2324 5387 versus
2347 5330 2645 5388 Simoniam
2666 5343 2721 5390 et
2743 5336 3197 5399 incontinentiam
3222 5346 3569 5415 clericorum,
3592 5359 3705 5405 sta-

2135 5432 2247 5477 tuta
2277 5425 2648 5480 continentur.
2678 5427 3003 5487 Decernitur
3021 5435 3185 5491 etiam
3206 5436 3360 5507 cujus
3384 5442 3563 5497 aetatis
3585 5456 3707 5497 esse

2131 5517 2361 5572 debeant
2403 5521 2755 5587 promovendi
2798 5523 2867 5579 ad
2914 5526 3135 5584 ordines
3182 5544 3388 5597 sacros,
3416 5533 3577 5603 quive
3596 5534 3707 5588 sint

2131 5607 2198 5661 ab
2228 5608 2292 5663 iis
2312 5608 2639 5679 repellendi;
2671 5620 2781 5668 tum
2809 5616 3161 5683 prohibentur
3179 5620 3390 5678 clericis
3411 5631 3592 5679 vestes
3619 5624 3703 5678 in-

2131 5698 2340 5754 decorae
2369 5709 2423 5755 et
2448 5700 2758 5774 saeculares,
2783 5707 3149 5781 nonnullaque
3171 5711 3276 5769 alia
3304 5710 3612 5770 statuuntur
3634 5715 3702 5770 de

2753 5849 2791 5869 οι
