3962 6312
172 314 238 369 57

1694 313 1871 367 VITA.

3347 318 3418 376 58

175 421 626 482 monasteriorum
671 421 825 478 benis
855 440 868 475 :
897 422 1129 491 denique
1165 432 1450 478 mouentur
1480 425 1739 495 episcopi,
1773 428 1816 481 A
1844 428 1913 479 vit
1942 443 1960 491 ;
1988 436 2035 480 et
2066 438 2237 481 tamen
2270 447 2384 500 ejus
2431 428 2771 482 sacerdotalis
2827 432 2997 485 milrte
3044 448 3217 497 usum,
3255 435 3415 488 etiam

174 527 228 572 ut
252 534 282 571 a
308 516 461 569 falsis
486 515 824 583 pmniteutiis
846 524 1123 570 caveatur.

242 606 511 661 Pmterea
532 604 769 660 Joannes
810 605 1068 663 diaconus
1094 606 1381 662 cardinalis
1403 618 1458 662 et
1478 608 1743 664 cancella-

174 698 287 752 rius
313 696 569 751 Romanae
593 695 867 759 Ecclesite.
899 697 951 754 in
993 698 1219 767 epistola
1256 700 1322 752 ad
1354 698 1601 753 abbatem
1632 699 1742 753 Mo-

172 789 504 851 lismensem,
530 801 651 855 quae
688 786 743 839 in
764 786 1044 841 Labbeaua
1075 789 1310 845 editione
1341 790 1500 859 hujus
1528 788 1738 844 concilii

175 875 471 931 canonibus
488 874 848 944 subjungitur,
866 876 1117 930 nonnulla
1143 877 1210 931 de
1224 892 1293 932 eo
1310 878 1543 932 concilio
1558 878 1736 942 habet,

172 982 287 1038 qua:
311 967 486 1036 prima
514 965 695 1023 fronte
745 966 799 1021 iu
831 965 1058 1036 vulgatis
1083 964 1200 1034 ejus
1229 970 1526 1023 canonibus
1554 970 1739 1022 viden-

174 1069 259 1113 tur
281 1046 582 1114 desiderari
611 1075 626 1111 :
670 1067 726 1111 ut
750 1059 977 1123 scilicet,
1018 1073 1134 1128 qtae
1165 1075 1323 1129 usque
1352 1061 1421 1113 ad
1445 1061 1585 1113 istud
1613 1077 1735 1114 con-

174 1150 343 1205 cilium
368 1166 464 1219 per
480 1150 740 1219 principes
787 1150 913 1203 data
968 1152 1297 1204 monasteriis
1324 1150 1556 1218 fuerant,
1580 1152 1735 1221 ﬁrma

171 1252 215 1294 et
243 1241 446 1310 integra
495 1240 602 1294 illis
624 1251 1006 1310 permanerent,
1036 1250 1084 1295 et
1105 1243 1167 1296 de
1188 1253 1376 1296 cwtero
1420 1244 1629 1298 abbates
1669 1246 1733 1298 ab

172 1331 462 1401 hujusrttodi
486 1332 915 1399 acquisitionibus
957 1333 1271 1387 abstinerent
1297 1348 1316 1386 :
1346 1348 1472 1403 quo.
1503 1335 1580 1389 uti
1610 1350 1734 1404 pro-

173 1422 425 1491 sequitur,
481 1431 931 1492 temperamento,
982 1433 1031 1477 ‘et
1069 1425 1277 1478 abbates
1308 1427 1372 1478 ab
1398 1426 1733 1480 ecclesiarum

173 1513 508 1567 invasionibus
561 1514 947 1577 abstinuerunt,
1000 1524 1050 1568 et
1102 1515 1329 1584 episcopi
1385 1532 1489 1570 non
1526 1517 1732 1570 omnino

176 1604 385 1671 spoliare
429 1607 747 1659 monasteria
791 1606 1080 1661 coluerunt.
1134 1606 1239 1661 Sed
1275 1607 1361 1661 his
1394 1608 1572 1662 verbis
1599 1609 1734 1662 nihil

179 1694 309 1749 aliud
333 1695 568 1750 indicare
596 1696 759 1755 voluit
781 1695 1039 1760 Joannes.
1068 1713 1228 1767 quam
1252 1712 1316 1753 ea
1342 1714 1461 1767 quae
1484 1699 1538 1754 in
1568 1715 1731 1755 cano-

1844 527 2057 583 rogante
2074 534 2233 587 papa,
2260 519 2578 588 contempsit.
2606 519 2790 573 Eidem
2813 529 3002 576 sancto
3022 521 3139 575 viro
3162 522 3413 578 Urbanus

1842 606 2125 675 imperavit
2149 618 2205 663 ut
2229 610 2437 664 modico
2462 610 2585 664 vino
2615 619 2877 675 uteretur,
2907 613 3050 681 quod
3067 613 3135 667 ob
3162 613 3413 668 debilita-

1843 704 1953 750 tum
2008 699 2228 752 omnino
2276 699 2612 753 stomachum
2643 715 2828 755 vocem
2869 716 3005 771 pene
3029 702 3321 766 amisisset,
3353 709 3411 757 ut

1840 797 2031 841 narrat
2082 788 2221 843 idem
2254 774 2463 854 auctor,
2512 799 2568 844 et
2599 800 2720 859 post
2747 807 2867 845 eum
2910 802 3064 847 vetus
3088 806 3244 863 poeta
3276 811 3409 849 ano-

1839 888 2034 947 nymus
2063 878 2201 947 apud
2257 879 2537 949 Ugbellum
2578 887 2722 935 tomo
2742 880 2829 935 Vll
2875 881 3041 939 Italia;
3070 899 3240 939 sacra:
3268 886 3409 940 rela-

1840 974 1965 1020 tus:
1999 967 2114 1021 inec
2173 978 2291 1023 erat
2349 971 2515 1025 nostri
2569 968 2835 1039 pontificis
2890 974 3151 1028 adversus
3185 987 3407 1031 sanctos

1837 1058 2314 1113 viroscharitaset
2335 1059 2655 1117 sollicitudo.
2684 1061 2903 1117 Petrum
2929 1078 3056 1118 vero
3082 1066 3407 1133 Melpbitano

1836 1148 2066 1203 concilio
2115 1148 2428 1205 interfuisse
2478 1152 2734 1206 discimus
2782 1166 2847 1206 ex
2890 1153 3007 1222 ipso
3037 1153 3278 1219 Urbano,
3311 1158 3406 1224 qui

1836 1238 1889 1292 in
1914 1240 2131 1295 decreto
2158 1240 2210 1294 in
2243 1256 2404 1296 causa
2432 1241 2684 1298 Carensis
2735 1244 3049 1299 monasterii
3076 1259 3141 1298 eo
3166 1256 3409 1315 tempore

1836 1328 1943 1384 lato
1975 1339 2204 1385 testatur
2230 1331 2478 1386 Alfenum
2508 1332 2907 1388 Salernitanum
2937 1335 3403 1405 archiepiscopum

1834 1428 1889 1472 et
1918 1417 2211 1474 Pertanum
2267 1422 2577 1491 episcopum
2622 1422 2881 1476 adversus
2931 1422 3151 1478 Petrum
3175 1440 3407 1495 conque-

1834 1516 1948 1563 stos
2008 1508 2176 1564 fuisse
2212 1513 2355 1579 quod
2392 1511 2596 1581 aliquot
2634 1514 2983 1579 monasteria,
3012 1530 3130 1583 qua:
3161 1515 3227 1568 ad
3259 1516 3413 1583 ipsos

1834 1599 2198 1667 pertinebant,
2234 1602 2519 1657 invasisset
2555 1618 2568 1655 :
2599 1617 2997 1671 quamcausam
3020 1603 3233 1658 concilii
3267 1613 3402 1658 tem-

1833 1706 1965 1759 pore
2008 1708 2159 1747 cum.
2195 1694 2248 1748 in
2275 1707 2373 1749 sua
2402 1708 2640 1760 camera,
2674 1695 3053 1750 assistentibus
3071 1695 3172 1749 sibi
3199 1696 3404 1764 aliquot

180 1785 325 1839 nibus
354 1786 534 1854 quinto
558 1799 615 1841 et
644 1792 797 1842 sexto
824 1786 1037 1842 concilii
1082 1766 1375 1845 constituta
1402 1790 1614 1845 fuerant
1635 1792 1728 1844 ad-
1759 1766 1801 1825 Β
1830 1782 2117 1852 episcopis,
2148 1784 2492 1853 expendissct
2515 1783 2777 1854 pontifex,
2810 1772 3105 1840 secundum
3135 1784 3402 1840 Caronses

178 1888 351 1929 versus
375 1876 613 1939 abbates.
636 1877 731 1944 qui
762 1877 1111 1932 ecclesiarum
1135 1880 1273 1934 bona
1299 1879 1430 1951 ipsis
1457 1882 1575 1935 data
1598 1882 1727 1936 abs-

184 1981 278 2033 que
303 1966 661 2037 episcOporum
685 1982 949 2024 consensu
981 1970 1223 2040 recipere
1246 1988 1351 2027 non
1376 1975 1722 2030 verebantur.

188 2057 335 2113 Aliud
386 2058 507 2114 item
557 2060 714 2129 hujus
771 2060 983 2116 coacilii
1036 2072 1297 2118 statutum
1342 2063 1508 2119 refert
1545 2065 1725 2135 Lupus

196 2147 507 2218 Protospata,
537 2151 670 2220 quod
720 2152 775 2205 in
802 2152 1099 2208 canonibus
1127 2153 1356 2224 vulgatis
1379 2170 1484 2209 non
1518 2156 1725 2211 inveni-

198 2249 290 2301 tur,
328 2249 380 2293 ut
398 2241 592 2295 scilicet
616 2253 796 2296 sancta
847 2244 1011 2297 trevia
1064 2246 1372 2299 retineretur
1396 2245 1459 2299 ab
1483 2247 1722 2301 omnibus

185 2330 407 2397 subjectis
428 2344 448 2382 :
470 2330 661 2399 quibus
688 2333 869 2388 verbis
922 2334 1214 2404 signiﬁcari
1252 2336 1528 2391 contendit
1555 2335 1717 2390 Pere-

174 2420 360 2489 griuius
388 2424 730 2479 concordiam
778 2425 920 2481 inter
946 2426 1235 2496 Rogerium
1267 2436 1321 2483 et
1342 2426 1716 2483 Boamundum

168 2510 343 2567 fratres
367 2513 572 2580 initam,
598 2516 664 2570 de
688 2531 794 2586 qua
824 2518 1070 2586 superius
1091 2518 1365 2584 diximus;
1389 2520 1474 2574 cui
1499 2521 1715 2589 quidem

165 2606 417 2659 sententia:
443 2606 589 2661 haud
615 2606 949 2675 refragabor,
974 2610 1017 2663 si
1048 2610 1161 2664 hinc
1181 2609 1317 2678 Lupi
1339 2610 1499 2665 verba
1518 2613 1582 2665 de
1609 2611 1714 2665 fm-

162 2691 286 2746 deris
305 2693 440 2749 illius
464 2704 629 2750 antea
646 2698 788 2766 pacti
810 2699 1222 2754 confirmatione
1236 2702 1716 2758 etmanutentione

163 2780 527 2852 intelligantur.

220 2871 265 2924 lu
293 2874 477 2928 eadem
532 2877 741 2949 synodo
774 2879 883 2930 dua:
924 2877 1198 2947 Rogerius,
1237 2888 1372 2935 teste
1414 2881 1713 2939 Romualdo

160 2966 545 3036 archiepiscopo
573 2968 937 3034 Salernitano,
970 2971 1125 3040 ligius
1149 2970 1352 3027 Urbani
1381 2974 1553 3042 factus
1583 2992 1708 3044 pro~

152 3057 269 3111 misit
304 3059 424 3126 jure
463 3060 736 3129 jurando,
784 3077 839 3114 se
894 3071 1225 3115 servaturum
1265 3064 1421 3131 ﬁdem
1456 3063 1710 3119 Romana:

149 3146 367 3203 Ecclesia:
387 3162 431 3203 et
452 3151 632 3205 eidem
657 3168 806 3221 papa:
828 3153 1043 3223 ejusque
1063 3156 1443 3208 successoribus
1460 3158 1707 3211 canonice

146 3236 462 3304 intrantibus;
495 3250 545 3293 et
563 3242 761 3309 accepit
786 3258 881 3310 per
902 3242 1149 3295 vexillum
1188 3243 1253 3296 ab
1287 3260 1346 3298 eo
1369 3254 1563 3299 terram
1584 3262 1703 3298 cum

144 3327 335 3384 ducatus
354 3330 580 3386 honore.
607 3332 887 3386 Consentit
902 3332 1211 3389 Ptolomeus
1226 3334 1484 3390 Lucensis
1500 3337 1552 3393 in
1566 3336 1703 3393 libro

142 3416 203 3471 De
224 3422 548 3492 genealogiis
570 3424 714 3477 edito
745 3438 773 3477 a
807 3422 1008 3485 Surita.
1045 3426 1131 3478 ubi
1163 3426 1351 3480 scribit
1381 3428 1482 3481 hoc
1509 3442 1698 3482 sacra-

143 3518 353 3563 mentum
379 3528 408 3563 a
443 3512 689 3579 Rogerio
720 3513 770 3567 in
807 3514 1012 3581 synodo
1043 3513 1372 3584 Melpbitana
1398 3517 1698 3583 prazstitum

138 3596 295 3665 fuisse,
341 3603 429 3671 qui
458 3619 526 3656 se
552 3602 735 3672 ligium
764 3605 1027 3658 hominem
1058 3602 1310 3659 Ecclesia:
1336 3606 1602 3675 confessus
1622 3618 1697 3660 est

134 3703 210 3753 pro
244 3692 389 3744 terris
412 3692 652 3761 Apulia.
686 3690 829 3747 idem
851 3702 1043 3749 auctor
1055 3696 1220 3749 multa
1235 3696 1431 3750 ibidem
1456 3697 1699 3765 congerit

133 3775 188 3831 de
207 3777 410 3851 [logerii
453 3783 896 3849 successoribus,
939 3784 1032 3853 qui
1072 3785 1315 3854 praestito
1352 3786 1469 3855 pari
1506 3801 1693 3842 sacra-

133 3880 291 3922 mento
339 3887 395 3925 se
450 3885 584 3926 esse
633 3872 888 3929 Ecclesiae
937 3875 1270 3931 feudatarios
1334 3888 1693 3947 agnoverunt.

132 3972 347 4030 quosque
367 3963 663 4031 pontifices
698 3966 877 4019 vexilli
904 3968 1241 4035 porrectione
1269 3968 1526 4025 investire
1560 3985 1691 4025 con-

129 4063 409 4110 sueverant.
455 4054 736 4111 Urbanum
791 4067 846 4112 et
881 4057 1170 4128 Rogerium
1223 4060 1695 4131 conjunctissimos

130 4138 276 4196 fuisse
304 4156 473 4214 patet,
527 4146 670 4214 quod
698 4148 980 4218 utriusque
1005 4148 1161 4216 jussu
1190 4149 1509 4206 Guillelmus
1547 4157 1693 4215 Apu-

126 4228 287 4289 liensis
310 4252 397 4291 res
428 4237 929 4295 Nm-thmannorum
960 4241 1219 4310 przeclare
1249 4243 1300 4297 in
1334 4242 1485 4298 Italia
1512 4255 1694 4313 gestas

126 4323 347 4379 versibus
394 4327 775 4398 descripserit,
821 4330 899 4385 uti
940 4331 1053 4401 ipse
1100 4332 1254 4390 initio
1296 4334 1379 4389 sui
1407 4349 1586 4405 operis
1614 4350 1692 4391 te-

124 4421 296 4469 statur.
332 4430 335 4433 ’

181 4502 418 4576 Plerique
442 4508 613 4565 etiam
636 4511 970 4567 contendunt
994 4513 1046 4567 in
1071 4514 1171 4569 hac
1193 4516 1399 4587 synodo
1425 4518 1686 4586 contigis-

119 4609 188 4659 se,
215 4602 351 4667 quod
385 4602 454 4657 de
494 4600 661 4656 Petro
690 4604 882 4658 abbate
913 4603 1137 4663 Carensi
1168 4609 1371 4677 passim
1397 4608 1537 4678 apud
1564 4608 1682 4662 vul-

119 4696 253 4753 gates
288 4701 549 4746 auctores
607 4692 819 4763 legitur,
864 4695 1139 4751 Urbanum
1184 4698 1392 4754 scilicet
1437 4700 1509 4765 ei,
1557 4716 1680 4755 cum

118 4777 241 4834 inter
259 4782 392 4839 alios
412 4787 633 4841 concilii
653 4786 842 4844 Patres
856 4790 998 4845 nudo
1010 4792 1186 4861 capite
1208 4794 1443 4858 sederet,
1463 4795 1678 4849 mitram

119 4869 327 4939 misisse,
358 4889 470 4944 qua
507 4875 760 4948 deinceps
791 4887 1053 4934 uteretur.
1079 4881 1145 4935 Et
1172 4883 1387 4951 quidem
1414 4883 1538 4939 licet
1568 4900 1676 4938 non

118 4958 237 5014 adeo
260 4974 495 5031 constet,
527 4982 631 5036 qua
657 4968 708 5022 id
734 4970 1021 5025 occasione
1068 4980 1159 5026 aut
1188 4972 1305 5029 loco
1334 4973 1535 5029 factum
1566 4974 1679 5029 fue-

117 5049 196 5114 rit,
217 5067 300 5107 res
325 5064 512 5111 tamen
545 5057 660 5127 ipsa
688 5058 900 5114 videtur
928 5076 1048 5115 esse
1074 5071 1249 5126 certa,
1282 5072 1467 5132 utpote
1499 5064 1673 5119 relata

116 5141 175 5195 ab
196 5160 464 5221 anonymo
488 5151 684 5207 abbate
732 5154 1022 5220 Venusiuo,
1051 5156 1104 5211 in
1128 5154 1369 5223 ejusdem
1396 5157 1539 5212 beati
1574 5159 1672 5213 viri

118 5230 244 5299 Vita,
290 5253 455 5306 quam
512 5241 673 5309 paulo
724 5251 845 5312 post
903 5244 1069 5312 ipsius
1092 5245 1296 5300 obitum
1325 5247 1670 5317 conscripsit.

116 5319 215 5379 Non
232 5327 503 5397 ingratum
519 5333 622 5386 erit
642 5331 758 5399 ejus
784 5335 947 5389 verba
977 5335 1083 5390 huc
1114 5336 1358 5405 proferre
1388 5354 1401 5391 :
1437 5336 1505 5392 In
1548 5355 1674 5408 syn-

116 5414 219 5479 odo,
246 5416 440 5487 inquit,
468 5420 519 5473 ei
544 5438 683 5475 more
700 5438 795 5476 suo
822 5423 961 5477 nudo
987 5426 1155 5494 capite
1186 5426 1451 5491 residenti,
1475 5438 1672 5481 sancta:

118 5508 363 5561 materiae»
396 5525 537 5579 papa
582 5507 827 5567 Urbanus
859 5513 1213 5582 pontiﬁcalem
1250 5516 1475 5585 infulata
1508 5520 1667 5585 misit,

116 5606 252 5658 quam
278 5601 455 5671 utique
480 5603 556 5655 vir
576 5603 813 5670 Domini,
842 5616 889 5659 et
904 5624 999 5675 pro
1024 5610 1215 5662 summi
1244 5611 1507 5679 pontiﬁcis
1533 5628 1670 5664 reve-

121 5688 263 5742 rentia
314 5693 674 5750 venerabiliter
710 5697 920 5767 recepit,
957 5708 1003 5752 et
1043 5698 1411 5769 ofﬁciosissime
1466 5702 1665 5755 saluta-

1828 1875 2216 1942 pronuntiavit,
2258 1885 2317 1929 ut
2377 1875 2493 1947 ipse
2547 1883 2773 1929 testatur
2822 1875 2873 1928 in
2915 1875 3129 1929 laudato
3160 1875 3399 1940 decreto,

1828 1967 1970 2036 quod
1997 1982 2061 2019 ex
2089 1968 2307 2023 archivo
2336 1968 2555 2021 Carensi
2583 1968 2907 2035 descriptum
2931 1967 3291 2022 exhibebitur.

1901 2056 2178 2128 Synodum
2226 2058 2607 2129 Melpbitanam
2653 2074 2795 2113 anno
2826 2060 2982 2127 1089,
3011 2061 3399 2130 consignaruut

1823 2146 2174 2202 vetustissimi
2195 2148 2393 2220 quique
2415 2157 2683 2209 auctores.
2708 2149 2904 2218 quibus
2925 2150 3194 2204 consentit
3212 2148 3396 2203 brevis

1822 2234 2070 2303 praefatio
2103 2237 2218 2307 ejus
2250 2237 2549 2293 canonibus
2578 2239 2741 2293 etiam
2777 2240 2830 2292 in
2863 2240 2983 2294 cod.
3019 2255 3121 2293 ms.
3152 2239 3394 2309 praefixa,

1824 2345 1923 2384 nec
1974 2328 2078 2382 ulla
2122 2337 2265 2385 esset
2304 2341 2369 2385 ea
2393 2332 2457 2386 de
2487 2345 2545 2386 re
2574 2330 2881 2398 difﬁcultas,
2928 2332 3029 2386 nisi
3061 2332 3323 2387 Baronius
3343 2341 3399 2386 et

1820 2417 2062 2487 plerique
2113 2419 2444 2485 recentiores
2487 2434 2604 2475 eam
2660 2420 2726 2476 ad
2748 2436 2949 2475 annum
2970 2428 3283 2490 sequentem
3312 2436 3399 2475 re-

1820 2525 2015 2564 vocare
2071 2511 2248 2565 conati
2302 2510 2564 2577 fuissent;
2624 2512 2833 2581 decepti
2890 2512 3075 2582 procul
3114 2513 3275 2566 dubio
3298 2528 3394 2565 au-

1820 2602 2071 2655 ctoritate
2126 2600 2407 2656 Rornualdi
2464 2601 2810 2667 Salernitani,
2854 2604 2965 2671 qui,
3000 2612 3058 2658 ut
3087 2603 3217 2671 ipsis
3249 2604 3397 2657 vide-

1817 2704 1927 2758 tur,
1978 2694 2117 2747 hanc
2168 2693 2429 2763 synodum
2460 2692 2526 2746 ad
2570 2709 2770 2747 annum
2800 2694 2935 2749 1090
2979 2695 3178 2749 retulit.
3206 2696 3277 2748 At
3306 2710 3395 2749 ve-

1816 2798 1960 2847 reor,
1996 2782 2098 2836 nisi
2130 2783 2196 2837 sit
2226 2782 2430 2836 librarii
2454 2792 2714 2849 erratum,
2741 2793 2794 2836 ut
2822 2784 3127 2854 suspicatur
3148 2784 3393 2854 Peregri-

1814 2874 1956 2938 nius,
1990 2891 2057 2929 ne
2112 2884 2360 2929 auctores
2387 2874 2460 2927 illi
2503 2874 2622 2929 falsi
2670 2874 2868 2928 fuerint
2894 2890 2957 2930 ex
2989 2875 3147 2929 modo
3172 2890 3393 2945 compu-

1814 2965 1961 3019 tandi
2004 2980 2161 3035 quem
2209 2965 2451 3035 plerique
2473 2964 2589 3033 ejus
2618 2967 2872 3034 temporis
2920 2975 3169 3021 auctores
3204 2966 3253 3019 in
3284 2966 3390 3020 illis

1814 3055 2094 3111 ulterioris
2154 3056 2319 3111 Italia:
2358 3058 2667 3127 regionibus
2702 3058 2956 3111 adbibere
2999 3056 3242 3111 solebant
3272 3074 3285 3110 :
3311 3056 3389 3110 illi

1811 3149 1957 3202 enim
2012 3163 2213 3201 annum
2265 3147 2525 3202 iucboaut
2572 3164 2693 3201 cum
2744 3147 3030 3201 indictione
3082 3146 3317 3199 lloumna
3356 3162 3385 3199 a

1807 3251 1997 3290 mense
2051 3236 2393 3306 Septembri;
2450 3236 2522 3293 ita
2578 3245 2633 3289 ut
2687 3234 2961 3305 vulgarem
3012 3234 3275 3288 calculum
3327 3234 3379 3287 in

1805 3342 2073 3382 annorum
2126 3327 2493 3398 designatione
2536 3335 2765 3395 quatuor
2816 3326 3090 3379 mensibus
3139 3334 3385 3377 antever-

1802 3424 1938 3470 tant.
2003 3416 2094 3472 Sic
2149 3432 2452 3487 anonymus
2496 3415 2804 3471 Bareusisa
2830 3415 3139 3485 i’eregrinio
3181 3416 3380 3476 editus,

1802 3509 2002 3577 aliique
2058 3508 2262 3577 passim
2318 3507 2530 3561 illarum
2584 3506 2816 3575 partium
2859 3506 3152 3574 scriptorcs
3181 3504 3385 3571 vulgati

1800 3614 1970 3653 annos
2002 3598 2293 3668 incipiunt;
2322 3612 2457 3667 quos
2478 3596 2523 3649 si
2564 3596 2651 3650 bic
2676 3595 2917 3648 imitatus
2944 3593 3105 3647 fuerit
3126 3592 3384 3647 Romual-

1800 3691 1920 3756 dus,
1945 3696 2003 3742 ut
2027 3688 2242 3757 quidem
2269 3701 2397 3741 vero
2422 3685 2596 3741 simile
2617 3694 2723 3750 est,
2766 3683 2982 3739 differre
3006 3684 3266 3738 dicendus
3291 3692 3381 3738 est

1797 3794 1828 3833 a
1852 3777 2063 3833 caeteris
2085 3776 2393 3831 auctoribus
2420 3776 2470 3830 in
2521 3776 2840 3846 assignauda
2868 3775 3027 3845 hujus
3048 3775 3235 3845 synodi
3257 3790 3382 3844 epo-

1796 3868 2135 3936 clta,utpote
2187 3882 2307 3935 qua:
2361 3874 2595 3921 exeunte
2646 3881 2830 3920 mense
2875 3864 3200 3935 Septembri,
3234 3865 3378 3919 iudi-

1796 3959 1975 4014 ctioae
2008 3974 2127 4019 Illi,
2148 3958 2415 4011 celebrata
2457 3956 2577 4011 fuit.
2606 3956 2802 4010 Verum
2828 3964 2965 4009 utut
2991 3950 3153 4009 fuerit
3179 3954 3243 4008 de
3268 3955 3377 4009 Ro-

1794 4049 1995 4103 mualdi
2044 4049 2316 4118 opinione,
2371 4058 2580 4103 certum
2629 4055 2712 4101 est
2767 4047 2907 4100 hanc
2930 4046 3192 4116 synodum
3227 4061 3372 4099 anno

1795 4139 1932 4195 1089
1986 4140 2224 4194 habitam
2279 4139 2467 4193 fuisse.
2522 4138 2678 4207 Quod
2741 4138 2943 4192 diserte
2992 4137 3193 4191 habent
3244 4154 3369 4192 cum

1795 4230 1943 4302 Lupo
1965 4230 2282 4300 Protospata
2314 4228 2403 4283 alii
2436 4229 2597 4285 etiam
2639 4237 2889 4282 auctores
2936 4226 3191 4295 aequales.
3226 4226 3370 4282 Niliﬂ

1793 4323 2035 4391 apertius
2062 4321 2245 4375 haberi
2272 4335 2335 4375 ea
2377 4320 2444 4374 de
2484 4334 2544 4373 re
2572 4326 2769 4387 potest,
2799 4333 2960 4387 quam
2998 4314 3223 4373 Joannis
3254 4318 3369 4372 dia-

1716 4449 1763 4504 D
1792 4413 1911 4467 coni
1943 4421 1997 4466 et
2020 4411 2329 4466 cancellarii
2356 4410 2447 4481 qui
2476 4410 2603 4465 huic
2645 4411 2872 4465 concilio
2919 4410 3186 4475 interfuit,
3219 4410 3372 4464 testi~

1787 4502 2028 4558 monium
2071 4503 2122 4556 in
2174 4501 2401 4572 epistola
2439 4516 2598 4570 supra
2648 4500 2861 4555 laudata
2896 4501 2958 4556 ad
2981 4500 3229 4555 abbatem
3259 4498 3369 4553 Mo-

1786 4591 2123 4660 lismensem,
2161 4594 2346 4663 inqua
2390 4594 2469 4649 sic
2503 4593 2703 4648 habet:
2750 4592 2991 4647 Secundo
3034 4591 3372 4661 pontiﬁcatus

1783 4686 1867 4738 sui
1916 4702 2054 4738 anno
2086 4684 2328 4738 dominus
2385 4692 2557 4737 noster
2609 4681 2850 4737 Urbanus
2903 4700 3037 4752 papa
3089 4680 3369 4735 concilium

1782 4775 1923 4845 apud
1979 4775 2264 4844 Melplriam
2306 4774 2513 4845 Apulia:
2577 4775 2751 4827 urbem
2800 4773 3091 4827 celebravit.
3136 4771 3202 4825 Et
3246 4780 3370 4840 post

1780 4878 1949 4933 pauca
1978 4882 1990 4917 :
2033 4861 2149 4917 Hoc
2175 4880 2299 4917 sane
2326 4861 2601 4917 concilium
2634 4861 3011 4930 Melphitanum
3047 4857 3362 4914 celebratum

1778 4966 1852 5010 est
1876 4971 2012 5009 anno
2048 4953 2337 5008 ﬂaminica:
2378 4952 2770 5007 lncarnationis
2822 4950 2983 5014 1059;
3022 4965 3138 5019 qtae
3187 4960 3360 5003 autem

1777 5044 2073 5107 scribimus,
2099 5053 2375 5113 prwscntes
2402 5058 2493 5096 nos
2512 5052 2558 5096 et
2581 5041 2789 5095 audisse
2816 5050 2860 5092 ct
2894 5040 3082 5092 vidisse
3110 5042 3360 5093 noscatis.

1777 5132 1922 5187 ldem
1949 5132 2143 5203 probat
2186 5130 2423 5188 Joannes
2471 5132 2882 5185 archidiacomts
2921 5128 3198 5193 Bareusis,
3240 5131 3352 5198 qui,

1777 5224 1853 5278 uti
1883 5224 2066 5279 caeteri
2090 5234 2356 5287 auctores,
2388 5223 2603 5277 disertis
2626 5221 2805 5276 verbis
2833 5221 2973 5276 locat
3005 5222 3132 5276 Elite
3180 5221 3362 5275 archi-

1774 5314 2014 5384 episc0pi
2036 5315 2522 5377 consecrationem,
2547 5327 2665 5381 qua:
2682 5310 2797 5380 ipso
2815 5310 3032 5366 Urbano
3055 5319 3189 5365 teste
3218 5325 3362 5364 anno

1780 5406 1944 5470 1089,
1977 5416 2162 5459 mense
2189 5400 2429 5467 Octobri,
2471 5401 2741 5457 celebrata
2784 5410 2890 5464 est,
2952 5401 3195 5470 proxime
3237 5408 3367 5454 nosti

1774 5497 2064 5553 concilium
2087 5496 2495 5565 Melpliitanum.
2529 5492 2621 5549 Sic
2653 5493 2794 5548 enim
2827 5494 3060 5562 loquitur
3086 5492 3139 5544 in
3173 5490 3359 5545 llistu-

1776 5587 1852 5641 ria
1894 5585 2225 5641 inventionis
2272 5584 2443 5638 sancti
2502 5582 2689 5639 Sabini
2749 5583 2890 5655 apud
2950 5579 3240 5635 Barouium
3290 5582 3358 5634 ad

1775 5696 1973 5734 annum
2006 5678 2159 5743 1001,
2194 5686 2248 5732 ct
2278 5675 2561 5747 lighellum
2614 5686 2759 5732 tonio
2819 5675 2900 5731 V'll
2944 5676 3105 5729 italia:
3147 5685 3362 5733 sacrm:
