3962 6312
615 245 686 301 59

1935 270 1994 325 Β.
2038 271 2175 327 URB

2280 276 2291 329 l
2328 277 2367 331 ιι
2404 279 2608 335 raras
3742 316 3791 373 ω

612 358 740 414 Post
784 363 980 417 obitum
1016 364 1253 423 Ursionis
1302 375 1547 429 successit
1597 376 1747 433 Elius
1781 383 2197 452 archiepiscopus
2230 394 2271 449 Α
2304 394 2588 449 smculares
2614 397 2871 453 translata
2893 409 2996 466 est,
3021 411 3077 457 ut
3099 418 3279 462 narrat
3310 409 3549 482 Ughellus
3572 427 3692 477 tome
3711 426 3792 481 Vl].

612 452 862 482 1.)....ηηυεμ
977 460 1059 482 _..:
1124 461 1317 482 --_:__-._
1401 466 1440 482 ,1
1463 465 1473 482 ι
1629 468 1649 482 ,ο
1785 481 1791 482 ,

610 452 908 519 Barensis,
970 460 1059 527 qui
1121 461 1321 527 primus
1386 465 1548 519 abbas
1619 468 1838 537 fuerat,
1910 490 2195 546 corpusque

610 547 778 597 sancti
802 545 1013 600 Nicolai
1039 566 1133 602 sua
1160 551 1213 602 in
1242 556 1613 620 procuratione
1647 561 1840 629 absque
1858 565 2195 621 ordinatione

610 636 834 688 tenebat.
864 636 975 690 lloc
996 648 1167 692 autem
1197 641 1357 697 electo
1383 645 1435 698 in
1457 649 1899 721 archiepiscopum
1932 654 2194 709 voluntate

607 733 761 791 atque
786 740 1035 780 consensu
1060 728 1210 784 ducis
1244 731 1457 805 Rogcrii
1484 736 1587 804 ﬁlii
1613 739 1761 793 ducis
1803 743 1929 795 dicti
1957 742 2189 810 Roberti,

608 812 841 881 Melﬁam
865 834 1055 886 papam
1100 818 1369 876 Urbanum
1401 826 1684 894 adicimus,
1714 832 1805 900 qui
1836 832 2025 887 ibidem
2063 854 2189 906 syn-

605 904 761 957 odum
791 907 1083 963 celebrabat
1123 928 1295 970 mense
1344 914 1664 986 Septembri,
1688 938 1838 991 quem
1872 904 2189 994 rogavimus,

603 1009 660 1051 ut
715 1017 871 1071 usque
912 1003 1117 1060 Barum
1166 1010 1518 1080 descenderet,
1565 1018 1975 1091 pra'dicrumque
2012 1039 2191 1076 conse-

602 1101 773 1143 craret
825 1091 999 1147 Etiam
1041 1096 1093 1148 in
1140 1101 1615 1174 archiepiscopatus
1663 1108 1932 1176 honorem,
1975 1112 2187 1166 domino

601 1174 917 1234 Boantundo
943 1186 1179 1239 eumdem
1210 1204 1399 1258 papam
1432 1181 1700 1251 nobiscitm
1744 1202 2072 1268 deprecante,
2098 1203 2188 1271 qui

603 1281 664 1318 eo
701 1276 929 1336 tempore
956 1270 1157 1328 Barum
1171 1277 1287 1346 jam
1317 1295 1412 1333 suo
1435 1284 1638 1339 tenebat
1683 1287 1778 1340 sub
1806 1291 2059 1344 dominio.
2092 1270 2187 1346 llis

604 1359 1042 1417 consentitbulla
1076 1366 1244 1435 ipsius
1294 1368 1495 1426 Urbani
1544 1375 1611 1428 ad
1661 1376 1882 1432 Petrum
1909 1379 2065 1435 Cavm
2091 1383 2187 1437 ab-

600 1446 780 1503 batem
804 1452 927 1507 data
963 1455 1063 1509 hoc
1094 1473 1235 1512 anno
1261 1460 1349 1515 die
1396 1478 1450 1516 xx
1513 1464 1781 1521 Kalendas
1815 1467 2090 1535 Octobris,
2130 1473 2182 1526 in

600 1553 704 1606 qua
740 1553 936 1610 praeter
959 1547 1063 1601 alia
1095 1551 1259 1606 multa
1285 1555 1527 1623 pontifex
1554 1558 1812 1615 Cavensis
1856 1565 2185 1619 monasterio

599 1635 890 1691 conﬁrmat
919 1654 981 1692 ea
1028 1640 1166 1708 loca,
1200 1645 1266 1700 de
1297 1649 1493 1715 quibus
1521 1668 1684 1721 nuper
1722 1655 1916 1723 inquit,
1946 1657 1999 1711 id
2027 1669 2108 1711 est
2131 1658 2182 1712 in

598 1724 831 1780 concilio
866 1726 1154 1797 Melﬁtano,
1190 1745 1249 1789 ut
1286 1746 1435 1805 patet
1470 1754 1537 1794 ex
1585 1743 1803 1798 decreto
1828 1746 1970 1814 quod
1998 1745 2182 1800 lauda-

598 1820 713 1867 tum
738 1826 818 1870 est
848 1833 995 1874 num.
1028 1827 1375 1893 praecedenti,
1406 1831 1586 1885 habita
1615 1836 1833 1904 quwstio
1873 1834 2073 1891 fuerat.

592 1922 702 1979 LV.
727 1925 973 1985 Urbanus
1008 1932 1149 2016 Bari.
1180 1938 1427 2007 transfert
1451 1958 1570 1994 ossa
1608 1941 1667 1997 S.
1697 1943 1912 1999 ΝίσοΙηί
1936 1956 1982 2001 et
2007 1947 2182 2004 Eliam

1069 2021 1367 2076 episcopum
1400 2023 1691 2067 consecrat.

670 2087 932 2147 Invitatus
992 2094 1172 2165 itaque
1232 2098 1482 2157 Urbanus
1544 2120 1572 2158 a
1638 2105 1991 2176 Boamundo,
2061 2122 2184 2181 post

593 2178 803 2236 ﬁnitam
874 2190 1138 2256 synodum
1204 2191 1587 2262 Melpbitanam
1651 2197 1883 2256 Venusia
1934 2178 2180 2289 transiit,

591 2274 682 2328 ubi
762 2278 963 2334 bullam
1030 2298 1193 2352 quam
1259 2288 1420 2343 modo
1490 2290 1883 2359 laudabamus,
1960 2274 2185 2354 conces:

592 2370 663 2425 sit
727 2371 778 2425 in
844 2376 1068 2443 gratiam
1121 2378 1488 2449 Cavensium;
1557 2395 1667 2440 tum
1729 2386 1914 2443 invisit
1972 2389 2181 2445 Baren~

583 2476 704 2515 sem
732 2464 1019 2521 ecclesiam
1062 2478 1185 2525 tunc
1221 2475 1478 2542 temporis
1508 2477 1938 2543 celeberrimam,
1968 2481 2038 2536 ob
2068 2483 2178 2536 fre-

590 2555 811 2621 quentia
840 2557 1120 2625 miracula,
1153 2577 1274 2631 quae
1296 2564 1362 2618 ad
1388 2580 1585 2636 corpus
1611 2572 1785 2624 sancti
1812 2570 2044 2638 Nicolai,
2077 2575 2180 2629 hoc

591 2662 734 2701 anno
759 2648 893 2703 1087
920 2651 1160 2717 allatum,
1190 2654 1307 2711 ﬁeri
1361 2659 1699 2716 dicebantur.
1752 2663 1825 2717 lbi
1876 2666 2176 2721 beatissimi

591 2739 853 2796 antistitis
884 2758 1006 2797 ossa
1039 2746 1277 2813 pontifex
1320 2752 1557 2819 propriis
1604 2754 1855 2809 manibus
1901 2756 1956 2809 in
2006 2758 2177 2812 locum

589 2830 763 2895 parati
792 2832 924 2885 aditi
971 2835 1294 2904 collocavit,
1347 2849 1403 2895 et
1460 2841 1587 2897 licet
1632 2844 1736 2899 hoc
1785 2843 1950 2901 fuerit
1996 2860 2177 2903 contra

589 2936 808 2986 morem,
837 2933 896 2978 ut
924 2926 1038 2995 ipse
1060 2927 1316 2998 loquitur,
1352 2931 1607 2989 Romana:
1645 2947 1693 2990 et
1738 2939 2040 3007 apostolicae
2073 2940 2176 2994 Ec-

588 3010 781 3078 clesia’,
809 3015 862 3069 in
888 3021 1102 3087 propria
1133 3021 1252 3076 sede
1282 3022 1453 3078 Ellam
1497 3026 1755 3084 Barensis
1796 3041 1851 3085 et
1890 3032 2175 3088 Canusina:

2299 492 2353 535 et
2389 495 2508 551 post
2535 501 2659 540 cum
2683 488 2921 545 Lubinus
2958 502 3010 546 et
3041 495 3151 549 alii.
3177 497 3458 559 Eustachio
3485 507 3642 563 abbati
3661 519 3788 573 sancti

2296 571 2499 628 Nicolai
2544 577 2751 647 insigne
2802 576 3136 653 privilegium
3192 595 3452 648 concessit
3497 597 3727 662 Paschalis
3759 571 3789 663 ll

2294 679 2437 718 anno
2468 669 2625 734 1106,
2664 671 2848 741 inquo
2878 676 3116 743 pontifex
3178 690 3404 738 testatur
3444 703 3623 759 corpus
3662 702 3787 755 sancti

2292 754 2497 821 Nicolai
2538 769 2779 831 tempore
2822 766 3040 822 Victoris
3072 768 3202 837 ΙΙΙ,
3241 790 3307 828 ex
3352 754 3683 838 transmarinis
3703 804 3789 849 par-

2292 845 2429 900 tibus
2458 849 2513 902 iu
2543 851 2719 906 urbem
2762 854 3063 914 Barisinam
3115 863 3400 942 advectum,
3447 870 3511 922 ab
3548 845 3730 931 Urbano
3760 878 3788 934 ll

2292 936 2405 992 loco
2432 956 2532 1010 quo
2562 959 2718 1011 nunc,
2751 948 2941 1017 inquit,
2992 957 3278 1009 reverentia
3321 959 3476 1028 digna
3518 976 3730 1030 servatur,
3752 971 3789 1023 in

2291 1043 2470 1100 crypta
2516 1035 2754 1104 inferiori
2809 1059 3013 1097 summa
3063 1062 3180 1099 cum
3228 1053 3583 1118 veneratione,
3627 1057 3789 1125 desuper

2289 1122 2551 1182 altare.in
2603 1128 2850 1186 honorem
2881 1132 3092 1189 Domini
3143 1150 3474 1206 consecrato,
3522 1146 3787 1202 reconditum

2289 1208 2476 1267 fuisse.

2430 1303 2561 1359 LVI.
2590 1307 2669 1362 An
2696 1319 2818 1364 tunc
2838 1314 3115 1370 concilium
3150 1316 3325 1388 Trojte
3361 1320 3584 1378 habitum
3615 1326 3687 1380 sit.

2358 1392 2601 1450 Alterum
2628 1398 2680 1452 in
2697 1401 2884 1469 Apulia
2911 1405 3199 1461 concilium
3223 1411 3324 1466 sub
3359 1412 3513 1480 hujus
3533 1416 3644 1470 anni
3674 1416 3788 1470 ﬁnem

2289 1480 2462 1555 Trojae
2476 1484 2803 1543 celebratum
2820 1486 2984 1547 fuisse
2996 1495 3179 1551 volunt
3194 1498 3472 1564 Baronius,
3490 1503 3671 1569 Binius,
3690 1504 3789 1561 Clie-

2288 1572 2438 1627 snius
2457 1573 2509 1629 in
2524 1573 2659 1631 Vitis.
2674 1581 2988 1648 pontiﬁcum
3020 1587 3318 1657 exterique
3341 1590 3547 1645 illorum
3571 1602 3787 1648 auctorum

2287 1678 2566 1732 sequaces,
2589 1669 2679 1736 qui
2705 1669 2832 1723 illud
2861 1673 3148 1729 concilium
3173 1678 3408 1745 primum
3440 1679 3699 1751 Trojanum
3720 1684 3790 1736 sub

2211 1771 2258 1830 Β
2290 1752 2508 1811 Urbano
2534 1757 2575 1811 ll
2604 1760 2892 1829 appellant.
2918 1780 2945 1816 a
2971 1763 3134 1821 Petro
3163 1769 3416 1837 diacono,
3452 1772 3601 1827 lvone
3636 1772 3789 1828 Carno-

2293 1847 2459 1913 tensi,
2512 1848 2805 1916 Gratiano,
2850 1852 3107 1923 Magistro
3157 1861 3581 1927 sententiarum,
3623 1862 3789 1931 aliisque

2291 1955 2489 2009 passum
2542 1943 2846 2000 celebribus
2892 1949 3225 2015 auctoribus,
3254 1952 3334 2005 uti
3365 1954 3545 2019 aiunt,
3589 1968 3786 2008 memora.

2290 2041 2423 2087 tum.
2478 2035 2550 2089 At
2583 2038 2779 2092 merito
2830 2038 3175 2107 refragantur
3220 2044 3311 2099 alii
3361 2046 3461 2100 viri
3517 2048 3701 2113 eruditi,
3723 2047 3781 2115 qui

2286 2126 2503 2180 unicum
2531 2129 2630 2183 sub
2670 2130 2889 2187 Urbano
2920 2132 2962 2186 ll
2989 2132 3281 2201 Trojanum
3333 2139 3610 2193 concilium
3653 2140 3789 2192 admit-

2288 2223 2424 2279 tunt,
2459 2221 2783 2287 ann01095,
2817 2223 2891 2276 uti
2935 2239 2998 2277 ex
3043 2226 3293 2283 Bertoldo
3342 2238 3569 2293 constat,
3614 2229 3791 2284 celebra-

2286 2313 2419 2361 tum.
2480 2308 2635 2365 Unde
2688 2313 2920 2382 primum
2970 2314 3120 2380 illud,
3168 2320 3311 2387 quod
3360 2319 3616 2376 Batonius
3647 2329 3691 2376 et
3731 2319 3793 2371 alii

2283 2405 2533 2453 auctores
2586 2400 2785 2456 laudati
2846 2419 2988 2458 anno
3055 2406 3193 2461 l089
3253 2411 3598 2480 consignant,
3644 2424 3792 2479 expun-

2284 2488 2512 2554 gendum
2540 2504 2660 2545 esse
2689 2494 3023 2549 contendunt
3052 2514 3063 2549 :
3092 2506 3147 2551 et
3173 2497 3413 2566 quidem,
3444 2516 3591 2554 nemo
3616 2513 3792 2567 unquam

2281 2586 2409 2631 ante
2466 2578 2584 2634 illos
2637 2590 2873 2648 nostrae,
2924 2592 3018 2638 aut
3069 2597 3385 2643 nostrorum
3425 2590 3631 2644 Patrum
3665 2590 3791 2643 aetatis

2281 2676 2552 2734 auctores,
2606 2670 2711 2725 duo
2753 2673 2982 2728 concilia
3038 2674 3211 2742 Trojae
3262 2680 3364 2733 sub
3414 2679 3621 2735 Urbano
3658 2679 3790 2734 habita

2280 2754 2552 2822 laudavit;
2581 2774 2700 2828 quae
2722 2775 2850 2815 vero
2873 2778 2902 2814 a
2939 2762 3173 2832 Trojano
3196 2768 3453 2835 concilio,
3506 2770 3579 2823 uti
3605 2769 3793 2822 Labbeus

2279 2847 2609 2914 observavit,
2659 2849 2768 2917 lvo,
2813 2852 3106 2909 Gratianus
3152 2864 3245 2909 aut
3295 2858 3386 2914 alii
3438 2868 3667 2914 auctores
3695 2856 3793 2909 anti-

2278 2941 2495 3007 quiores
2523 2943 2819 3009 protulere,
2869 2943 3068 2998 nullam
3098 2947 3321 3009 habent
3365 2949 3615 3020 temporis
3638 2956 3792 3008 notam,

2277 3030 2418 3083 unde
2446 3030 2622 3101 colligi
2646 3034 2817 3101 possit
2855 3049 2918 3088 ea
2951 3051 3058 3090 uno
3085 3040 3271 3105 potius
3316 3054 3480 3110 quam
3521 3039 3673 3095 altero
3692 3050 3794 3090 anno

588 3117 708 3172 qum
735 3104 848 3174 jam
880 3116 1007 3163 tunc
1028 3111 1193 3167 unitaa
1218 3124 1395 3179 erant,
1423 3118 1776 3175 ecclesiarum
1805 3123 2168 3194 archiepisco-

2280 3122 2485 3177 sancita
2511 3122 2700 3179 fuisse.
2730 3125 2975 3195 Denique
3011 3143 3112 3182 nec
3137 3128 3335 3187 Petrus
3382 3132 3497 3201 ipse
3518 3126 3795 3199 cujus.testi-

588 3211 713 3264 pum
756 3198 985 3254 electum
1027 3203 1089 3254 ob
1122 3205 1440 3260 devotionem
1462 3211 1632 3262 sancti
1657 3210 1887 3276 Nicolai,
1918 3223 1965 3266 et
1991 3215 2171 3284 populi

586 3284 641 3336 id
662 3286 991 3356 efﬂagitantis
1041 3293 1369 3348 dilectionem
1417 3302 1778 3355 consecravit.
1818 3301 1944 3358 llazc
1990 3306 2171 3360 omnia

585 3375 760 3432 fusius
792 3382 1018 3451 exponit
1057 3385 1170 3454 ipse
1204 3386 1453 3444 Urbanus
1483 3391 1537 3444 in
1562 3391 1862 3464 privilegio,
1900 3412 2048 3450 num.
2072 3398 2165 3461 26,

584 3468 727 3535 quod
757 3484 818 3523 ea
858 3474 1146 3529 occasione
1195 3475 1327 3530 Elia:
1365 3486 1419 3531 et
1465 3480 1583 3548 ejus
1636 3480 1859 3539 Barensi
1917 3484 2175 3540 Ecclesia:

584 3560 853 3614 concessit
880 3562 1023 3619 die9
1076 3565 1327 3623 Octobris
1366 3569 1570 3626 datum.
1616 3571 1784 3628 Porro
1835 3575 2007 3644 ipsum
2047 3592 2175 3631 con-

587 3651 911 3707 secrationis
942 3654 1070 3709 Eliae
1108 3656 1250 3711 diem
1311 3659 1573 3716 discimus
1624 3678 1690 3718 ex
1729 3664 1999 3721 Chronico
2038 3682 2172 3724 ano-

582 3726 734 3807 nymi
763 3741 1019 3800 Barensis
1050 3748 1114 3799 ad
1145 3764 1345 3803 annum
1385 3751 1520 3806 1095
1547 3769 1705 3823 quem
1735 3772 1832 3824 pro
1874 3774 2025 3814 more
2075 3777 2174 3817 suo

585 3844 616 3883 a
641 3830 945 3899 Septembri
970 3839 1323 3905 praecedentis
1350 3843 1472 3895 anni
1500 3844 1659 3898 simul
1709 3853 1831 3901 cuin
1880 3849 2173 3906 indictione

590 3923 832 3989 inchoat,
870 3927 958 3981 ubi
991 3929 1072 3983 sic
1137 3932 1334 3987 habet:
1392 3934 1550 4001 1080,
1598 3938 1781 3992 indict.
1838 3956 1958 4006 xm,
2003 3960 2174 3997 mense

589 4012 901 4084 Septembri,
932 4018 985 4074 id
1013 4029 1096 4074 est
1121 4038 1263 4077 anno
1300 4024 1455 4089 1089,
1500 4025 1655 4094 juxta
1704 4030 1979 4101 vulgarem
2027 4049 2175 4109 com-

588 4106 813 4173 putandi
867 4111 1106 4178 modum,
1150 4114 1358 4168 intravit
1414 4116 1659 4172 Urbanus
1685 4137 1819 4190 papa
1878 4106 2174 4178 incivitate

583 4196 715 4251 Bari
733 4201 902 4268 pridie
931 4201 1056 4256 Kal.
1092 4204 1330 4261 Octobris
1355 4225 1373 4261 :
1405 4219 1451 4262 et
1484 4211 1536 4263 in
1579 4210 1703 4266 Kal.
1755 4212 1992 4268 Octobris
2045 4217 2173 4269 cedi-

581 4288 758 4356 ﬁcauit
818 4292 1197 4362 confessionem
1251 4300 1420 4352 sancti
1470 4298 1703 4355 Nicolai.
1759 4303 1959 4359 Eadem
2003 4303 2172 4359 ferme

587 4380 749 4437 habet
780 4381 961 4455 Lupus
1012 4387 1333 4459 Protospala
1365 4394 1430 4447 ad
1462 4407 1664 4448 annum
1706 4395 1879 4452 1089:
1927 4396 2172 4451 Urbanus

2276 3216 2455 3268 monio
2512 3215 2849 3284 potissimum
2920 3218 3016 3271 niti
3078 3220 3297 3275 videtur
3366 3222 3653 3287 Baronius,
3699 3217 3796 3272 duas

2274 3320 2502 3375 usquam
2549 3308 2727 3378 Troia:
2770 3310 3004 3379 synodos
3049 3314 3299 3382 agnovit;
3354 3314 3464 3370 imo
3506 3329 3600 3369 nec
3638 3320 3795 3368 certum

2277 3408 2488 3468 tempus
2515 3399 2764 3469 Trojanae
2795 3405 3000 3472 synodo
3031 3404 3333 3471 assignavit
3367 3406 3506 3461 libro
3547 3420 3616 3469 xv,
3641 3416 3738 3471 cap.
3756 3399 3793 3457 7.

2274 3487 2528 3543 Chronici
2551 3489 2885 3556 Casinensis,
2912 3495 3056 3548 unde
3085 3502 3267 3550 tamen
3303 3506 3663 3568 argumentum
3682 3502 3795 3546 suum

2276 3581 2527 3639 repetunt
2554 3576 2881 3643 adversarii;
2929 3578 3009 3632 sic
3054 3579 3201 3632 enim
3226 3592 3393 3649 caput
3445 3580 3571 3635 illud
3609 3574 3797 3632 absolute

2275 3664 2525 3721 inchoat:
2570 3664 2821 3737 Sequenti
2850 3677 3076 3737 tempore
3100 3686 3237 3738 papa
3276 3669 3520 3725 Urbanus
3554 3671 3714 3724 iterum
3748 3661 3795 3715 ad

2273 3756 2368 3809 has
2391 3766 2584 3825 partes,
2610 3755 3048 3824 Montis-Casini,
3090 3760 3391 3827 adveniens,
3424 3773 3528 3817 etc.
3557 3759 3662 3827 Quo
3700 3764 3795 3808 tem-

2272 3864 2397 3917 pore
2426 3849 2551 3902 dum
2586 3850 2728 3919 apud
2752 3850 2969 3919 Trojam
2989 3853 3245 3922 synodum
3270 3854 3570 3908 celebraret.
3623 3940 3644 3942 Α
3679 3938 3688 3942 Δ
3788 3931 3797 3942 0

2345 3939 2434 4005 At,
2466 3940 2701 4009 inquies,
2732 3940 2924 3997 Petrus
2962 3941 3081 3997 loco
3108 3942 3331 3999 laudato
3358 3945 3578 4000 Joannis
3611 3938 3797 4008 Cajetani

2275 4029 2669 4085 ordinationem
2701 4031 2753 4084 in
2780 4032 3071 4087 diaconum
3125 4047 3190 4087 eo
3238 4040 3486 4105 tempore
3522 4033 3587 4087 ab
3630 4027 3801 4085 Urbano

2276 4120 2472 4175 factam
2518 4119 2683 4176 fuisse
2726 4120 2915 4188 refert,
2978 4138 3087 4192 quo
3144 4124 3284 4193 apud
3343 4125 3553 4196 Trojam
3593 4115 3800 4208 εψιοάυπξ

2276 4210 2416 4265 idem
2448 4211 2688 4281 pontifex
2725 4213 3040 4268 celebravit.
3075 4212 3231 4269 Unde
3258 4230 3385 4270 cum
3412 4222 3613 4270 certum
3642 4209 3719 4268 sit,
3742 4211 3799 4256 ull

2275 4302 2523 4371 superius
2571 4304 2859 4372 probatum
2904 4313 3027 4369 est,
3091 4320 3158 4359 ex
3210 4305 3397 4360 multis
3444 4297 3796 4389 diplomatibus.

2274 4390 2535 4446 Joannem
2582 4392 2758 4461 primo
2784 4392 2985 4448 Urbani
3014 4409 3156 4448 anno
3197 4394 3484 4449 diaconum
3512 4392 3666 4446 fuisse
3686 4380 3797 4439 ordl'

585 4474 722 4528 venit
762 4477 816 4530 in
860 4478 1119 4534 civitatem
1167 4480 1367 4536 Barum
1396 4494 1442 4538 et
1474 4488 1790 4541 consecravit
1822 4487 1931 4542 illic
1965 4490 2169 4559 confcs-
2204 4521 2254 4580 θ
2280 4492 2486 4549 "ﬁlum.
2515 4484 2716 4539 ίηῖθιτο
2744 4484 2870 4539 licet
2916 4486 3179 4580 fyllOd‘lm
3217 4484 3506 4580 Troianam
3551 4493 3696 4580 ίιυξιηι

582 4566 781 4620 sionem
819 4571 989 4623 sancti
1028 4571 1242 4625 Nicolai
1258 4584 1303 4626 et
1334 4573 1508 4629 Elian:
1531 4578 1995 4645 archiepiscopum.
2029 4579 2171 4633 Elius

588 4672 653 4710 ex
715 4662 981 4715 monacho
1046 4660 1269 4717 Carensi
1323 4662 1499 4720 factus
1552 4669 1718 4723 abbas
1765 4669 1947 4725 Sancti
2003 4671 2174 4727 Bene-

588 4749 716 4803 dicti
742 4768 937 4823 propre
966 4764 1181 4824 portum
1226 4755 1540 4822 Barensem,
1592 4761 1801 4830 primus
1844 4764 2086 4819 omnium
2118 4767 2168 4819 in

590 4857 742 4897 suam
773 4845 1055 4900 ecclesiam
1085 4857 1399 4916 susceperat
1427 4865 1624 4918 corpus
1668 4854 1845 4907 sancti
1873 4853 2076 4907 Nicolai
2106 4871 2170 4909 ex

584 4933 731 4989 Licia
756 4953 896 4994 anno
922 4940 1058 4997 1087
1094 4941 1404 5007 advectum,
1439 4943 1635 4998 deinde
1677 4946 1964 5015 praefectus
1998 4948 2175 5004 fuerat

585 5027 829 5083 ecclesia:
861 5046 1048 5088 recens
1078 5035 1253 5088 cidem
1285 5043 1475 5089 sancto
1503 5046 1793 5094 exstructa:
1823 5042 1875 5094 in
1900 5042 2012 5111 ipsa
2040 5043 2172 5097 urbe

584 5120 829 5188 Barcnsi,
858 5136 917 5177 ut
937 5141 1001 5179 ex
1022 5126 1229 5182 Joanne
1281 5129 1667 5185 archidiacono
1710 5132 1934 5188 Barensi
1986 5144 2173 5189 narrat

589 5213 883 5271 0rdericus
912 5216 1105 5275 Vitatis
1148 5222 1285 5278 libro
1338 5238 1449 5290 vn,
1494 5223 1583 5278 cui
1631 5225 1843 5279 tandem
1884 5226 1938 5281 in
1987 5228 2169 5282 archi-

580 5310 902 5388 episcopum
945 5326 1245 5385 assumpto,
1283 5315 1545 5373 suﬂectus
1587 5326 1671 5374 est
1702 5318 1755 5373 in
1783 5319 2006 5374 abbatia:
2036 5321 2174 5391 regi-

572 5409 728 5463 mine
791 5401 1118 5459 Eustachius
1174 5408 1494 5462 monasterii
1545 5407 1798 5464 Omnium
1842 5407 2168 5465 Sanctorum

572 5516 745 5572 prOpe
773 5495 1020 5551 eamdem
1044 5494 1231 5551 urbem
1270 5499 1544 5565 conditor,
1572 5500 1841 5555 secundus
1871 5510 1927 5554 et
1950 5499 2170 5555 ultimus

572 5592 759 5650 Sancti
798 5586 1001 5643 Nicolai
1029 5587 1226 5643 abbas:
1255 5603 1380 5643 nam
1404 5605 1469 5645 eo
1498 5590 1701 5659 pariter
1726 5591 1779 5646 in
1810 5589 2172 5660 archiepisco-

572 5703 698 5760 pum
752 5678 952 5751 elccto,
1004 5680 1235 5741 ecclesia
1278 5680 1461 5740 Sancti
1516 5682 1721 5743 Nicolai
1771 5685 1839 5744 ad
1882 5684 2172 5743 canonicos

2280 4576 2469 4631 Petrus
2498 4586 2782 4643 memorat,
2823 4579 2889 4632 ad
2916 4577 3118 4633 Urbani
3159 4578 3504 4649 pontiﬁcatus
3554 4564 3799 4664 primordia

2278 4684 2397 4723 esse
2428 4669 2817 4735 revocandam;
2854 4668 3186 4739 proindeque
3212 4686 3338 4726 cum
3374 4682 3525 4740 aeque
3549 4671 3729 4755 certum
3748 4660 3801 4755 ξιί

2277 4759 2525 4813 eumdem
2558 4759 2863 4828 pontiﬁcem
2891 4774 3034 4814 anno
3080 4760 3219 4815 1093
3266 4761 3529 4831 synodum
3574 4753 3735 4810 eadem
3760 4753 3801 4849 ξη

2277 4853 2409 4906 urbe
2456 4851 2776 4919 celebrasse,
2832 4854 2937 4908 duo
2988 4852 3220 4922 Trojana
3277 4854 3506 4911 concilia
3544 4851 3802 4935 necessarie

2276 4944 2607 4999 admittenda
2654 4954 2834 4999 erunt.
2879 4942 3081 5000 Verum
3121 4945 3256 5000 nihil
3305 4946 3439 5001 certi
3468 4959 3533 4999 ex
3560 4942 3655 4996 hoc
3687 4933 3802 5028 Ρθιξξ

2278 5038 2587 5092 testimonio
2615 5037 2799 5092 inferri
2835 5044 3035 5106 potest,
3062 5052 3259 5108 nempe
3284 5038 3399 5107 qui,
3433 5036 3509 5091 uti
3541 5023 3803 5118 observavit

2276 5128 2512 5199 Angelus
2536 5130 2602 5184 de
2635 5127 2783 5182 Nuee
2812 5127 2864 5181 in
2899 5126 3039 5182 notis
3076 5129 3144 5183 ad
3191 5129 3340 5183 hunc
3386 5128 3578 5190 locum,
3610 5134 3668 5176 eo
3698 5115 3798 5171 Ιοοῖν

2276 5224 2419 5293 quod
2457 5233 2509 5277 et
2539 5223 2671 5278 alias
2717 5237 2858 5292 saepe
2890 5221 2938 5276 ei
2980 5223 3229 5293 contigit,
3275 5231 3511 5277 exactam
3557 5215 3798 5283 εειηροηηι

2277 5316 2530 5369 rationem
2574 5330 2678 5369 non
2714 5315 2955 5368 servavit.
2986 5313 3192 5369 Deinde
3226 5312 3461 5369 Joannes
3505 5310 3570 5364 ab
3603 5302 3797 5396 Urbanfr

2278 5408 2495 5477 quando
2528 5406 2762 5477 primum
2790 5406 2855 5460 ad
2883 5404 3181 5461 Casinense
3204 5403 3579 5460 monasterium
3604 5390 3797 5490 ad???"

2279 5472 2546 5555 diaconus
2566 5498 2847 5553 ordinatus
2888 5506 3009 5561 est;
3052 5507 3108 5553 at
3143 5497 3338 5553 Petrus
3383 5496 3473 5551 hic
3519 5504 3617 5547 non
3648 5483 3706 5539 de
3728 5472 3799 5531 ίυο

2279 5595 2374 5647 sed
2406 5591 2473 5647 de
2503 5590 2738 5647 secundo
2783 5586 3054 5659 pontiﬁcis
3103 5589 3169 5645 ad
3214 5602 3427 5645 sacrum
3482 5576 3798 5668 montem'aF:

2280 5696 2433 5740 eessu
2488 5682 2687 5739 diserte
2728 5681 2985 5752 loquitur,
3022 5679 3355 5751 proindeque
3407 5690 3510 5732 non
3558 5670 3616 5727 de
3657 5663 3796 5734 prima
