3962 6312
201 303 271 361 6t
1735 287 1806 341 vr

3410 281 3482 338 69

202 414 451 471 Joannis
475 409 831 472 ordinatione,
866 406 959 462 sed
1004 408 1068 461 de
1106 406 1298 468 altera.
1340 419 1535 473 nempe
1563 402 1631 458 de
1656 402 1798 458 illius
1829 412 1872 463 Α
1904 397 2226 470 Sieelghaita
2288 412 2428 455 anno
2486 395 2731 465 sequenti
2790 396 3039 450 defuncta
3091 400 3216 459 est,
3255 392 3342 450 die
3388 408 3479 448 rm

203 510 262 561 in
324 506 613 558 diaconum
674 497 979 567 patriarcltii
1039 494 1404 549 Lateranentis
1463 491 1799 563 promotione

204 594 602 664 intelligendus
622 600 728 653 est,
747 603 865 660 quae
888 602 1020 642 sane
1046 586 1313 657 promotio
1335 586 1398 639 ad
1423 600 1624 638 annum
1642 581 1797 648 I095,

205 704 318 757 quo
349 684 531 752 Troiae
575 680 864 738 concilium
914 677 1245 733 celebratum
1276 674 1402 741 fuit,
1434 675 1677 730 revocari
1706 690 1801 744 po-

205 789 342 847 test,
404 778 596 846 sicque
648 772 795 829 nulla
846 780 1090 826 remanet
1132 770 1268 824 duas
1325 767 1500 838 Trojaa
1567 766 1802 838 synodos

211 869 567 928 admittendi.
607 867 771 922 etiam
799 880 867 920 ex
893 863 1038 920 Petri
1076 861 1408 926 testimonio,
1459 860 1797 917 necessitas:

207 964 305 1018 sed
329 961 400 1014 ad
425 973 609 1015 rerum
636 957 834 1025 seriem
869 955 1251 1009 revertendum
1280 962 1381 1009 est.

313 1052 481 1108 LVII.
516 1050 763 1105 Urbanus
793 1047 1061 1101 ecclesiam
1084 1045 1373 1101 Brundusii
1402 1055 1691 1101 consecrat.

279 1143 556 1198 Consecra
566 1150 620 1194 to
638 1140 819 1207 itaque
837 1136 976 1205 apud
997 1136 1216 1191 Barium
1230 1136 1349 1192 Elia
1366 1135 1798 1206 archiepiscopo,

215 1235 478 1291 Urbanus
518 1228 882 1285 Brundusium
934 1228 987 1280 in
1040 1227 1371 1297 provinciam
1420 1226 1800 1282 Hidrnntinant

218 1325 483 1397 perrexit,
506 1322 598 1375 ubi
625 1335 749 1375 eum
773 1334 916 1374 anno
939 1320 1193 1387 prmsenti
1217 1319 1501 1374 ecclesiam
1526 1319 1803 1376 dedicasse

219 1424 488 1472 memorat
512 1412 697 1479 Lupus
719 1410 1041 1479 Protospata
1072 1418 1262 1463 auctor
1295 1408 1534 1478 aequalis,
1562 1409 1652 1478 qui
1682 1418 1802 1478 post

222 1522 282 1561 ea
316 1519 436 1574 qua:
456 1501 707 1572 superius
734 1499 799 1553 de
820 1499 1074 1553 Barensis
1099 1498 1489 1567 archiepiscopi
1518 1512 1804 1553 consecra-

224 1598 366 1650 tione
428 1591 758 1654 retulimus,
812 1590 928 1643 ltaec
989 1589 1300 1659 subjungit:
1360 1587 1431 1642 Et
1486 1588 1802 1642 consecravit

229 1683 619 1741 Brundusinam
647 1679 914 1734 ecclesiam
956 1681 1238 1748 pra'dictus
1265 1695 1401 1749 papa
1434 1675 1693 1732 Urbanus.
1723 1678 1800 1731 Ex

1903 489 2168 544 Kalendas
2190 489 2335 554 Maii,
2370 498 2426 543 ut
2460 503 2525 543 ex
2564 487 2880 557 Necrolugio
2928 485 3236 542 Casincnsis
3284 500 3477 542 mona-

1902 581 2053 637 sterii
2083 581 2362 635 discimus.

2160 671 2273 726 LX.
2313 670 2374 726 S.
2399 669 2583 723 Bruno
2618 667 2889 723 Urbanum
2914 670 3215 724 comitatur.

1977 762 2175 817 Eadem
2216 763 2383 819 etiam
2433 761 2719 817 occasione
2752 760 3059 816 Brunonem
3089 760 3480 817 Carthusiano-

1906 869 2024 907 rum
2059 862 2346 922 parentem
2390 866 2513 906 cum
2544 851 2763 907 Urbano
2786 851 3091 908 Calabriam
3121 852 3480 922 perlustrasse

1903 945 2182 1015 plusquam
2230 942 2507 1011 probabile
2534 953 2635 998 est.
2688 942 2737 998 Is
2773 958 2963 1013 nempe
2992 959 3021 997 a
3050 942 3324 1013 pontifice,
3380 958 3479 999 suo

1903 1040 2052 1104 olim,
2085 1045 2145 1094 ut
2170 1038 2428 1104 diximus,
2471 1053 2591 1092 cum
2624 1037 2833 1094 litteras
2871 1039 2954 1092 vir
2984 1048 3202 1094 sanctus
3229 1039 3281 1093 in
3328 1039 3476 1094 Rhe-

1904 1136 2105 1190 mensis
2138 1133 2391 1189 Ecclesiae
2421 1133 2696 1187 academia
2727 1135 2963 1197 doceret,
2997 1132 3259 1203 discipqu
3283 1146 3478 1186 evoca-

1903 1233 2014 1291 tus,
2043 1228 2143 1282 hoc
2178 1241 2322 1281 anno
2356 1227 2424 1281 ad
2452 1225 2601 1280 illum
2634 1225 2881 1289 accessit,
2935 1240 3037 1280 nec
3091 1225 3312 1279 dubium
3345 1224 3477 1294 quin

1902 1318 2067 1374 etiam
2098 1334 2220 1373 eum
2255 1327 2473 1373 secutus
2501 1318 2667 1373 fuerit
2694 1318 2748 1372 in
2780 1317 3029 1387 Apuliam
3054 1326 3111 1372 et
3143 1317 3477 1381 Calabriam,

1905 1427 2028 1465 cum
2056 1426 2120 1467 eo
2152 1413 2331 1467 animo
2364 1412 2673 1467 Brunonem
2701 1412 3081 1467 accersivisset
3120 1410 3391 1478 Urbanus,
3418 1419 3482 1466 ut

1903 1502 2021 1572 ejus
2067 1505 2311 1559 consiliis
2358 1506 2410 1559 in
2450 1506 2611 1561 rebus
2638 1503 2982 1566 difﬁcillimis,
3035 1518 3154 1573 quae
3186 1512 3314 1557 tunc
3367 1501 3479 1557 fre-

1904 1603 2137 1667 quenter
2168 1598 2537 1668 emergebant,
2576 1605 2841 1652 uteretur.
2880 1594 3037 1649 Aliud
3081 1594 3313 1648 habetur
3334 1591 3483 1660 ejus-

1906 1685 2028 1739 dem
2055 1686 2130 1741 rei
2157 1696 2556 1757 argumentum,
2586 1687 2728 1756 quod
2756 1700 2947 1753 nempe
2980 1683 3250 1737 Brunonis
3280 1681 3483 1737 sancti-

230 1778 332 1832 boc
385 1774 520 1843 Lupi
593 1769 908 1827 testimonio
974 1770 1342 1826 emendandus
1402 1779 1485 1825 est
1545 1768 1802 1839 Ugltellus
1832 1756 1878 1817 Β
1908 1784 1990 1831 tas
2014 1792 2079 1831 ex
2105 1792 2170 1833 eo
2202 1756 2442 1848 tempore
2491 1779 2626 1832 adeo
2671 1786 2796 1832 nota
2828 1776 2991 1829 fuerit
3027 1776 3167 1845 apud
3197 1774 3481 1838 Calabros,

237 1880 372 1924 tomo
400 1867 469 1921 IX
497 1864 662 1919 Italiae
694 1878 881 1928 sacrae,
923 1862 1011 1916 ubi
1050 1862 1193 1916 hanc
1217 1861 1613 1917 dedicationem
1662 1876 1803 1916 anno

238 1958 558 2028 prmeedente
582 1954 941 2024 consignarit.
992 1953 1179 2007 Eidem
1228 1953 1472 2008 ecclesiae
1522 1953 1805 2023 episcOpa-

248 2047 688 2117 lem’dignitatem,
712 2059 832 2112 quae
868 2044 937 2098 ob
982 2043 1189 2097 cladem
1221 2042 1527 2099 Brundusio
1555 2059 1584 2096 a
1613 2044 1807 2098 Sarra-

257 2139 394 2193 cenis
431 2137 619 2191 illatam
678 2135 866 2191 Urium
909 2133 1167 2188 translata
1204 2133 1401 2199 fuerat,
1444 2135 1656 2189 restitui
1706 2134 1809 2189 im.-

248 2229 442 2296 peravit
468 2226 727 2291 Urbanus,
758 2224 974 2294 scriptis
1004 2239 1066 2278 ca
1100 2224 1165 2278 de
1201 2240 1261 2279 re
1299 2224 1496 2281 litteris
1537 2226 1602 2279 ad
1643 2225 1806 2281 Codi-

242 2334 360 2373 nam
392 2318 717 2388 episcopum,
744 2316 834 2386 qui
883 2316 1025 2384 quod
1080 2316 1130 2370 ei
1169 2313 1391 2370 Urilana
1449 2318 1806 2372 commoratio

239 2407 395 2475 magis
436 2407 702 2461 arrideret
729 2446 744 2471 ,
796 2405 1000 2460 omisso
1041 2404 1330 2461 Brundusii
1370 2405 1547 2471 titulo,
1597 2406 1803 2463 Uritani

235 2495 453 2565 episcopi
484 2495 705 2550 nomine
733 2502 1019 2549 contentus
1046 2501 1184 2558 erat,
1219 2502 1273 2548 et
1303 2495 1522 2563 quidem
1554 2494 1807 2550 Brundu-

234 2590 391 2643 s‘num
415 2604 524 2643 non
553 2587 659 2641 nisi
688 2586 1023 2663 postUrbani
1055 2595 1280 2642 mortem
1309 2587 1621 2659 dignitatem
1651 2604 1802 2643 suam

230 2680 441 2749 recepit,
501 2691 561 2735 ut
603 2695 672 2736 ex
717 2678 1002 2734 Paschalis
1048 2677 1162 2747 eius
1214 2682 1547 2735 successoris
1579 2681 1803 2750 epistola

230 2784 361 2843 patet
390 2776 537 2845 apud
568 2773 849 2844 Ughellum
877 2783 1023 2829 tomo
1055 2772 1145 2829 IX.
1180 2773 1387 2829 Urbani
1419 2790 1481 2830 ea
1512 2776 1578 2829 de
1607 2789 1665 2829 re
1685 2775 1802 2844 epi-

228 2867 437 2927 stolam,
492 2866 650 2936 cujus
705 2866 1064 2936 fragmentum
1119 2865 1369 2931 exhibet,
1430 2865 1697 2935 integram
1750 2866 1803 2919 in

229 2956 444 3013 llistoria
488 2957 834 3012 Ilrundusina
886 2958 1078 3013 haberi
1126 2958 1333 3012 monuit
1376 2957 1634 3028 Ughellus
1687 2957 1806 3013 loco

229 3048 451 3105 laudato.
482 3050 555 3104 At
595 3050 736 3105 hanc
774 3050 1056 3105 historiam
1081 3090 1095 3114 ,
1145 3060 1240 3105 aut
1282 3049 1475 3105 saltem
1523 3049 1804 3119 epistolam

227 3140 477 3213 integram
517 3142 759 3197 invenire
784 3156 887 3196 non
911 3141 1082 3196 licuit.

670 3232 848 3287 LVIII.
874 3231 1128 3302 Rhegium
1158 3235 1357 3288 inrisit.

288 3323 564 3380 Caeterum
617 3324 672 3379 in
721 3334 1024 3380 extremam
1074 3339 1248 3394 usque
1291 3324 1599 3381 Calabriam
1645 3338 1809 3394 pene-

229 3421 386 3471 trasse
417 3416 677 3472 Urbanus
705 3416 965 3470 dicendus
988 3425 1073 3469 est
1094 3458 1108 3479 ,
1141 3416 1185 3470 si
1213 3430 1334 3470 eum
1373 3417 1474 3471 hoc
1505 3430 1645 3485 anno
1667 3415 1810 3470 lihe-

228 3506 360 3576 giunt
388 3507 665 3562 Calabria:
688 3507 961 3561 ulterioris
989 3508 1327 3576 metropolim
1354 3507 1622 3573 inrisisse,
1647 3518 1809 3577 atque

229 3596 289 3650 ab
308 3598 539 3653 Arnull‘o
572 3599 981 3668 archiepiscopo
1020 3608 1331 3669 susceptum
1382 3598 1617 3666 hospitio
1646 3598 1810 3653 fuisse

227 3699 397 3741 verum
430 3690 533 3748 sit.
567 3688 643 3743 uti
680 3688 878 3742 dicitur
921 3688 1062 3758 apud
1108 3687 1414 3758 Ughellum.
1462 3688 1655 3742 Vetum
1706 3687 1807 3741 etsi

231 3776 440 3833 iuliciari
467 3778 644 3833 nolim
688 3778 962 3834 Urbanum
1010 3779 1063 3832 in
1114 3777 1419 3833 Calabriam
1462 3777 1683 3841 adiisse,
1708 3778 1810 3832 hoc

231 3876 396 3924 tatnen
421 3873 535 3925 iter
560 3870 629 3925 ab
655 3885 720 3925 eo
747 3881 867 3941 post
889 3870 1177 3942 Trojanam
1211 3871 1472 3942 synodum
1501 3880 1809 3942 susceptum

233 3958 386 4017 fuisse
429 3963 694 4019 sustineri
751 3963 956 4032 nequit.
1013 3963 1226 4017 Etenim
1277 3977 1420 4016 anno
1471 3963 1644 4026 1'093,
1703 3978 1811 4033 quo

232 4052 558 4110 celebratum
584 4054 684 4108 fuit
715 4054 1007 4123 Trojanum
1038 4054 1349 4120 concilium,
1372 4064 1424 4109 et
1445 4055 1660 4124 quidem
1692 4056 1812 4110 uni-

235 4160 346 4199 cum
377 4150 475 4203 sub
513 4147 754 4213 Urbano,
786 4148 862 4203 uti
899 4146 1281 4219 probavimus,
1328 4146 1441 4216 jam
1488 4147 1688 4202 dudum
1710 4147 1813 4201 Ar.

237 4237 403 4294 nullus
428 4255 457 4293 e
495 4238 633 4293 viris
659 4248 993 4303 excesserat,
1025 4238 1120 4293 sed
1142 4237 1401 4308 Ughellus
1442 4239 1810 4293 recentiorum

238 4329 359 4386 duas
379 4330 619 4401 synodos
651 4330 915 4401 Trojanas
958 4331 1358 4385 admittentium
1384 4331 1638 4401 Opinione
1669 4331 1812 4386 haud

240 4420 385 4477 dubie
412 4432 829 4493 praeoccupatus
856 4422 908 4475 in
935 4422 1079 4476 hunc
1100 4437 1340 4477 errorem
1364 4421 1601 4493 impegit,
1627 4422 1813 4491 sicque

242 4516 369 4581 quod
424 4516 535 4570 hoc
598 4529 741 4569 anno
800 4513 936 4571 1089
1004 4513 1206 4570 factum
1260 4513 1476 4582 fuerat,
1533 4515 1601 4569 ad
1649 4515 1811 4571 alium

242 4605 524 4659 transtulit.

373 4695 511 4752 LIX.
552 4696 873 4766 Episcopum
908 4695 1104 4752 Melitw
1129 4697 1337 4752 ordinat
1368 4695 1634 4754 Urbanus.

306 4786 381 4842 Ad
410 4787 538 4843 illud
569 4789 710 4844 idem
740 4788 862 4853 iter,
898 4790 942 4845 si
968 4790 1298 4860 conjecturis
1326 4792 1401 4847 uti
1444 4792 1629 4860 liceat,
1658 4810 1813 4849 revo-

245 4878 345 4932 cari
389 4880 549 4937 debet
604 4880 892 4945 Gualterii,
946 4883 1105 4951 primi
1168 4894 1290 4954 post
1337 4895 1713 4953 recuperatam
1778 4903 1808 4940 a

243 4966 458 5041 Rogerio
517 4974 719 5029 comite
779 4983 834 5029 et
882 4974 1169 5031 Saracenis
1222 4976 1453 5031 insulam
1513 4977 1812 5035 Melitensis

245 5062 488 5134 episcopi,
544 5065 839 5130 ordinatio,
895 5082 1058 5135 quam
1113 5067 1219 5123 hoc
1267 5084 1412 5135 anno
1460 5070 1530 5124 ab
1589 5068 1812 5127 Urbano

247 5156 469 5209 secundo
499 5156 829 5210 celebratam
856 5155 1026 5212 fuisse
1052 5166 1281 5214 testatur
1315 5160 1533 5216 Rochus
1569 5162 1813 5234 Pyrrhus

249 5247 377 5296 tumo
401 5244 464 5299 Ill
491 5246 689 5300 Siciliae
736 5262 923 5301 sacrae.
964 5246 1129 5303 Certe
1159 5249 1493 5318 Gualterius,
1520 5253 1620 5308 sub
1649 5253 1810 5310 finem

250 5328 391 5398 hujus
435 5337 583 5402 anni,
621 5352 747 5390 nam
801 5338 1026 5393 indictio
1055 5355 1155 5397 xm
1197 5340 1309 5411 jam
1361 5352 1487 5398 tunc
1534 5346 1808 5412 currebat,

252 5423 550 5497 subscripsit
579 5429 796 5482 cuidam
828 5429 1194 5485 instrumento
1229 5432 1574 5505 Sicelgh‘aitat
1622 5439 1810 5494 uxoris

252 5508 455 5573 Roberti
484 5521 653 5588 ducis,
707 5523 850 5592 quod
880 5524 947 5578 ab
986 5525 1173 5580 eodem
1227 5536 1451 5583 auctore
1484 5538 1629 5583 tomo
1655 5530 1694 5584 Il
1752 5532 1805 5586 in

257 5608 429 5696 notitia
462 5611 715 5670 Ecclesia:
756 5615 1157 5673 Panormitante
1202 5619 1434 5675 refertur
1466 5640 1479 5675 :
1516 5624 1660 5692 quod
1689 5625 1809 5696 qui-

253 5695 357 5753 dem
376 5699 795 5763 instrumentum
821 5707 1027 5764 differri
1056 5708 1283 5767 ulterius
1314 5726 1420 5767 non
1445 5721 1645 5784 potest,
1678 5731 1802 5773 nam

1907 1869 2148 1939 utpaqu
2199 1878 2322 1939 post
2371 1869 2529 1924 datus
2560 1869 2609 1922 ci
2659 1867 2822 1923 fuerit
2856 1867 3003 1921 locus
3056 1865 3107 1919 in
3139 1880 3204 1919 ea
3263 1864 3484 1934 regione

1907 1959 1973 2013 ad
2003 1959 2440 2023 inhabitandum,
2479 1973 2638 2027 quem
2677 1958 2853 2027 reipsa
2896 1971 3038 2009 anno
3081 1954 3327 2023 sequenti
3360 1969 3481 2007 cum

1908 2051 2181 2105 nonnullis
2232 2066 2261 2105 e
2292 2051 2404 2105 suis
2443 2049 2735 2105 incolebat.
2769 2048 2827 2102 Id
2873 2055 3093 2103 constat
3143 2060 3210 2105 ex
3265 2043 3483 2113 Rogerii

1907 2142 2123 2196 comitis
2151 2141 2442 2211 diplomate
2492 2142 2635 2210 quod
2692 2139 2758 2196 G.
2813 2139 3076 2195 Suriauus
3112 2137 3165 2190 in
3219 2136 3363 2191 notis
3416 2134 3486 2189 ad

1907 2230 2087 2286 Vitam
2120 2230 2178 2287 S.
2207 2231 2499 2293 Brunonis,
2523 2239 2577 2283 et
2609 2229 2867 2300 Ughellus
2900 2239 3044 2282 tomo
3067 2227 3138 2281 IX
3165 2224 3325 2280 simul
3361 2238 3487 2278 cum

1908 2320 2179 2376 Theodori
2214 2320 2603 2391 Squillacensis
2654 2319 2893 2389 episcopi
2933 2315 3348 2374 confirmatione
3374 2313 3488 2368 edi-

1906 2414 2125 2469 derunt.

2069 2504 2201 2561 LXI.
2244 2504 2472 2559 Donalio
2503 2504 2647 2576 facta
2679 2502 2953 2559 Catinensi
2985 2500 3323 2556 monasterio.

1981 2595 2057 2649 Ex
2086 2610 2171 2660 eo,
2198 2595 2275 2650 uti
2304 2594 2538 2657 videtur,
2573 2594 2767 2649 itinere
2788 2593 3066 2648 Urbanum
3097 2607 3193 2661 per
3233 2589 3488 2659 Hirpinos

1906 2685 2137 2740 Romam
2165 2686 2478 2741 redeuntem
2509 2685 2693 2739 invisit
2722 2684 3016 2738 Balduinus
3039 2682 3289 2738 dominus
3309 2681 3487 2737 Castri

1906 2777 2098 2833 Pontis
2137 2778 2194 2833 S.
2226 2777 2499 2833 Anastasii
2526 2778 2579 2831 in
2625 2777 2887 2833 comitatu
2921 2774 3191 2840 Telesino,
3228 2773 3319 2843 qui
3347 2772 3490 2843 ejus-

1908 2871 2028 2926 dem
2060 2858 2330 2941 pontilicis
2357 2884 2579 2924 assensu
2603 2879 2657 2925 et
2678 2868 2906 2933 monitu,
2930 2865 3303 2923 consentiente
3325 2862 3488 2918 etiam

1908 2962 2151 3019 Rollrido
2175 2963 2584 3033 archiepiscopo
2607 2962 3011 3025 Beneventano,
3032 2957 3177 3013 dedit
3206 2953 3488 3012 Casinensi

1910 3055 2245 3110 monasterio
2325 3054 2615 3110 ecclesiam
2690 3052 2747 3108 S.
2814 3050 3055 3123 Dionysii
3132 3060 3300 3118 prope
3360 3044 3490 3100 illud

1909 3157 2147 3205 castrum
2178 3148 2362 3214 sitam,
2397 3164 2506 3204 non
2548 3157 2727 3203 tamen
2756 3154 2881 3202 ante
2905 3160 3066 3216 quant
3091 3158 3208 3198 eam
3240 3156 3269 3196 a
3300 3138 3491 3194 funda-

1908 3242 2108 3296 mentis
2158 3249 2467 3312 reparatam
2521 3238 2708 3295 multis
2746 3238 2904 3295 donis
2952 3246 3007 3293 et
3052 3231 3490 3306 possessionibus

1905 3330 2313 3402 Iocupletasset.
2387 3330 2542 3385 Hanc
2602 3330 2948 3385 donationem
3033 3325 3235 3379 Marius
3292 3321 3488 3391 Vipera

1909 3425 1964 3481 in
2000 3424 2349 3495 chronologia
2411 3421 2941 3493 archiepiscoporum
2987 3418 3489 3473 Beuevcntanorum

1908 3516 2079 3571 refert
2129 3514 2196 3569 ad
2247 3524 2569 3584 praesentem
2617 3528 2815 3566 annum
2844 3525 2911 3564 ex
2958 3506 3103 3562 Petri
3151 3502 3365 3559 diaconi
3403 3516 3491 3555 re-

1909 3609 2079 3678 gistro
2107 3614 2164 3660 et
2196 3606 2289 3660 lib.
2332 3621 2385 3659 tv
2416 3603 2659 3659 chronici
2687 3601 2874 3657 Casin.
2919 3601 2989 3653 At
3017 3596 3159 3667 quod
3212 3592 3492 3663 subjungit

1910 3714 1978 3755 ex
2014 3698 2266 3753 Falconis
2295 3696 2557 3753 chronico
2605 3696 2671 3749 de
2703 3693 2973 3764 legatione
3005 3689 3105 3744 IIO
3134 3688 3304 3742 ferme
3332 3683 3490 3738 nobi-

1911 3787 2041 3842 lium
2079 3788 2582 3843 Bcneventanorum
2626 3785 2691 3840 ad
2740 3784 3016 3839 Urbanum
3070 3793 3264 3848 papam
3320 3774 3488 3839 fcta,

1910 3887 2149 3932 erratum
2175 3889 2278 3934 est.
2306 3879 2432 3934 Ilaec
2458 3892 2649 3946 nempe
2674 3877 2740 3930 ad
2766 3872 3084 3929 Paschalem
3110 3871 3150 3924 ll
3183 3866 3489 3924 revocanda

1911 3981 2035 4037 est;
2080 3971 2221 4040 quod
2279 3970 2473 4040 Vipera
2509 3968 2666 4022 facile
2720 3966 3004 4021 advertere
3049 3962 3337 4031 potuisset,
3366 3972 3489 4012 cum

1914 4063 2030 4132 ipse
2052 4077 2171 4117 eam
2204 4078 2347 4116 anno
2388 4061 2551 4126 “0%,
2583 4058 2794 4114 scilicet
2840 4055 3078 4111 triennio
3122 4060 3243 4124 post
3288 4047 3491 4106 Urbani

1913 4156 2142 4222 obitum,
2184 4154 2608 4226 consignaverit.

1914 4267 2075 4321 LXII.
2127 4267 2208 4320 An
2265 4265 2511 4321 Urbanus
2561 4260 3002 4403 Ft’rrfartabbalis
3046 4253 3283 4311 electioni
3329 4251 3491 4305 inter-

2648 4348 2798 4386 ueri.

2648 4348 2798 4386 uem.

1986 4428 2266 4483 Celebrata
2301 4426 2463 4482 etiam
2493 4426 2595 4481 hoc
2631 4439 2775 4478 anno
2819 4421 2921 4476 fuit
2956 4414 3214 4490 Raynaldi
3248 4414 3299 4467 in
3352 4411 3489 4465 Far-

1916 4521 2123 4575 fensem
2152 4520 2291 4589 apud
2324 4518 2556 4573 Sabinos
2583 4516 2835 4572 abbatem
2858 4512 3073 4575 electio,
3100 4507 3183 4561 cui
3211 4504 3491 4561 Urbanum

1916 4608 2229 4664 interfuisse
2258 4616 2532 4664 asseverat
2559 4616 2749 4661 auctor
2772 4602 3010 4659 chronici
3041 4598 3219 4655 brevis
3249 4593 3491 4663 ejusdem

1917 4699 2254 4764 monasterii,
2298 4701 2441 4768 quod
2479 4698 2776 4754 chronicon
2810 4710 2970 4751 manu
3020 4696 3299 4744 exaratum
3329 4697 3493 4754 penes

1915 4809 2015 4851 nos
2043 4803 2128 4848 est
2158 4810 2171 4859 ;
2206 4808 2513 4862 quanquam
2569 4791 2831 4860 suspicari
2878 4787 3002 4840 licet
3040 4780 3243 4837 Urbani
3295 4791 3493 4833 nomen

1917 4902 2013 4959 pro
2041 4885 2288 4941 Wibcrto
2316 4885 2368 4939 in
2418 4884 2710 4940 chronicon
2754 4880 2881 4935 illud
2925 4890 3112 4931 errore
3146 4868 3493 4927 amanuensis

1914 4976 2222 5047 irrepsisse.
2291 4974 2480 5030 Refert
2543 4975 2690 5029 enim
2738 4968 3033 5039 Gregorius
3095 4964 3335 5035 ejusdem
3390 4959 3493 5015 loci

1914 5068 2217 5123 monachus
2262 5077 2318 5121 et
2361 5065 2607 5122 oculatus
2637 5064 2791 5118 testis
2825 5060 3146 5121 Wibertum,
3178 5071 3339 5128 quem
3374 5051 3493 5108 Cle-

1916 5171 2154 5216 mentem
2192 5161 2445 5231 appellat,
2477 5156 2781 5215 omnem.in
2824 5157 2926 5210 hoc
2960 5151 3310 5216 monasterio,
3349 5146 3494 5219 quod

1912 5261 2034 5308 erat
2054 5252 2273 5321 speciali
2305 5251 2429 5321 jure
2469 5247 2782 5319 imperatori
2812 5246 3133 5317 subjectum,
3168 5249 3493 5315 potestatem

1923 5340 2198 5396 habuisse.
2244 5340 2354 5395 Imo
2386 5339 2525 5395 idem
2556 5347 2747 5393 auctor
2776 5355 3003 5393 narrans
3040 5335 3299 5408 Raynaldi
3337 5333 3495 5405 paulo

1918 5443 2042 5503 post
2070 5434 2307 5489 Berardo
2343 5433 2518 5486 locum
2558 5430 2739 5487 facere
2784 5430 2955 5488 coacti
2986 5430 3327 5490 electionem,
3358 5424 3494 5478 nihil

1917 5528 1983 5583 de
2006 5525 2226 5580 Urbano
2250 5534 2343 5579 attt
2370 5524 2632 5581 Guiberto
2660 5527 2840 5582 habet.
2875 5525 2940 5578 Et
2961 5521 3176 5592 quidem
3206 5516 3495 5574 Diaconius

1915 5628 1967 5671 et
1996 5617 2084 5671 alii
2121 5604 2262 5671 inter
2293 5617 2536 5674 Guiberti
2577 5617 2879 5673 cardinales
2922 5621 3203 5670 recensent
3251 5610 3494 5666 Theodo-

1916 5714 2091 5771 rlcunt
2118 5710 2367 5769 abbatem
2393 5722 2445 5767 et
2470 5712 2815 5788 Maginulfum
2841 5711 3165 5768 monachum
3184 5703 3489 5773 Farfensei,
