3962 6312
440 301 508 354 65
1751 296 1812 352 Β.
1859 296 2015 351 [1ῐίΒέ

2138 297 2178 352 II
2219 297 2300 351 PA
2309 297 2417 352 ΡᾹῦ
3617 302 3688 356 64

443 424 498 466 et
522 413 635 480 ipse
665 409 1033 464 Theoloricus
1064 408 1162 462 sub
1194 405 1456 478 Sylvestri
1487 405 1550 460 III
1587 406 1802 462 nomine
1841 409 2015 478 ponti-
2045 409 2090 466 A
2118 408 2185 462 ad
2219 407 2550 463 Catalauniae
2576 422 2828 478 proceres
2850 408 2916 462 de
2944 407 3292 463 restauranda
3324 407 3466 465 Urbe
3488 411 3693 466 Tarra-
3724 434 3728 437 '

443 503 660 556 ticatum
688 499 894 554 ambiit.

784 589 961 642 LXIII.
1004 587 1296 641 Concilium
1333 585 1678 642 Santonense.

514 683 646 737 Cum
679 683 792 737 hazc
819 681 871 734 in
888 681 1035 734 Italia
1063 689 1402 750 gererentur,
1425 679 1650 734 Amattts
1671 679 2013 738 Oleronensis

440 775 723 843 cpiscopus
751 782 804 826 et
834 771 1071 826 vicarius
1110 769 1414 839 apostolicae
1442 769 1583 825 sedis
1611 771 1664 823 in
1692 770 1999 841 Aquitania,

440 863 731 917 concilium
783 864 869 918 die
915 871 1110 931 quarta
1162 861 1479 918 Novembris
1526 861 1823 916 celebravit
1876 861 2015 936 apud

449 955 744 1021 Santouas,
779 955 831 1008 in
882 969 1009 1026 quo,
1060 962 1197 1009 teste
1226 950 1484 1028 Chronico
1532 952 1897 1020 Malleacensi,
1949 955 2015 1010 ad

439 1048 622 1103 sedem
675 1044 1140 1116 Burdigalensem,
1188 1058 1305 1114 quae
1349 1043 1463 1113 jam
1515 1044 1584 1099 ab
1633 1045 1792 1100 anuis
1847 1045 2016 1100 ferme

441 1138 616 1191 tribus
637 1153 804 1190 vacua
831 1144 1127 1201 manserat,
1159 1134 1448 1190 translatus
1474 1144 1576 1190 est.
1616 1136 1766 1190 Hauc
1789 1136 2017 1192 transla-

441 1228 641 1280 tionem
665 1225 890 1286 nolente,
916 1226 1108 1281 nisisit
1130 1240 1283 1281 error
1309 1225 1540 1293 librarii,
1567 1227 1706 1280 forte
1732 1226 2015 1298 legendum

439 1318 659 1380 volente,
710 1311 995 1370 Guilleltuo
1039 1316 1345 1385 Aquitaniae
1393 1317 1530 1371 duce
1585 1315 1788 1370 factam
1847 1315 2017 1371 fuisse

446 1415 678 1460 testatur
755 1406 1093 1460 Adhemarus
1151 1407 1435 1476 episcopus
1497 1405 1882 1460 Ecolismensis
1961 1406 2014 1460 in

440 1498 632 1552 charta
670 1497 978 1552 donationis
1019 1499 1085 1551 ab
1128 1513 1193 1551 eo
1236 1513 1418 1552 coram
1472 1497 1561 1551 illa
1613 1498 1820 1567 synodo
1860 1497 2017 1553 facta:

443 1588 775 1642 monasterio
803 1589 859 1642 S.
886 1587 1140 1643 Maxentii
1171 1589 1307 1658 apud
1334 1589 1605 1649 Pictones.
1638 1604 1756 1659 qua:
1786 1587 2018 1643 refertur

438 1694 468 1731 a
495 1678 923 1733 Satuti'tarthanis
949 1690 1090 1735 tomo
1117 1677 1135 1733 I
1165 1680 1351 1734 Galliae
1378 1681 1718 1736 Christianre.
1749 1680 1805 1735 In
1825 1681 2012 1738 eadem

2111 499 2333 555 couensi
2380 499 2663 570 epistolam
2712 499 2979 569 suscepit;
3032 500 3237 555 veritus
3283 515 3350 554 ne
3395 501 3498 557 hac
3531 516 3692 557 occa-

2111 592 2286 658 sione,
2327 591 2573 662 quamvis
2634 591 2687 645 id
2734 607 2788 645 se
2838 589 2986 644 salra
3023 587 3387 646 Narbonensis
3437 593 3695 648 Ecclesia:

2106 680 2476 752 justitiavelle
2510 679 2840 736 declarasset
2877 679 3138 750 pontifex,
3176 682 3455 750 provincia
3490 683 3692 739 Tarra-

2113 773 2330 827 conensi
2355 787 2385 827 a
2412 787 2509 828 sua
2532 772 2910 843 iurisdictione
2933 772 3364 830 subtraheretur.
3396 775 3511 831 Hoc
3541 777 3689 832 enim

2116 877 2178 918 se
2203 862 2570 931 prmstlturum
2601 863 2735 918 satis
2758 862 3008 918 innuerat
3032 861 3295 933 pontifex,
3329 864 3432 919 nisi
3476 863 3691 918 Narbo-

2114 953 2297 1008 nensis
2323 953 2549 1008 antistes
2585 953 2724 1006 hanc
2771 953 3045 1023 antiquam
3072 952 3411 1022 metropolim
3455 955 3693 1007 auctori-

2114 1051 2218 1096 tate
2243 1040 2498 1111 privilegii
2529 1041 2754 1095 Romani
2786 1042 2886 1111 ipsi
2934 1040 3228 1109 subjectum
3258 1041 3427 1097 fuisse
3456 1043 3697 1112 probare

2115 1141 2320 1202 posset.
2357 1129 2477 1198 Quo
2511 1131 2796 1202 privilegio
2836 1147 2894 1187 se
2943 1130 3210 1186 munitum
3253 1147 3360 1186 non
3395 1145 3517 1188 esse
3548 1131 3695 1184 haud

2115 1225 2402 1295 ignorabat
2427 1225 2750 1282 Dalmatius.
2783 1224 2898 1280 Hoc
2925 1241 3054 1281 vero
3084 1225 3187 1279 iter
3216 1226 3282 1280 ab
3308 1240 3372 1280 eo
3394 1235 3520 1281 tunc
3556 1233 3697 1280 tem-

2113 1315 2266 1386 poris
2299 1324 2608 1387 susceptum
2638 1301 2802 1371 fuisse
2826 1317 2949 1371 inde
2977 1316 3304 1389 colligimus,
3331 1317 3474 1387 quod
3503 1331 3697 1371 mense

2119 1405 2313 1460 Martio
2338 1406 2614 1476 sequentis
2655 1407 2781 1460 anui
2815 1407 3103 1462 concilium
3146 1409 3477 1478 provinciale
3507 1407 3561 1462 in
3591 1425 3695 1464 sua

2117 1497 2530 1567 metropolitaua
2562 1498 2695 1553 urbe
2721 1498 3096 1564 celebraverit,
3119 1507 3175 1554 et
3203 1499 3420 1569 quidem
3454 1499 3627 1553 redux
3659 1513 3694 1552 θ

2118 1586 2362 1642 Romano
2410 1588 2623 1642 itinere.
2659 1588 2714 1642 Id
2755 1603 2821 1642 ex
2857 1603 2922 1643 eo
2951 1597 3098 1657 patet
3145 1589 3289 1659 quod
3335 1591 3390 1643 in
3419 1591 3524 1644 hac
3576 1589 3696 1659 ipsa

2119 1678 2326 1749 synodo
2342 1677 2490 1732 [inita
2508 1679 2666 1733 fuerit
2690 1679 3079 1744 controversia,
3107 1679 3246 1735 inter
3277 1680 3451 1750 ipsum
3471 1679 3696 1735 Dalma-

440 1770 580 1824 forte
640 1771 845 1837 synodo
900 1771 1093 1841 agitari
1156 1772 1385 1826 debebat
1445 1773 1814 1828 controversia
1871 1772 2014 1826 inter
2047 1753 2091 1807 Β
2119 1769 2249 1823 tium
2295 1778 2350 1825 et
2397 1770 2646 1825 abbatem
2697 1769 3043 1825 Crassensetn
3089 1779 3232 1837 orta,
3265 1771 3331 1826 de
3378 1787 3482 1840 qua
3546 1774 3697 1842 apud

438 1864 732 1919 monachos
771 1865 1192 1920 Vindocinenses
1233 1874 1287 1920 et
1325 1864 1512 1920 Sancti
1550 1865 1728 1920 Albini
1759 1865 2011 1936 Andega-

436 1956 616 2012 vensis
650 1965 816 2021 mota,
846 1957 910 2012 de
936 1956 1179 2026 prioratu
1200 1957 1553 2023 Credonensi,
1580 1957 1659 2010 uti
1688 1957 1930 2012 inanitur
1956 1958 2008 2010 in

436 2049 609 2102 veteri
641 2048 1004 2102 instrumento
1033 2057 1176 2104 tomo
1210 2049 1248 2102 II
1280 2049 1578 2104 Miscellan.
1613 2049 1799 2104 Baluz.
1842 2051 2009 2106 edito.

434 2140 504 2192 At
529 2156 595 2194 ne
621 2139 671 2192 id
704 2139 874 2198 fieret.
909 2141 1184 2208 impedivit
1221 2157 1404 2198 comes
1444 2142 1872 2210 Andegavensis,
1915 2157 2014 2196 nec

435 2229 594 2296 plura
633 2230 836 2283 rescire
865 2230 1018 2284 licuit
1051 2231 1118 2286 de
1154 2231 1242 2285 illa
1281 2232 1508 2304 synodo,
1540 2248 1700 2300 quam
1734 2233 2012 2287 Sammar-

440 2320 588 2374 thani
621 2321 673 2374 in
720 2321 890 2375 Gallia
931 2321 1235 2377 Christiana
1260 2333 1309 2377 et
1355 2323 1619 2392 Lopezius
1664 2324 1716 2378 in
1759 2323 2016 2394 Burdiga-

436 2409 574 2465 lensi
619 2411 892 2478 Historia,
949 2428 1090 2468 anno
1143 2414 1483 2482 przecedente
1540 2430 1647 2469 non
1695 2414 1833 2470 bene
1887 2430 2017 2482 con-

439 2499 676 2568 signant,
708 2501 915 2571 decepti
943 2502 1083 2556 haud
1112 2503 1274 2558 dubie
1315 2503 1502 2558 charta
1530 2504 1824 2559 Adhemari
1853 2506 2014 2560 modo

437 2587 680 2651 laudata,
719 2606 838 2658 qnte
864 2591 989 2644 data
1023 2591 1221 2646 dicitur
1251 2608 1390 2646 anno
1415 2579 1551 2648 1088
1584 2591 1754 2648 Nonis
1784 2593 2016 2648 Novem-

437 2677 563 2741 bris,
600 2679 882 2733 indictione
911 2695 1011 2745 xu,
1040 2690 1096 2734 at
1125 2680 1409 2752 legendum
1451 2682 1606 2747 I089,
1636 2684 1777 2753 quod
1822 2683 2016 2753 proba-

444 2775 549 2831 tur,
578 2782 680 2820 non
706 2769 861 2822 modo
885 2785 950 2823 ex
973 2771 1230 2825 chronico
1244 2767 1578 2826 Malleacensi
1600 2777 1758 2828 modo
1777 2773 2015 2838 laudato,

442 2868 630 2909 verum
661 2859 828 2912 etiam
879 2859 931 2913 in
975 2861 1168 2914 charta
1197 2859 1453 2915 Willelmi
1483 2861 1760 2933 cujusdam
1790 2863 2016 2919 Ferrani

441 2945 509 2999 ab
542 2947 668 3016 ipsis
698 2947 1129 3005 Sammarthanis
1149 2951 1332 3006 relata.
1355 2952 1456 3019 Qui
1477 2953 1690 3022 quidem
1716 2953 2019 3010 Willelmus

443 3038 697 3093 nonnulla
727 3040 970 3096 ecclesiae
999 3041 1183 3096 Sancti
1210 3043 1453 3097 Severini
1502 3044 1643 3112 apud
1673 3042 2013 3116 Burdigalam

443 3128 623 3183 ablata
655 3131 893 3185 restituit
926 3148 1065 3188 anno
1093 3132 1228 3189 1088
1277 3136 1428 3188 tertio
1465 3133 1650 3189 Nonas
1694 3135 2013 3203 Decembris,

445 3219 658 3276 Simone
681 3221 1062 3292 Ageniiensium
1115 3227 1352 3296 episcopo
1393 3226 1574 3280 locum
1624 3227 2016 3298 Bnrdigalensis

440 3311 819 3382 archiepiscopi
863 3315 976 3384 jam
1019 3323 1145 3369 ante
1191 3309 1469 3371 biennium
1503 3300 1743 3373 defuncti
1793 3328 2013 3374 tenente.

440 3401 592 3468 Quod
631 3417 760 3458 sane
798 3403 996 3459 falsum
1019 3415 1183 3471 esset,
1230 3407 1277 3461 si
1307 3420 1496 3461 mense
1526 3407 1744 3464 Octobri
1776 3409 2017 3486 ejusde

438 3496 564 3546 anui
598 3494 821 3549 Amattts
861 3495 913 3548 in
949 3496 1176 3569 concilio
1207 3497 1536 3553 Santonensi
1584 3498 1762 3554 factus
1826 3500 2020 3555 fuisset

441 3586 904 3658 archiepiscopus.
961 3590 1028 3643 Et
1073 3591 1287 3660 quidem
1351 3600 1473 3661 post
1522 3590 1789 3648 Gotceliui
1841 3595 2020 3649 archi-

439 3677 678 3747 episcopi
708 3680 935 3745 obitum,
968 3683 1059 3749 qui
1085 3698 1226 3736 anno
1250 3682 1387 3740 1086
1406 3685 1652 3754 contigit,
1671 3687 1827 3740 sedes
1851 3687 2020 3741 tribus

444 3769 668 3824 circiter
719 3771 896 3836 anuis,
939 3780 1001 3826 ut
1026 3772 1128 3842 ipsi
1186 3773 1595 3830 Sammarthani
1637 3777 2016 3840 observarunt,

440 3873 610 3913 vacua
641 3862 919 3927 remansit,
953 3863 1289 3934 proindeque
1315 3864 1381 3918 ad
1423 3881 1624 3920 annum
1648 3865 1803 3920 l089.

439 3971 626 4028 LXIV.
685 3971 1026 4046 Privilcgium
1083 3994 1178 4047 pro
1226 3973 1481 4052 Ecclesia
1541 3977 1782 4034 Remensi
1828 3990 1876 4035 et
1924 3999 2019 4052 pro

951 4049 1269 4101 monasterio
1296 4047 1519 4104 Balmte.

515 4134 672 4189 Anno
700 4135 919 4192 labente
941 4137 1194 4194 Urbanus
1217 4139 1443 4194 Romam
1470 4156 1720 4197 reversus
1742 4140 2018 4213 privilegia

441 4224 716 4279 nonnullis
745 4225 992 4281 ecclesiis
1019 4235 1073 4281 et
1100 4230 1450 4285 monasteriis
1480 4232 1771 4286 concessit.
1803 4231 2018 4302 Insigne

446 4324 530 4369 est
581 4331 692 4384 prae
741 4318 961 4388 eteteris.
1008 4319 1136 4374 illud
1188 4322 1330 4390 quod
1387 4320 1670 4394 Rayualdo
1727 4323 2017 4378 Remorum

444 4407 830 4464 archiantistiti
875 4410 1100 4481 ejusque
1147 4413 1392 4468 ecclesia:
1429 4413 1653 4468 indulsit
1689 4430 1787 4469 seu
1839 4416 2018 4485 potius

443 4499 824 4565 continuavit,
893 4501 1077 4555 datum
1150 4501 1338 4558 Romae
1422 4505 1510 4560 die
1575 4521 1669 4559 vttt
1746 4500 2016 4561 Kalendas

444 4584 710 4655 Januarii,
761 4605 832 4642 ex
868 4605 974 4659 quo
1011 4592 1237 4661 proinde
1286 4591 1488 4648 inferre
1526 4593 1654 4649 licet
1707 4595 2017 4665 pontiﬁcem

449 4679 553 4733 hoe
599 4696 742 4736 anno
771 4683 1030 4738 natalium
1077 4684 1278 4739 Christi
1328 4686 1725 4742 solemnitatem
1768 4687 1822 4742 in
1876 4687 2020 4743 Urbe

449 4773 776 4829 celebrasse.
822 4776 957 4832 Illud
999 4777 1348 4849 privilegium
1381 4796 1448 4836 ex
1489 4782 1656 4836 veteri
1684 4784 1868 4838 codice
1914 4799 2016 4836 ms.

441 4864 772 4932 descriptum
823 4865 960 4938 lege,
1005 4868 1050 4923 si
1098 4869 1266 4923 otium
1309 4878 1410 4936 est,
1445 4871 1498 4925 in
1534 4871 1861 4942 Appendice.
1907 4872 2019 4926 IIoc

440 4974 700 5031 sequetur
747 4960 889 5019 aliud
931 4975 1053 5035 post
1097 4965 1212 5022 dies
1243 4971 1697 5022 tres'coneessum
1747 4967 2020 5023 Balmeusi

442 5057 584 5126 apttd
641 5057 922 5128 Sequanos
971 5062 1134 5116 nobili
1190 5065 1540 5132 monasterio,
1593 5065 1732 5134 quod
1783 5079 1851 5120 ex
1903 5064 2018 5134 ipso

379 5152 384 5159 '
444 5151 786 5221 autographo
852 5153 1180 5224 descriptum
1237 5157 1306 5211 ab
1363 5153 1604 5226 ejusdem
1659 5156 1759 5212 loci
1827 5157 2022 5212 ascetis

438 5243 765 5314 accepimus.

439 5354 603 5414 LXV.
686 5356 947 5414 Dalmatii
1021 5359 1396 5432 archiepiscopi
1479 5359 1840 5416 Narbonensis
1921 5360 2021 5414 iter

749 5437 751 5439 ’
1109 5427 1350 5485 Romam;

514 5521 617 5577 Vix
647 5525 813 5581 etiam
843 5526 985 5582 ultra
1036 5526 1200 5598 hujus
1239 5525 1364 5579 anni
1413 5523 1573 5578 tinem
1615 5521 1814 5577 ditlerri
1844 5529 2022 5592 potest

445 5612 550 5667 iter
603 5607 852 5674 Dalmatii
910 5617 1302 5691 archiepiscopi
1351 5615 1718 5671 Narbonensis
1768 5615 2017 5679 Romam,

443 5707 610 5776 quod,
636 5721 830 5780 praeter
870 5711 1005 5769 alias
1036 5726 1248 5778 causas,
1297 5710 1365 5766 ob
1408 5706 1779 5778 pervulgatam
1811 5706 2014 5763 Urbani

2114 1864 2424 1935 pontificem
2448 1864 2630 1919 Romae
2654 1865 2793 1920 idem
2824 1864 3115 1918 Dalmatius
3137 1875 3466 1932 conquestus
3483 1864 3689 1931 fuerat,

2114 1971 2396 2030 quamque
2418 1955 2672 2012 Urbanus
2703 1955 2976 2027 Rayuerio
3004 1955 3180 2024 legato
3210 1970 3309 2009 suo
3356 1939 3716 2026 componet)?

2116 2051 2234 2104 dam
2263 2047 2753 2104 commendaverat.
2796 2046 2853 2102 Si
2893 2047 3040 2102 enim
3075 2055 3200 2101 ante
3248 2047 3551 2101 Romanum
3585 2047 3690 2101 iter

2116 2137 2302 2208 sopitae
2330 2136 2558 2192 fuissent
2597 2136 2699 2192 illae
2729 2138 3126 2204 contentiones,
3174 2144 3232 2191 ut
3276 2151 3465 2191 revera
3498 2137 3554 2191 in
3586 2136 3693 2192 ista

2116 2228 2321 2298 synodo
2363 2227 2566 2297 sopitas
2595 2227 2760 2283 fuisse
2805 2227 3088 2283 declarant
3131 2228 3248 2299 ejus
3299 2237 3442 2293 acta,
3489 2228 3697 2282 frustra

2117 2329 2300 2391 postea
2322 2319 2618 2375 Dalmatius
2651 2320 2769 2374 illas
2790 2321 2856 2375 ad
2879 2318 3214 2389 pontificium
3241 2318 3477 2374 tribunal
3510 2318 3700 2374 Romae

2118 2413 2421 2479 detulisset,
2455 2412 2656 2468 frustra
2690 2414 2854 2467 etiam
2904 2411 3154 2467 Urbanus
3181 2411 3246 2467 de
3297 2412 3383 2466 his
3424 2410 3702 2482 sopiendis

2119 2503 2184 2556 ad
2217 2503 2451 2571 legatum
2482 2517 2640 2556 suum
2683 2500 3009 2570 scripsisset.
3043 2499 3197 2554 lianc
3225 2514 3385 2569 porro
3416 2501 3691 2570 synodum

2121 2593 2275 2648 initio
2303 2591 2432 2646 anni
2463 2591 2738 2660 sequentis
2793 2591 3119 2646 celebratam
3170 2589 3340 2645 fuisse
3383 2605 3448 2645 ex
3499 2589 3696 2645 iisdem

2120 2685 2235 2753 ejus
2256 2684 2392 2738 actis
2415 2691 2561 2753 patet
2587 2683 2727 2752 apud
2751 2682 3026 2736 Baluzium
3056 2682 3108 2736 in
3135 2681 3379 2737 conciliis
3409 2681 3704 2751 provincia:

2123 2776 2512 2841 Narbonensis,
2563 2785 2619 2831 et
2672 2775 2945 2832 Labbeum
3001 2775 3053 2829 in
3103 2773 3398 2845 appendiee
3478 2772 3609 2826 tnmi
3656 2770 3705 2825 x

2120 2869 2484 2925 Conciliorum
2518 2867 2871 2941 generalium,
2902 2867 2994 2923 ubi
3026 2883 3164 2921 anno
3188 2866 3401 2921 Domini
3426 2865 3697 2919 Incarna-

2121 2961 2347 3016 nationis
2381 2960 2518 3016 I090
2559 2961 2756 3014 decimo
2794 2960 2945 3013 tertio
2976 2957 3245 3013 Kalendas
3272 2956 3467 3027 Aprilis
3515 2955 3700 3011 habita

2123 3052 2290 3106 fuisse
2316 3051 2532 3106 disertis
2558 3050 2736 3106 verbis
2765 3051 2983 3106 dicitur.
3009 3038 3013 3042 ”

2121 3164 2308 3222 LXVI.
2366 3164 2530 3219 Varia
2591 3162 3104 3235 negotin_Raynerio
3153 3161 3324 3233 legato
3373 3161 3700 3216 commendat

2782 3232 3047 3288 Urbanus.

2195 3329 2335 3396 Quid
2369 3344 2500 3383 vero
2544 3343 2609 3382 eo
2632 3328 2685 3382 in
2717 3327 2911 3382 itinere
2943 3325 3234 3396 profecerit
3261 3324 3560 3379 Dalmatius
3589 3323 3698 3377 dis-

2121 3422 2352 3478 cendum
2384 3431 2465 3477 est
2494 3437 2558 3474 ex
2582 3419 2778 3474 litteris
2809 3435 2944 3488 quas
2970 3433 3033 3474 ea
3056 3419 3348 3474 occasione
3377 3416 3702 3486 conscripsit

2119 3508 2394 3567 Urbanus.
2457 3511 2639 3564 Primo
2703 3525 2825 3564 eum
2896 3507 3140 3579 pontifex
3191 3508 3334 3563 clero
3393 3505 3702 3575 pepuloque

2121 3603 2483 3664 Narbonensi,
2527 3616 2592 3656 ac
2641 3600 2803 3655 etiam
2863 3599 3049 3654 comiti
3098 3607 3154 3653 et
3198 3596 3504 3652 vicecomiti
3551 3611 3702 3650 com-

2122 3693 2419 3755 mendavit,
2454 3691 2642 3762 eisque
2666 3691 2920 3761 praecepit
2952 3697 3010 3744 ut
3040 3689 3115 3744 illi
3159 3697 3414 3758 tanquam
3469 3686 3614 3756 patri
3650 3694 3703 3740 et

2121 3785 2323 3841 Christi
2353 3785 2561 3838 vicario
2587 3783 2952 3838 obedientiam
2975 3791 3030 3837 et
3053 3783 3312 3838 honorem
3345 3781 3700 3842 exhiberent,

2123 3879 2360 3933 minatus
2408 3893 2466 3932 se
2516 3893 2610 3931 eos
2669 3877 2759 3945 qui
2816 3875 3071 3931 Ecclesia:
3127 3874 3492 3929 Narbonensis
3557 3874 3698 3926 bona

2133 3973 2431 4027 retinerent
2478 3972 2838 4026 anathematis
2885 3970 3063 4040 gladio
3114 3964 3425 4024 feritttrum.
3485 3969 3693 4023 Deinde

2122 4063 2397 4134 Raynerio
2435 4061 2721 4128 eardiuali,
2779 4077 2938 4132 quem
2991 4062 3043 4116 in
3093 4061 3407 4130 Ilispauiam
3459 4059 3703 4130 legatum

2124 4157 2369 4217 miserat,
2405 4154 2562 4208 binas
2603 4154 2815 4209 litteras
2853 4152 3092 4223 scripsit,
3129 4152 3324 4222 quibus
3355 4151 3591 4205 maxime
3619 4148 3694 4202 illi

2121 4245 2467 4300 commendat
2493 4253 2551 4298 ut
2576 4243 2914 4314 potissimum
2940 4243 3176 4312 inquirat
3220 4243 3288 4298 de
3318 4242 3533 4312 injuriis
3558 4257 3698 4310 quas

2124 4337 2426 4392 Dalmatius
2451 4349 2508 4391 se
2533 4351 2562 4389 a
2586 4335 2848 4389 Frotardo
2875 4333 3249 4389 Tomeriarum
3291 4333 3484 4387 abbate
3513 4341 3688 4401 pertu-

2050 4449 2096 4508 υ
2126 4428 2250 4482 lisse
2271 4427 2723 4502 conquerebatur.
2756 4427 3008 4480 Fortasse
3033 4425 3122 4479 ille
3159 4425 3328 4479 abbas
3373 4424 3705 4477 abutebatur

2127 4517 2323 4588 insigni
2357 4515 2655 4587 privilegio.
2704 4517 2868 4585 quod,
2921 4514 2997 4570 uti
3030 4515 3286 4579 diximus,
3341 4527 3528 4568 mense
3557 4511 3706 4566 Julio

2123 4607 2284 4677 hujus
2329 4606 2456 4662 anni
2501 4606 2570 4670 ab
2611 4605 2831 4661 Urbano
2890 4614 3217 4676 acceperat;
3264 4605 3406 4659 unde
3459 4603 3706 4674 pontifex

2127 4697 2364 4751 maxime
2393 4697 2593 4751 insistit
2626 4697 2678 4751 in
2715 4705 2947 4767 utraque
2973 4699 3040 4752 ad
3087 4697 3324 4767 legatum
3357 4696 3611 4766 epistola,
3647 4707 3709 4751 ut

2123 4788 2264 4841 hanc
2287 4802 2510 4842 causam
2547 4786 2956 4856 diligentissime
2997 4787 3288 4849 examinet,
3327 4802 3426 4857 pro
3447 4802 3552 4856 qua
3582 4801 3708 4856 spe-

2125 4879 2337 4933 cialiter
2366 4879 2564 4954 missus
2603 4878 2772 4933 fuisse
2812 4878 3030 4934 dicitur.
3073 4877 3208 4933 Nam
3257 4877 3580 4943 Frotardus,
3611 4878 3706 4946 qui

2127 4967 2358 5021 Romam
2384 4967 2591 5038 primus
2612 4977 2858 5034 venerat,
2875 4963 2979 5024 ‘res
3007 4967 3176 5022 multo
3201 4965 3382 5032 aliter,
3412 4974 3470 5021 ut
3494 4966 3571 5021 ait
3591 4967 3714 5036 ipse

2131 5059 2385 5116 Urbanus
2421 5059 2477 5115 in
2519 5059 2694 5129 prima
2733 5058 2985 5129 epistola,
3023 5072 3184 5128 quam
3215 5057 3534 5122 Dalmatius,
3567 5071 3707 5126 pra:-

2127 5162 2279 5208 sente
2327 5151 2505 5223 legato
2553 5159 2678 5205 ante
2730 5149 2848 5220 ejus
2902 5150 2958 5205 in
3018 5147 3333 5219 Hispaniam
3373 5147 3702 5211 discessum.

2125 5243 2367 5315 pontifici
2390 5243 2669 5298 retulerat.
2689 5241 2984 5298 Dalmatius
3004 5241 3202 5311 quippe
3219 5248 3274 5294 et
3291 5238 3705 5294 Barcinonensis

2127 5336 2415 5406 episcopus
2456 5337 2524 5390 ad
2579 5334 2632 5389 id
2657 5334 2887 5388 Romam
2934 5332 3276 5403 potissimum
3308 5331 3524 5386 venisse
3557 5329 3704 5384 vide-

2123 5429 2342 5489 bantur.
2380 5435 2440 5482 ut
2483 5427 2744 5482 adversus
2781 5426 2930 5482 illum
2972 5426 3223 5482 abbatem
3255 5424 3521 5494 justitiam
3568 5422 3704 5477 sedis

2125 5519 2430 5592 apostolica!
2461 5519 2786 5589 flagitarent.
2813 5517 3056 5586 Denique
3079 5516 3147 5571 ad
3177 5515 3350 5585 ipsum
3378 5512 3701 5568 Frotardutn

2127 5611 2343 5680 scripsit
2374 5608 2647 5675 Urbanus,
2677 5618 2738 5664 ut
2776 5623 2836 5664 se
2875 5607 3092 5678 penitus
3130 5605 3294 5676 legati
3325 5603 3535 5675 judicio
3578 5601 3700 5658 sub-

2125 5702 2310 5776 jiciat;
2361 5710 2413 5757 ct
2446 5701 2490 5758 si
2526 5715 2653 5758 vera
2681 5709 2866 5758 essent
2889 5716 2956 5756 ea
2998 5715 3118 5772 qua:
3146 5700 3210 5756 de
3235 5699 3326 5755 illo
3368 5697 3698 5764 ferebantur,
