3962 6312
236 334 309 388 65
1787 332 1803 383 l

1908 334 1961 387 Α.
2676 355 2681 360 ‘
3418 349 3487 404 66

234 450 396 520 plene
416 457 469 505 et
489 466 716 521 congrue
732 449 1029 507 satisfaciat
1049 448 1310 504 ambobus
1331 449 1435 503 illis
1455 448 1805 503 antistitibus.
1838 454 1882 507 A
1913 450 2035 518 quis
2083 465 2144 505 ea
2181 452 2463 510 occasione
2513 455 2787 512 intrudere
2834 459 2958 514 velit
2994 461 3266 517 abbatiam
3300 463 3490 521 Conta-

238 540 485 610 Denique
512 541 560 595 ei
587 542 827 596 maxime
851 541 1191 597 commendat
1210 540 1473 610 pontifex,
1508 548 1569 594 ut
1602 538 1813 593 Narbo-

238 644 454 693 nensem,
479 630 766 683 antistitem
795 630 929 685 sicut
963 630 1233 699 proprium
1269 640 1314 683 et
1340 640 1605 701 pastorem
1650 630 1809 698 spiri—

237 718 529 773 tualem....
562 731 860 776 revereatur
886 732 932 775 et
959 721 1166 792 diligat.

323 831 531 887 LXVII.
572 833 1012 889 Tarraconensem
1036 835 1352 903 provinciam
1386 833 1717 889 Narbonensi

645 905 1026 974 archiepiscopo
1062 907 1407 959 commendat.

309 993 468 1062 Quod
516 1011 645 1052 vero
690 998 969 1066 spectabat
1016 998 1083 1051 ad
1120 997 1211 1068 jus
1260 998 1708 1066 metropoliticum
1760 998 1811 1052 in

237 1086 705 1142 Tarraconensem
742 1088 1075 1156 provinciam
1106 1102 1215 1157 quo
1247 1087 1396 1142 brevi
1426 1103 1485 1142 se
1523 1088 1809 1157 spoliatum

238 1176 306 1231 iri
332 1177 624 1231 verebatur
647 1176 963 1244 Dalmatius,
1000 1178 1253 1247 quoniam
1286 1192 1373 1232 res
1413 1186 1531 1231 erat
1560 1176 1811 1242 diliicilis,

237 1271 518 1325 mandavit
541 1270 720 1342 legato
755 1286 855 1326 suo
876 1267 1152 1336 Urbanus,
1190 1280 1247 1325 ut
1276 1272 1400 1326 dum
1438 1271 1812 1325 Tarraconem

235 1362 315 1417 sis
339 1362 469 1417 urbs
494 1372 860 1433 repararetur,
891 1362 1021 1417 nihil
1051 1377 1273 1431 prorsus
1300 1378 1361 1417 ea
1393 1363 1459 1417 de
1491 1378 1550 1418 re
1580 1364 1810 1416 innova-

235 1460 345 1508 ret.
375 1452 483 1507 Res
510 1453 677 1517 enim,
716 1461 773 1507 ut
793 1453 867 1506 ait
891 1452 1050 1506 V.Cl.
1084 1453 1277 1508 Petrus
1300 1454 1363 1509 de
1390 1452 1569 1508 Marca
1599 1452 1735 1507 libro
1757 1469 1811 1507 tv

237 1542 434 1597 Marcze
480 1542 798 1611 Hispanicae,
840 1550 957 1595 erat
1006 1540 1213 1596 lubrica
1269 1550 1324 1596 et
1359 1557 1603 1611 anceps:
1642 1557 1810 1611 quare

233 1650 404 1690 ausus
453 1650 560 1690 non
607 1643 693 1689 est
730 1633 977 1689 Urbanus
1014 1634 1264 1688 Dalmatii
1312 1635 1559 1703 querelas
1593 1635 1814 1705 insuper

231 1725 459 1790 habere,
489 1725 603 1794 qui,
637 1725 713 1778 uti
755 1724 867 1794 ipse
893 1721 1132 1794 pontifex
1159 1724 1417 1794 loquitur,
1444 1725 1807 1795 prmjudicium

1915 538 2134 592 riensem
2164 540 2376 596 aliunde
2403 542 2635 613 ignotam
2663 562 2676 604 ;
2714 556 2806 601 aut
2835 550 3088 619 denique,
3131 560 3189 606 ut
3222 554 3490 610 cardinali

1912 628 2136 697 Aguirio
2182 630 2395 707 accidit,
2452 631 2681 703 legatum
2727 635 2927 693 Urbani
2974 639 3036 694 L.
3075 642 3169 711 qui
3213 659 3489 713 nunquam

1913 718 2113 784 extitit,
2166 720 2431 775 admittat.
2487 722 2542 776 In
2609 724 2695 779 his
2767 743 2927 797 porro
2974 730 3169 789 litters
3231 734 3492 803 praclara

1914 807 2082 860 multa
2154 809 2317 864 habet
2392 812 2836 882 vigilantissimus
2902 820 3139 887 pontifex
3202 823 3268 876 de
3326 823 3492 893 legati

1911 898 2107 964 ofﬁcio,
2141 916 2269 954 cum
2313 901 2641 973 Rayuerium
2691 909 3030 976 potissimum
3071 921 3273 980 monet,
3320 925 3377 967 ut
3421 930 3492 969 ue

1914 984 2099 1044 favore
2128 990 2327 1059 aliquo,
2366 1002 2457 1046 aut
2504 995 2669 1050 nimio
2713 999 2827 1051 zelo
2863 1009 3037 1066 actus,
3085 1003 3136 1056 in
3168 1004 3488 1060 alterutram

1914 1088 2125 1146 partem
2188 1092 2377 1137 contra
2432 1086 2544 1139 veri
2612 1089 2853 1159 rectique
2926 1093 3138 1161 regulas
3193 1111 3252 1150 se
3318 1095 3492 1168 abripi

1912 1172 2172 1238 patiatur.
2200 1171 2316 1229 Hoc
2345 1175 2460 1245 ipso
2489 1194 2633 1233 anno
2669 1181 2960 1247 Attilanus,
2996 1185 3237 1239 Z‘amorae
3281 1190 3489 1259 episco-

1914 1278 2032 1335 pus,
2077 1266 2145 1319 ab
2174 1265 2389 1322 Urbano
2419 1272 2768 1327 eauonizatus
2795 1274 2991 1330 dicitur
3020 1278 3073 1331 in
3110 1278 3489 1351 Martyrologio

1912 1353 2177 1427 Romano,
2236 1361 2378 1427 quod
2426 1376 2495 1413 an
2550 1378 2738 1416 verum
2786 1365 2877 1430 sit,
2916 1382 3023 1421 non
3070 1385 3175 1423 una
3231 1379 3314 1424 est
3348 1369 3489 1439 apud

1912 1455 2159 1515 auctores
2188 1448 2347 1503 etiam
2374 1450 2638 1521 Hispanos
2662 1456 2950 1510 sententia.

1983 1561 2209 1619 LXVIII.
2263 1564 2944 1691 Privilegiampmonasterii
2984 1574 3041 1628 S.
3085 1574 3310 1631 Joannis
3353 1579 3420 1633 de

2649 1659 2797 1691 ιηηα.

2649 1659 2797 1695 mna.

1983 1724 2283 1797 Antequam
2312 1727 2596 1798 Hispanias
2623 1733 2979 1801 dimittamus,
3005 1740 3191 1805 paucis
3222 1742 3488 1809 agendum

230 1815 333 1867 sibi
382 1814 580 1883 factum
636 1815 700 1867 de
762 1813 856 1868 illa
920 1813 1391 1869 Tarraconensium
1452 1816 1807 1883 episcOporum
1843 1804 1994 1868 Best
2044 1816 2109 1869 de
2158 1819 2455 1886 percelebri
2504 1824 2832 1876 monasterio
2871 1804 3054 1878 Sancti
3104 1804 3329 1881 Joannis
3389 1829 3491 1882 Ba-

231 1906 588 1959 snbtractione
632 1904 930 1969 intimabat,
971 1920 1105 1973 quos
1143 1904 1509 1960 Narbonensis
1568 1904 1807 1960 ECclesia

231 2001 521 2066 per‘annos
554 1997 958 2067 quadringentos
988 1998 1101 2051 sine
1128 1996 1346 2050 alterius
1386 1996 1615 2050 ecclesia:
1642 1995 1809 2049 recla-

237 2087 472 2139 ntatione
514 2087 825 2154 possederat.
867 2086 936 2139 At
960 2101 1025 2139 ex
1055 2085 1223 2139 altera
1265 2096 1419 2155 parte
1463 2086 1601 2139 haud
1633 2083 1810 2153 ignota

247 2187 372 2232 erat
415 2176 623 2232 Urbano
668 2179 888 2248 antiqua
947 2178 1375 2233 Tarraconensis
1428 2177 1681 2232 Ecclesia:
1726 2176 1812 2229 di-

241 2269 445 2339 gnitas,
476 2284 587 2338 qua:
626 2284 782 2334 casu,
822 2285 927 2323 non
976 2269 1045 2323 ob
1087 2269 1301 2338 aliquod
1340 2269 1537 2323 malum
1577 2269 1809 2335 facinus,

232 2360 617 2414 miserabiliter
645 2360 955 2426 exciderat;
989 2376 1110 2415 cum
1139 2361 1341 2415 scilicet
1376 2362 1489 2430 ipsa
1522 2360 1807 2431 metropoli

226 2466 258 2502 a
324 2450 571 2505 barbaris
623 2460 912 2520 occupata,
978 2451 1179 2506 residui
1231 2451 1525 2521 provincia:
1572 2452 1805 2520 episcopi

223 2557 353 2596 cum
405 2544 519 2598 suis
574 2543 839 2609 ecclesiis,
892 2543 1194 2599 inconsulto
1244 2544 1497 2617 Romano
1528 2545 1805 2613 pontifice,

223 2635 600 2692 Narbonensis
664 2636 1097 2706 metrOpolitani.
1138 2644 1324 2706 utpote
1375 2635 1671 2702 vicinioris,
1715 2652 1808 2690 cu-

224 2727 417 2782 stodia:
452 2736 510 2782 et
546 2743 711 2792 curae,
752 2729 929 2796 potius
997 2742 1156 2796 quam
1210 2728 1599 2794 jurisdietioni,
1640 2727 1807 2783 multo

229 2820 407 2875 minus
442 2819 689 2874 servituti
721 2821 963 2874 attributi
996 2818 1228 2873 fuerant.
1254 2820 1429 2886 Quare
1452 2821 1503 2874 in
1519 2821 1602 2874 his
1626 2836 1804 2875 rerum

223 2910 567 2983 ambagibus.
600 2911 838 2980 prudens
877 2911 1118 2982 pontifex
1152 2913 1421 2966 neminem
1452 2912 1535 2967 vel
1587 2914 1802 2981 specie-

226 3011 383 3056 tenus
407 3002 602 3057 lzcdere
627 3001 833 3067 volens,
864 3012 1022 3058 caute
1059 3002 1326 3073 agendum
1370 3014 1518 3060 ratus
1559 3005 1803 3074 proviso-

222 3093 306 3145 rio
335 3092 557 3146 decreto
585 3093 866 3147 constituit
904 3101 982 3158 ut,
1008 3094 1178 3149 donec
1224 3093 1641 3149 Tarraconensis
1677 3097 1804 3151 urbs

225 3193 596 3254 rapam-retur,
626 3185 1050 3242 Tarraconensis
1081 3187 1371 3257 provinciae
1401 3187 1635 3257 episc0pi
1666 3186 1801 3242 Nar-

222 3273 453 3328 bonensi
469 3276 876 3347 archiepiscopo
892 3286 1141 3348 tanquam
1159 3278 1376 3348 proprio
1394 3279 1803 3349 metr0politano

222 3365 649 3433 subjicerentur.
684 3366 817 3433 Quia
836 3384 985 3434 vero,
1014 3368 1170 3437 paulo
1195 3380 1321 3425 ante
1345 3368 1604 3425 Toletano
1620 3370 1802 3426 archi-

222 3454 481 3524 episcopo
499 3455 808 3525 primatum,
833 3457 996 3523 salvis
1018 3459 1546 3527 metropolitanorum
1565 3460 1801 3530 juribus,

223 3546 279 3599 in
330 3547 613 3602 universas
654 3547 938 3618 llispauias
975 3550 1299 3616 contulerat,
1328 3551 1497 3606 voluit
1536 3564 1593 3607 ut
1635 3552 1799 3607 iidem

224 3638 465 3707 episcopi
511 3638 770 3694 Toletano
823 3640 1229 3710 archiepiscopo
1298 3648 1550 3710 tanquam
1603 3641 1801 3710 privati

223 3727 538 3795 obedirent,
617 3729 782 3783 donec
845 3731 1263 3800 archiepiscopus
1332 3729 1692 3785 Narbonensis
1746 3747 1800 3785 se

224 3834 407 3872 eorum
450 3820 721 3889 primatem
745 3820 906 3889 fuisse
941 3832 1082 3875 certa
1110 3823 1270 3891 possit
1299 3822 1610 3876 auctoritate
1645 3838 1799 3875 mon-

225 3921 416 3963 strare.
440 3909 735 3965 Dalmatius
751 3912 945 3983 quippe
968 3911 1186 3967 Urbano
1217 3913 1427 3967 dixerat
1450 3912 1719 3983 privilegia
1737 3913 1800 3967 de

225 4006 461 4065 primatu
493 4005 761 4060 ecclesiam
792 4022 939 4059 suam
970 4005 1229 4069 habuisse,
1279 4019 1343 4059 ac
1369 4004 1532 4058 multa
1561 4004 1798 4073 protule-

229 4103 315 4149 rat
344 4094 411 4147 ad
443 4095 496 4149 id
538 4095 872 4164 probandum
910 4095 1268 4149 instrumenta
1298 4111 1313 4150 :
1345 4110 1513 4163 quare
1548 4092 1801 4148 Urbanus

227 4185 405 4254 legato
430 4200 527 4239 suo
556 4183 857 4255 praescribit
889 4193 946 4239 ut
981 4185 1047 4238 de
1072 4184 1178 4238 illis
1202 4185 1499 4254 privilegiis
1528 4184 1802 4254 diligenter

229 4276 490 4345 iuquirat,
537 4289 643 4330 non
674 4273 891 4343 quidem
927 4282 985 4328 ut
1006 4274 1071 4329 de
1103 4272 1483 4342 iisjudicaret,
1514 4274 1606 4329 sed
1644 4284 1702 4326 ut
1730 4273 1797 4327 ad

227 4384 287 4424 se
322 4370 495 4439 ipsum
528 4369 644 4423 haec
672 4381 855 4431 causa,
893 4365 1071 4436 magni
1098 4365 1284 4435 utique
1315 4365 1594 4431 momenti,
1626 4363 1799 4419 refer-

228 4470 400 4514 retur.
450 4460 627 4528 Atque
682 4473 769 4513 res
825 4473 890 4514 eo
933 4458 987 4512 in
1040 4464 1181 4512 statu
1220 4472 1468 4512 mansere
1514 4472 1683 4527 usque
1731 4455 1798 4509 ad

228 4564 428 4603 annum
488 4549 656 4613 1091,
714 4563 833 4618 qua:
889 4547 1071 4602 omnia
1146 4546 1201 4601 in
1268 4547 1507 4617 epistolis
1568 4556 1799 4616 quatuor

231 4639 435 4694 Urbani
464 4639 636 4693 fusius
674 4648 1036 4708 exponuntur.
1068 4639 1139 4693 At
1180 4638 1267 4694 hic
1306 4640 1596 4694 observare
1623 4637 1795 4706 juvat,

227 4739 426 4800 przeter
476 4731 575 4785 has
628 4729 833 4787 Urbani
884 4731 1097 4785 litteras
1156 4746 1277 4800 qua:
1330 4730 1471 4801 apud
1524 4730 1798 4784 Labbeum

230 4820 446 4877 tomoX
468 4819 827 4875 Conciliorum
854 4820 1009 4875 edita:
1029 4829 1174 4886 sunt,
1200 4835 1358 4874 unam
1383 4819 1449 4874 de
1476 4819 1560 4874 his
1583 4828 1801 4875 contro-

226 4911 418 4965 versiis
448 4910 502 4965 in
533 4908 772 4977 ejusdem
803 4909 930 4964 tomi
975 4910 1269 4979 appendicc
1292 4909 1504 4974 haberi,
1538 4907 1597 4962 L.
1627 4909 1800 4963 cardi-

225 5001 335 5055 nali
360 5000 657 5070 presbytero
684 5000 886 5065 datam,
915 5000 967 5053 in
988 5015 1093 5068 qua
1130 5002 1308 5068 agitur
1332 5001 1398 5054 de
1427 5000 1797 5054 controversia

224 5092 369 5145 inter
426 5088 829 5144 Narbonensem
908 5089 1372 5160 archiepiscopum
1438 5098 1486 5143 et
1558 5088 1798 5143 abbatem

220 5178 614 5231 Comoriensem
661 5186 809 5231 nata.
864 5177 970 5232 Sed
1023 5177 1138 5233 haec
1178 5177 1402 5248 epistola
1445 5192 1508 5232 ea
1560 5177 1673 5246 ipSu
1716 5186 1799 5232 est

223 5266 494 5337 Ragnario
544 5267 712 5338 legato
768 5268 1049 5339 inscripta.
1098 5268 1199 5324 sub
1240 5284 1346 5340 quo
1393 5271 1581 5324 eodem
1643 5268 1797 5323 titulo

222 5356 337 5423 ejus
368 5356 728 5426 fragmentum
771 5357 881 5426 jam
922 5358 1169 5414 Labbeus
1211 5357 1325 5427 ipse
1352 5357 1612 5414 retulerat
1658 5359 1798 5413 inter

212 5448 355 5523 alias
386 5446 590 5504 Urbani
634 5447 906 5518 epistolas.
958 5448 1091 5503 Eum
1130 5448 1319 5505 fefellit
1363 5450 1641 5519 exemplar
1692 5465 1797 5521 quo

226 5552 352 5592 usus
378 5547 484 5601 est,
537 5538 589 5591 in
618 5552 730 5608 quo
782 5538 1126 5594 amanuensis
1173 5554 1361 5595 errore
1402 5538 1462 5594 L.
1503 5555 1604 5609 pro
1637 5540 1702 5594 R.
1742 5541 1794 5595 in

212 5608 435 5681 .titulum
468 5628 778 5695 irrepserat,
802 5628 941 5682 sicut
966 5638 1019 5681 et
1044 5627 1452 5693 Comoriensem,
1482 5645 1578 5699 pro
1613 5630 1797 5685 Tome-

224 5716 460 5772 riensem.
518 5718 632 5783 Qua
686 5718 836 5774 dere
882 5717 1134 5773 lectorem
1184 5720 1443 5775 monitum
1490 5722 1672 5788 velim,
1726 5740 1791 5778 uc

1912 1904 2086 1972 ptistre
2123 1904 2188 1959 de
2237 1906 2426 1971 Pinna,
2481 1910 2634 1979 cujus
2685 1912 2789 1965 loci
2840 1913 3089 1968 abbatem
3143 1918 3487 1986 Aymcricum

1914 1994 2140 2048 Saucius
2166 1995 2473 2064 Aragonum
2505 2014 2598 2052 rex
2632 2000 2855 2054 Romam
2889 2004 3054 2067 misit,
3082 2006 3486 2074 privilegiorum

1912 2082 1990 2135 sui
2018 2086 2326 2138 monasterii
2355 2086 2815 2143 conﬁrmationem
2839 2092 2906 2144 ab
2930 2091 3148 2147 Urbano
3164 2097 3488 2164 petiturum.

1912 2166 2053 2240 regis
2076 2185 2129 2243 et
2161 2173 2369 2230 abbatis
2417 2177 2659 2246 petitioni
2711 2182 2938 2235 assensit
2982 2185 3242 2252 pontifex.
3282 2196 3336 2241 et
3369 2189 3490 2258 qui-

1911 2263 2030 2317 dem
2072 2265 2170 2319 sub
2220 2265 2378 2332 hujus
2427 2269 2552 2321 anni
2609 2269 2792 2334 linem,
2853 2284 2944 2325 aut
3009 2283 3156 2329 certe
3209 2280 3487 2346 sequentis

1910 2355 2083 2421 initio,
2117 2365 2173 2409 ut
2208 2358 2477 2427 conjicere
2508 2370 2590 2414 est
2632 2377 2693 2415 cx
2728 2362 2842 2431 ipso
2890 2365 3180 2435 diplomate
3216 2367 3394 2422 Saneii
3435 2370 3486 2426 id

1910 2446 2215 2513 referentis,
2248 2452 2388 2520 quod
2423 2452 2607 2507 datum
2648 2466 2729 2508 est
2763 2473 2870 2508 atra
2903 2475 3200 2525 ncxxxmt,
3237 2477 3327 2516 vnt
3358 2461 3488 2517 Idas

1910 2540 2065 2602 Maii.
2101 2560 2238 2596 anno
2288 2562 2344 2598 ιιι
2391 2547 2729 2615 ponti/iratus
2778 2550 2958 2604 domui
2993 2550 3191 2606 Urbani
3214 2571 3362 2623 papw
3399 2554 3485 2620 H,

1906 2647 2044 2684 anno
2078 2632 2142 2684 ab
2190 2631 2567 2690 Incarnatione
2610 2636 2823 2692 Domini
2854 2639 3011 2704 1090,
3044 2642 3329 2697 indictione
3359 2660 3483 2705 xm.

1906 2732 2010 2775 etc.
2063 2723 2252 2779 Mirum
2294 2736 2472 2782 autem
2515 2738 2598 2783 est
2652 2733 2871 2800 quantis
2901 2733 3058 2788 donis
3102 2745 3157 2790 et
3195 2724 3489 2806 privilegiis

1907 2810 2301 2872 cumulaverint
2326 2821 2611 2891 Aragonia:
2645 2840 2798 2893 reges
2838 2825 3014 2881 locum
3050 2827 3211 2881 istum
3244 2844 3487 2892 sacrum,

1905 2908 1995 2976 qui
2021 2908 2088 2961 ad
2127 2924 2314 2963 eorum
2341 2913 2672 2981 sepulturam
2723 2926 2840 2969 erat
2872 2916 3179 2986 deputatus.
3235 2919 3340 2973 Sed
3367 2934 3482 2986 prae

1905 2999 2113 3052 caeteris
2135 3000 2329 3053 enituit
2352 3002 2693 3070 potissimum
2720 3006 2969 3070 Saucius,
2998 3008 3087 3077 qui
3118 3019 3200 3062 ter
3228 3018 3485 3077 quaterve

1910 3087 2131 3142 Romam
2159 3089 2276 3158 ejus
2302 3094 2619 3148 monasterii
2647 3095 2870 3151 abbates
2901 3098 3070 3163 misit,
3100 3098 3168 3152 ad
3192 3100 3486 3153 asserenda

1892 3174 2185 3251 privilegia
2217 3193 2272 3237 et
2303 3184 2463 3249 bona,
2495 3200 2615 3254 qua:
2641 3200 2669 3239 a
2700 3188 2914 3258 regibus
2941 3198 2993 3242 et
3015 3188 3333 3258 praesulibus
3356 3189 3486 3244 huic

1909 3274 2236 3328 monasterio
2267 3274 2463 3330 collata
2508 3275 2744 3332 fuerant.
2801 3277 2961 3332 Juvat
3018 3296 3081 3333 ea
3112 3296 3233 3348 qua:
3286 3283 3338 3333 in
3381 3296 3488 3333 uno

1907 3364 2051 3433 illius
2082 3365 2375 3435 diplomate
2397 3368 2669 3438 pertinent
2696 3369 2762 3423 ad
2787 3368 3063 3425 Urbanum
3091 3372 3194 3426 huc
3218 3370 3487 3438 proferre,

1908 3453 2093 3524 inquo
2126 3455 2207 3509 sic
2247 3455 2517 3525 loquitur:
2581 3476 2599 3507 ι
2635 3458 2830 3513 Saucio
2883 3460 3079 3514 abbate
3125 3461 3379 3515 defuncto
3429 3470 3485 3515 et

1904 3544 2104 3605 domno
2150 3545 2438 3615 Aymerico
2501 3548 2696 3602 abbate
2749 3549 2804 3602 in
2876 3549 3052 3603 locum
3117 3551 3233 3620 ejus
3287 3551 3484 3619 posito,

1904 3635 2125 3703 cupiens
2148 3636 2246 3690 hoc
2272 3638 2579 3691 cmuobium
2611 3638 2746 3694 adeo
2776 3655 2999 3708 prorsus
3031 3643 3242 3699 munire
3271 3652 3324 3698 et
3346 3645 3483 3698 tueri

1902 3725 2305 3795 apostolicoque
2352 3728 2510 3783 simul
2540 3738 2594 3795 et
2635 3731 2799 3801 regali
2857 3734 3183 3801 patrocinio,
3226 3735 3484 3789 domuum

1901 3815 2246 3888 Aymericum
2271 3816 2519 3873 abbatem
2550 3819 2734 3875 Roma:
2775 3822 2840 3875 ad
2862 3822 3236 3877 beatissimum
3285 3840 3481 3894 papam

1904 3906 2180 3961 Urbanum
2218 3909 2338 3964 misi
2377 3912 2693 3976 secundum,
2729 3913 2927 3968 obnixe
2973 3915 3271 3984 deprecans
3306 3926 3485 3984 pater.

1902 3998 2126 4053 nitatem
2151 3998 2314 4064 illius,
2352 4009 2410 4054 ut
2436 4003 2749 4070 prtedictum
2785 4003 2962 4067 locum
2999 4004 3050 4057 in
3079 4003 3397 4060 defensione
3427 4015 3482 4060 et

1900 4088 2202 4158 patrocinio
2262 4091 2540 4146 beatorum
2602 4094 2967 4161 apostolorum
3024 4094 3165 4149 Petri
3212 4105 3266 4151 et
3328 4096 3480 4150 Pauli

1901 4178 2223 4245 susciperet,
2253 4187 2307 4233 et
2351 4180 2691 4251 privilegium
2723 4182 2830 4238 tale
2856 4182 3030 4239 cidem
3070 4184 3187 4240 loco
3236 4187 3486 4242 conferre

1903 4266 2234 4335 dignaretur,
2290 4284 2398 4338 quo
2441 4285 2469 4323 a
2510 4272 2808 4341 rapacitate
2859 4275 3125 4329 malorum
3178 4276 3483 4341 hominum,

1901 4356 1985 4410 vel
2019 4357 2085 4410 ab
2112 4357 2391 4413 invasione
2419 4360 2821 4430 episcoporum,
2846 4379 2946 4418 nec
2982 4381 3090 4421 non
3112 4381 3142 4421 a
3169 4366 3484 4436 prmjudicio

1903 4447 2257 4503 cardinalium
2285 4460 2340 4504 et
2364 4451 2915 4522 archiepiscoporum,
2939 4470 3032 4511 seu
3059 4472 3088 4511 a
3110 4457 3487 4513 dominatione

1906 4538 2045 4593 mala
2086 4540 2491 4595 succedentium
2540 4557 2745 4613 regum,
2798 4545 2947 4601 locus
2991 4547 3180 4603 iisdem
3227 4550 3359 4604 tueri
3388 4556 3484 4602 aut

1906 4627 2115 4693 defendi
2161 4632 2361 4700 possit:
2417 4641 2472 4686 et
2523 4643 2582 4688 ut
2627 4635 2795 4701 abbas
2844 4636 3087 4705 ejusdem
3138 4636 3241 4692 loci
3292 4637 3484 4705 libere,

1905 4722 2020 4790 ipse
2048 4729 2102 4797 et
2128 4722 2234 4788 sui,
2264 4723 2329 4775 ad
2372 4724 2555 4779 sedem
2582 4724 2884 4782 Romanam
2922 4728 2973 4782 in
3013 4728 3263 4783 omnibus
3304 4730 3484 4784 causis

1906 4825 1962 4872 et
1981 4816 2200 4886 judiciis
2228 4818 2614 4875 ecclesiasticis
2639 4822 2720 4876 vel
2749 4824 3097 4879 saecularibus
3150 4840 3248 4880 nec
3274 4842 3397 4885 non
3430 4838 3486 4884 tt

1909 4904 1961 4958 in
2013 4905 2442 4962 or‘diuatioaibus
2485 4911 2761 4975 abbatum,
2810 4914 3026 4979 possint
3071 4929 3129 4969 se
3167 4914 3477 4976 reclamari.

1905 4996 2005 5066 Qui
2036 4997 2378 5053 beatissimus
2408 4999 2565 5056 Pater
2591 5002 2857 5065 Urbanus,
2888 5005 3069 5061 audita
3098 5022 3231 5065 mea:
3259 5009 3480 5063 humili-

1906 5079 2029 5142 tatis
2064 5090 2344 5157 petitione,
2395 5094 2557 5148 credo
2596 5110 2703 5147 non
2755 5095 3148 5164 meismeritis,
3181 5098 3276 5154 sed
3303 5100 3478 5154 sancti

1902 5172 2127 5230 Joannis
2155 5177 2328 5248 gratia
2363 5190 2697 5247 commotus,
2717 5183 2895 5238 locum
2935 5186 3078 5242 hunc
3104 5187 3155 5243 in
3183 5189 3475 5258 apostolica

1904 5268 2141 5338 suscepit
2174 5272 2533 5340 protectioue,
2582 5275 2814 5345 datoque
2852 5278 3121 5337 libertatis
3167 5282 3471 5353 privilegio,

1903 5362 2197 5430 apostolico
2240 5366 2543 5433 patrocinio
2575 5371 2825 5426 munivit.
2859 5392 2878 5426 ι
2934 5373 3059 5429 Haec
3108 5375 3179 5429 ibi
3204 5374 3473 5441 Saucius,

1900 5467 2018 5521 qua:
2044 5454 2201 5523 paulo
2245 5455 2419 5509 fusius
2449 5457 2653 5513 referre
2685 5462 2859 5517 visum
2904 5473 2987 5519 est
3016 5466 3081 5520 ad
3119 5464 3473 5535 supplendum

1898 5542 2163 5614 privilegii
2202 5543 2494 5612 defectum,
2545 5552 2684 5619 quod
2719 5552 2962 5615 invenire
2991 5572 3098 5610 non
3142 5556 3311 5613 licuit.
3359 5556 3472 5612 Re-

1896 5633 2039 5701 gium
2055 5648 2180 5688 vero
2196 5634 2321 5688 illud
2336 5637 2568 5706 diploma
2594 5640 2858 5712 integrum
2883 5647 3101 5701 exhibet
3114 5646 3472 5717 Hieronymus

1901 5726 2092 5779 lilanea
2117 5727 2166 5780 in
2190 5732 2593 5788 commentariis
2625 5750 2803 5789 rerum
2840 5737 3286 5805 Aragoueusium.
