  <div class='ocr_page' id='page_1' title='image "/cluster/home/n/w/nwhite01/storage/ocr_20150623/151/hvd.32044015473796/039.png"; bbox 0 0 3962 6312; ppageno 0'>
   <div class='ocr_carea' id='block_1_1' title="bbox 560 330 2137 411">
    <p class='ocr_par' dir='ltr' id='par_1_1' title="bbox 560 338 2137 411">
     <span class='ocr_line' id='line_1_1' title="bbox 560 338 2137 411; baseline -0.012 0"><span class='ocrx_word' id='word_1_1' title='bbox 560 351 625 411; x_wconf 82' lang='lat'><strong>67</strong></span> <span class='ocrx_word' id='word_1_2' title='bbox 1905 340 1966 397; x_wconf 87' lang='grc' dir='ltr'><strong>Β.</strong></span> <span class='ocrx_word' id='word_1_3' title='bbox 2002 338 2137 397; x_wconf 75' lang='lat' dir='ltr'><strong>URB</strong></span> 
     </span>
    </p>
   </div>
   <div class='ocr_carea' id='block_1_2' title="bbox 2238 330 3757 411">
    <p class='ocr_par' dir='ltr' id='par_1_2' title="bbox 2239 330 3757 389">
     <span class='ocr_line' id='line_1_2' title="bbox 2239 330 3757 389; baseline -0.001 0"><span class='ocrx_word' id='word_1_4' title='bbox 2239 334 2257 389; x_wconf 91' lang='lat' dir='ltr'><strong>l</strong></span> <span class='ocrx_word' id='word_1_5' title='bbox 2284 334 2325 389; x_wconf 92' lang='lat' dir='ltr'><strong>ll</strong></span> <span class='ocrx_word' id='word_1_6' title='bbox 2352 331 2549 389; x_wconf 69' lang='grc' dir='ltr'><strong>ΡΑΡιἘ</strong></span> <span class='ocrx_word' id='word_1_7' title='bbox 3706 330 3757 387; x_wconf 79' lang='lat'><strong>68</strong></span> 
     </span>
    </p>
   </div>
   <div class='ocr_carea' id='block_1_3' title="bbox 634 459 2057 528">
    <p class='ocr_par' dir='ltr' id='par_1_3' title="bbox 634 459 2057 528">
     <span class='ocr_line' id='line_1_3' title="bbox 634 459 2057 528; baseline -0.012 -2"><span class='ocrx_word' id='word_1_8' title='bbox 634 468 823 526; x_wconf 81' lang='lat' dir='ltr'><strong>LXIX.</strong></span> <span class='ocrx_word' id='word_1_9' title='bbox 865 467 1065 525; x_wconf 84' lang='lat' dir='ltr'><strong>Urbani</strong></span> <span class='ocrx_word' id='word_1_10' title='bbox 1095 466 1353 522; x_wconf 81' lang='lat' dir='ltr'><strong>decretum</strong></span> <span class='ocrx_word' id='word_1_11' title='bbox 1385 463 1448 517; x_wconf 85' lang='lat' dir='ltr'><strong>de</strong></span> <span class='ocrx_word' id='word_1_12' title='bbox 1476 462 1710 516; x_wconf 85' lang='lat' dir='ltr'><strong>libertate</strong></span> <span class='ocrx_word' id='word_1_13' title='bbox 1738 459 2057 528; x_wconf 73' lang='lat' dir='ltr'><strong>nuptiarum.</strong></span> 
     </span>
    </p>
   </div>
   <div class='ocr_carea' id='block_1_4' title="bbox 632 547 2129 625">
    <p class='ocr_par' dir='ltr' id='par_1_4' title="bbox 632 547 2129 625">
     <span class='ocr_line' id='line_1_4' title="bbox 632 547 2129 625; baseline -0.011 -9"><span class='ocrx_word' id='word_1_14' title='bbox 632 560 776 617; x_wconf 84' lang='lat' dir='ltr'><strong>Idem</strong></span> <span class='ocrx_word' id='word_1_15' title='bbox 826 573 940 625; x_wconf 83' lang='lat' dir='ltr'><strong>rex,</strong></span> <span class='ocrx_word' id='word_1_16' title='bbox 993 560 1095 613; x_wconf 92' lang='lat' dir='ltr'><strong>hac</strong></span> <span class='ocrx_word' id='word_1_17' title='bbox 1149 565 1243 610; x_wconf 89' lang='lat' dir='ltr'><strong>aut</strong></span> <span class='ocrx_word' id='word_1_18' title='bbox 1293 555 1461 609; x_wconf 87' lang='lat' dir='ltr'><strong>altera</strong></span> <span class='ocrx_word' id='word_1_19' title='bbox 1514 551 1816 616; x_wconf 86' lang='lat' dir='ltr'><strong>occasione,</strong></span> <span class='ocrx_word' id='word_1_20' title='bbox 1855 547 2129 603; x_wconf 86' lang='lat' dir='ltr'><strong>Urbanum</strong></span> 
     </span>
    </p>
   </div>
   <div class='ocr_carea' id='block_1_5' title="bbox 560 640 2133 718">
    <p class='ocr_par' dir='ltr' id='par_1_5' title="bbox 560 640 2133 718">
     <span class='ocr_line' id='line_1_5' title="bbox 560 640 2133 718; baseline -0.01 -12"><span class='ocrx_word' id='word_1_21' title='bbox 560 650 833 706; x_wconf 78' lang='lat' dir='ltr'><strong>consuluit</strong></span> <span class='ocrx_word' id='word_1_22' title='bbox 859 650 924 705; x_wconf 90' lang='lat' dir='ltr'><strong>de</strong></span> <span class='ocrx_word' id='word_1_23' title='bbox 953 663 1047 703; x_wconf 91' lang='lat' dir='ltr'><strong>sua</strong></span> <span class='ocrx_word' id='word_1_24' title='bbox 1087 647 1256 718; x_wconf 84' lang='lat' dir='ltr'><strong>ipsius</strong></span> <span class='ocrx_word' id='word_1_25' title='bbox 1301 653 1479 714; x_wconf 86' lang='lat' dir='ltr'><strong>nepte,</strong></span> <span class='ocrx_word' id='word_1_26' title='bbox 1517 658 1583 697; x_wconf 89' lang='lat' dir='ltr'><strong>an</strong></span> <span class='ocrx_word' id='word_1_27' title='bbox 1622 642 1789 697; x_wconf 89' lang='lat' dir='ltr'><strong>invita</strong></span> <span class='ocrx_word' id='word_1_28' title='bbox 1820 640 1939 694; x_wconf 92' lang='lat' dir='ltr'><strong>viro</strong></span> <span class='ocrx_word' id='word_1_29' title='bbox 1971 653 2133 708; x_wconf 88' lang='lat' dir='ltr'><strong>copu-</strong></span> 
     </span>
    </p>
   </div>
   <div class='ocr_carea' id='block_1_6' title="bbox 561 734 2132 805">
    <p class='ocr_par' dir='ltr' id='par_1_6' title="bbox 561 734 2132 805">
     <span class='ocr_line' id='line_1_6' title="bbox 561 734 2132 805; baseline -0.008 -11"><span class='ocrx_word' id='word_1_30' title='bbox 561 740 726 796; x_wconf 89' lang='lat' dir='ltr'><strong>landa</strong></span> <span class='ocrx_word' id='word_1_31' title='bbox 762 750 924 805; x_wconf 89' lang='lat' dir='ltr'><strong>esset,</strong></span> <span class='ocrx_word' id='word_1_32' title='bbox 972 739 1059 793; x_wconf 91' lang='lat' dir='ltr'><strong>cui</strong></span> <span class='ocrx_word' id='word_1_33' title='bbox 1103 752 1220 791; x_wconf 90' lang='lat' dir='ltr'><strong>eam</strong></span> <span class='ocrx_word' id='word_1_34' title='bbox 1268 744 1492 805; x_wconf 90' lang='lat' dir='ltr'><strong>cogente</strong></span> <span class='ocrx_word' id='word_1_35' title='bbox 1520 734 1845 789; x_wconf 76' lang='lat' dir='ltr'><strong>necessitate</strong></span> <span class='ocrx_word' id='word_1_36' title='bbox 1883 744 2132 800; x_wconf 87' lang='lat' dir='ltr'><strong>sponsam</strong></span> 
     </span>
    </p>
   </div>
   <div class='ocr_carea' id='block_1_7' title="bbox 560 820 2133 903">
    <p class='ocr_par' dir='ltr' id='par_1_7' title="bbox 560 820 2133 903">
     <span class='ocr_line' id='line_1_7' title="bbox 560 820 2133 903; baseline -0.009 -17"><span class='ocrx_word' id='word_1_37' title='bbox 560 834 903 903; x_wconf 81' lang='lat' dir='ltr'><strong>promiserat.</strong></span> <span class='ocrx_word' id='word_1_38' title='bbox 947 831 1242 899; x_wconf 82' lang='lat' dir='ltr'><strong>Respondit</strong></span> <span class='ocrx_word' id='word_1_39' title='bbox 1278 826 1515 899; x_wconf 74' lang='lat' dir='ltr'><strong>pontifex</strong></span> <span class='ocrx_word' id='word_1_40' title='bbox 1549 826 1601 879; x_wconf 88' lang='lat' dir='ltr'><strong>id</strong></span> <span class='ocrx_word' id='word_1_41' title='bbox 1632 838 1969 894; x_wconf 83' lang='lat' dir='ltr'><strong>nequaquam</strong></span> <span class='ocrx_word' id='word_1_42' title='bbox 2018 820 2133 874; x_wconf 80' lang='lat' dir='ltr'><strong>fieri</strong></span> 
     </span>
    </p>
   </div>
   <div class='ocr_carea' id='block_1_8' title="bbox 561 913 2129 992">
    <p class='ocr_par' dir='ltr' id='par_1_8' title="bbox 561 913 2129 992">
     <span class='ocr_line' id='line_1_8' title="bbox 561 913 2129 992; baseline -0.008 -15"><span class='ocrx_word' id='word_1_43' title='bbox 561 923 779 986; x_wconf 86' lang='lat' dir='ltr'><strong>debere,</strong></span> <span class='ocrx_word' id='word_1_44' title='bbox 836 922 991 992; x_wconf 90' lang='lat' dir='ltr'><strong>cujus</strong></span> <span class='ocrx_word' id='word_1_45' title='bbox 1047 937 1109 975; x_wconf 89' lang='lat' dir='ltr'><strong>ea</strong></span> <span class='ocrx_word' id='word_1_46' title='bbox 1164 920 1231 975; x_wconf 91' lang='lat' dir='ltr'><strong>de</strong></span> <span class='ocrx_word' id='word_1_47' title='bbox 1290 934 1347 973; x_wconf 88' lang='lat' dir='ltr'><strong>re</strong></span> <span class='ocrx_word' id='word_1_48' title='bbox 1401 917 1719 985; x_wconf 84' lang='lat' dir='ltr'><strong>rescriptum</strong></span> <span class='ocrx_word' id='word_1_49' title='bbox 1760 915 1828 969; x_wconf 92' lang='lat' dir='ltr'><strong>ab</strong></span> <span class='ocrx_word' id='word_1_50' title='bbox 1876 913 2036 967; x_wconf 91' lang='lat' dir='ltr'><strong>lvone</strong></span> <span class='ocrx_word' id='word_1_51' title='bbox 2077 920 2129 965; x_wconf 92' lang='lat' dir='ltr'><strong>et</strong></span> 
     </span>
    </p>
   </div>
   <div class='ocr_carea' id='block_1_9' title="bbox 560 1003 2132 1077">
    <p class='ocr_par' dir='ltr' id='par_1_9' title="bbox 560 1003 2132 1077">
     <span class='ocr_line' id='line_1_9' title="bbox 560 1003 2132 1077; baseline -0.008 -9"><span class='ocrx_word' id='word_1_52' title='bbox 560 1013 818 1068; x_wconf 87' lang='lat' dir='ltr'><strong>Gratiano</strong></span> <span class='ocrx_word' id='word_1_53' title='bbox 870 1014 923 1067; x_wconf 90' lang='lat' dir='ltr'><strong>in</strong></span> <span class='ocrx_word' id='word_1_54' title='bbox 973 1012 1083 1066; x_wconf 88' lang='lat' dir='ltr'><strong>suis</strong></span> <span class='ocrx_word' id='word_1_55' title='bbox 1113 1009 1340 1065; x_wconf 80' lang='lat' dir='ltr'><strong>decretis</strong></span> <span class='ocrx_word' id='word_1_56' title='bbox 1376 1009 1709 1077; x_wconf 85' lang='lat' dir='ltr'><strong>adoptatum,</strong></span> <span class='ocrx_word' id='word_1_57' title='bbox 1746 1014 1801 1059; x_wconf 90' lang='lat' dir='ltr'><strong>et</strong></span> <span class='ocrx_word' id='word_1_58' title='bbox 1842 1005 1910 1059; x_wconf 91' lang='lat' dir='ltr'><strong>ab</strong></span> <span class='ocrx_word' id='word_1_59' title='bbox 1951 1003 2132 1057; x_wconf 87' lang='lat' dir='ltr'><strong>Hilde-</strong></span> 
     </span>
    </p>
   </div>
   <div class='ocr_carea' id='block_1_10' title="bbox 559 1092 2135 1172">
    <p class='ocr_par' dir='ltr' id='par_1_10' title="bbox 559 1092 2135 1172">
     <span class='ocr_line' id='line_1_10' title="bbox 559 1092 2135 1172; baseline -0.007 -14"><span class='ocrx_word' id='word_1_60' title='bbox 559 1105 714 1158; x_wconf 89' lang='lat' dir='ltr'><strong>herto</strong></span> <span class='ocrx_word' id='word_1_61' title='bbox 760 1104 853 1158; x_wconf 90' lang='lat' dir='ltr'><strong>lib.</strong></span> <span class='ocrx_word' id='word_1_62' title='bbox 908 1119 971 1168; x_wconf 86' lang='grc' dir='ltr'>ιι,</span> <span class='ocrx_word' id='word_1_63' title='bbox 1030 1102 1188 1172; x_wconf 88' lang='lat' dir='ltr'><strong>epist.</strong></span> <span class='ocrx_word' id='word_1_64' title='bbox 1238 1100 1330 1166; x_wconf 68' lang='lat'><strong>26,</strong></span> <span class='ocrx_word' id='word_1_65' title='bbox 1386 1099 1519 1154; x_wconf 91' lang='lat' dir='ltr'><strong>alias</strong></span> <span class='ocrx_word' id='word_1_66' title='bbox 1560 1098 1648 1160; x_wconf 69' lang='grc'><strong>42,</strong></span> <span class='ocrx_word' id='word_1_67' title='bbox 1715 1096 1963 1150; x_wconf 86' lang='lat' dir='ltr'><strong>relatum.</strong></span> <span class='ocrx_word' id='word_1_68' title='bbox 2020 1092 2135 1147; x_wconf 80' lang='lat' dir='ltr'><strong>Huc</strong></span> 
     </span>
    </p>
   </div>
   <div class='ocr_carea' id='block_1_11' title="bbox 562 1185 2136 1260">
    <p class='ocr_par' dir='ltr' id='par_1_11' title="bbox 562 1185 2136 1260">
     <span class='ocr_line' id='line_1_11' title="bbox 562 1185 2136 1260; baseline -0.006 -12"><span class='ocrx_word' id='word_1_69' title='bbox 562 1208 821 1248; x_wconf 83' lang='lat' dir='ltr'><strong>revocare</strong></span> <span class='ocrx_word' id='word_1_70' title='bbox 871 1193 1045 1247; x_wconf 90' lang='lat' dir='ltr'><strong>visum</strong></span> <span class='ocrx_word' id='word_1_71' title='bbox 1074 1202 1175 1256; x_wconf 89' lang='lat' dir='ltr'><strong>est,</strong></span> <span class='ocrx_word' id='word_1_72' title='bbox 1209 1191 1348 1260; x_wconf 89' lang='lat' dir='ltr'><strong>quod</strong></span> <span class='ocrx_word' id='word_1_73' title='bbox 1380 1189 1577 1242; x_wconf 89' lang='lat' dir='ltr'><strong>nullam</strong></span> <span class='ocrx_word' id='word_1_74' title='bbox 1623 1202 1848 1256; x_wconf 85' lang='lat' dir='ltr'><strong>usquam</strong></span> <span class='ocrx_word' id='word_1_75' title='bbox 1884 1185 2136 1255; x_wconf 67' lang='lat' dir='ltr'><strong>praeferat</strong></span> 
     </span>
    </p>
   </div>
   <div class='ocr_carea' id='block_1_12' title="bbox 564 1276 2139 1353">
    <p class='ocr_par' dir='ltr' id='par_1_12' title="bbox 564 1276 2139 1353">
     <span class='ocr_line' id='line_1_12' title="bbox 564 1276 2139 1353; baseline -0.004 -18"><span class='ocrx_word' id='word_1_76' title='bbox 564 1282 823 1353; x_wconf 90' lang='lat' dir='ltr'><strong>temporis</strong></span> <span class='ocrx_word' id='word_1_77' title='bbox 853 1291 1053 1337; x_wconf 87' lang='lat' dir='ltr'><strong>notam.</strong></span> <span class='ocrx_word' id='word_1_78' title='bbox 1090 1282 1336 1347; x_wconf 86' lang='lat' dir='ltr'><strong>Saucius,</strong></span> <span class='ocrx_word' id='word_1_79' title='bbox 1374 1279 1462 1349; x_wconf 90' lang='lat' dir='ltr'><strong>qui</strong></span> <span class='ocrx_word' id='word_1_80' title='bbox 1495 1280 1561 1333; x_wconf 92' lang='lat' dir='ltr'><strong>ab</strong></span> <span class='ocrx_word' id='word_1_81' title='bbox 1589 1294 1728 1332; x_wconf 90' lang='lat' dir='ltr'><strong>anno</strong></span> <span class='ocrx_word' id='word_1_82' title='bbox 1773 1277 1907 1331; x_wconf 81' lang='lat'><strong>1067</strong></span> <span class='ocrx_word' id='word_1_83' title='bbox 1933 1276 2139 1346; x_wconf 77' lang='lat' dir='ltr'><strong>Arago-</strong></span> 
     </span>
    </p>
   </div>
   <div class='ocr_carea' id='block_1_13' title="bbox 563 1367 2137 1440">
    <p class='ocr_par' dir='ltr' id='par_1_13' title="bbox 563 1367 2137 1440">
     <span class='ocr_line' id='line_1_13' title="bbox 563 1367 2137 1440; baseline -0.003 -15"><span class='ocrx_word' id='word_1_84' title='bbox 563 1372 723 1426; x_wconf 71' lang='lat' dir='ltr'><strong>nibus</strong></span> <span class='ocrx_word' id='word_1_85' title='bbox 766 1372 1084 1440; x_wconf 89' lang='lat' dir='ltr'><strong>imperabat,</strong></span> <span class='ocrx_word' id='word_1_86' title='bbox 1112 1379 1301 1439; x_wconf 88' lang='lat' dir='ltr'><strong>quarta</strong></span> <span class='ocrx_word' id='word_1_87' title='bbox 1334 1371 1419 1424; x_wconf 91' lang='lat' dir='ltr'><strong>die</strong></span> <span class='ocrx_word' id='word_1_88' title='bbox 1444 1369 1585 1423; x_wconf 84' lang='lat' dir='ltr'><strong>Junii</strong></span> <span class='ocrx_word' id='word_1_89' title='bbox 1618 1384 1758 1421; x_wconf 82' lang='lat' dir='ltr'><strong>armo</strong></span> <span class='ocrx_word' id='word_1_90' title='bbox 1796 1367 1931 1421; x_wconf 66' lang='lat'><strong>1094</strong></span> <span class='ocrx_word' id='word_1_91' title='bbox 1971 1382 2137 1421; x_wconf 91' lang='lat' dir='ltr'><strong>occu-</strong></span> 
     </span>
    </p>
   </div>
   <div class='ocr_carea' id='block_1_14' title="bbox 564 1458 2137 1525">
    <p class='ocr_par' dir='ltr' id='par_1_14' title="bbox 564 1458 2137 1525">
     <span class='ocr_line' id='line_1_14' title="bbox 564 1458 2137 1525; baseline -0.004 -12"><span class='ocrx_word' id='word_1_92' title='bbox 564 1460 698 1525; x_wconf 87' lang='lat' dir='ltr'><strong>buit,</strong></span> <span class='ocrx_word' id='word_1_93' title='bbox 726 1475 847 1513; x_wconf 90' lang='lat' dir='ltr'><strong>cum</strong></span> <span class='ocrx_word' id='word_1_94' title='bbox 879 1459 1068 1514; x_wconf 85' lang='lat' dir='ltr'><strong>Oscam</strong></span> <span class='ocrx_word' id='word_1_95' title='bbox 1097 1460 1282 1514; x_wconf 81' lang='lat' dir='ltr'><strong>urbem</strong></span> <span class='ocrx_word' id='word_1_96' title='bbox 1328 1459 1627 1521; x_wconf 84' lang='lat' dir='ltr'><strong>obsideret;</strong></span> <span class='ocrx_word' id='word_1_97' title='bbox 1659 1458 1724 1511; x_wconf 91' lang='lat' dir='ltr'><strong>ad</strong></span> <span class='ocrx_word' id='word_1_98' title='bbox 1763 1473 1882 1511; x_wconf 92' lang='lat' dir='ltr'><strong>eum</strong></span> <span class='ocrx_word' id='word_1_99' title='bbox 1912 1470 2137 1524; x_wconf 89' lang='lat' dir='ltr'><strong>respon-</strong></span> 
     </span>
    </p>
   </div>
   <div class='ocr_carea' id='block_1_15' title="bbox 565 1544 2140 1618">
    <p class='ocr_par' dir='ltr' id='par_1_15' title="bbox 565 1544 2140 1618">
     <span class='ocr_line' id='line_1_15' title="bbox 565 1544 2140 1618; baseline -0.004 -16"><span class='ocrx_word' id='word_1_100' title='bbox 565 1550 769 1603; x_wconf 89' lang='lat' dir='ltr'><strong>sionem</strong></span> <span class='ocrx_word' id='word_1_101' title='bbox 800 1550 961 1603; x_wconf 85' lang='lat' dir='ltr'><strong>habet</strong></span> <span class='ocrx_word' id='word_1_102' title='bbox 989 1550 1127 1618; x_wconf 90' lang='lat' dir='ltr'><strong>apud</strong></span> <span class='ocrx_word' id='word_1_103' title='bbox 1169 1550 1380 1603; x_wconf 89' lang='lat' dir='ltr'><strong>lvonem</strong></span> <span class='ocrx_word' id='word_1_104' title='bbox 1408 1549 1534 1601; x_wconf 84' lang='lat' dir='ltr'><strong>Dec.</strong></span> <span class='ocrx_word' id='word_1_105' title='bbox 1570 1562 1691 1616; x_wconf 83' lang='lat' dir='ltr'><strong>pag.</strong></span> <span class='ocrx_word' id='word_1_106' title='bbox 1726 1546 1778 1609; x_wconf 86' lang='lat'><strong>8,</strong></span> <span class='ocrx_word' id='word_1_107' title='bbox 1808 1562 1926 1615; x_wconf 89' lang='lat' dir='ltr'><strong>cap.</strong></span> <span class='ocrx_word' id='word_1_108' title='bbox 1952 1544 2047 1609; x_wconf 70' lang='grc'><strong>24,</strong></span> <span class='ocrx_word' id='word_1_109' title='bbox 2082 1553 2140 1598; x_wconf 89' lang='lat' dir='ltr'><strong>et</strong></span> 
     </span>
    </p>
   </div>
   <div class='ocr_carea' id='block_1_16' title="bbox 566 1638 2138 1708">
    <p class='ocr_par' dir='ltr' id='par_1_16' title="bbox 566 1638 2138 1708">
     <span class='ocr_line' id='line_1_16' title="bbox 566 1638 2138 1708; baseline 0 -17"><span class='ocrx_word' id='word_1_110' title='bbox 566 1642 705 1708; x_wconf 87' lang='lat' dir='ltr'><strong>apud</strong></span> <span class='ocrx_word' id='word_1_111' title='bbox 736 1640 1050 1694; x_wconf 83' lang='lat' dir='ltr'><strong>Gratianum</strong></span> <span class='ocrx_word' id='word_1_112' title='bbox 1083 1641 1171 1706; x_wconf 78' lang='grc'><strong>51,</strong></span> <span class='ocrx_word' id='word_1_113' title='bbox 1197 1656 1250 1708; x_wconf 88' lang='lat' dir='ltr'><strong>q.</strong></span> <span class='ocrx_word' id='word_1_114' title='bbox 1275 1641 1328 1703; x_wconf 64' lang='grc' dir='ltr'><strong>ἓ,</strong></span> <span class='ocrx_word' id='word_1_115' title='bbox 1357 1655 1405 1694; x_wconf 93' lang='lat' dir='ltr'><strong>c.</strong></span> <span class='ocrx_word' id='word_1_116' title='bbox 1431 1640 1484 1706; x_wconf 81' lang='lat'><strong>&#39;5,</strong></span> <span class='ocrx_word' id='word_1_117' title='bbox 1520 1640 1572 1692; x_wconf 90' lang='lat' dir='ltr'><strong>in</strong></span> <span class='ocrx_word' id='word_1_118' title='bbox 1602 1639 1837 1693; x_wconf 87' lang='lat' dir='ltr'><strong>Bullario</strong></span> <span class='ocrx_word' id='word_1_119' title='bbox 1860 1638 2138 1695; x_wconf 87' lang='lat' dir='ltr'><strong>Casineusi</strong></span> 
     </span>
    </p>
   </div>
   <div class='ocr_carea' id='block_1_17' title="bbox 565 1729 951 1797">
    <p class='ocr_par' dir='ltr' id='par_1_17' title="bbox 565 1729 951 1797">
     <span class='ocr_line' id='line_1_17' title="bbox 565 1729 951 1797; baseline 0.005 -16"><span class='ocrx_word' id='word_1_120' title='bbox 565 1729 626 1782; x_wconf 85' lang='lat' dir='ltr'><strong>F.</strong></span> <span class='ocrx_word' id='word_1_121' title='bbox 659 1731 716 1791; x_wconf 68' lang='grc' dir='ltr'><strong>ει,</strong></span> <span class='ocrx_word' id='word_1_122' title='bbox 743 1746 795 1797; x_wconf 90' lang='lat' dir='ltr'><strong>p.</strong></span> <span class='ocrx_word' id='word_1_123' title='bbox 831 1731 951 1783; x_wconf 80' lang='lat'><strong>118.</strong></span> 
     </span>
    </p>
   </div>
   <div class='ocr_carea' id='block_1_18' title="bbox 671 1834 2028 1906">
    <p class='ocr_par' dir='ltr' id='par_1_18' title="bbox 671 1834 2028 1906">
     <span class='ocr_line' id='line_1_18' title="bbox 671 1834 2028 1906; baseline -0.001 -17"><span class='ocrx_word' id='word_1_124' title='bbox 671 1836 831 1889; x_wconf 87' lang='lat' dir='ltr'><strong>LXX.</strong></span> <span class='ocrx_word' id='word_1_125' title='bbox 875 1837 1109 1906; x_wconf 84' lang='lat' dir='ltr'><strong>Epistola</strong></span> <span class='ocrx_word' id='word_1_126' title='bbox 1135 1854 1229 1905; x_wconf 88' lang='lat' dir='ltr'><strong>pro</strong></span> <span class='ocrx_word' id='word_1_127' title='bbox 1257 1839 1570 1890; x_wconf 78' lang='lat' dir='ltr'><strong>monasterio</strong></span> <span class='ocrx_word' id='word_1_128' title='bbox 1611 1834 2028 1890; x_wconf 83' lang='lat' dir='ltr'><strong>Padolironensi.</strong></span> 
     </span>
    </p>
   </div>
   <div class='ocr_carea' id='block_1_19' title="bbox 632 1927 2137 1997">
    <p class='ocr_par' dir='ltr' id='par_1_19' title="bbox 632 1927 2137 1997">
     <span class='ocr_line' id='line_1_19' title="bbox 632 1927 2137 1997; baseline 0 -17"><span class='ocrx_word' id='word_1_129' title='bbox 632 1927 874 1982; x_wconf 81' lang='lat' dir='ltr'><strong>Hahetur</strong></span> <span class='ocrx_word' id='word_1_130' title='bbox 924 1927 1026 1981; x_wconf 90' lang='lat' dir='ltr'><strong>alia</strong></span> <span class='ocrx_word' id='word_1_131' title='bbox 1082 1928 1319 1997; x_wconf 83' lang='lat' dir='ltr'><strong>ejusdem</strong></span> <span class='ocrx_word' id='word_1_132' title='bbox 1371 1927 1639 1995; x_wconf 82' lang='lat' dir='ltr'><strong>pontificis</strong></span> <span class='ocrx_word' id='word_1_133' title='bbox 1679 1927 1923 1995; x_wconf 88' lang='lat' dir='ltr'><strong>epistola,</strong></span> <span class='ocrx_word' id='word_1_134' title='bbox 1976 1942 2137 1994; x_wconf 89' lang='lat' dir='ltr'><strong>quam</strong></span> 
     </span>
    </p>
   </div>
   <div class='ocr_carea' id='block_1_20' title="bbox 561 2017 2136 2086">
    <p class='ocr_par' dir='ltr' id='par_1_20' title="bbox 561 2017 2136 2086">
     <span class='ocr_line' id='line_1_20' title="bbox 561 2017 2136 2086; baseline 0 -15"><span class='ocrx_word' id='word_1_135' title='bbox 561 2020 659 2072; x_wconf 86' lang='lat' dir='ltr'><strong>sub</strong></span> <span class='ocrx_word' id='word_1_136' title='bbox 698 2017 855 2086; x_wconf 88' lang='lat' dir='ltr'><strong>hujus</strong></span> <span class='ocrx_word' id='word_1_137' title='bbox 892 2018 1016 2072; x_wconf 90' lang='lat' dir='ltr'><strong>anni</strong></span> <span class='ocrx_word' id='word_1_138' title='bbox 1052 2019 1229 2082; x_wconf 81' lang='lat' dir='ltr'><strong>tinem,</strong></span> <span class='ocrx_word' id='word_1_139' title='bbox 1263 2028 1356 2073; x_wconf 89' lang='lat' dir='ltr'><strong>aut</strong></span> <span class='ocrx_word' id='word_1_140' title='bbox 1386 2019 1577 2074; x_wconf 84' lang='lat' dir='ltr'><strong>saltem</strong></span> <span class='ocrx_word' id='word_1_141' title='bbox 1628 2030 1752 2072; x_wconf 89' lang='lat' dir='ltr'><strong>ante</strong></span> <span class='ocrx_word' id='word_1_142' title='bbox 1798 2018 2136 2072; x_wconf 82' lang='lat' dir='ltr'><strong>Mantuanam</strong></span> 
     </span>
    </p>
   </div>
   <div class='ocr_carea' id='block_1_21' title="bbox 560 2108 2140 2178">
    <p class='ocr_par' dir='ltr' id='par_1_21' title="bbox 560 2108 2140 2178">
     <span class='ocr_line' id='line_1_21' title="bbox 560 2108 2140 2178; baseline -0.001 -15"><span class='ocrx_word' id='word_1_143' title='bbox 560 2110 916 2174; x_wconf 86' lang='lat' dir='ltr'><strong>obsidionem,</strong></span> <span class='ocrx_word' id='word_1_144' title='bbox 960 2110 1112 2163; x_wconf 89' lang='lat' dir='ltr'><strong>initio</strong></span> <span class='ocrx_word' id='word_1_145' title='bbox 1169 2110 1443 2178; x_wconf 85' lang='lat' dir='ltr'><strong>sequentis</strong></span> <span class='ocrx_word' id='word_1_146' title='bbox 1494 2109 1621 2163; x_wconf 89' lang='lat' dir='ltr'><strong>anni</strong></span> <span class='ocrx_word' id='word_1_147' title='bbox 1660 2110 1973 2177; x_wconf 64' lang='lat' dir='ltr'><strong>incaeptam,</strong></span> <span class='ocrx_word' id='word_1_148' title='bbox 2028 2108 2140 2161; x_wconf 84' lang='lat' dir='ltr'><strong>Ma-</strong></span> 
     </span>
    </p>
   </div>
   <div class='ocr_carea' id='block_1_22' title="bbox 560 2196 2139 2266">
    <p class='ocr_par' dir='ltr' id='par_1_22' title="bbox 560 2196 2139 2266">
     <span class='ocr_line' id='line_1_22' title="bbox 560 2196 2139 2266; baseline 0.002 -16"><span class='ocrx_word' id='word_1_149' title='bbox 560 2196 713 2251; x_wconf 88' lang='lat' dir='ltr'><strong>thildi</strong></span> <span class='ocrx_word' id='word_1_150' title='bbox 754 2197 1041 2251; x_wconf 69' lang='lat' dir='ltr'><strong>comitissae</strong></span> <span class='ocrx_word' id='word_1_151' title='bbox 1085 2197 1302 2265; x_wconf 86' lang='lat' dir='ltr'><strong>scripsit</strong></span> <span class='ocrx_word' id='word_1_152' title='bbox 1341 2198 1393 2251; x_wconf 91' lang='lat' dir='ltr'><strong>in</strong></span> <span class='ocrx_word' id='word_1_153' title='bbox 1444 2197 1672 2266; x_wconf 84' lang='lat' dir='ltr'><strong>gratiam</strong></span> <span class='ocrx_word' id='word_1_154' title='bbox 1703 2196 2139 2253; x_wconf 80' lang='lat' dir='ltr'><strong>Padolironensis</strong></span> 
     </span>
    </p>
   </div>
   <div class='ocr_carea' id='block_1_23' title="bbox 559 2287 2137 2358">
    <p class='ocr_par' dir='ltr' id='par_1_23' title="bbox 559 2287 2137 2358">
     <span class='ocr_line' id='line_1_23' title="bbox 559 2287 2137 2358; baseline 0.003 -17"><span class='ocrx_word' id='word_1_155' title='bbox 559 2287 872 2341; x_wconf 76' lang='lat' dir='ltr'><strong>monasterii</strong></span> <span class='ocrx_word' id='word_1_156' title='bbox 930 2288 1188 2342; x_wconf 86' lang='lat' dir='ltr'><strong>adversus</strong></span> <span class='ocrx_word' id='word_1_157' title='bbox 1242 2287 1587 2342; x_wconf 88' lang='lat' dir='ltr'><strong>Mantuannm</strong></span> <span class='ocrx_word' id='word_1_158' title='bbox 1644 2289 1973 2358; x_wconf 88' lang='lat' dir='ltr'><strong>episcopum.</strong></span> <span class='ocrx_word' id='word_1_159' title='bbox 2036 2289 2137 2345; x_wconf 87' lang='lat' dir='ltr'><strong>llic</strong></span> 
     </span>
    </p>
   </div>
   <div class='ocr_carea' id='block_1_24' title="bbox 559 2379 2136 2437">
    <p class='ocr_par' dir='ltr' id='par_1_24' title="bbox 559 2379 2136 2437">
     <span class='ocr_line' id='line_1_24' title="bbox 559 2379 2136 2437; baseline 0.003 -4"><span class='ocrx_word' id='word_1_160' title='bbox 559 2379 843 2433; x_wconf 87' lang='lat' dir='ltr'><strong>ecclesiam</strong></span> <span class='ocrx_word' id='word_1_161' title='bbox 913 2379 1096 2434; x_wconf 91' lang='lat' dir='ltr'><strong>Sancti</strong></span> <span class='ocrx_word' id='word_1_162' title='bbox 1157 2380 1394 2434; x_wconf 90' lang='lat' dir='ltr'><strong>Floriani</strong></span> <span class='ocrx_word' id='word_1_163' title='bbox 1452 2382 1515 2435; x_wconf 90' lang='lat' dir='ltr'><strong>ad</strong></span> <span class='ocrx_word' id='word_1_164' title='bbox 1569 2381 1696 2435; x_wconf 92' lang='lat' dir='ltr'><strong>illud</strong></span> <span class='ocrx_word' id='word_1_165' title='bbox 1748 2383 2136 2437; x_wconf 84' lang='lat' dir='ltr'><strong>monasterium</strong></span> 
     </span>
    </p>
   </div>
   <div class='ocr_carea' id='block_1_25' title="bbox 558 2472 2140 2544">
    <p class='ocr_par' dir='ltr' id='par_1_25' title="bbox 558 2472 2140 2544">
     <span class='ocr_line' id='line_1_25' title="bbox 558 2472 2140 2544; baseline 0.001 -19"><span class='ocrx_word' id='word_1_166' title='bbox 558 2472 919 2539; x_wconf 87' lang='lat' dir='ltr'><strong>pertinentem</strong></span> <span class='ocrx_word' id='word_1_167' title='bbox 962 2472 1158 2541; x_wconf 90' lang='lat' dir='ltr'><strong>injuste</strong></span> <span class='ocrx_word' id='word_1_168' title='bbox 1214 2472 1500 2537; x_wconf 85' lang='lat' dir='ltr'><strong>retinebat,</strong></span> <span class='ocrx_word' id='word_1_169' title='bbox 1543 2474 1781 2544; x_wconf 88' lang='lat' dir='ltr'><strong>adeoque</strong></span> <span class='ocrx_word' id='word_1_170' title='bbox 1816 2473 1928 2526; x_wconf 85' lang='lat' dir='ltr'><strong>vult</strong></span> <span class='ocrx_word' id='word_1_171' title='bbox 1969 2472 2140 2528; x_wconf 89' lang='lat' dir='ltr'><strong>Urba-</strong></span> 
     </span>
    </p>
   </div>
   <div class='ocr_carea' id='block_1_26' title="bbox 560 2562 2136 2635">
    <p class='ocr_par' dir='ltr' id='par_1_26' title="bbox 560 2562 2136 2635">
     <span class='ocr_line' id='line_1_26' title="bbox 560 2562 2136 2635; baseline 0.003 -20"><span class='ocrx_word' id='word_1_172' title='bbox 560 2577 704 2623; x_wconf 91' lang='lat' dir='ltr'><strong>nus,</strong></span> <span class='ocrx_word' id='word_1_173' title='bbox 779 2572 836 2616; x_wconf 92' lang='lat' dir='ltr'><strong>ut</strong></span> <span class='ocrx_word' id='word_1_174' title='bbox 893 2562 1165 2619; x_wconf 83' lang='lat' dir='ltr'><strong>Mathildis</strong></span> <span class='ocrx_word' id='word_1_175' title='bbox 1224 2566 1534 2635; x_wconf 87' lang='lat' dir='ltr'><strong>episc0putn</strong></span> <span class='ocrx_word' id='word_1_176' title='bbox 1603 2566 1671 2620; x_wconf 90' lang='lat' dir='ltr'><strong>ad</strong></span> <span class='ocrx_word' id='word_1_177' title='bbox 1737 2567 2136 2622; x_wconf 86' lang='lat' dir='ltr'><strong>restitutionem</strong></span> 
     </span>
    </p>
   </div>
   <div class='ocr_carea' id='block_1_27' title="bbox 560 2651 761 2721">
    <p class='ocr_par' dir='ltr' id='par_1_27' title="bbox 560 2651 761 2721">
     <span class='ocr_line' id='line_1_27' title="bbox 560 2651 761 2721; baseline 0.005 -18"><span class='ocrx_word' id='word_1_178' title='bbox 560 2651 761 2721; x_wconf 81' lang='lat' dir='ltr'><strong>adigat.</strong></span> 
     </span>
    </p>
   </div>
   <div class='ocr_carea' id='block_1_28' title="bbox 668 2742 2032 2867">
    <p class='ocr_par' dir='ltr' id='par_1_28' title="bbox 668 2742 2032 2867">
     <span class='ocr_line' id='line_1_28' title="bbox 668 2742 2032 2867; baseline 0.003 -71"><span class='ocrx_word' id='word_1_179' title='bbox 668 2742 856 2797; x_wconf 85' lang='lat' dir='ltr'><strong>LXXI.</strong></span> <span class='ocrx_word' id='word_1_180' title='bbox 900 2742 1111 2797; x_wconf 88' lang='lat' dir='ltr'><strong>Thiemo</strong></span> <span class='ocrx_word' id='word_1_181' title='bbox 1152 2743 1564 2867; x_wconf 53' lang='lat' dir='ltr'><strong>Salizlrurgensis</strong></span> <span class='ocrx_word' id='word_1_182' title='bbox 1610 2747 2032 2817; x_wconf 77' lang='lat' dir='ltr'><strong>archiepiscopus</strong></span> 
     </span>
     <span class='ocr_line' id='line_1_29' title="bbox 1212 2828 1507 2867; baseline 0 0"><span class='ocrx_word' id='word_1_183' title='bbox 1212 2832 1271 2867; x_wconf 90' lang='lat' dir='ltr'><strong>or</strong></span> <span class='ocrx_word' id='word_1_184' title='bbox 1312 2828 1507 2867; x_wconf 84' lang='lat' dir='ltr'><strong>matur.</strong></span> 
     </span>
    </p>
   </div>
   <div class='ocr_carea' id='block_1_29' title="bbox 1212 2828 1507 2871">
    <p class='ocr_par' dir='ltr' id='par_1_29' title="bbox 1212 2828 1507 2871">
     <span class='ocr_line' id='line_1_30' title="bbox 1212 2828 1507 2871; baseline 0.01 -4"><span class='ocrx_word' id='word_1_185' title='bbox 1212 2828 1507 2871; x_wconf 78' lang='lat' dir='ltr'><strong>ordinatur.</strong></span> 
     </span>
    </p>
   </div>
   <div class='ocr_carea' id='block_1_30' title="bbox 633 2903 2139 2972">
    <p class='ocr_par' dir='ltr' id='par_1_30' title="bbox 633 2903 2139 2972">
     <span class='ocr_line' id='line_1_31' title="bbox 633 2903 2139 2972; baseline 0.003 -16"><span class='ocrx_word' id='word_1_186' title='bbox 633 2903 771 2957; x_wconf 82' lang='lat' dir='ltr'><strong>Anni</strong></span> <span class='ocrx_word' id='word_1_187' title='bbox 805 2904 943 2958; x_wconf 86' lang='lat'><strong>1090</strong></span> <span class='ocrx_word' id='word_1_188' title='bbox 971 2906 1122 2959; x_wconf 87' lang='lat' dir='ltr'><strong>initio</strong></span> <span class='ocrx_word' id='word_1_189' title='bbox 1146 2920 1267 2960; x_wconf 91' lang='lat' dir='ltr'><strong>cum</strong></span> <span class='ocrx_word' id='word_1_190' title='bbox 1307 2907 1590 2972; x_wconf 86' lang='lat' dir='ltr'><strong>Catholici,</strong></span> <span class='ocrx_word' id='word_1_191' title='bbox 1615 2909 1691 2962; x_wconf 91' lang='lat' dir='ltr'><strong>uti</strong></span> <span class='ocrx_word' id='word_1_192' title='bbox 1720 2918 1904 2962; x_wconf 89' lang='lat' dir='ltr'><strong>narrat</strong></span> <span class='ocrx_word' id='word_1_193' title='bbox 1933 2908 2139 2963; x_wconf 85' lang='lat' dir='ltr'><strong>Bertol-</strong></span> 
     </span>
    </p>
   </div>
   <div class='ocr_carea' id='block_1_31' title="bbox 561 2992 2137 3063">
    <p class='ocr_par' dir='ltr' id='par_1_31' title="bbox 561 2992 2137 3063">
     <span class='ocr_line' id='line_1_32' title="bbox 561 2992 2137 3063; baseline 0.003 -17"><span class='ocrx_word' id='word_1_194' title='bbox 561 2992 680 3053; x_wconf 65' lang='lat' dir='ltr'><strong>d&#39;s,</strong></span> <span class='ocrx_word' id='word_1_195' title='bbox 737 2994 789 3046; x_wconf 92' lang='lat' dir='ltr'><strong>in</strong></span> <span class='ocrx_word' id='word_1_196' title='bbox 835 2993 1081 3063; x_wconf 81' lang='lat' dir='ltr'><strong>Bajoaria</strong></span> <span class='ocrx_word' id='word_1_197' title='bbox 1130 2995 1540 3061; x_wconf 83' lang='lat' dir='ltr'><strong>invalescerent,</strong></span> <span class='ocrx_word' id='word_1_198' title='bbox 1586 2997 1919 3052; x_wconf 88' lang='lat' dir='ltr'><strong>Thiemonen</strong></span> <span class='ocrx_word' id='word_1_199' title='bbox 1978 3008 2137 3051; x_wconf 84' lang='lat' dir='ltr'><strong>antea</strong></span> 
     </span>
    </p>
   </div>
   <div class='ocr_carea' id='block_1_32' title="bbox 563 3084 2133 3159">
    <p class='ocr_par' dir='ltr' id='par_1_32' title="bbox 563 3084 2133 3159">
     <span class='ocr_line' id='line_1_33' title="bbox 563 3084 2133 3159; baseline 0.004 -23"><span class='ocrx_word' id='word_1_200' title='bbox 563 3084 747 3137; x_wconf 85' lang='lat' dir='ltr'><strong>Sancti</strong></span> <span class='ocrx_word' id='word_1_201' title='bbox 809 3084 953 3138; x_wconf 78' lang='lat' dir='ltr'><strong>Petri</strong></span> <span class='ocrx_word' id='word_1_202' title='bbox 997 3086 1283 3151; x_wconf 80' lang='lat' dir='ltr'><strong>abbatem,</strong></span> <span class='ocrx_word' id='word_1_203' title='bbox 1335 3088 1385 3141; x_wconf 92' lang='lat' dir='ltr'><strong>in</strong></span> <span class='ocrx_word' id='word_1_204' title='bbox 1446 3087 1907 3159; x_wconf 82' lang='lat' dir='ltr'><strong>Salisburgeusem</strong></span> <span class='ocrx_word' id='word_1_205' title='bbox 1951 3089 2133 3143; x_wconf 87' lang='lat' dir='ltr'><strong>archi-</strong></span> 
     </span>
    </p>
   </div>
   <div class='ocr_carea' id='block_1_33' title="bbox 2156 441 3760 520">
    <p class='ocr_par' dir='ltr' id='par_1_33' title="bbox 2156 441 3760 520">
     <span class='ocr_line' id='line_1_34' title="bbox 2156 441 3760 520; baseline -0.002 -16"><span class='ocrx_word' id='word_1_206' title='bbox 2156 464 2205 520; x_wconf 78' lang='grc' dir='ltr'>Α</span> <span class='ocrx_word' id='word_1_207' title='bbox 2235 450 2327 504; x_wconf 87' lang='lat' dir='ltr'><strong>nia</strong></span> <span class='ocrx_word' id='word_1_208' title='bbox 2365 450 2420 503; x_wconf 92' lang='lat' dir='ltr'><strong>in</strong></span> <span class='ocrx_word' id='word_1_209' title='bbox 2474 449 2559 503; x_wconf 88' lang='lat' dir='ltr'><strong>his</strong></span> <span class='ocrx_word' id='word_1_210' title='bbox 2597 445 2740 502; x_wconf 92' lang='lat' dir='ltr'><strong>notis</strong></span> <span class='ocrx_word' id='word_1_211' title='bbox 2773 442 2975 514; x_wconf 88' lang='lat' dir='ltr'><strong>optime</strong></span> <span class='ocrx_word' id='word_1_212' title='bbox 3023 441 3125 496; x_wconf 87' lang='lat' dir='ltr'><strong>sibi</strong></span> <span class='ocrx_word' id='word_1_213' title='bbox 3173 441 3465 507; x_wconf 67' lang='lat' dir='ltr'><strong>cohmrent,</strong></span> <span class='ocrx_word' id='word_1_214' title='bbox 3508 456 3597 496; x_wconf 84' lang='lat' dir='ltr'><strong>nec</strong></span> <span class='ocrx_word' id='word_1_215' title='bbox 3640 443 3760 501; x_wconf 81' lang='lat' dir='ltr'><strong>locus</strong></span> 
     </span>
    </p>
   </div>
   <div class='ocr_carea' id='block_1_34' title="bbox 2240 520 3760 607">
    <p class='ocr_par' dir='ltr' id='par_1_34' title="bbox 2240 520 3760 607">
     <span class='ocr_line' id='line_1_35' title="bbox 2240 520 3760 607; baseline -0.002 -8"><span class='ocrx_word' id='word_1_216' title='bbox 2240 544 2383 599; x_wconf 90' lang='lat' dir='ltr'><strong>ullus</strong></span> <span class='ocrx_word' id='word_1_217' title='bbox 2432 559 2554 599; x_wconf 90' lang='lat' dir='ltr'><strong>esse</strong></span> <span class='ocrx_word' id='word_1_218' title='bbox 2600 543 2812 596; x_wconf 87' lang='lat' dir='ltr'><strong>videtur</strong></span> <span class='ocrx_word' id='word_1_219' title='bbox 2864 540 2932 594; x_wconf 91' lang='lat' dir='ltr'><strong>de</strong></span> <span class='ocrx_word' id='word_1_220' title='bbox 2992 538 3107 607; x_wconf 90' lang='lat' dir='ltr'><strong>ejus</strong></span> <span class='ocrx_word' id='word_1_221' title='bbox 3163 537 3468 591; x_wconf 90' lang='lat' dir='ltr'><strong>sinceritate</strong></span> <span class='ocrx_word' id='word_1_222' title='bbox 3512 520 3760 597; x_wconf 80' lang='lat' dir='ltr'><strong>dubitandi.</strong></span> 
     </span>
    </p>
   </div>
   <div class='ocr_carea' id='block_1_35' title="bbox 2242 626 3762 687">
    <p class='ocr_par' dir='ltr' id='par_1_35' title="bbox 2242 626 3762 687">
     <span class='ocr_line' id='line_1_36' title="bbox 2242 626 3762 687; baseline -0.004 0"><span class='ocrx_word' id='word_1_223' title='bbox 2242 632 2406 687; x_wconf 87' lang='lat' dir='ltr'><strong>Forte</strong></span> <span class='ocrx_word' id='word_1_224' title='bbox 2461 632 2551 687; x_wconf 89' lang='lat' dir='ltr'><strong>illa</strong></span> <span class='ocrx_word' id='word_1_225' title='bbox 2587 640 2768 686; x_wconf 81' lang='lat' dir='ltr'><strong>errata</strong></span> <span class='ocrx_word' id='word_1_226' title='bbox 2840 643 2906 683; x_wconf 85' lang='lat' dir='ltr'><strong>ex</strong></span> <span class='ocrx_word' id='word_1_227' title='bbox 2962 626 3368 682; x_wconf 76' lang='lat' dir='ltr'><strong>amanuensium</strong></span> <span class='ocrx_word' id='word_1_228' title='bbox 3414 627 3606 680; x_wconf 88' lang='lat' dir='ltr'><strong>incuria</strong></span> <span class='ocrx_word' id='word_1_229' title='bbox 3654 628 3762 682; x_wconf 87' lang='lat' dir='ltr'><strong>irre-</strong></span> 
     </span>
    </p>
   </div>
   <div class='ocr_carea' id='block_1_36' title="bbox 2272 731 2473 778">
    <p class='ocr_par' dir='ltr' id='par_1_36' title="bbox 2272 731 2473 778">
     <span class='ocr_line' id='line_1_37' title="bbox 2272 731 2473 778; baseline -0.005 -2"><span class='ocrx_word' id='word_1_230' title='bbox 2272 731 2473 778; x_wconf 87' lang='lat' dir='ltr'><strong>serunt.</strong></span> 
     </span>
    </p>
   </div>
   <div class='ocr_carea' id='block_1_37' title="bbox 2234 739 3761 871">
    <p class='ocr_par' dir='ltr' id='par_1_37' title="bbox 2234 739 3761 871">
     <span class='ocr_line' id='line_1_38' title="bbox 2234 739 2473 793; baseline -0.004 -17"><span class='ocrx_word' id='word_1_231' title='bbox 2234 739 2473 793; x_wconf 83' lang='lat' dir='ltr'><strong>pserunt.</strong></span> 
     </span>
     <span class='ocr_line' id='line_1_39' title="bbox 2310 808 3761 871; baseline -0.006 0"><span class='ocrx_word' id='word_1_232' title='bbox 2310 816 2555 871; x_wconf 90' lang='lat' dir='ltr'><strong>Nondum</strong></span> <span class='ocrx_word' id='word_1_233' title='bbox 2602 820 2780 867; x_wconf 88' lang='lat' dir='ltr'><strong>tamen</strong></span> <span class='ocrx_word' id='word_1_234' title='bbox 2824 811 3051 865; x_wconf 83' lang='lat' dir='ltr'><strong>Romam</strong></span> <span class='ocrx_word' id='word_1_235' title='bbox 3100 825 3350 864; x_wconf 89' lang='lat' dir='ltr'><strong>reversus</strong></span> <span class='ocrx_word' id='word_1_236' title='bbox 3394 809 3551 862; x_wconf 78' lang='lat' dir='ltr'><strong>fuisse</strong></span> <span class='ocrx_word' id='word_1_237' title='bbox 3590 808 3761 863; x_wconf 84' lang='lat' dir='ltr'><strong>videtur</strong></span> 
     </span>
    </p>
   </div>
   <div class='ocr_carea' id='block_1_38' title="bbox 2239 900 3764 974">
    <p class='ocr_par' dir='ltr' id='par_1_38' title="bbox 2239 900 3764 974">
     <span class='ocr_line' id='line_1_40' title="bbox 2239 900 3764 974; baseline -0.007 -11"><span class='ocrx_word' id='word_1_238' title='bbox 2239 910 2326 963; x_wconf 83' lang='lat' dir='ltr'><strong>die</strong></span> <span class='ocrx_word' id='word_1_239' title='bbox 2360 908 2431 962; x_wconf 68' lang='grc'><strong>25</strong></span> <span class='ocrx_word' id='word_1_240' title='bbox 2463 906 2637 960; x_wconf 86' lang='lat' dir='ltr'><strong>Martii</strong></span> <span class='ocrx_word' id='word_1_241' title='bbox 2670 905 2830 974; x_wconf 88' lang='lat' dir='ltr'><strong>hujus</strong></span> <span class='ocrx_word' id='word_1_242' title='bbox 2860 903 3011 967; x_wconf 88' lang='lat' dir='ltr'><strong>anni,</strong></span> <span class='ocrx_word' id='word_1_243' title='bbox 3043 917 3164 957; x_wconf 91' lang='lat' dir='ltr'><strong>cum</strong></span> <span class='ocrx_word' id='word_1_244' title='bbox 3202 903 3305 955; x_wconf 87' lang='lat' dir='ltr'><strong>hac</strong></span> <span class='ocrx_word' id='word_1_245' title='bbox 3338 902 3449 970; x_wconf 84' lang='lat' dir='ltr'><strong>ipsa</strong></span> <span class='ocrx_word' id='word_1_246' title='bbox 3482 900 3561 953; x_wconf 89' lang='lat' dir='ltr'><strong>die</strong></span> <span class='ocrx_word' id='word_1_247' title='bbox 3589 901 3764 970; x_wconf 85' lang='lat' dir='ltr'><strong>episcopi</strong></span> 
     </span>
    </p>
   </div>
   <div class='ocr_carea' id='block_1_39' title="bbox 2238 992 3769 1059">
    <p class='ocr_par' dir='ltr' id='par_1_39' title="bbox 2238 992 3769 1059">
     <span class='ocr_line' id='line_1_41' title="bbox 2238 992 3769 1059; baseline -0.005 -7"><span class='ocrx_word' id='word_1_248' title='bbox 2238 998 2404 1059; x_wconf 86' lang='lat' dir='ltr'><strong>urbis,</strong></span> <span class='ocrx_word' id='word_1_249' title='bbox 2442 997 2493 1051; x_wconf 89' lang='lat' dir='ltr'><strong>id</strong></span> <span class='ocrx_word' id='word_1_250' title='bbox 2521 1006 2603 1051; x_wconf 89' lang='lat' dir='ltr'><strong>est</strong></span> <span class='ocrx_word' id='word_1_251' title='bbox 2626 995 2932 1050; x_wconf 82' lang='lat' dir='ltr'><strong>cardinales</strong></span> <span class='ocrx_word' id='word_1_252' title='bbox 2956 993 3195 1049; x_wconf 89' lang='lat' dir='ltr'><strong>Uhaldus</strong></span> <span class='ocrx_word' id='word_1_253' title='bbox 3224 992 3520 1047; x_wconf 82' lang='lat' dir='ltr'><strong>Savinensis</strong></span> <span class='ocrx_word' id='word_1_254' title='bbox 3562 1002 3605 1045; x_wconf 85' lang='lat' dir='ltr'><strong>et</strong></span> <span class='ocrx_word' id='word_1_255' title='bbox 3641 993 3769 1046; x_wconf 83' lang='lat' dir='ltr'><strong>Joan-</strong></span> 
     </span>
    </p>
   </div>
   <div class='ocr_carea' id='block_1_40' title="bbox 2238 1080 3771 1150">
    <p class='ocr_par' dir='ltr' id='par_1_40' title="bbox 2238 1080 3771 1150">
     <span class='ocr_line' id='line_1_42' title="bbox 2238 1080 3771 1150; baseline -0.005 -7"><span class='ocrx_word' id='word_1_256' title='bbox 2238 1106 2326 1143; x_wconf 88' lang='lat' dir='ltr'><strong>nes</strong></span> <span class='ocrx_word' id='word_1_257' title='bbox 2380 1087 2811 1150; x_wconf 83' lang='lat' dir='ltr'><strong>Tusculanensis,</strong></span> <span class='ocrx_word' id='word_1_258' title='bbox 2852 1086 3134 1140; x_wconf 89' lang='lat' dir='ltr'><strong>ecclesiam</strong></span> <span class='ocrx_word' id='word_1_259' title='bbox 3176 1084 3387 1138; x_wconf 64' lang='lat' dir='ltr'><strong>Sanctae</strong></span> <span class='ocrx_word' id='word_1_260' title='bbox 3413 1083 3585 1136; x_wconf 76' lang='lat' dir='ltr'><strong>Maria:</strong></span> <span class='ocrx_word' id='word_1_261' title='bbox 3615 1084 3673 1135; x_wconf 91' lang='lat' dir='ltr'><strong>ad</strong></span> <span class='ocrx_word' id='word_1_262' title='bbox 3704 1080 3771 1136; x_wconf 81' lang='lat' dir='ltr'><strong>Pi-</strong></span> 
     </span>
    </p>
   </div>
   <div class='ocr_carea' id='block_1_41' title="bbox 2243 1180 3772 1253">
    <p class='ocr_par' dir='ltr' id='par_1_41' title="bbox 2243 1180 3772 1253">
     <span class='ocr_line' id='line_1_43' title="bbox 2243 1180 3772 1253; baseline -0.005 -15"><span class='ocrx_word' id='word_1_263' title='bbox 2243 1201 2392 1238; x_wconf 87' lang='lat' dir='ltr'><strong>neam</strong></span> <span class='ocrx_word' id='word_1_264' title='bbox 2441 1185 2718 1239; x_wconf 88' lang='lat' dir='ltr'><strong>dedicasse</strong></span> <span class='ocrx_word' id='word_1_265' title='bbox 2773 1193 2999 1253; x_wconf 86' lang='lat' dir='ltr'><strong>tempore</strong></span> <span class='ocrx_word' id='word_1_266' title='bbox 3045 1183 3245 1236; x_wconf 83' lang='lat' dir='ltr'><strong>domini</strong></span> <span class='ocrx_word' id='word_1_267' title='bbox 3296 1181 3494 1236; x_wconf 84' lang='lat' dir='ltr'><strong>Urbani</strong></span> <span class='ocrx_word' id='word_1_268' title='bbox 3547 1180 3603 1233; x_wconf 84' lang='grc'><strong>11</strong></span> <span class='ocrx_word' id='word_1_269' title='bbox 3658 1196 3772 1249; x_wconf 69' lang='lat' dir='ltr'><strong>papa</strong></span> 
     </span>
    </p>
   </div>
   <div class='ocr_carea' id='block_1_42' title="bbox 2240 1276 3771 1347">
    <p class='ocr_par' dir='ltr' id='par_1_42' title="bbox 2240 1276 3771 1347">
     <span class='ocr_line' id='line_1_44' title="bbox 2240 1276 3771 1347; baseline -0.003 -14"><span class='ocrx_word' id='word_1_270' title='bbox 2240 1280 2487 1334; x_wconf 89' lang='lat' dir='ltr'><strong>dicantur</strong></span> <span class='ocrx_word' id='word_1_271' title='bbox 2523 1294 2573 1332; x_wconf 79' lang='lat' dir='ltr'><strong>in</strong></span> <span class='ocrx_word' id='word_1_272' title='bbox 2605 1278 2773 1332; x_wconf 78' lang='lat' dir='ltr'><strong>veteri</strong></span> <span class='ocrx_word' id='word_1_273' title='bbox 2806 1278 3157 1345; x_wconf 86' lang='lat' dir='ltr'><strong>inscriptione</strong></span> <span class='ocrx_word' id='word_1_274' title='bbox 3196 1294 3360 1347; x_wconf 87' lang='lat' dir='ltr'><strong>quam</strong></span> <span class='ocrx_word' id='word_1_275' title='bbox 3400 1276 3698 1330; x_wconf 81' lang='lat' dir='ltr'><strong>Martincllus</strong></span> <span class='ocrx_word' id='word_1_276' title='bbox 3731 1277 3771 1329; x_wconf 83' lang='lat' dir='ltr'><strong>ia</strong></span> 
     </span>
    </p>
   </div>
   <div class='ocr_carea' id='block_1_43' title="bbox 2237 1366 3773 1435">
    <p class='ocr_par' dir='ltr' id='par_1_43' title="bbox 2237 1366 3773 1435">
     <span class='ocr_line' id='line_1_45' title="bbox 2237 1366 3773 1435; baseline -0.001 -15"><span class='ocrx_word' id='word_1_277' title='bbox 2237 1367 2411 1422; x_wconf 82' lang='lat' dir='ltr'><strong>Roma</strong></span> <span class='ocrx_word' id='word_1_278' title='bbox 2449 1383 2627 1433; x_wconf 86' lang='lat' dir='ltr'><strong>sacra,</strong></span> <span class='ocrx_word' id='word_1_279' title='bbox 2659 1379 2713 1421; x_wconf 87' lang='lat' dir='ltr'><strong>et</strong></span> <span class='ocrx_word' id='word_1_280' title='bbox 2748 1366 3086 1421; x_wconf 80' lang='lat' dir='ltr'><strong>Mabillonius</strong></span> <span class='ocrx_word' id='word_1_281' title='bbox 3123 1368 3383 1422; x_wconf 82' lang='lat' dir='ltr'><strong>referunt.</strong></span> <span class='ocrx_word' id='word_1_282' title='bbox 3420 1368 3485 1421; x_wconf 85' lang='lat' dir='ltr'><strong>At</strong></span> <span class='ocrx_word' id='word_1_283' title='bbox 3515 1366 3657 1435; x_wconf 88' lang='lat' dir='ltr'><strong>paulo</strong></span> <span class='ocrx_word' id='word_1_284' title='bbox 3684 1376 3773 1434; x_wconf 83' lang='lat' dir='ltr'><strong>post</strong></span> 
     </span>
    </p>
   </div>
   <div class='ocr_carea' id='block_1_44' title="bbox 2238 1458 3773 1529">
    <p class='ocr_par' dir='ltr' id='par_1_44' title="bbox 2238 1458 3773 1529">
     <span class='ocr_line' id='line_1_46' title="bbox 2238 1458 3773 1529; baseline -0.003 -14"><span class='ocrx_word' id='word_1_285' title='bbox 2238 1461 2387 1515; x_wconf 89' lang='lat' dir='ltr'><strong>varia</strong></span> <span class='ocrx_word' id='word_1_286' title='bbox 2448 1461 2633 1515; x_wconf 73' lang='lat' dir='ltr'><strong>Roma:</strong></span> <span class='ocrx_word' id='word_1_287' title='bbox 2693 1459 2995 1515; x_wconf 89' lang='lat' dir='ltr'><strong>consistens</strong></span> <span class='ocrx_word' id='word_1_288' title='bbox 3053 1460 3346 1529; x_wconf 87' lang='lat' dir='ltr'><strong>diplomata</strong></span> <span class='ocrx_word' id='word_1_289' title='bbox 3405 1459 3622 1514; x_wconf 78' lang='lat' dir='ltr'><strong>diversis</strong></span> <span class='ocrx_word' id='word_1_290' title='bbox 3673 1458 3773 1512; x_wconf 88' lang='lat' dir='ltr'><strong>locis</strong></span> 
     </span>
    </p>
   </div>
   <div class='ocr_carea' id='block_1_45' title="bbox 2245 1554 2531 1609">
    <p class='ocr_par' dir='ltr' id='par_1_45' title="bbox 2245 1554 2531 1609">
     <span class='ocr_line' id='line_1_47' title="bbox 2245 1554 2531 1609; baseline -0.007 0"><span class='ocrx_word' id='word_1_291' title='bbox 2245 1554 2531 1609; x_wconf 88' lang='lat' dir='ltr'><strong>concessit.</strong></span> 
     </span>
    </p>
   </div>
   <div class='ocr_carea' id='block_1_46' title="bbox 2311 1639 3775 1713">
    <p class='ocr_par' dir='ltr' id='par_1_46' title="bbox 2311 1639 3775 1713">
     <span class='ocr_line' id='line_1_48' title="bbox 2311 1639 3775 1713; baseline -0.005 -15"><span class='ocrx_word' id='word_1_292' title='bbox 2311 1645 2388 1698; x_wconf 80' lang='lat' dir='ltr'><strong>Ex</strong></span> <span class='ocrx_word' id='word_1_293' title='bbox 2419 1645 2504 1698; x_wconf 90' lang='lat' dir='ltr'><strong>his</strong></span> <span class='ocrx_word' id='word_1_294' title='bbox 2542 1652 2623 1697; x_wconf 90' lang='lat' dir='ltr'><strong>est</strong></span> <span class='ocrx_word' id='word_1_295' title='bbox 2658 1641 2996 1713; x_wconf 83' lang='lat' dir='ltr'><strong>privilegium</strong></span> <span class='ocrx_word' id='word_1_296' title='bbox 3027 1656 3126 1711; x_wconf 87' lang='lat' dir='ltr'><strong>pro</strong></span> <span class='ocrx_word' id='word_1_297' title='bbox 3168 1641 3498 1695; x_wconf 90' lang='lat' dir='ltr'><strong>monasterio</strong></span> <span class='ocrx_word' id='word_1_298' title='bbox 3539 1639 3775 1692; x_wconf 81' lang='lat' dir='ltr'><strong>canonico-</strong></span> 
     </span>
    </p>
   </div>
   <div class='ocr_carea' id='block_1_47' title="bbox 2240 1731 3774 1806">
    <p class='ocr_par' dir='ltr' id='par_1_47' title="bbox 2240 1731 3774 1806">
     <span class='ocr_line' id='line_1_49' title="bbox 2240 1731 3774 1806; baseline -0.005 -17"><span class='ocrx_word' id='word_1_299' title='bbox 2240 1751 2359 1789; x_wconf 87' lang='lat' dir='ltr'><strong>rum</strong></span> <span class='ocrx_word' id='word_1_300' title='bbox 2416 1734 2738 1806; x_wconf 85' lang='lat' dir='ltr'><strong>regularium</strong></span> <span class='ocrx_word' id='word_1_301' title='bbox 2788 1733 2976 1788; x_wconf 86' lang='lat' dir='ltr'><strong>Sancti</strong></span> <span class='ocrx_word' id='word_1_302' title='bbox 3029 1733 3285 1787; x_wconf 89' lang='lat' dir='ltr'><strong>Antonini</strong></span> <span class='ocrx_word' id='word_1_303' title='bbox 3334 1732 3474 1801; x_wconf 91' lang='lat' dir='ltr'><strong>apud</strong></span> <span class='ocrx_word' id='word_1_304' title='bbox 3527 1731 3774 1789; x_wconf 77' lang='lat' dir='ltr'><strong>Ruthenos,</strong></span> 
     </span>
    </p>
   </div>
   <div class='ocr_carea' id='block_1_48' title="bbox 2168 1820 3775 1895">
    <p class='ocr_par' dir='ltr' id='par_1_48' title="bbox 2168 1820 3775 1895">
     <span class='ocr_line' id='line_1_50' title="bbox 2168 1820 3775 1895; baseline -0.006 -16"><span class='ocrx_word' id='word_1_305' title='bbox 2168 1833 2215 1891; x_wconf 85' lang='grc' dir='ltr'><strong>Β</strong></span> <span class='ocrx_word' id='word_1_306' title='bbox 2244 1827 2384 1895; x_wconf 80' lang='lat' dir='ltr'><strong>quod</strong></span> <span class='ocrx_word' id='word_1_307' title='bbox 2418 1827 2601 1881; x_wconf 83' lang='lat' dir='ltr'><strong>datum</strong></span> <span class='ocrx_word' id='word_1_308' title='bbox 2643 1834 2727 1880; x_wconf 91' lang='lat' dir='ltr'><strong>est</strong></span> <span class='ocrx_word' id='word_1_309' title='bbox 2759 1825 2944 1879; x_wconf 46' lang='lat' dir='ltr'><strong>Roma).</strong></span> <span class='ocrx_word' id='word_1_310' title='bbox 2972 1824 3057 1879; x_wconf 91' lang='lat' dir='ltr'><strong>die</strong></span> <span class='ocrx_word' id='word_1_311' title='bbox 3094 1841 3126 1878; x_wconf 87' lang='lat' dir='ltr'><strong>v</strong></span> <span class='ocrx_word' id='word_1_312' title='bbox 3152 1832 3277 1878; x_wconf 88' lang='lat' dir='ltr'><strong>ante</strong></span> <span class='ocrx_word' id='word_1_313' title='bbox 3304 1823 3573 1878; x_wconf 82' lang='lat' dir='ltr'><strong>Kalendas</strong></span> <span class='ocrx_word' id='word_1_314' title='bbox 3599 1820 3775 1888; x_wconf 79' lang='lat' dir='ltr'><strong>Aprilis.</strong></span> 
     </span>
    </p>
   </div>
   <div class='ocr_carea' id='block_1_49' title="bbox 2242 1910 3777 1985">
    <p class='ocr_par' dir='ltr' id='par_1_49' title="bbox 2242 1910 3777 1985">
     <span class='ocr_line' id='line_1_51' title="bbox 2242 1910 3777 1985; baseline -0.007 -14"><span class='ocrx_word' id='word_1_315' title='bbox 2242 1916 2401 1971; x_wconf 83' lang='lat' dir='ltr'><strong>Aliud</strong></span> <span class='ocrx_word' id='word_1_316' title='bbox 2435 1917 2631 1971; x_wconf 87' lang='lat' dir='ltr'><strong>ibidem</strong></span> <span class='ocrx_word' id='word_1_317' title='bbox 2663 1916 2793 1985; x_wconf 89' lang='lat' dir='ltr'><strong>ipsis</strong></span> <span class='ocrx_word' id='word_1_318' title='bbox 2823 1914 3077 1969; x_wconf 85' lang='lat' dir='ltr'><strong>Kalendis</strong></span> <span class='ocrx_word' id='word_1_319' title='bbox 3114 1914 3316 1983; x_wconf 88' lang='lat' dir='ltr'><strong>Aprilis</strong></span> <span class='ocrx_word' id='word_1_320' title='bbox 3358 1912 3574 1968; x_wconf 73' lang='lat' dir='ltr'><strong>indulsit</strong></span> <span class='ocrx_word' id='word_1_321' title='bbox 3603 1910 3777 1967; x_wconf 77' lang='lat' dir='ltr'><strong>Glllllt&#39;l-</strong></span> 
     </span>
    </p>
   </div>
   <div class='ocr_carea' id='block_1_50' title="bbox 2241 1998 3777 2071">
    <p class='ocr_par' dir='ltr' id='par_1_50' title="bbox 2241 1998 3777 2071">
     <span class='ocr_line' id='line_1_52' title="bbox 2241 1998 3777 2071; baseline -0.007 -13"><span class='ocrx_word' id='word_1_322' title='bbox 2241 2020 2329 2059; x_wconf 94' lang='lat' dir='ltr'><strong>mo</strong></span> <span class='ocrx_word' id='word_1_323' title='bbox 2360 2004 2539 2058; x_wconf 85' lang='lat' dir='ltr'><strong>abbati</strong></span> <span class='ocrx_word' id='word_1_324' title='bbox 2573 2004 2886 2058; x_wconf 90' lang='lat' dir='ltr'><strong>monasterii</strong></span> <span class='ocrx_word' id='word_1_325' title='bbox 2936 2002 3120 2057; x_wconf 88' lang='lat' dir='ltr'><strong>Sancti</strong></span> <span class='ocrx_word' id='word_1_326' title='bbox 3153 2001 3444 2057; x_wconf 77' lang='lat' dir='ltr'><strong>Theofredi</strong></span> <span class='ocrx_word' id='word_1_327' title='bbox 3477 2004 3607 2071; x_wconf 86' lang='lat' dir='ltr'><strong>apud</strong></span> <span class='ocrx_word' id='word_1_328' title='bbox 3637 1998 3777 2053; x_wconf 63' lang='lat' dir='ltr'><strong>Vell:-</strong></span> 
     </span>
    </p>
   </div>
   <div class='ocr_carea' id='block_1_51' title="bbox 2241 2091 3779 2161">
    <p class='ocr_par' dir='ltr' id='par_1_51' title="bbox 2241 2091 3779 2161">
     <span class='ocr_line' id='line_1_53' title="bbox 2241 2091 3779 2161; baseline -0.003 -15"><span class='ocrx_word' id='word_1_329' title='bbox 2241 2109 2367 2156; x_wconf 88' lang='lat' dir='ltr'><strong>vos,</strong></span> <span class='ocrx_word' id='word_1_330' title='bbox 2420 2094 2672 2148; x_wconf 75' lang='lat' dir='ltr'><strong>dioecesis</strong></span> <span class='ocrx_word' id='word_1_331' title='bbox 2718 2091 3054 2155; x_wconf 90' lang='lat' dir='ltr'><strong>Anieiensis,</strong></span> <span class='ocrx_word' id='word_1_332' title='bbox 3112 2091 3164 2145; x_wconf 92' lang='lat' dir='ltr'><strong>in</strong></span> <span class='ocrx_word' id='word_1_333' title='bbox 3218 2107 3329 2161; x_wconf 93' lang='lat' dir='ltr'><strong>quo</strong></span> <span class='ocrx_word' id='word_1_334' title='bbox 3388 2095 3779 2145; x_wconf 82' lang='lat' dir='ltr'><strong>recensentnre‘.</strong></span> 
     </span>
    </p>
   </div>
   <div class='ocr_carea' id='block_1_52' title="bbox 2240 2179 3779 2252">
    <p class='ocr_par' dir='ltr' id='par_1_52' title="bbox 2240 2179 3779 2252">
     <span class='ocr_line' id='line_1_54' title="bbox 2240 2179 3779 2252; baseline -0.006 -12"><span class='ocrx_word' id='word_1_335' title='bbox 2240 2186 2630 2240; x_wconf 83' lang='lat' dir='ltr'><strong>conﬁrmantur</strong></span> <span class='ocrx_word' id='word_1_336' title='bbox 2654 2184 2891 2252; x_wconf 85' lang='lat' dir='ltr'><strong>ejusdem</strong></span> <span class='ocrx_word' id='word_1_337' title='bbox 2916 2184 3231 2238; x_wconf 87' lang='lat' dir='ltr'><strong>monasterii</strong></span> <span class='ocrx_word' id='word_1_338' title='bbox 3260 2185 3642 2252; x_wconf 86' lang='lat' dir='ltr'><strong>possessiones.</strong></span> <span class='ocrx_word' id='word_1_339' title='bbox 3664 2179 3779 2247; x_wconf 83' lang='lat' dir='ltr'><strong>Quod</strong></span> 
     </span>
    </p>
   </div>
   <div class='ocr_carea' id='block_1_53' title="bbox 2240 2270 3779 2342">
    <p class='ocr_par' dir='ltr' id='par_1_53' title="bbox 2240 2270 3779 2342">
     <span class='ocr_line' id='line_1_55' title="bbox 2240 2270 3779 2342; baseline -0.004 -15"><span class='ocrx_word' id='word_1_340' title='bbox 2240 2274 2386 2328; x_wconf 90' lang='lat' dir='ltr'><strong>aliud</strong></span> <span class='ocrx_word' id='word_1_341' title='bbox 2417 2274 2584 2329; x_wconf 90' lang='lat' dir='ltr'><strong>edidit</strong></span> <span class='ocrx_word' id='word_1_342' title='bbox 2612 2272 2866 2327; x_wconf 83' lang='lat' dir='ltr'><strong>Baluzius</strong></span> <span class='ocrx_word' id='word_1_343' title='bbox 2905 2274 2957 2326; x_wconf 90' lang='lat' dir='ltr'><strong>in</strong></span> <span class='ocrx_word' id='word_1_344' title='bbox 2990 2272 3103 2327; x_wconf 88' lang='lat' dir='ltr'><strong>suis</strong></span> <span class='ocrx_word' id='word_1_345' title='bbox 3133 2272 3360 2327; x_wconf 85' lang='lat' dir='ltr'><strong>Miseell.</strong></span> <span class='ocrx_word' id='word_1_346' title='bbox 3403 2284 3443 2328; x_wconf 88' lang='lat' dir='ltr'><strong>t.</strong></span> <span class='ocrx_word' id='word_1_347' title='bbox 3473 2273 3534 2338; x_wconf 91' lang='lat' dir='ltr'><strong>ll,</strong></span> <span class='ocrx_word' id='word_1_348' title='bbox 3562 2287 3611 2342; x_wconf 91' lang='lat' dir='ltr'><strong>p.</strong></span> <span class='ocrx_word' id='word_1_349' title='bbox 3638 2271 3718 2325; x_wconf 84' lang='lat'><strong>117</strong></span> <span class='ocrx_word' id='word_1_350' title='bbox 3741 2270 3779 2321; x_wconf 91' lang='lat' dir='ltr'><strong>iu</strong></span> 
     </span>
    </p>
   </div>
   <div class='ocr_carea' id='block_1_54' title="bbox 2240 2362 3780 2435">
    <p class='ocr_par' dir='ltr' id='par_1_54' title="bbox 2240 2362 3780 2435">
     <span class='ocr_line' id='line_1_56' title="bbox 2240 2362 3780 2435; baseline -0.005 -17"><span class='ocrx_word' id='word_1_351' title='bbox 2240 2366 2467 2435; x_wconf 80' lang='lat' dir='ltr'><strong>gratiam</strong></span> <span class='ocrx_word' id='word_1_352' title='bbox 2497 2364 2738 2434; x_wconf 86' lang='lat' dir='ltr'><strong>Hugonis</strong></span> <span class='ocrx_word' id='word_1_353' title='bbox 2768 2363 3005 2432; x_wconf 84' lang='lat' dir='ltr'><strong>episcopi</strong></span> <span class='ocrx_word' id='word_1_354' title='bbox 3035 2363 3546 2433; x_wconf 86' lang='lat' dir='ltr'><strong>Gratianopolitaui,</strong></span> <span class='ocrx_word' id='word_1_355' title='bbox 3579 2365 3666 2415; x_wconf 89' lang='lat' dir='ltr'><strong>hac</strong></span> <span class='ocrx_word' id='word_1_356' title='bbox 3697 2362 3780 2427; x_wconf 80' lang='lat' dir='ltr'><strong>ipsa</strong></span> 
     </span>
    </p>
   </div>
   <div class='ocr_carea' id='block_1_55' title="bbox 2241 2448 3779 2523">
    <p class='ocr_par' dir='ltr' id='par_1_55' title="bbox 2241 2448 3779 2523">
     <span class='ocr_line' id='line_1_57' title="bbox 2241 2448 3779 2523; baseline -0.006 -14"><span class='ocrx_word' id='word_1_357' title='bbox 2241 2456 2426 2509; x_wconf 88' lang='lat' dir='ltr'><strong>eadem</strong></span> <span class='ocrx_word' id='word_1_358' title='bbox 2456 2456 2542 2508; x_wconf 90' lang='lat' dir='ltr'><strong>die</strong></span> <span class='ocrx_word' id='word_1_359' title='bbox 2567 2452 2727 2523; x_wconf 88' lang='lat' dir='ltr'><strong>hujus</strong></span> <span class='ocrx_word' id='word_1_360' title='bbox 2765 2454 2915 2517; x_wconf 87' lang='lat' dir='ltr'><strong>anni,</strong></span> <span class='ocrx_word' id='word_1_361' title='bbox 2941 2461 3001 2507; x_wconf 89' lang='lat' dir='ltr'><strong>ut</strong></span> <span class='ocrx_word' id='word_1_362' title='bbox 3036 2453 3251 2521; x_wconf 90' lang='lat' dir='ltr'><strong>quidem</strong></span> <span class='ocrx_word' id='word_1_363' title='bbox 3296 2454 3451 2509; x_wconf 87' lang='lat' dir='ltr'><strong>nobis</strong></span> <span class='ocrx_word' id='word_1_364' title='bbox 3491 2448 3779 2514; x_wconf 77' lang='lat' dir='ltr'><strong>videtur,izi-</strong></span> 
     </span>
    </p>
   </div>
   <div class='ocr_carea' id='block_1_56' title="bbox 2240 2544 3777 2614">
    <p class='ocr_par' dir='ltr' id='par_1_56' title="bbox 2240 2544 3777 2614">
     <span class='ocr_line' id='line_1_58' title="bbox 2240 2544 3777 2614; baseline -0.004 -15"><span class='ocrx_word' id='word_1_365' title='bbox 2240 2545 2471 2608; x_wconf 87' lang='lat' dir='ltr'><strong>dultttm,</strong></span> <span class='ocrx_word' id='word_1_366' title='bbox 2502 2545 2627 2600; x_wconf 90' lang='lat' dir='ltr'><strong>licet</strong></span> <span class='ocrx_word' id='word_1_367' title='bbox 2648 2544 2786 2614; x_wconf 88' lang='lat' dir='ltr'><strong>apud</strong></span> <span class='ocrx_word' id='word_1_368' title='bbox 2816 2544 3093 2598; x_wconf 84' lang='lat' dir='ltr'><strong>Baluzium</strong></span> <span class='ocrx_word' id='word_1_369' title='bbox 3120 2553 3180 2598; x_wconf 90' lang='lat' dir='ltr'><strong>ut</strong></span> <span class='ocrx_word' id='word_1_370' title='bbox 3207 2544 3261 2597; x_wconf 92' lang='lat' dir='ltr'><strong>in</strong></span> <span class='ocrx_word' id='word_1_371' title='bbox 3288 2547 3592 2614; x_wconf 86' lang='lat' dir='ltr'><strong>apographo</strong></span> <span class='ocrx_word' id='word_1_372' title='bbox 3614 2548 3777 2601; x_wconf 82' lang='lat' dir='ltr'><strong>nostro,</strong></span> 
     </span>
    </p>
   </div>
   <div class='ocr_carea' id='block_1_57' title="bbox 2240 2631 3780 2703">
    <p class='ocr_par' dir='ltr' id='par_1_57' title="bbox 2240 2631 3780 2703">
     <span class='ocr_line' id='line_1_59' title="bbox 2240 2631 3780 2703; baseline -0.003 -17"><span class='ocrx_word' id='word_1_373' title='bbox 2240 2635 2384 2702; x_wconf 86' lang='lat' dir='ltr'><strong>quod</strong></span> <span class='ocrx_word' id='word_1_374' title='bbox 2424 2650 2488 2688; x_wconf 81' lang='lat' dir='ltr'><strong>ex</strong></span> <span class='ocrx_word' id='word_1_375' title='bbox 2520 2633 3037 2703; x_wconf 62' lang='lat' dir='ltr'><strong>Gratianopolitanaa</strong></span> <span class='ocrx_word' id='word_1_376' title='bbox 3066 2633 3323 2687; x_wconf 77' lang='lat' dir='ltr'><strong>Ecclesia:</strong></span> <span class='ocrx_word' id='word_1_377' title='bbox 3361 2632 3625 2688; x_wconf 86' lang='lat' dir='ltr'><strong>chartario</strong></span> <span class='ocrx_word' id='word_1_378' title='bbox 3655 2631 3780 2684; x_wconf 61' lang='lat' dir='ltr'><strong>habe</strong></span> 
     </span>
    </p>
   </div>
   <div class='ocr_carea' id='block_1_58' title="bbox 2241 2720 3780 2793">
    <p class='ocr_par' dir='ltr' id='par_1_58' title="bbox 2241 2720 3780 2793">
     <span class='ocr_line' id='line_1_60' title="bbox 2241 2720 3780 2793; baseline -0.006 -14"><span class='ocrx_word' id='word_1_379' title='bbox 2241 2741 2383 2788; x_wconf 89' lang='lat' dir='ltr'><strong>mus,</strong></span> <span class='ocrx_word' id='word_1_380' title='bbox 2420 2739 2620 2778; x_wconf 85' lang='lat' dir='ltr'><strong>annum</strong></span> <span class='ocrx_word' id='word_1_381' title='bbox 2669 2732 2983 2793; x_wconf 86' lang='lat' dir='ltr'><strong>sequentem</strong></span> <span class='ocrx_word' id='word_1_382' title='bbox 3033 2722 3312 2793; x_wconf 73' lang='lat' dir='ltr'><strong>praeferat,</strong></span> <span class='ocrx_word' id='word_1_383' title='bbox 3346 2726 3440 2779; x_wconf 90' lang='lat' dir='ltr'><strong>sed</strong></span> <span class='ocrx_word' id='word_1_384' title='bbox 3490 2720 3780 2778; x_wconf 82' lang='lat' dir='ltr'><strong>amanuensis</strong></span> 
     </span>
    </p>
   </div>
   <div class='ocr_carea' id='block_1_59' title="bbox 2239 2814 3779 2886">
    <p class='ocr_par' dir='ltr' id='par_1_59' title="bbox 2239 2814 3779 2886">
     <span class='ocr_line' id='line_1_61' title="bbox 2239 2814 3779 2886; baseline -0.003 -18"><span class='ocrx_word' id='word_1_385' title='bbox 2239 2830 2478 2870; x_wconf 77' lang='lat' dir='ltr'><strong>errorem</strong></span> <span class='ocrx_word' id='word_1_386' title='bbox 2529 2831 2648 2869; x_wconf 86' lang='lat' dir='ltr'><strong>esse</strong></span> <span class='ocrx_word' id='word_1_387' title='bbox 2686 2817 2980 2871; x_wconf 86' lang='lat' dir='ltr'><strong>verisimile</strong></span> <span class='ocrx_word' id='word_1_388' title='bbox 3023 2827 3126 2882; x_wconf 90' lang='lat' dir='ltr'><strong>est,</strong></span> <span class='ocrx_word' id='word_1_389' title='bbox 3174 2833 3282 2871; x_wconf 91' lang='lat' dir='ltr'><strong>non</strong></span> <span class='ocrx_word' id='word_1_390' title='bbox 3328 2818 3499 2873; x_wconf 90' lang='lat' dir='ltr'><strong>solum</strong></span> <span class='ocrx_word' id='word_1_391' title='bbox 3543 2815 3667 2886; x_wconf 90' lang='lat' dir='ltr'><strong>quod</strong></span> <span class='ocrx_word' id='word_1_392' title='bbox 3718 2814 3779 2866; x_wconf 84' lang='lat' dir='ltr'><strong>alii</strong></span> 
     </span>
    </p>
   </div>
   <div class='ocr_carea' id='block_1_60' title="bbox 2241 2905 3782 2978">
    <p class='ocr_par' dir='ltr' id='par_1_60' title="bbox 2241 2905 3782 2978">
     <span class='ocr_line' id='line_1_62' title="bbox 2241 2905 3782 2978; baseline -0.002 -20"><span class='ocrx_word' id='word_1_393' title='bbox 2241 2905 2605 2976; x_wconf 86' lang='lat' dir='ltr'><strong>chronologici</strong></span> <span class='ocrx_word' id='word_1_394' title='bbox 2639 2907 2984 2961; x_wconf 88' lang='lat' dir='ltr'><strong>characteres</strong></span> <span class='ocrx_word' id='word_1_395' title='bbox 3006 2907 3076 2962; x_wconf 83' lang='lat' dir='ltr'><strong>ibi</strong></span> <span class='ocrx_word' id='word_1_396' title='bbox 3109 2911 3343 2978; x_wconf 91' lang='lat' dir='ltr'><strong>appositi</strong></span> <span class='ocrx_word' id='word_1_397' title='bbox 3377 2924 3571 2964; x_wconf 89' lang='lat' dir='ltr'><strong>annum</strong></span> <span class='ocrx_word' id='word_1_398' title='bbox 3597 2920 3782 2976; x_wconf 66' lang='lat' dir='ltr'><strong>prasen-</strong></span> 
     </span>
    </p>
   </div>
   <div class='ocr_carea' id='block_1_61' title="bbox 2245 2998 3782 3073">
    <p class='ocr_par' dir='ltr' id='par_1_61' title="bbox 2245 2998 3782 3073">
     <span class='ocr_line' id='line_1_63' title="bbox 2245 2998 3782 3073; baseline 0.001 -24"><span class='ocrx_word' id='word_1_399' title='bbox 2245 3005 2350 3051; x_wconf 77' lang='lat' dir='ltr'><strong>tem</strong></span> <span class='ocrx_word' id='word_1_400' title='bbox 2378 2998 2681 3067; x_wconf 88' lang='lat' dir='ltr'><strong>designent,</strong></span> <span class='ocrx_word' id='word_1_401' title='bbox 2707 3015 2893 3054; x_wconf 89' lang='lat' dir='ltr'><strong>verum</strong></span> <span class='ocrx_word' id='word_1_402' title='bbox 2930 3002 3095 3055; x_wconf 90' lang='lat' dir='ltr'><strong>etiam</strong></span> <span class='ocrx_word' id='word_1_403' title='bbox 3136 3003 3279 3072; x_wconf 89' lang='lat' dir='ltr'><strong>quod</strong></span> <span class='ocrx_word' id='word_1_404' title='bbox 3314 3004 3559 3073; x_wconf 82' lang='lat' dir='ltr'><strong>scriptum</strong></span> <span class='ocrx_word' id='word_1_405' title='bbox 3594 3018 3672 3069; x_wconf 68' lang='lat' dir='ltr'><strong>per</strong></span> <span class='ocrx_word' id='word_1_406' title='bbox 3695 3015 3782 3052; x_wconf 80' lang='lat' dir='ltr'><strong>mo-</strong></span> 
     </span>
    </p>
   </div>
   <div class='ocr_carea' id='block_1_62' title="bbox 2240 3089 3784 3163">
    <p class='ocr_par' dir='ltr' id='par_1_62' title="bbox 2240 3089 3784 3163">
     <span class='ocr_line' id='line_1_64' title="bbox 2240 3089 3784 3163; baseline -0.001 -22"><span class='ocrx_word' id='word_1_407' title='bbox 2240 3104 2364 3142; x_wconf 86' lang='lat' dir='ltr'><strong>num</strong></span> <span class='ocrx_word' id='word_1_408' title='bbox 2394 3089 2631 3158; x_wconf 83' lang='lat' dir='ltr'><strong>Gregorii</strong></span> <span class='ocrx_word' id='word_1_409' title='bbox 2663 3093 2929 3145; x_wconf 84' lang='lat' dir='ltr'><strong>scriniarii</strong></span> <span class='ocrx_word' id='word_1_410' title='bbox 2953 3102 3107 3163; x_wconf 87' lang='lat' dir='ltr'><strong>atque</strong></span> <span class='ocrx_word' id='word_1_411' title='bbox 3138 3095 3335 3147; x_wconf 86' lang='lat' dir='ltr'><strong>notarii</strong></span> <span class='ocrx_word' id='word_1_412' title='bbox 3373 3093 3512 3147; x_wconf 86' lang='lat' dir='ltr'><strong>sacri</strong></span> <span class='ocrx_word' id='word_1_413' title='bbox 3541 3093 3721 3153; x_wconf 83' lang='lat' dir='ltr'><strong>volntii,</strong></span> <span class='ocrx_word' id='word_1_414' title='bbox 3742 3098 3784 3140; x_wconf 89' lang='lat' dir='ltr'><strong>ut</strong></span> 
     </span>
    </p>
   </div>
   <div class='ocr_carea' id='block_1_63' title="bbox 559 3175 3781 3250">
    <p class='ocr_par' dir='ltr' id='par_1_63' title="bbox 559 3175 3781 3250">
     <span class='ocr_line' id='line_1_65' title="bbox 559 3175 3781 3250; baseline 0 -23"><span class='ocrx_word' id='word_1_415' title='bbox 559 3175 871 3244; x_wconf 84' lang='lat' dir='ltr'><strong>ep&#39;scoputn</strong></span> <span class='ocrx_word' id='word_1_416' title='bbox 903 3175 1217 3245; x_wconf 87' lang='lat' dir='ltr'><strong>elegerunt,</strong></span> <span class='ocrx_word' id='word_1_417' title='bbox 1256 3192 1413 3244; x_wconf 85' lang='lat' dir='ltr'><strong>quem</strong></span> <span class='ocrx_word' id='word_1_418' title='bbox 1484 3180 1667 3232; x_wconf 86' lang='lat' dir='ltr'><strong>statim</strong></span> <span class='ocrx_word' id='word_1_419' title='bbox 1731 3179 1955 3234; x_wconf 87' lang='lat' dir='ltr'><strong>solemni</strong></span> <span class='ocrx_word' id='word_1_420' title='bbox 2022 3180 2128 3232; x_wconf 85' lang='lat' dir='ltr'><strong>ritu</strong></span> <span class='ocrx_word' id='word_1_421' title='bbox 2157 3180 2199 3241; x_wconf 89' lang='lat' dir='ltr'>C</span> <span class='ocrx_word' id='word_1_422' title='bbox 2232 3178 2540 3246; x_wconf 66' lang='lat' dir='ltr'><strong>praecedens</strong></span> <span class='ocrx_word' id='word_1_423' title='bbox 2582 3180 2682 3234; x_wconf 89' lang='lat' dir='ltr'><strong>hac</strong></span> <span class='ocrx_word' id='word_1_424' title='bbox 2718 3180 2829 3249; x_wconf 90' lang='lat' dir='ltr'><strong>ipsa</strong></span> <span class='ocrx_word' id='word_1_425' title='bbox 2867 3184 3053 3237; x_wconf 89' lang='lat' dir='ltr'><strong>eadem</strong></span> <span class='ocrx_word' id='word_1_426' title='bbox 3091 3183 3177 3237; x_wconf 89' lang='lat' dir='ltr'><strong>die</strong></span> <span class='ocrx_word' id='word_1_427' title='bbox 3219 3185 3433 3250; x_wconf 84' lang='lat' dir='ltr'><strong>datum,</strong></span> <span class='ocrx_word' id='word_1_428' title='bbox 3460 3185 3593 3238; x_wconf 88' lang='lat' dir='ltr'><strong>sicut</strong></span> <span class='ocrx_word' id='word_1_429' title='bbox 3629 3190 3674 3235; x_wconf 88' lang='lat' dir='ltr'><strong>et</strong></span> <span class='ocrx_word' id='word_1_430' title='bbox 3707 3179 3781 3230; x_wconf 70' lang='lat' dir='ltr'><strong>alia</strong></span> 
     </span>
    </p>
   </div>
   <div class='ocr_carea' id='block_1_64' title="bbox 560 3264 2137 3339">
    <p class='ocr_par' dir='ltr' id='par_1_64' title="bbox 560 3264 2137 3339">
     <span class='ocr_line' id='line_1_66' title="bbox 560 3264 2137 3339; baseline 0.006 -22"><span class='ocrx_word' id='word_1_431' title='bbox 560 3264 881 3320; x_wconf 83' lang='lat' dir='ltr'><strong>Altmannus</strong></span> <span class='ocrx_word' id='word_1_432' title='bbox 928 3267 1213 3335; x_wconf 87' lang='lat' dir='ltr'><strong>episcopus</strong></span> <span class='ocrx_word' id='word_1_433' title='bbox 1260 3268 1591 3323; x_wconf 85' lang='lat' dir='ltr'><strong>Pataviensis</strong></span> <span class='ocrx_word' id='word_1_434' title='bbox 1641 3269 1782 3324; x_wconf 88' lang='lat' dir='ltr'><strong>sedis</strong></span> <span class='ocrx_word' id='word_1_435' title='bbox 1831 3270 2137 3339; x_wconf 66' lang='lat' dir='ltr'><strong>apostolica:</strong></span> 
     </span>
    </p>
   </div>
   <div class='ocr_carea' id='block_1_65' title="bbox 559 3355 2135 3432">
    <p class='ocr_par' dir='ltr' id='par_1_65' title="bbox 559 3355 2135 3432">
     <span class='ocr_line' id='line_1_67' title="bbox 559 3355 2135 3432; baseline 0.004 -23"><span class='ocrx_word' id='word_1_436' title='bbox 559 3355 791 3427; x_wconf 70' lang='lat' dir='ltr'><strong>legatus,</strong></span> <span class='ocrx_word' id='word_1_437' title='bbox 815 3357 1191 3412; x_wconf 66' lang='lat' dir='ltr'><strong>assistentibus</strong></span> <span class='ocrx_word' id='word_1_438' title='bbox 1216 3359 1317 3412; x_wconf 89' lang='lat' dir='ltr'><strong>sibi</strong></span> <span class='ocrx_word' id='word_1_439' title='bbox 1342 3358 1680 3413; x_wconf 87' lang='lat' dir='ltr'><strong>Adalberone</strong></span> <span class='ocrx_word' id='word_1_440' title='bbox 1706 3359 2135 3432; x_wconf 76' lang='lat' dir='ltr'><strong>Wirtzburgensi</strong></span> 
     </span>
    </p>
   </div>
   <div class='ocr_carea' id='block_1_66' title="bbox 559 3446 2137 3523">
    <p class='ocr_par' dir='ltr' id='par_1_66' title="bbox 559 3446 2137 3523">
     <span class='ocr_line' id='line_1_68' title="bbox 559 3446 2137 3523; baseline 0.006 -24"><span class='ocrx_word' id='word_1_441' title='bbox 559 3457 614 3500; x_wconf 90' lang='lat' dir='ltr'><strong>et</strong></span> <span class='ocrx_word' id='word_1_442' title='bbox 672 3446 1039 3518; x_wconf 82' lang='lat' dir='ltr'><strong>Meginwardo</strong></span> <span class='ocrx_word' id='word_1_443' title='bbox 1105 3447 1442 3519; x_wconf 86' lang='lat' dir='ltr'><strong>Frisingensi</strong></span> <span class='ocrx_word' id='word_1_444' title='bbox 1513 3451 1798 3506; x_wconf 85' lang='lat' dir='ltr'><strong>catholicis</strong></span> <span class='ocrx_word' id='word_1_445' title='bbox 1869 3453 2137 3523; x_wconf 88' lang='lat' dir='ltr'><strong>episcopis</strong></span> 
     </span>
    </p>
   </div>
   <div class='ocr_carea' id='block_1_67' title="bbox 558 3539 2139 3599">
    <p class='ocr_par' dir='ltr' id='par_1_67' title="bbox 558 3539 2139 3599">
     <span class='ocr_line' id='line_1_69' title="bbox 558 3539 2139 3599; baseline 0.005 -8"><span class='ocrx_word' id='word_1_446' title='bbox 558 3542 916 3593; x_wconf 74' lang='lat' dir='ltr'><strong>consecravit.</strong></span> <span class='ocrx_word' id='word_1_447' title='bbox 949 3540 1040 3594; x_wconf 90' lang='lat' dir='ltr'><strong>llle</strong></span> <span class='ocrx_word' id='word_1_448' title='bbox 1082 3555 1210 3595; x_wconf 86' lang='lat' dir='ltr'><strong>vero</strong></span> <span class='ocrx_word' id='word_1_449' title='bbox 1238 3539 1542 3597; x_wconf 88' lang='lat' dir='ltr'><strong>Gebehardi</strong></span> <span class='ocrx_word' id='word_1_450' title='bbox 1573 3543 1902 3597; x_wconf 91' lang='lat' dir='ltr'><strong>sanctissimi</strong></span> <span class='ocrx_word' id='word_1_451' title='bbox 1953 3545 2139 3599; x_wconf 84' lang='lat' dir='ltr'><strong>deces-</strong></span> 
     </span>
    </p>
   </div>
   <div class='ocr_carea' id='block_1_68' title="bbox 560 3627 2136 3700">
    <p class='ocr_par' dir='ltr' id='par_1_68' title="bbox 560 3627 2136 3700">
     <span class='ocr_line' id='line_1_70' title="bbox 560 3627 2136 3700; baseline 0.006 -20"><span class='ocrx_word' id='word_1_452' title='bbox 560 3627 702 3682; x_wconf 73' lang='lat' dir='ltr'><strong>soris</strong></span> <span class='ocrx_word' id='word_1_453' title='bbox 727 3628 809 3681; x_wconf 91' lang='lat' dir='ltr'><strong>sui</strong></span> <span class='ocrx_word' id='word_1_454' title='bbox 835 3630 1062 3698; x_wconf 72' lang='lat' dir='ltr'><strong>vestigiis</strong></span> <span class='ocrx_word' id='word_1_455' title='bbox 1090 3631 1357 3697; x_wconf 84' lang='lat' dir='ltr'><strong>insistens,</strong></span> <span class='ocrx_word' id='word_1_456' title='bbox 1390 3632 1468 3685; x_wconf 93' lang='lat' dir='ltr'><strong>uti</strong></span> <span class='ocrx_word' id='word_1_457' title='bbox 1495 3633 1545 3686; x_wconf 92' lang='lat' dir='ltr'><strong>in</strong></span> <span class='ocrx_word' id='word_1_458' title='bbox 1568 3633 1808 3700; x_wconf 89' lang='lat' dir='ltr'><strong>ejusdem</strong></span> <span class='ocrx_word' id='word_1_459' title='bbox 1828 3634 2136 3691; x_wconf 83' lang='lat' dir='ltr'><strong>Gebehardi</strong></span> 
     </span>
    </p>
   </div>
   <div class='ocr_carea' id='block_1_69' title="bbox 561 3717 2138 3789">
    <p class='ocr_par' dir='ltr' id='par_1_69' title="bbox 561 3717 2138 3789">
     <span class='ocr_line' id='line_1_71' title="bbox 561 3717 2138 3789; baseline 0.006 -20"><span class='ocrx_word' id='word_1_460' title='bbox 561 3718 686 3770; x_wconf 81' lang='lat' dir='ltr'><strong>Vita</strong></span> <span class='ocrx_word' id='word_1_461' title='bbox 736 3717 953 3787; x_wconf 87' lang='lat' dir='ltr'><strong>legitur,</strong></span> <span class='ocrx_word' id='word_1_462' title='bbox 1002 3719 1057 3770; x_wconf 85' lang='lat' dir='ltr'><strong>in</strong></span> <span class='ocrx_word' id='word_1_463' title='bbox 1104 3720 1404 3789; x_wconf 75' lang='lat' dir='ltr'><strong>defensione</strong></span> <span class='ocrx_word' id='word_1_464' title='bbox 1456 3724 1688 3777; x_wconf 73' lang='lat' dir='ltr'><strong>veritatis</strong></span> <span class='ocrx_word' id='word_1_465' title='bbox 1754 3725 2026 3780; x_wconf 70' lang='lat' dir='ltr'><strong>cat/colica:</strong></span> <span class='ocrx_word' id='word_1_466' title='bbox 2090 3735 2138 3779; x_wconf 84' lang='lat' dir='ltr'><strong>et</strong></span> 
     </span>
    </p>
   </div>
   <div class='ocr_carea' id='block_1_70' title="bbox 496 3810 2135 3887">
    <p class='ocr_par' dir='ltr' id='par_1_70' title="bbox 496 3810 2135 3887">
     <span class='ocr_line' id='line_1_72' title="bbox 496 3810 2135 3887; baseline 0.006 -25"><span class='ocrx_word' id='word_1_467' title='bbox 496 3878 507 3887; x_wconf 84' lang='lat'><strong>_</strong></span> <span class='ocrx_word' id='word_1_468' title='bbox 560 3810 933 3879; x_wconf 81' lang='lat' dir='ltr'><strong>prapagatione</strong></span> <span class='ocrx_word' id='word_1_469' title='bbox 984 3810 1247 3881; x_wconf 85' lang='lat' dir='ltr'><strong>religionis</strong></span> <span class='ocrx_word' id='word_1_470' title='bbox 1306 3814 1494 3867; x_wconf 78' lang='lat' dir='ltr'><strong>divime</strong></span> <span class='ocrx_word' id='word_1_471' title='bbox 1557 3814 1783 3869; x_wconf 90' lang='lat' dir='ltr'><strong>multum</strong></span> <span class='ocrx_word' id='word_1_472' title='bbox 1845 3818 2135 3872; x_wconf 89' lang='lat' dir='ltr'><strong>insudavit.</strong></span> 
     </span>
    </p>
   </div>
   <div class='ocr_carea' id='block_1_71' title="bbox 562 3899 2139 3976">
    <p class='ocr_par' dir='ltr' id='par_1_71' title="bbox 562 3899 2139 3976">
     <span class='ocr_line' id='line_1_73' title="bbox 562 3899 2139 3976; baseline 0.006 -24"><span class='ocrx_word' id='word_1_473' title='bbox 562 3899 713 3954; x_wconf 86' lang='lat' dir='ltr'><strong>Hane</strong></span> <span class='ocrx_word' id='word_1_474' title='bbox 770 3901 1167 3957; x_wconf 90' lang='lat' dir='ltr'><strong>ordinationem</strong></span> <span class='ocrx_word' id='word_1_475' title='bbox 1225 3918 1301 3958; x_wconf 86' lang='lat' dir='ltr'><strong>vtt</strong></span> <span class='ocrx_word' id='word_1_476' title='bbox 1376 3905 1496 3959; x_wconf 91' lang='lat' dir='ltr'><strong>idus</strong></span> <span class='ocrx_word' id='word_1_477' title='bbox 1545 3906 1748 3976; x_wconf 88' lang='lat' dir='ltr'><strong>Aprilis</strong></span> <span class='ocrx_word' id='word_1_478' title='bbox 1809 3908 2139 3962; x_wconf 88' lang='lat' dir='ltr'><strong>celebratam</strong></span> 
     </span>
    </p>
   </div>
   <div class='ocr_carea' id='block_1_72' title="bbox 563 3988 2141 4067">
    <p class='ocr_par' dir='ltr' id='par_1_72' title="bbox 563 3988 2141 4067">
     <span class='ocr_line' id='line_1_74' title="bbox 563 3988 2141 4067; baseline 0.006 -26"><span class='ocrx_word' id='word_1_479' title='bbox 563 3988 730 4043; x_wconf 77' lang='lat' dir='ltr'><strong>fuisse</strong></span> <span class='ocrx_word' id='word_1_480' title='bbox 763 3990 1018 4043; x_wconf 77' lang='lat' dir='ltr'><strong>observat</strong></span> <span class='ocrx_word' id='word_1_481' title='bbox 1045 4000 1233 4046; x_wconf 87' lang='lat' dir='ltr'><strong>auctor</strong></span> <span class='ocrx_word' id='word_1_482' title='bbox 1263 3990 1514 4047; x_wconf 89' lang='lat' dir='ltr'><strong>Chronici</strong></span> <span class='ocrx_word' id='word_1_483' title='bbox 1543 3992 1970 4061; x_wconf 83' lang='lat' dir='ltr'><strong>Salisburgensis</strong></span> <span class='ocrx_word' id='word_1_484' title='bbox 2000 3997 2141 4067; x_wconf 90' lang='lat' dir='ltr'><strong>apud</strong></span> 
     </span>
    </p>
   </div>
   <div class='ocr_carea' id='block_1_73' title="bbox 563 4077 2142 4151">
    <p class='ocr_par' dir='ltr' id='par_1_73' title="bbox 563 4077 2142 4151">
     <span class='ocr_line' id='line_1_75' title="bbox 563 4077 2142 4151; baseline 0.008 -23"><span class='ocrx_word' id='word_1_485' title='bbox 563 4077 838 4130; x_wconf 88' lang='lat' dir='ltr'><strong>Cauisium</strong></span> <span class='ocrx_word' id='word_1_486' title='bbox 918 4088 1063 4134; x_wconf 92' lang='lat' dir='ltr'><strong>tomo</strong></span> <span class='ocrx_word' id='word_1_487' title='bbox 1124 4078 1229 4146; x_wconf 87' lang='lat' dir='ltr'><strong>Vl,</strong></span> <span class='ocrx_word' id='word_1_488' title='bbox 1294 4081 1385 4151; x_wconf 92' lang='lat' dir='ltr'><strong>qui</strong></span> <span class='ocrx_word' id='word_1_489' title='bbox 1444 4082 1593 4137; x_wconf 90' lang='lat' dir='ltr'><strong>addit</strong></span> <span class='ocrx_word' id='word_1_490' title='bbox 1666 4083 2015 4139; x_wconf 88' lang='lat' dir='ltr'><strong>Thiemouem</strong></span> <span class='ocrx_word' id='word_1_491' title='bbox 2074 4085 2142 4141; x_wconf 89' lang='lat' dir='ltr'><strong>ab</strong></span> 
     </span>
    </p>
   </div>
   <div class='ocr_carea' id='block_1_74' title="bbox 567 4166 1535 4237">
    <p class='ocr_par' dir='ltr' id='par_1_74' title="bbox 567 4166 1535 4237">
     <span class='ocr_line' id='line_1_76' title="bbox 567 4166 1535 4237; baseline 0.004 -15"><span class='ocrx_word' id='word_1_492' title='bbox 567 4166 785 4222; x_wconf 86' lang='lat' dir='ltr'><strong>Urbano</strong></span> <span class='ocrx_word' id='word_1_493' title='bbox 810 4167 853 4222; x_wconf 87' lang='lat' dir='ltr'><strong>ll</strong></span> <span class='ocrx_word' id='word_1_494' title='bbox 876 4171 1037 4237; x_wconf 88' lang='lat' dir='ltr'><strong>pallio</strong></span> <span class='ocrx_word' id='word_1_495' title='bbox 1062 4169 1317 4224; x_wconf 88' lang='lat' dir='ltr'><strong>donatum</strong></span> <span class='ocrx_word' id='word_1_496' title='bbox 1352 4170 1535 4226; x_wconf 82' lang='lat' dir='ltr'><strong>fuisse.</strong></span> 
     </span>
    </p>
   </div>
   <div class='ocr_carea' id='block_1_75' title="bbox 975 4258 1726 4331">
    <p class='ocr_par' dir='ltr' id='par_1_75' title="bbox 975 4258 1726 4331">
     <span class='ocr_line' id='line_1_77' title="bbox 975 4258 1726 4331; baseline 0.007 -18"><span class='ocrx_word' id='word_1_497' title='bbox 975 4259 1182 4314; x_wconf 85' lang='lat' dir='ltr'><strong>LXXII.</strong></span> <span class='ocrx_word' id='word_1_498' title='bbox 1227 4258 1518 4331; x_wconf 78' lang='lat' dir='ltr'><strong>Privilegia</strong></span> <span class='ocrx_word' id='word_1_499' title='bbox 1559 4264 1726 4319; x_wconf 79' lang='lat' dir='ltr'><strong>varia.</strong></span> 
     </span>
    </p>
   </div>
   <div class='ocr_carea' id='block_1_76' title="bbox 634 4351 2139 4423">
    <p class='ocr_par' dir='ltr' id='par_1_76' title="bbox 634 4351 2139 4423">
     <span class='ocr_line' id='line_1_78' title="bbox 634 4351 2139 4423; baseline 0.005 -17"><span class='ocrx_word' id='word_1_500' title='bbox 634 4351 834 4406; x_wconf 85' lang='lat' dir='ltr'><strong>Eodem</strong></span> <span class='ocrx_word' id='word_1_501' title='bbox 860 4360 1118 4423; x_wconf 86' lang='lat' dir='ltr'><strong>tempore,</strong></span> <span class='ocrx_word' id='word_1_502' title='bbox 1150 4355 1193 4408; x_wconf 92' lang='lat' dir='ltr'><strong>si</strong></span> <span class='ocrx_word' id='word_1_503' title='bbox 1233 4354 1407 4409; x_wconf 90' lang='lat' dir='ltr'><strong>nullus</strong></span> <span class='ocrx_word' id='word_1_504' title='bbox 1438 4356 1489 4409; x_wconf 93' lang='lat' dir='ltr'><strong>in</strong></span> <span class='ocrx_word' id='word_1_505' title='bbox 1532 4371 1675 4411; x_wconf 91' lang='lat' dir='ltr'><strong>anno</strong></span> <span class='ocrx_word' id='word_1_506' title='bbox 1697 4365 1751 4411; x_wconf 88' lang='lat' dir='ltr'><strong>et</strong></span> <span class='ocrx_word' id='word_1_507' title='bbox 1777 4372 1961 4414; x_wconf 90' lang='lat' dir='ltr'><strong>mense</strong></span> <span class='ocrx_word' id='word_1_508' title='bbox 1992 4358 2139 4413; x_wconf 84' lang='lat' dir='ltr'><strong>desi-</strong></span> 
     </span>
    </p>
   </div>
   <div class='ocr_carea' id='block_1_77' title="bbox 562 4441 2140 4521">
    <p class='ocr_par' dir='ltr' id='par_1_77' title="bbox 562 4441 2140 4521">
     <span class='ocr_line' id='line_1_79' title="bbox 562 4441 2140 4521; baseline 0.005 -25"><span class='ocrx_word' id='word_1_509' title='bbox 562 4442 790 4514; x_wconf 74' lang='lat' dir='ltr'><strong>gnandis</strong></span> <span class='ocrx_word' id='word_1_510' title='bbox 847 4460 1002 4500; x_wconf 89' lang='lat' dir='ltr'><strong>error</strong></span> <span class='ocrx_word' id='word_1_511' title='bbox 1062 4445 1365 4516; x_wconf 88' lang='lat' dir='ltr'><strong>irrepserit,</strong></span> <span class='ocrx_word' id='word_1_512' title='bbox 1421 4441 2140 4521; x_wconf 12' lang='lat' dir='ltr'><strong>Urbanusipra’posituram</strong></span> 
     </span>
    </p>
   </div>
   <div class='ocr_carea' id='block_1_78' title="bbox 2239 3268 3783 3345">
    <p class='ocr_par' dir='ltr' id='par_1_78' title="bbox 2239 3268 3783 3345">
     <span class='ocr_line' id='line_1_80' title="bbox 2239 3268 3783 3345; baseline 0 -25"><span class='ocrx_word' id='word_1_513' title='bbox 2239 3268 2493 3321; x_wconf 85' lang='lat' dir='ltr'><strong>nonnulla</strong></span> <span class='ocrx_word' id='word_1_514' title='bbox 2518 3269 2761 3338; x_wconf 88' lang='lat' dir='ltr'><strong>ejusdem</strong></span> <span class='ocrx_word' id='word_1_515' title='bbox 2787 3272 3067 3342; x_wconf 88' lang='lat' dir='ltr'><strong>temporis,</strong></span> <span class='ocrx_word' id='word_1_516' title='bbox 3090 3274 3321 3337; x_wconf 89' lang='lat' dir='ltr'><strong>dicatur,</strong></span> <span class='ocrx_word' id='word_1_517' title='bbox 3344 3276 3486 3345; x_wconf 88' lang='lat' dir='ltr'><strong>quod</strong></span> <span class='ocrx_word' id='word_1_518' title='bbox 3508 3291 3605 3328; x_wconf 87' lang='lat' dir='ltr'><strong>non</strong></span> <span class='ocrx_word' id='word_1_519' title='bbox 3629 3270 3783 3326; x_wconf 67' lang='lat' dir='ltr'><strong>habet</strong></span> 
     </span>
    </p>
   </div>
   <div class='ocr_carea' id='block_1_79' title="bbox 2239 3355 3781 3429">
    <p class='ocr_par' dir='ltr' id='par_1_79' title="bbox 2239 3355 3781 3429">
     <span class='ocr_line' id='line_1_81' title="bbox 2239 3355 3781 3429; baseline -0.001 -20"><span class='ocrx_word' id='word_1_520' title='bbox 2239 3355 2533 3425; x_wconf 88' lang='lat' dir='ltr'><strong>diplomata</strong></span> <span class='ocrx_word' id='word_1_521' title='bbox 2562 3359 2687 3413; x_wconf 88' lang='lat' dir='ltr'><strong>anni</strong></span> <span class='ocrx_word' id='word_1_522' title='bbox 2733 3361 3041 3429; x_wconf 87' lang='lat' dir='ltr'><strong>sequentis,</strong></span> <span class='ocrx_word' id='word_1_523' title='bbox 3074 3362 3182 3417; x_wconf 91' lang='lat' dir='ltr'><strong>imo</strong></span> <span class='ocrx_word' id='word_1_524' title='bbox 3211 3377 3313 3417; x_wconf 90' lang='lat' dir='ltr'><strong>nec</strong></span> <span class='ocrx_word' id='word_1_525' title='bbox 3345 3363 3448 3417; x_wconf 89' lang='lat' dir='ltr'><strong>ulla</strong></span> <span class='ocrx_word' id='word_1_526' title='bbox 3477 3362 3575 3416; x_wconf 90' lang='lat' dir='ltr'><strong>alia</strong></span> <span class='ocrx_word' id='word_1_527' title='bbox 3598 3361 3781 3414; x_wconf 75' lang='lat' dir='ltr'><strong>aliorum</strong></span> 
     </span>
    </p>
   </div>
   <div class='ocr_carea' id='block_1_80' title="bbox 2240 3451 3782 3527">
    <p class='ocr_par' dir='ltr' id='par_1_80' title="bbox 2240 3451 3782 3527">
     <span class='ocr_line' id='line_1_82' title="bbox 2240 3451 3782 3527; baseline -0.003 -23"><span class='ocrx_word' id='word_1_528' title='bbox 2240 3466 2526 3517; x_wconf 87' lang='lat' dir='ltr'><strong>annorum,</strong></span> <span class='ocrx_word' id='word_1_529' title='bbox 2574 3453 2619 3507; x_wconf 92' lang='lat' dir='ltr'><strong>si</strong></span> <span class='ocrx_word' id='word_1_530' title='bbox 2669 3454 2804 3508; x_wconf 91' lang='lat' dir='ltr'><strong>bene</strong></span> <span class='ocrx_word' id='word_1_531' title='bbox 2854 3455 3096 3509; x_wconf 90' lang='lat' dir='ltr'><strong>memini.</strong></span> <span class='ocrx_word' id='word_1_532' title='bbox 3138 3456 3298 3510; x_wconf 82' lang='lat' dir='ltr'><strong>Vetat</strong></span> <span class='ocrx_word' id='word_1_533' title='bbox 3347 3456 3580 3527; x_wconf 80' lang='lat' dir='ltr'><strong>pontifex</strong></span> <span class='ocrx_word' id='word_1_534' title='bbox 3622 3454 3667 3507; x_wconf 93' lang='lat' dir='ltr'><strong>in</strong></span> <span class='ocrx_word' id='word_1_535' title='bbox 3709 3451 3782 3503; x_wconf 75' lang='lat' dir='ltr'><strong>hrc</strong></span> 
     </span>
    </p>
   </div>
   <div class='ocr_carea' id='block_1_81' title="bbox 2240 3541 3780 3605">
    <p class='ocr_par' dir='ltr' id='par_1_81' title="bbox 2240 3541 3780 3605">
     <span class='ocr_line' id='line_1_83' title="bbox 2240 3541 3780 3605; baseline -0.001 -9"><span class='ocrx_word' id='word_1_536' title='bbox 2240 3541 2385 3596; x_wconf 86' lang='lat' dir='ltr'><strong>bulla</strong></span> <span class='ocrx_word' id='word_1_537' title='bbox 2430 3542 2787 3598; x_wconf 86' lang='lat' dir='ltr'><strong>alienationes</strong></span> <span class='ocrx_word' id='word_1_538' title='bbox 2833 3544 3324 3600; x_wconf 87' lang='lat' dir='ltr'><strong>ecclesiasticorum</strong></span> <span class='ocrx_word' id='word_1_539' title='bbox 3355 3548 3629 3605; x_wconf 88' lang='lat' dir='ltr'><strong>bonorum,</strong></span> <span class='ocrx_word' id='word_1_540' title='bbox 3660 3552 3703 3596; x_wconf 91' lang='lat' dir='ltr'><strong>et</strong></span> <span class='ocrx_word' id='word_1_541' title='bbox 3733 3554 3780 3590; x_wconf 82' lang='lat' dir='ltr'><strong>nc</strong></span> 
     </span>
    </p>
   </div>
   <div class='ocr_carea' id='block_1_82' title="bbox 2240 3632 3779 3708">
    <p class='ocr_par' dir='ltr' id='par_1_82' title="bbox 2240 3632 3779 3708">
     <span class='ocr_line' id='line_1_84' title="bbox 2240 3632 3779 3708; baseline -0.004 -22"><span class='ocrx_word' id='word_1_542' title='bbox 2240 3647 2327 3687; x_wconf 85' lang='lat' dir='ltr'><strong>res</strong></span> <span class='ocrx_word' id='word_1_543' title='bbox 2352 3632 2586 3688; x_wconf 83' lang='lat' dir='ltr'><strong>defuncti</strong></span> <span class='ocrx_word' id='word_1_544' title='bbox 2612 3634 2872 3705; x_wconf 90' lang='lat' dir='ltr'><strong>episcopi,</strong></span> <span class='ocrx_word' id='word_1_545' title='bbox 2902 3637 2983 3691; x_wconf 88' lang='lat' dir='ltr'><strong>vel</strong></span> <span class='ocrx_word' id='word_1_546' title='bbox 3010 3636 3253 3692; x_wconf 85' lang='lat' dir='ltr'><strong>ecclesiae</strong></span> <span class='ocrx_word' id='word_1_547' title='bbox 3274 3654 3306 3691; x_wconf 89' lang='lat' dir='ltr'><strong>a</strong></span> <span class='ocrx_word' id='word_1_548' title='bbox 3333 3638 3583 3708; x_wconf 87' lang='lat' dir='ltr'><strong>quopiam</strong></span> <span class='ocrx_word' id='word_1_549' title='bbox 3609 3633 3779 3702; x_wconf 85' lang='lat' dir='ltr'><strong>rapian-</strong></span> 
     </span>
    </p>
   </div>
   <div class='ocr_carea' id='block_1_83' title="bbox 2244 3726 3781 3797">
    <p class='ocr_par' dir='ltr' id='par_1_83' title="bbox 2244 3726 3781 3797">
     <span class='ocr_line' id='line_1_85' title="bbox 2244 3726 3781 3797; baseline -0.002 -18"><span class='ocrx_word' id='word_1_550' title='bbox 2244 3734 2351 3791; x_wconf 90' lang='lat' dir='ltr'><strong>tur,</strong></span> <span class='ocrx_word' id='word_1_551' title='bbox 2381 3741 2516 3795; x_wconf 88' lang='lat' dir='ltr'><strong>quas</strong></span> <span class='ocrx_word' id='word_1_552' title='bbox 2537 3726 2706 3779; x_wconf 89' lang='lat' dir='ltr'><strong>vulta</strong></span> <span class='ocrx_word' id='word_1_553' title='bbox 2728 3727 3003 3782; x_wconf 90' lang='lat' dir='ltr'><strong>canonicis</strong></span> <span class='ocrx_word' id='word_1_554' title='bbox 3025 3729 3261 3797; x_wconf 89' lang='lat' dir='ltr'><strong>integras</strong></span> <span class='ocrx_word' id='word_1_555' title='bbox 3284 3727 3551 3784; x_wconf 87' lang='lat' dir='ltr'><strong>reservari</strong></span> <span class='ocrx_word' id='word_1_556' title='bbox 3576 3726 3781 3795; x_wconf 59' lang='lat' dir='ltr'><strong>episcopo</strong></span> 
     </span>
    </p>
   </div>
   <div class='ocr_carea' id='block_1_84' title="bbox 2241 3816 2779 3871">
    <p class='ocr_par' dir='ltr' id='par_1_84' title="bbox 2241 3816 2779 3871">
     <span class='ocr_line' id='line_1_86' title="bbox 2241 3816 2779 3871; baseline 0 -2"><span class='ocrx_word' id='word_1_557' title='bbox 2241 3817 2544 3870; x_wconf 86' lang='lat' dir='ltr'><strong>successori</strong></span> <span class='ocrx_word' id='word_1_558' title='bbox 2578 3816 2779 3871; x_wconf 80' lang='lat' dir='ltr'><strong>futuro.</strong></span> 
     </span>
    </p>
   </div>
   <div class='ocr_carea' id='block_1_85' title="bbox 2311 3905 3783 3981">
    <p class='ocr_par' dir='ltr' id='par_1_85' title="bbox 2311 3905 3783 3981">
     <span class='ocr_line' id='line_1_87' title="bbox 2311 3905 3783 3981; baseline 0 -21"><span class='ocrx_word' id='word_1_559' title='bbox 2311 3907 2468 3962; x_wconf 83' lang='lat' dir='ltr'><strong>Aliud</strong></span> <span class='ocrx_word' id='word_1_560' title='bbox 2508 3907 2716 3978; x_wconf 85' lang='lat' dir='ltr'><strong>insigne</strong></span> <span class='ocrx_word' id='word_1_561' title='bbox 2745 3908 3112 3979; x_wconf 87' lang='lat' dir='ltr'><strong>privilegium,</strong></span> <span class='ocrx_word' id='word_1_562' title='bbox 3143 3911 3283 3981; x_wconf 90' lang='lat' dir='ltr'><strong>apud</strong></span> <span class='ocrx_word' id='word_1_563' title='bbox 3317 3911 3574 3966; x_wconf 86' lang='lat' dir='ltr'><strong>Tambur.</strong></span> <span class='ocrx_word' id='word_1_564' title='bbox 3606 3908 3673 3962; x_wconf 88' lang='lat' dir='ltr'><strong>De</strong></span> <span class='ocrx_word' id='word_1_565' title='bbox 3689 3905 3783 3975; x_wconf 81' lang='lat' dir='ltr'><strong>jure</strong></span> 
     </span>
    </p>
   </div>
   <div class='ocr_carea' id='block_1_86' title="bbox 2240 3996 3784 4072">
    <p class='ocr_par' dir='ltr' id='par_1_86' title="bbox 2240 3996 3784 4072">
     <span class='ocr_line' id='line_1_88' title="bbox 2240 3996 3784 4072; baseline -0.002 -22"><span class='ocrx_word' id='word_1_566' title='bbox 2240 3996 2399 4063; x_wconf 88' lang='lat' dir='ltr'><strong>abb.,</strong></span> <span class='ocrx_word' id='word_1_567' title='bbox 2453 4006 2492 4051; x_wconf 91' lang='lat' dir='ltr'><strong>t.</strong></span> <span class='ocrx_word' id='word_1_568' title='bbox 2536 3997 2608 4063; x_wconf 89' lang='lat' dir='ltr'><strong>ll,</strong></span> <span class='ocrx_word' id='word_1_569' title='bbox 2659 4015 2711 4069; x_wconf 91' lang='lat' dir='ltr'><strong>p.</strong></span> <span class='ocrx_word' id='word_1_570' title='bbox 2757 3999 2885 4067; x_wconf 64' lang='lat'><strong>468,</strong></span> <span class='ocrx_word' id='word_1_571' title='bbox 2918 4000 3077 4071; x_wconf 87' lang='lat' dir='ltr'><strong>paulo</strong></span> <span class='ocrx_word' id='word_1_572' title='bbox 3122 4011 3243 4070; x_wconf 91' lang='lat' dir='ltr'><strong>post</strong></span> <span class='ocrx_word' id='word_1_573' title='bbox 3279 4003 3606 4072; x_wconf 69' lang='lat' dir='ltr'><strong>praecedens,</strong></span> <span class='ocrx_word' id='word_1_574' title='bbox 3642 3997 3686 4051; x_wconf 90' lang='lat' dir='ltr'><strong>id</strong></span> <span class='ocrx_word' id='word_1_575' title='bbox 3721 3999 3784 4047; x_wconf 54' lang='lat' dir='ltr'><strong>est</strong></span> 
     </span>
    </p>
   </div>
   <div class='ocr_carea' id='block_1_87' title="bbox 2242 4089 3783 4163">
    <p class='ocr_par' dir='ltr' id='par_1_87' title="bbox 2242 4089 3783 4163">
     <span class='ocr_line' id='line_1_89' title="bbox 2242 4089 3783 4163; baseline -0.001 -21"><span class='ocrx_word' id='word_1_576' title='bbox 2242 4098 2391 4143; x_wconf 81' lang='lat' dir='ltr'><strong>sexta</strong></span> <span class='ocrx_word' id='word_1_577' title='bbox 2423 4089 2509 4144; x_wconf 89' lang='lat' dir='ltr'><strong>die</strong></span> <span class='ocrx_word' id='word_1_578' title='bbox 2554 4089 2795 4158; x_wconf 84' lang='lat' dir='ltr'><strong>ejusdem</strong></span> <span class='ocrx_word' id='word_1_579' title='bbox 2839 4093 3039 4147; x_wconf 91' lang='lat' dir='ltr'><strong>mensis</strong></span> <span class='ocrx_word' id='word_1_580' title='bbox 3076 4093 3293 4163; x_wconf 84' lang='lat' dir='ltr'><strong>Aprilis,</strong></span> <span class='ocrx_word' id='word_1_581' title='bbox 3330 4094 3547 4149; x_wconf 85' lang='lat' dir='ltr'><strong>indulsit</strong></span> <span class='ocrx_word' id='word_1_582' title='bbox 3577 4090 3783 4146; x_wconf 66' lang='lat' dir='ltr'><strong>Urbanus</strong></span> 
     </span>
    </p>
   </div>
   <div class='ocr_carea' id='block_1_88' title="bbox 2244 4178 3783 4253">
    <p class='ocr_par' dir='ltr' id='par_1_88' title="bbox 2244 4178 3783 4253">
     <span class='ocr_line' id='line_1_90' title="bbox 2244 4178 3783 4253; baseline -0.006 -18"><span class='ocrx_word' id='word_1_583' title='bbox 2244 4180 2712 4237; x_wconf 77' lang='lat' dir='ltr'><strong>Vallumbrosanis</strong></span> <span class='ocrx_word' id='word_1_584' title='bbox 2756 4184 3068 4249; x_wconf 88' lang='lat' dir='ltr'><strong>monachis,</strong></span> <span class='ocrx_word' id='word_1_585' title='bbox 3113 4199 3219 4253; x_wconf 91' lang='lat' dir='ltr'><strong>quo</strong></span> <span class='ocrx_word' id='word_1_586' title='bbox 3270 4202 3377 4239; x_wconf 90' lang='lat' dir='ltr'><strong>non</strong></span> <span class='ocrx_word' id='word_1_587' title='bbox 3422 4187 3576 4238; x_wconf 90' lang='lat' dir='ltr'><strong>modo</strong></span> <span class='ocrx_word' id='word_1_588' title='bbox 3628 4178 3783 4235; x_wconf 80' lang='lat' dir='ltr'><strong>Vallis-</strong></span> 
     </span>
    </p>
   </div>
   <div class='ocr_carea' id='block_1_89' title="bbox 2247 4270 3779 4346">
    <p class='ocr_par' dir='ltr' id='par_1_89' title="bbox 2247 4270 3779 4346">
     <span class='ocr_line' id='line_1_91' title="bbox 2247 4270 3779 4346; baseline -0.002 -21"><span class='ocrx_word' id='word_1_589' title='bbox 2247 4270 2522 4328; x_wconf 66' lang='lat' dir='ltr'><strong>Umbrosae</strong></span> <span class='ocrx_word' id='word_1_590' title='bbox 2561 4274 2873 4328; x_wconf 88' lang='lat' dir='ltr'><strong>monasterii</strong></span> <span class='ocrx_word' id='word_1_591' title='bbox 2904 4275 3166 4346; x_wconf 88' lang='lat' dir='ltr'><strong>principis</strong></span> <span class='ocrx_word' id='word_1_592' title='bbox 3187 4274 3312 4344; x_wconf 85' lang='lat' dir='ltr'><strong>jura</strong></span> <span class='ocrx_word' id='word_1_593' title='bbox 3341 4286 3395 4331; x_wconf 91' lang='lat' dir='ltr'><strong>et</strong></span> <span class='ocrx_word' id='word_1_594' title='bbox 3424 4273 3779 4345; x_wconf 83' lang='lat' dir='ltr'><strong>possessiones.</strong></span> 
     </span>
    </p>
   </div>
   <div class='ocr_carea' id='block_1_90' title="bbox 2242 4358 3780 4434">
    <p class='ocr_par' dir='ltr' id='par_1_90' title="bbox 2242 4358 3780 4434">
     <span class='ocr_line' id='line_1_92' title="bbox 2242 4358 3780 4434; baseline 0.001 -20"><span class='ocrx_word' id='word_1_595' title='bbox 2242 4362 2336 4415; x_wconf 89' lang='lat' dir='ltr'><strong>sed</strong></span> <span class='ocrx_word' id='word_1_596' title='bbox 2374 4363 2537 4416; x_wconf 91' lang='lat' dir='ltr'><strong>etiam</strong></span> <span class='ocrx_word' id='word_1_597' title='bbox 2569 4371 2734 4418; x_wconf 89' lang='lat' dir='ltr'><strong>totam</strong></span> <span class='ocrx_word' id='word_1_598' title='bbox 2767 4364 3057 4420; x_wconf 86' lang='lat' dir='ltr'><strong>multorum</strong></span> <span class='ocrx_word' id='word_1_599' title='bbox 3097 4370 3570 4431; x_wconf 88' lang='lat' dir='ltr'><strong>monasteriorum,</strong></span> <span class='ocrx_word' id='word_1_600' title='bbox 3601 4377 3704 4434; x_wconf 77' lang='lat' dir='ltr'><strong>qua:</strong></span> <span class='ocrx_word' id='word_1_601' title='bbox 3729 4358 3780 4411; x_wconf 82' lang='lat' dir='ltr'><strong>ibi</strong></span> 
     </span>
    </p>
   </div>
   <div class='ocr_carea' id='block_1_91' title="bbox 2243 4456 3779 4528">
    <p class='ocr_par' dir='ltr' id='par_1_91' title="bbox 2243 4456 3779 4528">
     <span class='ocr_line' id='line_1_93' title="bbox 2243 4456 3779 4528; baseline 0.002 -25"><span class='ocrx_word' id='word_1_602' title='bbox 2243 4461 2528 4517; x_wconf 88' lang='lat' dir='ltr'><strong>recenset,</strong></span> <span class='ocrx_word' id='word_1_603' title='bbox 2562 4456 3086 4524; x_wconf 73' lang='lat' dir='ltr'><strong>congregationem,</strong></span> <span class='ocrx_word' id='word_1_604' title='bbox 3141 4468 3269 4512; x_wconf 85' lang='lat' dir='ltr'><strong>ante</strong></span> <span class='ocrx_word' id='word_1_605' title='bbox 3331 4459 3532 4528; x_wconf 87' lang='lat' dir='ltr'><strong>aliquot</strong></span> <span class='ocrx_word' id='word_1_606' title='bbox 3579 4466 3725 4509; x_wconf 85' lang='lat' dir='ltr'><strong>annos</strong></span> <span class='ocrx_word' id='word_1_607' title='bbox 3760 4463 3779 4498; x_wconf 73' lang='grc' dir='ltr'>τι</span> 
     </span>
    </p>
   </div>
   <div class='ocr_carea' id='block_1_92' title="bbox 561 4530 3781 4610">
    <p class='ocr_par' dir='ltr' id='par_1_92' title="bbox 561 4530 3781 4610">
     <span class='ocr_line' id='line_1_94' title="bbox 561 4530 3781 4610; baseline 0.004 -23"><span class='ocrx_word' id='word_1_608' title='bbox 561 4533 1133 4605; x_wconf 56' lang='lat' dir='ltr'><strong>lbitempurcheusem</strong></span> <span class='ocrx_word' id='word_1_609' title='bbox 1176 4537 1230 4591; x_wconf 90' lang='lat' dir='ltr'><strong>in</strong></span> <span class='ocrx_word' id='word_1_610' title='bbox 1284 4537 1642 4606; x_wconf 86' lang='lat' dir='ltr'><strong>Frisingensis</strong></span> <span class='ocrx_word' id='word_1_611' title='bbox 1700 4538 1942 4594; x_wconf 70' lang='lat' dir='ltr'><strong>Bavariaa</strong></span> <span class='ocrx_word' id='word_1_612' title='bbox 1995 4530 2453 4598; x_wconf 87' lang='lat' dir='ltr'><strong>nrbisDJoanne</strong></span> <span class='ocrx_word' id='word_1_613' title='bbox 2516 4543 2807 4600; x_wconf 84' lang='lat' dir='ltr'><strong>Gualberto</strong></span> <span class='ocrx_word' id='word_1_614' title='bbox 2879 4547 3214 4610; x_wconf 84' lang='lat' dir='ltr'><strong>institutam.</strong></span> <span class='ocrx_word' id='word_1_615' title='bbox 3272 4551 3625 4605; x_wconf 68' lang='lat' dir='ltr'><strong>conﬁrmavit:</strong></span> <span class='ocrx_word' id='word_1_616' title='bbox 3675 4542 3781 4595; x_wconf 83' lang='lat' dir='ltr'><strong>Tum</strong></span> 
     </span>
    </p>
   </div>
   <div class='ocr_carea' id='block_1_93' title="bbox 561 4628 2143 4700">
    <p class='ocr_par' dir='ltr' id='par_1_93' title="bbox 561 4628 2143 4700">
     <span class='ocr_line' id='line_1_95' title="bbox 561 4628 2143 4700; baseline 0.004 -20"><span class='ocrx_word' id='word_1_617' title='bbox 561 4628 779 4684; x_wconf 74' lang='lat' dir='ltr'><strong>ditecesi</strong></span> <span class='ocrx_word' id='word_1_618' title='bbox 806 4629 988 4696; x_wconf 89' lang='lat' dir='ltr'><strong>sitam,</strong></span> <span class='ocrx_word' id='word_1_619' title='bbox 1011 4629 1315 4699; x_wconf 66' lang='lat' dir='ltr'><strong>apostolicae</strong></span> <span class='ocrx_word' id='word_1_620' title='bbox 1340 4630 1451 4685; x_wconf 90' lang='lat' dir='ltr'><strong>sedi</strong></span> <span class='ocrx_word' id='word_1_621' title='bbox 1482 4646 1511 4683; x_wconf 89' lang='lat' dir='ltr'><strong>a</strong></span> <span class='ocrx_word' id='word_1_622' title='bbox 1542 4630 1840 4699; x_wconf 90' lang='lat' dir='ltr'><strong>Welphone</strong></span> <span class='ocrx_word' id='word_1_623' title='bbox 1864 4630 1906 4684; x_wconf 88' lang='grc' dir='ltr'><strong>Β</strong></span> <span class='ocrx_word' id='word_1_624' title='bbox 1934 4628 2143 4700; x_wconf 77' lang='lat' dir='ltr'><strong>joaric-</strong></span> 
     </span>
    </p>
   </div>
   <div class='ocr_carea' id='block_1_94' title="bbox 563 4712 2140 4789">
    <p class='ocr_par' dir='ltr' id='par_1_94' title="bbox 563 4712 2140 4789">
     <span class='ocr_line' id='line_1_96' title="bbox 563 4712 2140 4789; baseline 0.002 -17"><span class='ocrx_word' id='word_1_625' title='bbox 563 4734 682 4772; x_wconf 90' lang='lat' dir='ltr'><strong>rum</strong></span> <span class='ocrx_word' id='word_1_626' title='bbox 734 4720 868 4775; x_wconf 88' lang='lat' dir='ltr'><strong>duce</strong></span> <span class='ocrx_word' id='word_1_627' title='bbox 910 4719 1136 4789; x_wconf 89' lang='lat' dir='ltr'><strong>ejusque</strong></span> <span class='ocrx_word' id='word_1_628' title='bbox 1191 4712 1415 4787; x_wconf 82' lang='lat' dir='ltr'><strong>cenjuge</strong></span> <span class='ocrx_word' id='word_1_629' title='bbox 1469 4718 1686 4775; x_wconf 82' lang='lat' dir='ltr'><strong>Juditha</strong></span> <span class='ocrx_word' id='word_1_630' title='bbox 1738 4722 1996 4787; x_wconf 88' lang='lat' dir='ltr'><strong>ablatam,</strong></span> <span class='ocrx_word' id='word_1_631' title='bbox 2047 4723 2140 4776; x_wconf 86' lang='lat' dir='ltr'><strong>sub</strong></span> 
     </span>
    </p>
   </div>
   <div class='ocr_carea' id='block_1_95' title="bbox 562 4810 2139 4882">
    <p class='ocr_par' dir='ltr' id='par_1_95' title="bbox 562 4810 2139 4882">
     <span class='ocr_line' id='line_1_97' title="bbox 562 4810 2139 4882; baseline 0.003 -19"><span class='ocrx_word' id='word_1_632' title='bbox 562 4810 774 4880; x_wconf 74' lang='lat' dir='ltr'><strong>speciali</strong></span> <span class='ocrx_word' id='word_1_633' title='bbox 818 4810 1077 4866; x_wconf 74' lang='lat' dir='ltr'><strong>Romana:</strong></span> <span class='ocrx_word' id='word_1_634' title='bbox 1114 4810 1369 4866; x_wconf 79' lang='lat' dir='ltr'><strong>Ecclesiae</strong></span> <span class='ocrx_word' id='word_1_635' title='bbox 1397 4812 1610 4866; x_wconf 80' lang='lat' dir='ltr'><strong>mitione</strong></span> <span class='ocrx_word' id='word_1_636' title='bbox 1638 4812 1893 4882; x_wconf 90' lang='lat' dir='ltr'><strong>suscepit.</strong></span> <span class='ocrx_word' id='word_1_637' title='bbox 1935 4812 2139 4867; x_wconf 85' lang='lat' dir='ltr'><strong>Bullam</strong></span> 
     </span>
    </p>
   </div>
   <div class='ocr_carea' id='block_1_96' title="bbox 563 4889 2141 4973">
    <p class='ocr_par' dir='ltr' id='par_1_96' title="bbox 563 4889 2141 4973">
     <span class='ocr_line' id='line_1_98' title="bbox 563 4889 2141 4973; baseline 0.004 -20"><span class='ocrx_word' id='word_1_638' title='bbox 563 4913 625 4953; x_wconf 89' lang='lat' dir='ltr'><strong>ea</strong></span> <span class='ocrx_word' id='word_1_639' title='bbox 665 4900 731 4953; x_wconf 89' lang='lat' dir='ltr'><strong>de</strong></span> <span class='ocrx_word' id='word_1_640' title='bbox 772 4915 828 4954; x_wconf 88' lang='lat' dir='ltr'><strong>re</strong></span> <span class='ocrx_word' id='word_1_641' title='bbox 861 4889 1026 4956; x_wconf 81' lang='lat' dir='ltr'><strong>refert</strong></span> <span class='ocrx_word' id='word_1_642' title='bbox 1057 4901 1307 4956; x_wconf 81' lang='lat' dir='ltr'><strong>Hundius</strong></span> <span class='ocrx_word' id='word_1_643' title='bbox 1340 4908 1484 4954; x_wconf 91' lang='lat' dir='ltr'><strong>tomo</strong></span> <span class='ocrx_word' id='word_1_644' title='bbox 1510 4899 1579 4955; x_wconf 83' lang='grc' dir='ltr'><strong>ΙΙΙ</strong></span> <span class='ocrx_word' id='word_1_645' title='bbox 1618 4903 1929 4973; x_wconf 88' lang='lat' dir='ltr'><strong>metropolis</strong></span> <span class='ocrx_word' id='word_1_646' title='bbox 1974 4903 2141 4962; x_wconf 84' lang='lat' dir='ltr'><strong>Salis-</strong></span> 
     </span>
    </p>
   </div>
   <div class='ocr_carea' id='block_1_97' title="bbox 566 4990 2135 5067">
    <p class='ocr_par' dir='ltr' id='par_1_97' title="bbox 566 4990 2135 5067">
     <span class='ocr_line' id='line_1_99' title="bbox 566 4990 2135 5067; baseline 0.005 -24"><span class='ocrx_word' id='word_1_647' title='bbox 566 4990 872 5060; x_wconf 77' lang='lat' dir='ltr'><strong>burgeuSIs.</strong></span> <span class='ocrx_word' id='word_1_648' title='bbox 902 4993 970 5044; x_wconf 89' lang='lat' dir='ltr'><strong>At</strong></span> <span class='ocrx_word' id='word_1_649' title='bbox 1012 5008 1115 5047; x_wconf 91' lang='lat' dir='ltr'><strong>non</strong></span> <span class='ocrx_word' id='word_1_650' title='bbox 1161 5006 1296 5046; x_wconf 59' lang='lat' dir='ltr'><strong>snas</strong></span> <span class='ocrx_word' id='word_1_651' title='bbox 1337 4990 1437 5045; x_wconf 93' lang='lat' dir='ltr'><strong>sibi</strong></span> <span class='ocrx_word' id='word_1_652' title='bbox 1492 5001 1742 5046; x_wconf 87' lang='lat' dir='ltr'><strong>constant</strong></span> <span class='ocrx_word' id='word_1_653' title='bbox 1773 4993 2135 5067; x_wconf 78' lang='lat' dir='ltr'><strong>chronologici</strong></span> 
     </span>
    </p>
   </div>
   <div class='ocr_carea' id='block_1_98' title="bbox 564 5082 2140 5157">
    <p class='ocr_par' dir='ltr' id='par_1_98' title="bbox 564 5082 2140 5157">
     <span class='ocr_line' id='line_1_100' title="bbox 564 5082 2140 5157; baseline 0.006 -23"><span class='ocrx_word' id='word_1_654' title='bbox 564 5082 908 5138; x_wconf 88' lang='lat' dir='ltr'><strong>characteres</strong></span> <span class='ocrx_word' id='word_1_655' title='bbox 965 5085 1017 5138; x_wconf 91' lang='lat' dir='ltr'><strong>in</strong></span> <span class='ocrx_word' id='word_1_656' title='bbox 1073 5101 1138 5139; x_wconf 87' lang='lat' dir='ltr'><strong>ea</strong></span> <span class='ocrx_word' id='word_1_657' title='bbox 1198 5084 1458 5155; x_wconf 86' lang='lat' dir='ltr'><strong>appositi;</strong></span> <span class='ocrx_word' id='word_1_658' title='bbox 1511 5085 1632 5138; x_wconf 88' lang='lat' dir='ltr'><strong>data</strong></span> <span class='ocrx_word' id='word_1_659' title='bbox 1698 5088 1892 5157; x_wconf 88' lang='lat' dir='ltr'><strong>quippe</strong></span> <span class='ocrx_word' id='word_1_660' title='bbox 1946 5090 2140 5144; x_wconf 85' lang='lat' dir='ltr'><strong>dicitur</strong></span> 
     </span>
    </p>
   </div>
   <div class='ocr_carea' id='block_1_99' title="bbox 565 5172 2137 5243">
    <p class='ocr_par' dir='ltr' id='par_1_99' title="bbox 565 5172 2137 5243">
     <span class='ocr_line' id='line_1_101' title="bbox 565 5172 2137 5243; baseline 0.006 -20"><span class='ocrx_word' id='word_1_661' title='bbox 565 5172 821 5241; x_wconf 75' lang='lat' dir='ltr'><strong>Anagnia:</strong></span> <span class='ocrx_word' id='word_1_662' title='bbox 843 5188 1027 5229; x_wconf 87' lang='lat' dir='ltr'><strong>mense</strong></span> <span class='ocrx_word' id='word_1_663' title='bbox 1053 5175 1348 5230; x_wconf 85' lang='lat' dir='ltr'><strong>Februario</strong></span> <span class='ocrx_word' id='word_1_664' title='bbox 1386 5174 1545 5243; x_wconf 89' lang='lat' dir='ltr'><strong>hujus</strong></span> <span class='ocrx_word' id='word_1_665' title='bbox 1574 5176 1722 5241; x_wconf 89' lang='lat' dir='ltr'><strong>anni,</strong></span> <span class='ocrx_word' id='word_1_666' title='bbox 1756 5176 2048 5233; x_wconf 89' lang='lat' dir='ltr'><strong>indictione</strong></span> <span class='ocrx_word' id='word_1_667' title='bbox 2071 5196 2137 5233; x_wconf 79' lang='lat' dir='ltr'><strong>xv</strong></span> 
     </span>
    </p>
   </div>
   <div class='ocr_carea' id='block_1_100' title="bbox 564 5265 2138 5339">
    <p class='ocr_par' dir='ltr' id='par_1_100' title="bbox 564 5265 2138 5339">
     <span class='ocr_line' id='line_1_102' title="bbox 564 5265 2138 5339; baseline 0.008 -28"><span class='ocrx_word' id='word_1_668' title='bbox 564 5277 684 5333; x_wconf 67' lang='lat' dir='ltr'><strong>quae</strong></span> <span class='ocrx_word' id='word_1_669' title='bbox 725 5276 793 5317; x_wconf 92' lang='lat' dir='ltr'><strong>eo</strong></span> <span class='ocrx_word' id='word_1_670' title='bbox 835 5279 978 5317; x_wconf 88' lang='lat' dir='ltr'><strong>anno</strong></span> <span class='ocrx_word' id='word_1_671' title='bbox 1014 5273 1132 5318; x_wconf 89' lang='lat' dir='ltr'><strong>erat</strong></span> <span class='ocrx_word' id='word_1_672' title='bbox 1170 5281 1298 5330; x_wconf 73' lang='lat' dir='ltr'><strong>XIII;</strong></span> <span class='ocrx_word' id='word_1_673' title='bbox 1328 5265 1522 5320; x_wconf 90' lang='lat' dir='ltr'><strong>deinde</strong></span> <span class='ocrx_word' id='word_1_674' title='bbox 1551 5266 1817 5321; x_wconf 85' lang='lat' dir='ltr'><strong>sententia</strong></span> <span class='ocrx_word' id='word_1_675' title='bbox 1849 5266 2138 5339; x_wconf 77' lang='lat' dir='ltr'><strong>Scripturae</strong></span> 
     </span>
    </p>
   </div>
   <div class='ocr_carea' id='block_1_101' title="bbox 566 5353 2136 5423">
    <p class='ocr_par' dir='ltr' id='par_1_101' title="bbox 566 5353 2136 5423">
     <span class='ocr_line' id='line_1_103' title="bbox 566 5353 2136 5423; baseline 0.007 -19"><span class='ocrx_word' id='word_1_676' title='bbox 566 5366 735 5406; x_wconf 70' lang='lat' dir='ltr'><strong>sacrm</strong></span> <span class='ocrx_word' id='word_1_677' title='bbox 766 5368 885 5422; x_wconf 71' lang='lat' dir='ltr'><strong>qua:</strong></span> <span class='ocrx_word' id='word_1_678' title='bbox 923 5353 975 5407; x_wconf 92' lang='lat' dir='ltr'><strong>in</strong></span> <span class='ocrx_word' id='word_1_679' title='bbox 1005 5353 1179 5423; x_wconf 91' lang='lat' dir='ltr'><strong>sigillo</strong></span> <span class='ocrx_word' id='word_1_680' title='bbox 1220 5355 1464 5410; x_wconf 86' lang='lat' dir='ltr'><strong>adhiberi</strong></span> <span class='ocrx_word' id='word_1_681' title='bbox 1508 5356 1663 5421; x_wconf 91' lang='lat' dir='ltr'><strong>solet,</strong></span> <span class='ocrx_word' id='word_1_682' title='bbox 1697 5355 1910 5413; x_wconf 89' lang='lat' dir='ltr'><strong>Urbano</strong></span> <span class='ocrx_word' id='word_1_683' title='bbox 1940 5358 2003 5413; x_wconf 89' lang='lat' dir='ltr'><strong>Ill</strong></span> <span class='ocrx_word' id='word_1_684' title='bbox 2032 5377 2136 5415; x_wconf 87' lang='lat' dir='ltr'><strong>non</strong></span> 
     </span>
    </p>
   </div>
   <div class='ocr_carea' id='block_1_102' title="bbox 569 5441 2139 5505">
    <p class='ocr_par' dir='ltr' id='par_1_102' title="bbox 569 5441 2139 5505">
     <span class='ocr_line' id='line_1_104' title="bbox 569 5441 2139 5505; baseline 0.006 -10"><span class='ocrx_word' id='word_1_685' title='bbox 569 5441 610 5495; x_wconf 92' lang='grc' dir='ltr'><strong>ΙΙ</strong></span> <span class='ocrx_word' id='word_1_686' title='bbox 641 5444 910 5498; x_wconf 82' lang='lat' dir='ltr'><strong>convenit.</strong></span> <span class='ocrx_word' id='word_1_687' title='bbox 968 5443 1188 5499; x_wconf 88' lang='lat' dir='ltr'><strong>Urbano</strong></span> <span class='ocrx_word' id='word_1_688' title='bbox 1212 5454 1388 5499; x_wconf 90' lang='lat' dir='ltr'><strong>tamen</strong></span> <span class='ocrx_word' id='word_1_689' title='bbox 1415 5446 1477 5500; x_wconf 89' lang='lat' dir='ltr'><strong>Ill</strong></span> <span class='ocrx_word' id='word_1_690' title='bbox 1508 5447 1622 5502; x_wconf 60' lang='lat' dir='ltr'><strong>haec</strong></span> <span class='ocrx_word' id='word_1_691' title='bbox 1663 5447 1802 5502; x_wconf 91' lang='lat' dir='ltr'><strong>bulla</strong></span> <span class='ocrx_word' id='word_1_692' title='bbox 1844 5448 2003 5504; x_wconf 89' lang='lat' dir='ltr'><strong>tribui</strong></span> <span class='ocrx_word' id='word_1_693' title='bbox 2033 5468 2139 5505; x_wconf 88' lang='lat' dir='ltr'><strong>non</strong></span> 
     </span>
    </p>
   </div>
   <div class='ocr_carea' id='block_1_103' title="bbox 566 5534 2141 5607">
    <p class='ocr_par' dir='ltr' id='par_1_103' title="bbox 566 5534 2141 5607">
     <span class='ocr_line' id='line_1_105' title="bbox 566 5534 2141 5607; baseline 0.006 -21"><span class='ocrx_word' id='word_1_694' title='bbox 566 5542 763 5603; x_wconf 89' lang='lat' dir='ltr'><strong>potest.</strong></span> <span class='ocrx_word' id='word_1_695' title='bbox 825 5536 907 5589; x_wconf 87' lang='lat' dir='ltr'><strong>An</strong></span> <span class='ocrx_word' id='word_1_696' title='bbox 972 5534 1335 5601; x_wconf 81' lang='lat' dir='ltr'><strong>Lanl‘rancus,</strong></span> <span class='ocrx_word' id='word_1_697' title='bbox 1398 5539 1487 5607; x_wconf 90' lang='lat' dir='ltr'><strong>qui</strong></span> <span class='ocrx_word' id='word_1_698' title='bbox 1536 5540 1703 5605; x_wconf 87' lang='lat' dir='ltr'><strong>illam,</strong></span> <span class='ocrx_word' id='word_1_699' title='bbox 1749 5540 1998 5607; x_wconf 90' lang='lat' dir='ltr'><strong>absente,</strong></span> <span class='ocrx_word' id='word_1_700' title='bbox 2049 5552 2141 5597; x_wconf 89' lang='lat' dir='ltr'><strong>aut</strong></span> 
     </span>
    </p>
   </div>
   <div class='ocr_carea' id='block_1_104' title="bbox 565 5622 2139 5703">
    <p class='ocr_par' dir='ltr' id='par_1_104' title="bbox 565 5622 2139 5703">
     <span class='ocr_line' id='line_1_106' title="bbox 565 5622 2139 5703; baseline 0.008 -28"><span class='ocrx_word' id='word_1_701' title='bbox 565 5622 700 5678; x_wconf 84' lang='lat' dir='ltr'><strong>alias</strong></span> <span class='ocrx_word' id='word_1_702' title='bbox 724 5624 981 5696; x_wconf 88' lang='lat' dir='ltr'><strong>impedito</strong></span> <span class='ocrx_word' id='word_1_703' title='bbox 999 5625 1207 5681; x_wconf 85' lang='lat' dir='ltr'><strong>Joanne</strong></span> <span class='ocrx_word' id='word_1_704' title='bbox 1237 5629 1575 5691; x_wconf 88' lang='lat' dir='ltr'><strong>cancellario,</strong></span> <span class='ocrx_word' id='word_1_705' title='bbox 1608 5633 1947 5703; x_wconf 88' lang='lat' dir='ltr'><strong>conscripsit,</strong></span> <span class='ocrx_word' id='word_1_706' title='bbox 1978 5634 2139 5688; x_wconf 90' lang='lat' dir='ltr'><strong>aliam</strong></span> 
     </span>
    </p>
   </div>
   <div class='ocr_carea' id='block_1_105' title="bbox 564 5717 2140 5786">
    <p class='ocr_par' dir='ltr' id='par_1_105' title="bbox 564 5717 2140 5786">
     <span class='ocr_line' id='line_1_107' title="bbox 564 5717 2140 5786; baseline 0.005 -15"><span class='ocrx_word' id='word_1_707' title='bbox 564 5717 884 5774; x_wconf 83' lang='lat' dir='ltr'><strong>sententiam</strong></span> <span class='ocrx_word' id='word_1_708' title='bbox 918 5718 1247 5786; x_wconf 78' lang='lat' dir='ltr'><strong>at&#39;hibuerit,</strong></span> <span class='ocrx_word' id='word_1_709' title='bbox 1300 5720 1583 5776; x_wconf 86' lang='lat' dir='ltr'><strong>incertum.</strong></span> <span class='ocrx_word' id='word_1_710' title='bbox 1628 5723 1831 5779; x_wconf 57' lang='lat' dir='ltr'><strong>Caetera</strong></span> <span class='ocrx_word' id='word_1_711' title='bbox 1866 5741 1992 5781; x_wconf 83' lang='lat' dir='ltr'><strong>vero</strong></span> <span class='ocrx_word' id='word_1_712' title='bbox 2025 5742 2140 5781; x_wconf 89' lang='lat' dir='ltr'><strong>om-</strong></span> 
     </span>
    </p>
   </div>
   <div class='ocr_carea' id='block_1_106' title="bbox 2247 4632 3781 4712">
    <p class='ocr_par' dir='ltr' id='par_1_106' title="bbox 2247 4632 3781 4712">
     <span class='ocr_line' id='line_1_108' title="bbox 2247 4632 3781 4712; baseline 0.01 -25"><span class='ocrx_word' id='word_1_713' title='bbox 2247 4632 2490 4689; x_wconf 87' lang='lat' dir='ltr'><strong>decernit</strong></span> <span class='ocrx_word' id='word_1_714' title='bbox 2518 4634 2757 4692; x_wconf 76' lang='lat' dir='ltr'><strong>pontifex</strong></span> <span class='ocrx_word' id='word_1_715' title='bbox 2798 4647 2857 4692; x_wconf 90' lang='lat' dir='ltr'><strong>ut</strong></span> <span class='ocrx_word' id='word_1_716' title='bbox 2893 4639 2996 4694; x_wconf 88' lang='lat' dir='ltr'><strong>alia</strong></span> <span class='ocrx_word' id='word_1_717' title='bbox 3042 4644 3396 4710; x_wconf 88' lang='lat' dir='ltr'><strong>monasteria,</strong></span> <span class='ocrx_word' id='word_1_718' title='bbox 3426 4658 3543 4712; x_wconf 78' lang='lat' dir='ltr'><strong>quze</strong></span> <span class='ocrx_word' id='word_1_719' title='bbox 3569 4640 3781 4702; x_wconf 75' lang='lat' dir='ltr'><strong>deinccPs</strong></span> 
     </span>
    </p>
   </div>
   <div class='ocr_carea' id='block_1_107' title="bbox 2247 4726 3782 4806">
    <p class='ocr_par' dir='ltr' id='par_1_107' title="bbox 2247 4726 3782 4806">
     <span class='ocr_line' id='line_1_109' title="bbox 2247 4726 3782 4806; baseline -0.001 -26"><span class='ocrx_word' id='word_1_720' title='bbox 2247 4726 2471 4781; x_wconf 67' lang='lat' dir='ltr'><strong>novella:</strong></span> <span class='ocrx_word' id='word_1_721' title='bbox 2511 4728 2639 4783; x_wconf 86' lang='lat' dir='ltr'><strong>huic</strong></span> <span class='ocrx_word' id='word_1_722' title='bbox 2681 4732 3084 4802; x_wconf 84' lang='lat' dir='ltr'><strong>congregationi</strong></span> <span class='ocrx_word' id='word_1_723' title='bbox 3128 4736 3575 4806; x_wconf 86' lang='lat' dir='ltr'><strong>aggregabuutur,</strong></span> <span class='ocrx_word' id='word_1_724' title='bbox 3627 4726 3782 4784; x_wconf 88' lang='lat' dir='ltr'><strong>iisdem</strong></span> 
     </span>
    </p>
   </div>
   <div class='ocr_carea' id='block_1_108' title="bbox 2245 4813 3783 4893">
    <p class='ocr_par' dir='ltr' id='par_1_108' title="bbox 2245 4813 3783 4893">
     <span class='ocr_line' id='line_1_110' title="bbox 2245 4813 3783 4893; baseline 0 -24"><span class='ocrx_word' id='word_1_725' title='bbox 2245 4816 2539 4888; x_wconf 85' lang='lat' dir='ltr'><strong>privilegiis</strong></span> <span class='ocrx_word' id='word_1_726' title='bbox 2583 4820 2886 4889; x_wconf 85' lang='lat' dir='ltr'><strong>gaudeant,</strong></span> <span class='ocrx_word' id='word_1_727' title='bbox 2928 4837 3222 4893; x_wconf 84' lang='lat' dir='ltr'><strong>eorumque</strong></span> <span class='ocrx_word' id='word_1_728' title='bbox 3267 4827 3504 4881; x_wconf 90' lang='lat' dir='ltr'><strong>omnium</strong></span> <span class='ocrx_word' id='word_1_729' title='bbox 3551 4828 3694 4892; x_wconf 89' lang='lat' dir='ltr'><strong>caput</strong></span> <span class='ocrx_word' id='word_1_730' title='bbox 3730 4813 3783 4869; x_wconf 84' lang='lat' dir='ltr'><strong>sit</strong></span> 
     </span>
    </p>
   </div>
   <div class='ocr_carea' id='block_1_109' title="bbox 2246 4905 3781 4987">
    <p class='ocr_par' dir='ltr' id='par_1_109' title="bbox 2246 4905 3781 4987">
     <span class='ocr_line' id='line_1_111' title="bbox 2246 4905 3781 4987; baseline 0 -27"><span class='ocrx_word' id='word_1_731' title='bbox 2246 4905 2358 4975; x_wconf 91' lang='lat' dir='ltr'><strong>ipsa</strong></span> <span class='ocrx_word' id='word_1_732' title='bbox 2388 4906 2865 4965; x_wconf 67' lang='lat' dir='ltr'><strong>Vallis-Umbrosaa</strong></span> <span class='ocrx_word' id='word_1_733' title='bbox 2897 4912 3144 4980; x_wconf 88' lang='lat' dir='ltr'><strong>abbatia;</strong></span> <span class='ocrx_word' id='word_1_734' title='bbox 3177 4916 3420 4987; x_wconf 89' lang='lat' dir='ltr'><strong>adeoque</strong></span> <span class='ocrx_word' id='word_1_735' title='bbox 3449 4910 3703 4969; x_wconf 84' lang='lat' dir='ltr'><strong>constituit</strong></span> <span class='ocrx_word' id='word_1_736' title='bbox 3737 4912 3781 4956; x_wconf 85' lang='lat' dir='ltr'><strong>ut</strong></span> 
     </span>
    </p>
   </div>
   <div class='ocr_carea' id='block_1_110' title="bbox 2245 5002 3777 5079">
    <p class='ocr_par' dir='ltr' id='par_1_110' title="bbox 2245 5002 3777 5079">
     <span class='ocr_line' id='line_1_112' title="bbox 2245 5002 3777 5079; baseline 0.002 -25"><span class='ocrx_word' id='word_1_737' title='bbox 2245 5002 2310 5055; x_wconf 89' lang='lat' dir='ltr'><strong>ad</strong></span> <span class='ocrx_word' id='word_1_738' title='bbox 2343 5002 2460 5072; x_wconf 89' lang='lat' dir='ltr'><strong>ejus</strong></span> <span class='ocrx_word' id='word_1_739' title='bbox 2494 5002 2704 5059; x_wconf 90' lang='lat' dir='ltr'><strong>abbatis</strong></span> <span class='ocrx_word' id='word_1_740' title='bbox 2744 5005 3081 5071; x_wconf 78' lang='lat' dir='ltr'><strong>electionem,</strong></span> <span class='ocrx_word' id='word_1_741' title='bbox 3118 5019 3317 5079; x_wconf 81' lang='lat' dir='ltr'><strong>praeter</strong></span> <span class='ocrx_word' id='word_1_742' title='bbox 3357 5010 3457 5065; x_wconf 93' lang='lat' dir='ltr'><strong>loci</strong></span> <span class='ocrx_word' id='word_1_743' title='bbox 3506 5002 3777 5062; x_wconf 74' lang='lat' dir='ltr'><strong>monachos.</strong></span> 
     </span>
    </p>
   </div>
   <div class='ocr_carea' id='block_1_111' title="bbox 2245 5089 3777 5164">
    <p class='ocr_par' dir='ltr' id='par_1_111' title="bbox 2245 5089 3777 5164">
     <span class='ocr_line' id='line_1_113' title="bbox 2245 5089 3777 5164; baseline -0.005 -18"><span class='ocrx_word' id='word_1_744' title='bbox 2245 5094 2553 5162; x_wconf 89' lang='lat' dir='ltr'><strong>superiores</strong></span> <span class='ocrx_word' id='word_1_745' title='bbox 2584 5111 2799 5164; x_wconf 89' lang='lat' dir='ltr'><strong>quoque</strong></span> <span class='ocrx_word' id='word_1_746' title='bbox 2838 5105 3156 5153; x_wconf 85' lang='lat' dir='ltr'><strong>caelerorum</strong></span> <span class='ocrx_word' id='word_1_747' title='bbox 3192 5101 3431 5155; x_wconf 89' lang='lat' dir='ltr'><strong>omnium</strong></span> <span class='ocrx_word' id='word_1_748' title='bbox 3462 5089 3777 5152; x_wconf 48' lang='lat' dir='ltr'><strong>monasterio.</strong></span> 
     </span>
    </p>
   </div>
   <div class='ocr_carea' id='block_1_112' title="bbox 2245 5174 3777 5261">
    <p class='ocr_par' dir='ltr' id='par_1_112' title="bbox 2245 5174 3777 5261">
     <span class='ocr_line' id='line_1_114' title="bbox 2245 5174 3777 5261; baseline -0.003 -21"><span class='ocrx_word' id='word_1_749' title='bbox 2245 5201 2365 5240; x_wconf 89' lang='lat' dir='ltr'><strong>rum</strong></span> <span class='ocrx_word' id='word_1_750' title='bbox 2419 5187 2862 5257; x_wconf 85' lang='lat' dir='ltr'><strong>congregationis</strong></span> <span class='ocrx_word' id='word_1_751' title='bbox 2913 5189 3152 5261; x_wconf 73' lang='lat' dir='ltr'><strong>suffragii</strong></span> <span class='ocrx_word' id='word_1_752' title='bbox 3198 5190 3290 5259; x_wconf 88' lang='lat' dir='ltr'><strong>jus</strong></span> <span class='ocrx_word' id='word_1_753' title='bbox 3343 5190 3597 5251; x_wconf 90' lang='lat' dir='ltr'><strong>habeant;</strong></span> <span class='ocrx_word' id='word_1_754' title='bbox 3651 5191 3698 5236; x_wconf 89' lang='lat' dir='ltr'><strong>et</strong></span> <span class='ocrx_word' id='word_1_755' title='bbox 3744 5174 3777 5227; x_wconf 78' lang='lat' dir='ltr'><strong>si</strong></span> 
     </span>
    </p>
   </div>
   <div class='ocr_carea' id='block_1_113' title="bbox 2244 5274 3777 5351">
    <p class='ocr_par' dir='ltr' id='par_1_113' title="bbox 2244 5274 3777 5351">
     <span class='ocr_line' id='line_1_115' title="bbox 2244 5274 3777 5351; baseline 0.002 -23"><span class='ocrx_word' id='word_1_756' title='bbox 2244 5276 2512 5346; x_wconf 86' lang='lat' dir='ltr'><strong>quispiam</strong></span> <span class='ocrx_word' id='word_1_757' title='bbox 2562 5292 2628 5331; x_wconf 81' lang='lat' dir='ltr'><strong>ex</strong></span> <span class='ocrx_word' id='word_1_758' title='bbox 2677 5277 2783 5334; x_wconf 89' lang='lat' dir='ltr'><strong>illis</strong></span> <span class='ocrx_word' id='word_1_759' title='bbox 2832 5280 3145 5347; x_wconf 89' lang='lat' dir='ltr'><strong>abbatibus,</strong></span> <span class='ocrx_word' id='word_1_760' title='bbox 3197 5283 3263 5336; x_wconf 88' lang='lat' dir='ltr'><strong>ad</strong></span> <span class='ocrx_word' id='word_1_761' title='bbox 3312 5281 3544 5351; x_wconf 82' lang='lat' dir='ltr'><strong>generale</strong></span> <span class='ocrx_word' id='word_1_762' title='bbox 3590 5274 3777 5343; x_wconf 45' lang='lat' dir='ltr'><strong>regini!&quot;</strong></span> 
     </span>
    </p>
   </div>
   <div class='ocr_carea' id='block_1_114' title="bbox 2243 5361 3776 5444">
    <p class='ocr_par' dir='ltr' id='par_1_114' title="bbox 2243 5361 3776 5444">
     <span class='ocr_line' id='line_1_116' title="bbox 2243 5361 3776 5444; baseline 0.006 -23"><span class='ocrx_word' id='word_1_763' title='bbox 2243 5368 2432 5422; x_wconf 83' lang='lat' dir='ltr'><strong>electus</strong></span> <span class='ocrx_word' id='word_1_764' title='bbox 2470 5367 2654 5436; x_wconf 83' lang='lat' dir='ltr'><strong>fuerit,</strong></span> <span class='ocrx_word' id='word_1_765' title='bbox 2683 5372 2906 5428; x_wconf 87' lang='lat' dir='ltr'><strong>dimissa</strong></span> <span class='ocrx_word' id='word_1_766' title='bbox 2932 5374 3145 5444; x_wconf 87' lang='lat' dir='ltr'><strong>propria</strong></span> <span class='ocrx_word' id='word_1_767' title='bbox 3177 5375 3411 5440; x_wconf 77' lang='lat' dir='ltr'><strong>abbatis,</strong></span> <span class='ocrx_word' id='word_1_768' title='bbox 3440 5373 3505 5425; x_wconf 85' lang='lat' dir='ltr'><strong>ad</strong></span> <span class='ocrx_word' id='word_1_769' title='bbox 3532 5361 3776 5441; x_wconf 69' lang='grc' dir='ltr'><strong>ρνίηεῑιπίίε</strong></span> 
     </span>
    </p>
   </div>
   <div class='ocr_carea' id='block_1_115' title="bbox 2246 5450 3776 5535">
    <p class='ocr_par' dir='ltr' id='par_1_115' title="bbox 2246 5450 3776 5535">
     <span class='ocr_line' id='line_1_117' title="bbox 2246 5450 3776 5535; baseline -0.005 -25"><span class='ocrx_word' id='word_1_770' title='bbox 2246 5458 2530 5512; x_wconf 71' lang='lat' dir='ltr'><strong>coenobium</strong></span> <span class='ocrx_word' id='word_1_771' title='bbox 2561 5470 2814 5528; x_wconf 85' lang='lat' dir='ltr'><strong>transeat,</strong></span> <span class='ocrx_word' id='word_1_772' title='bbox 2844 5464 2994 5535; x_wconf 88' lang='lat' dir='ltr'><strong>cujus</strong></span> <span class='ocrx_word' id='word_1_773' title='bbox 3024 5476 3154 5519; x_wconf 90' lang='lat' dir='ltr'><strong>nutu</strong></span> <span class='ocrx_word' id='word_1_774' title='bbox 3192 5467 3364 5520; x_wconf 89' lang='lat' dir='ltr'><strong>omnia</strong></span> <span class='ocrx_word' id='word_1_775' title='bbox 3391 5465 3533 5518; x_wconf 85' lang='lat' dir='ltr'><strong>unita</strong></span> <span class='ocrx_word' id='word_1_776' title='bbox 3561 5450 3776 5512; x_wconf 65' lang='lat' dir='ltr'><strong>monaste-</strong></span> 
     </span>
    </p>
   </div>
   <div class='ocr_carea' id='block_1_116' title="bbox 2246 5539 3775 5621">
    <p class='ocr_par' dir='ltr' id='par_1_116' title="bbox 2246 5539 3775 5621">
     <span class='ocr_line' id='line_1_118' title="bbox 2246 5539 3775 5621; baseline -0.01 -19"><span class='ocrx_word' id='word_1_777' title='bbox 2246 5550 2323 5604; x_wconf 88' lang='lat' dir='ltr'><strong>ria</strong></span> <span class='ocrx_word' id='word_1_778' title='bbox 2355 5562 2624 5621; x_wconf 86' lang='lat' dir='ltr'><strong>regantur.</strong></span> <span class='ocrx_word' id='word_1_779' title='bbox 2656 5554 2845 5608; x_wconf 88' lang='lat' dir='ltr'><strong>Datum</strong></span> <span class='ocrx_word' id='word_1_780' title='bbox 2877 5567 2959 5613; x_wconf 90' lang='lat' dir='ltr'><strong>est</strong></span> <span class='ocrx_word' id='word_1_781' title='bbox 2988 5555 3172 5611; x_wconf 71' lang='lat' dir='ltr'><strong>Romte</strong></span> <span class='ocrx_word' id='word_1_782' title='bbox 3203 5558 3304 5611; x_wconf 91' lang='lat' dir='ltr'><strong>hoc</strong></span> <span class='ocrx_word' id='word_1_783' title='bbox 3332 5570 3471 5610; x_wconf 86' lang='lat' dir='ltr'><strong>anno</strong></span> <span class='ocrx_word' id='word_1_784' title='bbox 3496 5549 3638 5608; x_wconf 86' lang='lat'><strong>1090,</strong></span> <span class='ocrx_word' id='word_1_785' title='bbox 3664 5539 3775 5597; x_wconf 80' lang='lat' dir='ltr'><strong>iudi-</strong></span> 
     </span>
    </p>
   </div>
   <div class='ocr_carea' id='block_1_117' title="bbox 2246 5638 3771 5717">
    <p class='ocr_par' dir='ltr' id='par_1_117' title="bbox 2246 5638 3771 5717">
     <span class='ocr_line' id='line_1_119' title="bbox 2246 5638 3771 5717; baseline -0.007 -21"><span class='ocrx_word' id='word_1_786' title='bbox 2246 5642 2423 5697; x_wconf 81' lang='lat' dir='ltr'><strong>etione</strong></span> <span class='ocrx_word' id='word_1_787' title='bbox 2452 5659 2568 5708; x_wconf 81' lang='lat' dir='ltr'><strong>xm,</strong></span> <span class='ocrx_word' id='word_1_788' title='bbox 2600 5644 2686 5701; x_wconf 90' lang='lat' dir='ltr'><strong>die</strong></span> <span class='ocrx_word' id='word_1_789' title='bbox 2716 5662 2810 5701; x_wconf 86' lang='lat' dir='ltr'><strong>vm</strong></span> <span class='ocrx_word' id='word_1_790' title='bbox 2841 5647 2963 5703; x_wconf 91' lang='lat' dir='ltr'><strong>ldus</strong></span> <span class='ocrx_word' id='word_1_791' title='bbox 2988 5649 3216 5717; x_wconf 83' lang='lat' dir='ltr'><strong>Aprilis,</strong></span> <span class='ocrx_word' id='word_1_792' title='bbox 3249 5647 3448 5704; x_wconf 84' lang='lat' dir='ltr'><strong>Urbani</strong></span> <span class='ocrx_word' id='word_1_793' title='bbox 3476 5638 3771 5716; x_wconf 52' lang='lat' dir='ltr'><strong>pontiﬁcatus</strong></span> 
     </span>
    </p>
   </div>
   <div class='ocr_carea' id='block_1_118' title="bbox 2246 5731 3766 5810">
    <p class='ocr_par' dir='ltr' id='par_1_118' title="bbox 2246 5731 3766 5810">
     <span class='ocr_line' id='line_1_120' title="bbox 2246 5731 3766 5810; baseline -0.003 -24"><span class='ocrx_word' id='word_1_794' title='bbox 2246 5748 2389 5789; x_wconf 83' lang='lat' dir='ltr'><strong>anuo</strong></span> <span class='ocrx_word' id='word_1_795' title='bbox 2418 5734 2471 5801; x_wconf 76' lang='lat'><strong>5,</strong></span> <span class='ocrx_word' id='word_1_796' title='bbox 2503 5752 2623 5804; x_wconf 77' lang='lat' dir='ltr'><strong>qua:</strong></span> <span class='ocrx_word' id='word_1_797' title='bbox 2671 5746 2811 5795; x_wconf 77' lang='lat' dir='ltr'><strong>nota:</strong></span> <span class='ocrx_word' id='word_1_798' title='bbox 2855 5756 3043 5796; x_wconf 87' lang='lat' dir='ltr'><strong>omnes</strong></span> <span class='ocrx_word' id='word_1_799' title='bbox 3090 5741 3328 5810; x_wconf 79' lang='lat' dir='ltr'><strong>apprime</strong></span> <span class='ocrx_word' id='word_1_800' title='bbox 3374 5738 3469 5795; x_wconf 87' lang='lat' dir='ltr'><strong>sibi</strong></span> <span class='ocrx_word' id='word_1_801' title='bbox 3512 5731 3766 5791; x_wconf 67' lang='lat' dir='ltr'><strong>columem;</strong></span> 
     </span>
    </p>
   </div>
  </div>
