3962 6312
177 371 243 428 es
1718 350 1757 407 ν

1863 379 1895 406 i.
3370 361 3440 419 'IO

175 496 230 541 ,ιι
272 482 467 539 mirum
506 486 589 534 est
619 477 673 531 in
702 475 795 533 illo
831 474 1116 547 privilegio
1160 488 1430 544 nusquam
1472 471 1745 533 abbatem,
1779 474 1825 530 Α
1855 475 1913 519 ιιι
1943 469 2149 519 electus
2178 465 2342 519 abbas
2364 481 2393 519 a
2418 464 2718 522 Turonensi
2741 469 3144 542 archiepiscopo
3166 491 3437 533 consecra-

174 578 265 647 qui
293 585 424 629 tunc
445 567 899 625 Valli-Umbrosae
924 576 1177 637 przeerat,
1200 566 1534 621 nominatum
1554 562 1749 627 fuisse;

177 671 313 724 forte
356 663 532 736 quod,
573 676 696 716 cum
735 661 789 715 in
828 660 1006 715 omnis
1047 657 1483 730 congregationis
1525 655 1754 725 gratiam

178 768 491 813 concessum
516 750 708 806 fuisset
735 750 801 803 ad
831 748 947 817 ejus
971 747 1224 819 generale
1247 746 1482 816 regimen
1511 752 1756 798 statuen-

178 852 336 915 dum,
390 846 562 901 satius
618 841 946 913 judicaverit
1011 840 1255 910 pontifex
1320 836 1451 891 illud
1504 834 1756 889 omnibus

176 944 488 1000 universum
531 936 791 993 membris
835 948 996 1003 quam
1040 933 1293 1002 cuiquam
1342 930 1595 984 abbatum
1629 940 1753 996 spe-

178 1034 387 1091 cialiter
420 1028 742 1085 inscribere.
788 1024 941 1081 Tunc
978 1039 1106 1079 vero
1148 1020 1592 1079 ValM-Umbrosis
1618 1033 1757 1087 prae-

180 1137 293 1185 erat
334 1124 593 1183 Rusticus
630 1120 775 1177 beati
815 1119 1039 1176 Joannis
1075 1116 1351 1173 Gualberti
1390 1122 1512 1184 post
1558 1110 1758 1166 Rodul—

182 1222 287 1277 tum
316 1231 619 1277 successor.

183 1333 400 1393 LXXIII.
462 1330 739 1384 Decretum
803 1325 1016 1378 Rustico
1090 1322 1267 1377 abbati
1334 1316 1758 1393 Vallumbrosw,

247 1386 375 1468 ETcI,’
406 1401 736 1468 inscriptum.
773 1396 854 1449 An
906 1395 1051 1448 aliud
1096 1410 1191 1463 pro
1241 1392 1490 1446 limitibus
1528 1386 1759 1440 diwcesis

247 1476 481 1530 Baionw.

250 1569 296 1623 Is
323 1568 431 1635 ipse
455 1572 537 1618 est
562 1559 836 1619 Rusticus,
864 1556 953 1626 qui
979 1554 1139 1610 simul
1172 1568 1295 1607 cum
1319 1550 1479 1606 Petro
1506 1548 1760 1618 episcopo

190 1654 490 1713 Pistoriensi
538 1650 813 1708 Urbanum
873 1645 1254 1707 consuluerat,
1309 1641 1374 1695 de
1421 1638 1761 1693 ordinatione

193 1746 470 1806 Daimberti
517 1758 680 1815 quem
711 1757 741 1795 a
782 1739 1064 1795 Wecilone
1096 1735 1505 1803 archiepiscopo
1536 1731 1759 1800 Mogun-

1858 559 2047 610 tionem
2101 557 2353 626 accipiat,
2413 558 2507 611 sed
2561 559 2671 612 sine
2732 562 2898 613 omnis
2956 565 3294 632 professionis
3347 587 3438 626 cx-

1860 648 2083 700 actione.
2114 645 2261 699 llanc
2276 647 2570 701 clausulam
2596 650 2758 704 inseri
2782 653 2991 705 curarit
3017 656 3253 721 pontifex
3282 672 3440 714 occa-

1857 736 2010 790 sione
2060 735 2445 806 professionis,
2499 753 2659 806 quam
2719 741 2954 810 episcopi
3003 742 3071 797 ab
3124 747 3440 807 ordinandis

1858 827 2143 882 abbatibus
2195 828 2412 898 exigere
2480 838 2606 885 tunc
2663 834 2917 902 temporis
2965 835 3246 903 volebant;
3313 855 3438 896 cum

1857 920 2165 973 econtrario
2197 920 2336 975 banc
2366 930 2627 991 prrestare
2668 934 2961 978 renuercnt
3005 927 3246 994 abbates,
3276 931 3438 985 etiam

1859 1027 1964 1065 non
1996 1013 2250 1083 exempti,
2273 1014 2416 1083 quod
2458 1014 2510 1066 in
2551 1029 2612 1068 ea
2658 1016 2839 1070 nescio
2869 1017 2994 1085 quid
3034 1017 3328 1077 Simoniaci
3356 1024 3438 1078 in-

1856 1103 2145 1160 venirent:
2178 1112 2441 1174 prmterea
2485 1108 2723 1175 exempti
2768 1108 3049 1174 timebant,
3085 1127 3151 1165 ne
3179 1128 3242 1166 eo
3285 1123 3442 1183 pacto

1857 1195 2233 1265 episcoporum
2256 1194 2623 1265 jurisdictioni
2656 1197 2849 1267 subjici
2877 1199 3207 1255 viderentur.
3233 1202 3307 1256 De
3334 1220 3441 1275 qua

1860 1284 2228 1340 controversia
2277 1293 2456 1340 actum
2522 1296 2606 1341 est
2668 1287 2839 1342 fusius
2901 1289 2953 1341 in
3010 1291 3322 1358 przefatione
3375 1294 3444 1349 ad

1860 1375 2089 1445 primam
2120 1385 2331 1445 partem
2366 1376 2627 1431 Actorum
2670 1385 2986 1432 sanctorum
3019 1381 3224 1435 ordinis
3255 1383 3311 1437 S.
3339 1383 3444 1439 Be-

1860 1467 2058 1523 nedicti
2087 1466 2279 1523 Smculi
2305 1467 2395 1532 χι,
2423 1468 2449 1540 §
2475 1471 2527 1524 5.
2562 1470 2753 1524 Datum
2783 1480 2864 1525 est
2893 1470 3448 1541 Majoris-Monasterii

1862 1562 2200 1633 privilegium
2244 1562 2329 1617 die
2352 1579 2441 1616 xvi
2467 1562 2739 1618 Kalendas
2770 1563 2913 1617 Maii.
2938 1564 3007 1619 At
3030 1567 3235 1636 magnis
3259 1578 3447 1638 postea

1862 1656 2247 1711 controversiis
2275 1656 2619 1711 occasionem
2653 1657 2902 1727 praebuit.
2956 1658 3161 1726 Quippe
3209 1674 3331 1713 cum
3381 1675 3449 1715 ex

1864 1746 2084 1813 antiqua
2121 1746 2511 1801 consuetudine
2546 1748 2990 1817 archiepiscopus
3017 1757 3070 1799 et
3097 1748 3275 1803 clerus
3302 1751 3449 1807 urbis

197 1844 329 1903 tino,
375 1834 718 1894 schismatico
770 1830 931 1887 simul
983 1839 1039 1884 et
1088 1827 1420 1889 Simouiaco,
1475 1824 1758 1877 diaconum

1866 1834 2105 1889 solerent
2146 1835 2401 1904 paschale
2438 1835 2635 1890 festum
2682 1837 2735 1890 in
2778 1836 3324 1904 Majoriolllonasterio
3362 1854 3451 1894 ce-

198 1937 510 1995 ordinatum,
573 1928 689 1998 ipse
736 1923 977 1995 pontifex
1026 1923 1079 1977 in
1129 1921 1440 1991 episcopum
1499 1916 1754 1971 Pisanum

203 2030 603 2081 consecraveral.
638 2016 839 2074 Urbani
875 2028 1194 2084 responsum
1227 2028 1255 2064 a
1286 2010 1502 2064 Labheo
1533 2017 1681 2059 tomo
1708 2002 1758 2056 Χ

212 2117 545 2175 Conciliorum
584 2126 646 2165 es
695 2124 799 2162 ms.
842 2108 1028 2161 codice
1068 2105 1127 2160 S.
1162 2101 1395 2158 Victoris
1436 2094 1758 2153 Parisiensis

218 2212 399 2268 editum
420 2216 513 2262 est.
529 2203 617 2259 Cui
634 2200 906 2273 jungenda
931 2197 1101 2251 altera
1124 2195 1191 2250 ad
1217 2193 1431 2249 eosdem
1456 2186 1756 2252 responsio,

209 2317 294 2357 seu
323 2299 509 2369 potius,
545 2303 600 2349 ut
648 2293 866 2362 quidem
912 2286 1209 2344 verisimile
1249 2291 1350 2347 est,
1394 2280 1633 2350 ejusdem
1674 2292 1761 2332 re-

199 2390 481 2461 sponsionis
510 2387 676 2442 altera
701 2400 827 2453 pars
856 2396 975 2452 quae
1015 2380 1156 2451 apud
1189 2376 1504 2433 Gratianum
1530 2371 1760 2426 habetur

197 2501 230 2548 ι,
258 2499 305 2553 q.
333 2484 379 2545 7,
406 2496 454 2535 c.
483 2479 579 2545 24,
602 2477 930 2531 Daibertmn.
962 2471 1018 2527 In
1048 2480 1279 2538 utraque
1309 2466 1559 2522 Urbanus
1594 2476 1760 2532 agno-

193 2580 284 2632 scit
329 2576 424 2630 sibi
473 2587 585 2627 nen
642 2571 1038 2637 incompertum
1096 2564 1263 2619 fuisse
1310 2559 1679 2613 Daimhertum
1726 2570 1758 2609 a

193 2666 449 2723 Wecilone
500 2661 850 2718 schismatico
898 2657 1239 2712 diaconatum
1291 2649 1613 2720 suscepisse.
1654 2646 1761 2702 Sed

190 2773 347 2815 tamen
390 2756 486 2827 qui
536 2755 627 2811 ille
674 2770 777 2827 non
818 2750 1113 2806 Simoniace
1151 2743 1327 2801 fuerat
1362 2743 1663 2800 ordinatus,
1699 2756 1761 2793 ac

188 2869 377 2923 corpore
405 2862 454 2905 et
490 2851 680 2920 spiritu
720 2846 783 2900 ab
816 2844 1072 2899 Itwreticis
1110 2856 1344 2912 egressus
1384 2838 1580 2899 fuerat,
1612 2850 1762 2889 euin-

187 2948 290 3000 dem
322 2942 645 2998 utilitatibus
688 2937 935 2991 Ecclesiw
964 2952 1058 3005 pro
1090 2930 1283 2989 viribus
1314 2930 1666 2991 insudanfem,
1700 2940 1763 2979 ea:

182 3038 382 3106 integro,
423 3034 691 3089 Ecclesia:
729 3030 1030 3084 necessitate
1067 3029 1360 3096 ingruente,
1396 3024 1672 3075 diaconum
1708 3033 1762 3070 se

182 3127 502 3181 constituisse
538 3121 830 3192 respondet
857 3117 1120 3189 pontifex.
1152 3115 1304 3170 Nulla
1332 3121 1415 3168 est
1446 3112 1498 3166 in
1532 3119 1762 3178 utroque

1861 1927 2095 1992 lebrare,
2125 1935 2180 1981 et
2204 1942 2267 1981 ea
2296 1928 2581 1983 occasione
2614 1928 2780 1983 multa
2813 1929 3003 1985 ﬁerent
3031 1930 3215 1985 illicita
3255 1941 3449 1986 tantae-

1859 2034 1964 2088 que
2008 2018 2339 2072 solemnitati
2390 2019 2534 2074 haud
2574 2020 3102 2090 congruentia,’qu:e
3151 2021 3250 2075 hoc
3287 2022 3452 2090 privi-

1859 2109 1999 2181 legio
2028 2109 2406 2177 abolebantur,
2434 2110 2485 2164 id
2511 2125 2652 2181 :egre
2697 2110 2936 2165 tulerunt
2973 2111 3181 2176 clerici,
3212 2128 3275 2166 ac
3316 2112 3451 2167 nihil

1859 2220 1967 2259 non
2009 2203 2272 2259 adversus
2310 2203 2607 2258 monachos
2645 2203 3001 2269 intentarunt,
3031 2207 3249 2259 obtenta
3284 2206 3448 2260 etiam

1860 2297 2122 2351 adversus
2150 2311 2245 2352 eos
2276 2312 2306 2351 a
2334 2296 2617 2367 Rodulpho
2648 2296 3057 2367 archiepiscopo
3085 2300 3452 2353 excommuni-

1860 2389 2093 2445 cationis
2143 2390 2444 2455 sententia,
2508 2397 2571 2444 ut
2636 2385 2767 2443 illud
2828 2388 3168 2459 privilegium
3236 2390 3448 2444 irritum

1862 2480 2133 2545 facerent;
2180 2480 2376 2534 exinde
2419 2479 2587 2535 veluti
2640 2488 2827 2549 aperto
2875 2478 3015 2533 bello
3056 2479 3108 2533 in
3154 2480 3451 2535 monachos

1862 2572 1934 2626 ita
1962 2572 2326 2627 desaevierunt
2358 2581 2416 2626 ut
2444 2573 2605 2627 etiam
2633 2586 2899 2635 annonas,
2928 2586 3050 2641 quze
3086 2571 3139 2625 in
3172 2581 3449 2627 monaste-

1860 2664 2002 2718 rium
2025 2662 2428 2729 deferebantur,
2446 2663 2761 2733 diriperent.
2783 2661 3015 2717 Rodulfo
3037 2663 3449 2739 archiepiscopo

1861 2766 2096 2821 mortuo,
2135 2756 2183 2810 ei
2232 2754 2370 2810 alter
2417 2755 2755 2826 cognominis
2792 2755 2845 2809 in
2879 2755 3007 2810 sede
3036 2764 3089 2809 et
3120 2756 3171 2809 in
3202 2755 3324 2809 odio
3354 2758 3451 2810 ad-

1862 2864 2051 2903 versus
2105 2848 2405 2903 monachos
2463 2848 2758 2912 successit,
2816 2856 2872 2901 et
2921 2846 3043 2902 licet
3103 2846 3318 2915 pallium
3380 2849 3448 2903 ab

1864 2938 2084 2994 Urbano
2119 2941 2411 3009 impetrare
2447 2954 2552 2993 non
2594 2940 2877 3009 potuisset,
2903 2939 3030 3008 quin
3070 2940 3217 3008 prius
3260 2935 3453 2995 fuisset

1862 3032 2133 3101 pollicitus
2172 3047 2233 3086 se
2280 3030 2836 3100 Majoris-Monasterii
2879 3031 3162 3101 privilegio
3204 3032 3454 3087 obeditu-

1866 3139 2009 3188 rum,
2035 3125 2342 3192 sponsionis
2361 3133 2539 3178 tamen
2561 3139 2671 3178 suae
2696 3132 2818 3194 post
2840 3123 3114 3194 paululqu
3140 3124 3447 3191 immemor,

181 3221 260 3277 iﬂo
305 3233 571 3291 responso
621 3213 878 3284 temporis
932 3221 1083 3275 nota,
1123 3226 1188 3264 ac
1245 3224 1367 3262 cum
1427 3215 1633 3260 certum
1692 3204 1758 3258 sit

1865 3219 2159 3272 monachos
2192 3231 2391 3271 vexare
2424 3217 2728 3271 decessoris
2755 3217 2834 3271 sui
2865 3216 3110 3286 exemplo
3136 3231 3241 3272 non
3284 3217 3451 3271 desti-

181 3310 462 3367 Daimberti
524 3306 956 3369 ordinationem,
1010 3302 1162 3371 cujus
1209 3297 1492 3353 occasione
1545 3295 1759 3361 scripta:

180 3413 292 3459 sunt
337 3403 441 3458 illa:
513 3399 739 3463 litterae,
788 3396 855 3451 ad
906 3395 1109 3464 primos
1163 3388 1507 3460 pontificatus
1556 3384 1759 3441 Urbani

178 3512 332 3552 annos
394 3492 766 3551 revocandam
826 3503 977 3554 esse,
1026 3486 1117 3541 vix
1170 3485 1312 3538 ultra
1372 3482 1513 3535 hunc
1559 3493 1760 3533 annum

177 3589 363 3645 diﬂ‘erri
428 3591 686 3658 possunt.
750 3580 927 3649 Quare
990 3592 1082 3634 eas
1144 3578 1249 3631 huc
1316 3574 1522 3628 referre
1585 3569 1759 3623 visum

176 3689 268 3735 est.

240 3770 351 3825 Huc
397 3768 574 3824 etiam
630 3762 821 3819 referri
871 3775 1029 3831 posse
1076 3757 1208 3811 mihi
1250 3753 1538 3823 aliquando
1584 3751 1759 3804 visum

176 3872 251 3917 est
311 3859 526 3917 Urbani
586 3856 817 3918 bullam,
878 3867 985 3923 qua
1041 3848 1280 3921 pontifex
1333 3844 1647 3900 Baionensis
1706 3842 1759 3895 in

176 3950 665 4025 Novempopulania
705 3944 891 4001 Gallia:
933 3941 1209 4014 provincia
1258 3936 1510 3993 ditecesis
1562 3933 1762 3988 limites

175 4023 569 4117 prtescripsisse
601 4042 801 4097 dicitur
838 4037 979 4107 apud
1022 4032 1497 4092 Sammarthanos,
1530 4041 1673 4081 tomo
1719 4023 1761 4117 ll

177 4115 351 4195 Callias
384 4115 736 4197 Christianae,
774 4130 993 4183 laudato
1032 4140 1094 4179 ea
1134 4126 1201 4178 de
1246 4138 1304 4175 re
1343 4120 1574 4188 scripto,
1618 4115 1760 4186 quod

176 4233 346 4287 datum
370 4232 534 4286 aiunt
557 4242 587 4279 v
610 4223 741 4278 Idus
757 4220 973 4291 Aprilis,
994 4216 1277 4272 indictione
1298 4227 1416 4273 xm,
1440 4226 1579 4263 anno
1606 4206 1758 4263 1106.

177 4324 236 4379 Et
278 4324 506 4394 quidem
538 4318 641 4372 hoc
688 4328 833 4368 anno
877 4310 1165 4366 defunctus
1201 4314 1320 4360 erat
1350 4299 1760 4394 Urbanusssed

175 4432 235 4472 es
263 4393 599 4475 indictione,
642 4420 762 4477 qua
806 4418 949 4459 anno
985 4400 1122 4456 1090
1159 4397 1432 4461 convenit,
1466 4393 1759 4450 emendan-

176 4510 295 4563 dum
321 4522 447 4563 esse
473 4500 836 4573 conjiciebam
859 4493 1211 4563 exscriptoris
1239 4499 1503 4545 erratum.
1540 4485 1758 4547 Verum,

175 4601 297 4655 visis
334 4598 456 4669 ejus
502 4594 757 4650 Ecclesia:
805 4586 1190 4650 monumentis,
1223 4597 1343 4654 qua:
1388 4594 1601 4635 mecum
1644 4577 1755 4630 illu-

178 4693 473 4747 Strissimus
515 4688 744 4742 antistes
782 4683 1023 4738 Renatus
1047 4678 1369 4733 Franciscus
1393 4676 1457 4731 de
1481 4672 1759 4727 Beauveau

177 4782 565 4839 communicari
593 4779 775 4848 jussit,
805 4772 1130 4843 deprehendi
1161 4785 1400 4826 errorem
1442 4782 1560 4822 esse
1605 4763 1759 4819 Sam-

178 4876 616 4933 marthanorum,
667 4868 760 4939 qui
792 4862 1069 4920 Paschalis
1112 4862 1153 4916 ll
1195 4861 1395 4917 bullam
1442 4859 1657 4912 incaute
1694 4855 1759 4909 ad

180 4964 451 5020 Urbanum
517 4959 928 5016 transtulerunt.
985 4956 1039 5010 lu
1102 4970 1164 5011 ea
1232 4964 1409 5009 tamen
1476 4950 1757 5019 legendum

178 5056 453 5110 indictione
494 5066 604 5115 xlv,
645 5060 741 5105 aut
784 5058 932 5103 certe
980 5045 1242 5102 dicendus
1287 5052 1370 5098 est
1413 5040 1653 5111 pontifex
1703 5050 1761 5093 ut

175 5163 311 5219 stepe
354 5147 518 5211 alias,
553 5151 775 5199 secutus
814 5140 982 5195 fuisse
1027 5138 1293 5195 calculum
1336 5134 1609 5195 Pisanum,
1652 5146 1759 5201 quo

181 5253 345 5292 annus
377 5254 407 5292 a
443 5236 550 5291 line
578 5231 930 5304 prmcedentis
963 5228 1139 5283 Martii
1170 5226 1541 5282 inchoabal'Jr.

339 5326 580 5383 LXXIV.
620 5323 961 5394 Priuilegium
993 5318 1574 5391 Majorir-Monusterii.

243 5418 356 5475 Hoc
400 5420 531 5473 item
587 5432 771 5474 mense
823 5416 1006 5470 datum
1052 5424 1137 5469 est
1178 5413 1364 5468 Romae
1413 5409 1751 5481 privilegium

183 5509 731 5581 llajoris-blonasterii
755 5524 923 5581 prope
946 5508 1222 5562 Turonum
1247 5507 1456 5569 urbem,
1479 5503 1756 5559 Bernardo

186 5606 354 5661 abbati
379 5607 732 5675 inscriptum;
752 5617 860 5673 quo
886 5601 1131 5656 Urbanus
1154 5600 1324 5669 ipsum
1346 5588 1765 5659 monasterium,

185 5697 256 5751 uti
279 5696 389 5766 jam
429 5712 462 5751 a
503 5697 721 5751 Victore
754 5695 818 5749 lll
858 5694 1123 5750 indultum
1160 5690 1359 5755 fuerat,
1400 5691 1499 5746 sub
1538 5688 1753 5761 speciali

186 5791 320 5846 sedis
347 5792 659 5862 apostolica:
689 5788 851 5846 tutela
884 5788 1133 5858 suscipit;
1163 5802 1227 5843 eo
1258 5795 1436 5856 pacto,
1462 5787 1603 5842 inter
1626 5786 1752 5853 alia,

1790 4556 1837 4615 D

1862 3310 1942 3372 tit,
1975 3310 2143 3364 donec
2202 3324 2260 3364 re
2288 3309 2484 3363 svariis
2537 3309 2591 3363 in
2654 3310 3030 3379 episcOporum
3097 3310 3451 3366 conventibus

1862 3401 2087 3471 agitata,
2117 3401 2334 3456 tandem
2368 3402 2419 3455 in
2449 3401 2681 3455 concilio
2712 3401 3130 3456 Claromontano
3159 3402 3451 3458 concordia

1862 3493 1995 3547 inita
2036 3494 2157 3556 fuit,
2204 3503 2262 3546 ut
2300 3494 2541 3547 dicemus
2569 3494 2635 3547 ad
2677 3509 2875 3548 annum
2918 3493 3074 3547 1095.
3118 3492 3320 3548 Tamen
3352 3494 3452 3549 has

1863 3586 2011 3638 rixas
2076 3593 2196 3654 post
2250 3583 2453 3637 Urbani
2505 3584 2712 3637 obitum
2767 3584 3112 3640 recruduisse
3155 3600 3225 3640 ex
3271 3585 3451 3642 lvonis

1861 3677 2088 3746 epistola
2116 3676 2217 3731 108
2246 3677 2404 3731 facile
2429 3675 2605 3746 colligi
2634 3686 2834 3746 potest.

1931 3770 2009 3824 Eo
2056 3778 2330 3840 tempore,
2373 3778 2467 3822 aut
2510 3778 2687 3834 certe,
2737 3778 2797 3823 ut
2846 3769 3077 3834 videtur,
3124 3769 3237 3839 jam
3265 3778 3449 3836 antea,

1860 3861 2141 3917 Bernardo
2172 3862 2413 3933 ejusdem
2446 3860 2547 3915 loci
2588 3860 2767 3916 abbati
2792 3863 3085 3931 scripserat
3106 3860 3356 3917 Urbanus
3384 3864 3451 3919 de

1859 3955 2179 4011 dimittendo
2240 3954 2559 4009 monasterii
2615 3954 2875 4021 regimine
2943 3955 3232 4024 cogitanti,
3307 3955 3450 4025 quod

1860 4047 2043 4102 nescio
2105 4048 2234 4117 quid
2285 4047 2465 4102 vitiosi
2515 4046 2568 4100 in
2615 4061 2769 4100 suam
2828 4047 2998 4115 ipsius
3046 4047 3447 4102 ordinationem

1863 4138 2149 4208 irrepsisse
2203 4148 2508 4194 vereretur.
2570 4136 2677 4192 Sed
2734 4153 2853 4193 eam
2912 4139 3123 4209 culpam
3179 4140 3222 4193 si
3272 4140 3449 4209 aliqua

1861 4228 2073 4294 fuisset,
2103 4245 2167 4284 ac
2204 4230 2693 4300 quomodocunque
2737 4230 3072 4300 contigisset,
3099 4230 3147 4284 ei
3176 4231 3451 4284 condona-

1861 4324 1937 4375 vit
1981 4320 2248 4392 pontifex,
2278 4338 2339 4376 ea
2391 4322 2722 4386 conditione,
2762 4331 2822 4375 ut
2860 4325 2925 4377 de
2976 4333 3174 4377 crs-tero
3218 4321 3448 4377 fratrum

1861 4429 2080 4469 suorum
2113 4414 2285 4469 saluti
2325 4412 2623 4483 vigilantius
2673 4430 2736 4467 ac
2776 4413 3059 4482 ferventius
3101 4414 3297 4467 instare
3344 4429 3449 4469 non

1862 4508 2137 4562 desineret.
2179 4505 2356 4563 Porro
2405 4521 2471 4559 ex
2536 4504 2712 4560 lvonis
2764 4503 3060 4560 Carnoteni
3103 4503 3326 4573 epistola
3379 4504 3448 4559 75

1865 4599 2237 4668 intelligimus,
2272 4598 2324 4652 ni
2374 4596 2554 4661 fallor,
2599 4597 2701 4652 hoc
2744 4598 2918 4667 ipsum
2962 4596 3104 4665 quod
3138 4598 3188 4649 in
3225 4596 3447 4651 ordina-

1866 4692 2011 4746 tione
2046 4690 2307 4746 Beruardi
2350 4691 2875 4760 reprehendebatur,
2908 4689 3038 4745 nihil
3073 4688 3215 4742 aliud
3255 4688 3445 4756 fuisse,

1864 4799 2026 4853 quam
2058 4782 2450 4852 professionem
2493 4782 2902 4853 archiepiscopo
2934 4781 3001 4837 ab
3030 4797 3096 4836 eo
3133 4796 3254 4835 cum
3278 4780 3445 4837 bene-

1865 4875 2137 4927 diceretur
2180 4874 2494 4942 praestitam.
2548 4872 2623 4926 lbi
2679 4874 2822 4926 enim
2885 4872 2962 4925 ait
3008 4872 3094 4925 lvo
3153 4871 3336 4925 mirari
3388 4887 3447 4926 se

1864 4965 2006 5032 quod
2050 4962 2609 5031 lllajoris-llonasterii
2668 4960 2865 5015 fratres
2911 4974 3052 5031 a-gre
3104 4977 3201 5016 suo
3262 4962 3444 5015 abbati

1867 5055 2171 5118 ohedireut,
2218 5068 2339 5107 eam
2371 5051 2441 5105 ob
2488 5068 2705 5106 causam
2748 5052 2889 5120 quod
2932 5055 2999 5107 ab
3043 5053 3447 5122 archiepiscopo

1866 5147 2340 5201 excommunicato
2372 5145 2709 5208 benedictus,
2740 5144 2850 5198 sedi
2874 5145 2991 5215 ejus
3018 5144 3445 5213 inctropolitanm

1864 5239 2256 5308 subiectionem
2305 5236 2663 5307 promisisset.
2702 5235 2854 5302 Quod
2895 5236 3142 5291 frivolum
3185 5236 3328 5288 lvoni
3363 5236 3445 5286 vi-

1864 5332 2112 5395 debatur,
2161 5329 2450 5383 abbatibus
2488 5327 2590 5381 hac
2634 5327 2688 5381 in
2728 5343 2785 5382 re
2816 5335 2872 5382 et
2910 5329 3191 5383 monachis
3225 5327 3447 5381 minime

1863 5422 2085 5478 favettti.

2248 5510 2460 5567 LXXV.
2491 5510 2782 5566 Concilium
2815 5510 3037 5567 Tolosa’.

1929 5604 2045 5674 Quo
2078 5614 2315 5672 tempore
2343 5604 2459 5659 haec
2488 5603 2743 5660 Urbanus
2786 5605 2838 5658 in
2873 5602 3025 5658 Italia
3060 5603 3300 5673 gerelzat,
3329 5601 3445 5669 ejus

1856 5695 2016 5766 legati
2041 5694 2179 5765 apud
2206 5692 2456 5749 Tolosam
2487 5691 2775 5750 conciiium
2802 5694 2853 5746 in
2884 5692 3070 5748 Galliis
3099 5692 3444 5747 celebrarunt

1856 5790 1998 5841 circa
2033 5784 2228 5841 festum
2256 5783 2624 5851 Pentecostcs,
2651 5783 2793 5855 quod
2826 5782 3109 5839 Bertoldus
3148 5783 3442 5854 generalem
