3962 6312
535 344 599 423 in
1872 355 1931 409 ll.
1953 355 2106 426 Ulllli

2249 355 2290 412 ll
2325 356 2522 412 PM‘JE
3702 371 3756 425 73

536 474 792 545 synodum
835 467 1087 543 appellat,
1119 476 1174 522 et
1203 467 1269 520 ad
1301 481 1460 535 quam
1493 438 1758 535 episcopos
1792 467 2119 520 diuersarum
2148 478 2195 526 Α
2225 469 2344 522 tulit
2370 468 2632 537 pontifex,
2682 481 2914 538 moxque
2948 469 3268 539 conscriptis
3311 470 3378 524 ad
3429 469 3692 542 Bogerinm
3715 491 3757 534 et

538 567 923 637 provinciarum
954 561 1288 620 convenisse.
1333 560 1510 627 ibique
1545 559 1819 614 Urbanum
1856 574 1952 629 per
1985 575 2110 614 suos

534 659 742 729 legatos
771 654 932 709 multa
969 653 1023 706 in
1051 651 1413 706 ecclesiasticis
1441 650 1612 702 causis
1649 666 1765 719 qua:
1805 649 2113 718 corrigenda

537 761 708 808 erant.
747 743 1032 798 correxisse
1076 742 1281 796 scribit.
1325 741 1378 793 ln
1421 753 1486 793 eo
1533 739 1781 803 concilio,
1815 739 1889 792 uti
1931 754 2114 808 prose-

537 840 722 908 quitur
762 837 903 892 idem
955 842 1166 895 auctor,
1201 832 1490 886 Tolosanus
1534 833 1802 900 episcopus
1841 831 1904 884 de
1952 830 2113 884 illatis

535 930 635 984 sibi
675 927 978 983 criminibus
1018 934 1336 994 expurgatus
1362 932 1458 986 est,
1485 933 1533 976 et
1571 922 1758 992 legatio
1788 937 1881 992 pro
1913 933 2114 975 restau-

536 1019 708 1073 randa
734 1017 1125 1071 Clu-istianitate
1155 999 1217 1068 in
1253 1013 1501 1068 Toletana
1535 1014 1758 1076 civitate,
1784 1029 1899 1083 rege
1919 1011 2113 1083 Hispa-

535 1125 722 1163 norum
755 1107 1097 1177 supplicante,
1129 1106 1391 1158 destinata
1434 1104 1552 1158 fuit.
1588 1103 1736 1158 llanc
1775 1118 1938 1174 porro
1981 1119 2112 1157 non-

533 1201 662 1254 nulli
696 1214 838 1253 anno
869 1196 1027 1259 1089,
1065 1197 1172 1250 imo
1211 1205 1265 1249 et
1310 1195 1400 1248 alii
1443 1193 1780 1263 prcec'edente
1824 1194 2110 1263 consigna-

534 1297 679 1352 runt,
719 1287 802 1341 cui
865 1285 1194 1340 Bernardum
1247 1283 1562 1338 Toletauum
1618 1269 2108 1352 archiepiscopum,

532 1393 597 1432 ex
649 1377 842 1432 itinere
890 1378 1154 1440 Romano,
1196 1385 1252 1428 ut
1293 1376 1407 1429 vult
1457 1375 1755 1430 Rodericus
1799 1375 2105 1436 Toletanus,

529 1469 847 1523 redeuntem
876 1467 1186 1520 interfuisse
1217 1466 1420 1520 dicunt.
1453 1465 1523 1519 At
1551 1466 1634 1519 bis
1663 1465 1993 1535 prtci'erenda
2029 1473 2112 1519 est

530 1556 792 1620 Bertoldi,
819 1565 930 1608 tum
956 1557 1209 1621 viventis,
1235 1556 1550 1620 auctoritas,
1575 1557 1663 1624 qui
1687 1556 1903 1609 disertis
1932 1555 2108 1609 verbis

531 1667 653 1707 eam
683 1666 824 1705 anno
848 1649 986 1703 1090
1017 1649 1160 1703 circa
1193 1649 1385 1714 festum
1417 1649 1758 1716 Eentecostes
1786 1648 2106 1702 celebratam

527 1739 694 1794 fuisse
741 1741 955 1794 asserit.
1003 1739 1154 1794 llaud
1211 1749 1386 1792 tamen
1436 1737 1722 1793 dillitemur
1773 1738 2105 1794 Bernardum

2215 556 2603 623 Boamundum,
2635 557 2837 625 Apulize
2866 557 3154 626 principes,
3192 557 3412 622 litteris,
3442 573 3533 615 eos
3555 577 3760 622 commo-

2214 647 2330 700 nuit
2359 656 2415 701 ut
2451 656 2559 700 tam
2610 649 2764 713 gravi
2811 646 3067 701 seandalo
3117 648 3453 702 conveniens
3502 652 3756 709 remedium

2214 734 2487 790 afferrent.
2535 733 2690 802 Quod
2729 749 2914 790 revera
2968 737 3036 790 ab
3091 737 3221 807 ipsis
3271 738 3567 806 praestitum
3603 748 3688 802 est.
3712 755 3759 797 ut

2211 825 2384 880 fusius
2407 826 2751 895 exposuimus
2790 829 2856 880 ad
2883 841 3080 882 annum
3126 827 3286 881 1088.
3320 828 3520 882 Urbani
3570 831 3756 898 epistola

2212 928 2274 968 ea
2301 915 2368 970 de
2399 931 2456 970 re
2499 915 2700 970 nullam
2745 916 2910 970 habet
2937 917 3302 985 chronologite
3354 927 3563 983 notam;
3591 928 3641 972 at
3663 935 3757 976 eam

2213 1005 2314 1062 hoc
2340 1020 2499 1068 anno,
2540 1015 2593 1060 et
2621 1006 2838 1074 quidem
2866 1015 2992 1062 ante
3031 1023 3275 1062 mensem
3304 1007 3509 1062 Julium
3539 1011 3756 1078 scriptam

2211 1094 2378 1150 fuisse
2431 1096 2586 1150 facile
2611 1095 2881 1166 colligitur
2917 1112 2982 1151 ex
3036 1098 3257 1168 Rogerii
3291 1109 3346 1154 et
3379 1100 3657 1159 Boamundi
3694 1109 3759 1162 in-

2211 1195 2534 1250 strumento,
2563 1190 2705 1257 quod
2740 1187 3005 1242 Baronius
3027 1188 3298 1257 integrum
3344 1193 3567 1247 retulit:
3597 1195 3759 1250 Datum

2212 1277 2439 1334 Canusio
2456 1296 2592 1334 anno
2612 1279 2894 1334 Dominicat
2909 1279 3304 1336 [incarnationis
3329 1282 3483 1348 l090,
3508 1287 3707 1342 ducatus
3719 1307 3760 1355 ι’,

2211 1386 2382 1424 mense
2401 1370 2573 1437 Julia,
2615 1371 2899 1426 indictione
2924 1386 3041 1436 xm,
3059 1388 3167 1441 quo
3189 1375 3414 1441 quidem
3441 1377 3760 1436 instrumento

2212 1458 2285 1512 illi
2315 1459 2607 1530 principes,
2645 1460 2848 1515 Urbani
2917 1462 3134 1517 monitis
3180 1465 3437 1528 excitati.
3487 1474 3761 1526 cenvocalis

2210 1549 2347 1618 apud
2375 1547 2665 1604 Canusium
2704 1551 2996 1618 provinciae
3013 1552 3388 1621 optimatibus
3429 1555 3634 1612 Bantini
3671 1575 3762 1612 mc-

2209 1641 2427 1695 nasterii
2459 1641 2735 1714 privilegia
2767 1653 2821 1698 et
2871 1647 3244 1713 possessiones
3277 1641 3674 1714 conamini-unt,
3719 1663 3762 1706 ut

2208 1747 2272 1788 eo
2302 1746 2456 1801 [tacto
2497 1737 2690 1790 damna
2738 1748 2844 1790 tam
2901 1751 3092 1793 sancto
3151 1739 3274 1794 loco
3323 1741 3476 1796 illata
3529 1754 3761 1813 utCunque

527 1831 842 1886 'l‘oletanum
893 1831 943 1884 ei
989 1830 1328 1895 interfuisse,
1375 1831 1519 1900 quod
1568 1830 1820 1900 colligere
1865 1821 1990 1883 licet
2036 1844 2100 1884 ex
2137 1822 2178 1882 Β
2213 1825 2476 1880 ιιςατεὶιε
2508 1836 2852 1880 conarentur.

528 1922 730 1978 Urbani
775 1921 934 1991 epist.
979 1921 1043 1974 ad
1093 1920 1328 1975 Gotthiae
1374 1919 1586 1986 fideles,
1636 1936 1732 1990 pro
1779 1921 2104 1995 monasterio

522 2013 707 2068 Sancti
737 2011 960 2081 Egidii.
999 2011 1255 2078 Qutenam
1289 2026 1417 2066 vero
1444 2013 1632 2082 legatio
1663 2013 1750 2066 illa
1780 2011 1872 2074 sit.
1900 2028 2018 2082 qua:
2051 2013 2104 2068 in

521 2104 857 2174 Hispaniam,
891 2104 1220 2173 efﬂagitante
1257 2103 1480 2157 Allonso
1509 2117 1655 2172 rege,
1695 2104 1761 2156 ad
1796 2113 2107 2158 restauran-

521 2198 644 2249 dam
679 2196 843 2249 Toleti
869 2192 1319 2251 Christianitatem
1349 2195 1611 2249 destinata
1639 2205 1734 2260 est,
1764 2197 1853 2249 vix
1883 2195 2104 2266 intelligi

521 2295 720 2356 potest,
755 2284 858 2339 nisi
907 2286 992 2340 his
1032 2286 1212 2339 verbis
1261 2285 1490 2340 iudicari
1537 2286 1802 2351 dicamus,
1845 2285 2104 2340 librorum

520 2374 678 2427 cilicii
709 2373 876 2427 divini
899 2373 1051 2442 juxta
1079 2373 1240 2428 ritum
1270 2373 1526 2428 Romanas
1553 2373 1810 2428 Ecclesiae
1837 2374 2105 2430 editorum

522 2466 911 2535 receptionem,
939 2474 1000 2521 ut
1036 2465 1245 2521 scilicet
1285 2466 1561 2537 deinceps,
1601 2466 1876 2535 abrogatis
1896 2466 2108 2521 Gotthi-

519 2558 620 2624 eis,
657 2556 961 2626 Hispanicae
1005 2557 1260 2612 Ecclesiae
1308 2558 1565 2612 Romanis
1606 2557 1759 2612 libris
1804 2566 2103 2612 uterentur.

519 2648 680 2703 Certe
731 2664 872 2702 anno
918 2649 1196 2718 sequenti,
1243 2661 1436 2719 agente
1471 2649 1724 2705 Rainerio
1755 2649 1931 2720 legato
1972 2666 2104 2721 apo-

519 2739 742 2804 stolico,
796 2741 885 2809 qui
948 2741 1076 2796 huic
1124 2756 1339 2810 quoque
1386 2741 1594 2812 synodo
1649 2741 1998 2807 interfuerat,
2052 2743 2104 2797 id

521 2848 572 2885 ιιι
620 2831 850 2887 concilio
901 2832 1254 2902 Legionensi,
1303 2841 1362 2888 ut
1411 2834 1484 2888 ibi
1544 2833 1817 2900 dicemus,
1885 2845 2102 2890 cautum

521 2921 637 2974 fuit.

547 3011 780 3068 LXXVI.
809 3012 1215 3068 Tarraconensis
1238 3013 1360 3068 urbs
1378 3012 1616 3069 Romano
1651 3015 1889 3084 pontiﬁci
1916 3016 2064 3070 data.

591 3106 775 3158 Soluta
805 3114 983 3159 autem
1013 3103 1280 3160 Tolosaua
1316 3107 1543 3178 synodo,
1570 3108 1870 3177 llaynerius
1897 3107 2100 3162 Urbani

2206 1937 2484 1992 LXXVlll.
2528 1940 2600 1992 De
2655 1942 2766 2016 ﬁlio
2800 1941 3028 2016 Jortinni
3082 1945 3336 2014 principis
3379 1945 3632 2016 Capuani.
3675 1947 3762 2002 Ex-

2453 2011 2869 2066 communicatur
2897 2011 3316 2068 Cenomanorum
3358 2011 3550 2070 conies.

2279 2097 2394 2152 lluc
2449 2099 2608 2152 etiam
2651 2115 2910 2156 revocare
2945 2101 3072 2158 libet
3119 2103 3263 2158 aliud
3312 2107 3636 2176 exemplum,
3678 2125 3762 2178 quo

2208 2189 2545 2256 comprobari
2579 2199 2752 2258 potest
2787 2192 2986 2246 Urbani
3018 2195 3256 2249 studium
3288 2198 3550 2252 adversus
3591 2214 3674 2252 eos
3691 2200 3760 2267 qui

2201 2276 2428 2346 iustitia:
2477 2278 2601 2349 jura
2658 2283 2950 2339 violabant.
3010 2285 3142 2340 Illud
3193 2297 3280 2343 est
3323 2288 3610 2358 judicium,
3647 2293 3761 2360 quod

2207 2369 2448 2440 pontifex
2502 2371 2556 2425 in
2592 2371 2935 2445 Raynaldum
2973 2376 3242 2432 Rinellum
3296 2380 3598 2448 provisorie
3644 2381 3760 2442 tulit,

2208 2453 2541 2548 accusatum,
2599 2466 2744 2535 quod
2780 2464 3003 2522 Jordani
3051 2468 3311 2548 principis
3353 2470 3589 2540 Capuani
3627 2471 3759 2525 ﬁliam

2207 2543 2664 2608 adolescentulam
2721 2565 2878 2624 raptu
2915 2559 3114 2626 potius,
3165 2543 3330 2627 quam
3379 2561 3513 2630 justi
3561 2561 3760 2630 conjugii

2207 2657 2320 2711 spe,
2351 2643 2533 2698 invitis
2561 2647 2874 2714 parentibus
2905 2647 3006 2702 sibi
3038 2649 3448 2718 desponsasset.
3476 2651 3628 2707 Certe
3646 2653 3760 2706 hunc

2207 2730 2542 2802 Raynaldum
2615 2734 2886 2790 hominem
2944 2737 3234 2793 violentum
3301 2741 3472 2796 fuisse
3523 2750 3660 2810 patet
3708 2755 3762 2793 ex

2206 2819 2476 2876 Chronico
2525 2822 2806 2896 Casinensi
2855 2825 2994 2882 libro
3043 2843 3131 2891 tv,
3171 2844 3291 2898 cap.
3350 2830 3404 2894 9,
3465 2832 3548 2884 ubi
3597 2830 3762 2884 dicitur

2210 2922 2446 2969 castrum
2484 2913 2800 2970 Fractarum
2846 2917 2969 2973 dolo
3016 2934 3044 2972 a
3099 2919 3448 2977 Casinatibus
3489 2923 3758 2976 alstulisse.

2209 3005 2349 3073 quod
2375 3013 2560 3083 postea
2590 3007 2638 3060 vi
2681 3017 2735 3062 et
2765 3009 2930 3064 armis
2975 3011 3209 3066 retinere
3244 3026 3478 3068 conatus
3529 3023 3624 3067 est.
3669 3011 3762 3066 Hoc

2210 3105 2391 3151 autem
2419 3095 2682 3168 judicium
2737 3101 2880 3169 qnod
2907 3101 2996 3157 lvo
3043 3112 3095 3157 et
3125 3103 3422 3160 Gratianus
3478 3108 3759 3166 retulerant,

519 3205 724 3266 legatus
751 3197 805 3251 in
825 3195 1138 3268 Hispaniam
1155 3171 1382 3269 pergens
1408 3213 1506 3268 per
1532 3171 1900 3255 Catalauniam
1925 3209 2100 3254 trans-

2212 3186 2326 3240 irjeo
2352 3200 2672 3242 revocamus
2701 3191 2767 3244 ad
2799 3201 3119 3260 praesentem
3165 3211 3393 3258 annum.
3446 3196 3585 3266 quod
3615 3196 3760 3264 ῘΡ⁵¹¹¹¹

521 3288 638 3352 ivit,
693 3287 784 3342 ubi
831 3288 1182 3358 Raymundus
1209 3287 1530 3344 Barcinonis
1558 3303 1760 3356 comes,
1800 3291 2102 3360 aggregatis

519 3379 810 3449 provincia:
851 3380 1225 3450 optimatibus,
1262 3381 1448 3436 urbem
1491 3380 1954 3456 Tarraconensem
1989 3381 2102 3436 sedi

519 3471 837 3541 apostolica:-
856 3471 1172 3528 solemniter
1197 3473 1420 3528 donavit
1443 3487 1504 3528 ea
1534 3472 1863 3538 conditione.
1897 3481 1954 3531 ut
1981 3488 2100 3528 eam

519 3573 573 3618 et
618 3556 868 3619 universa
917 3579 1039 3634 qua:
1083 3565 1150 3619 ad
1193 3565 1340 3620 illam
1372 3566 1694 3631 attinebant,
1737 3565 1853 3638 ipse
1897 3581 1961 3621 ac
1987 3565 2104 3635 ejus

519 3654 721 3722 pomeri
754 3664 981 3708 tenerent
1024 3671 1114 3722 per
1167 3663 1380 3708 manum
1423 3671 1470 3710 et
1501 3671 1673 3710 vocem
1716 3658 1885 3712 sanczi
1934 3654 2101 3723 Petri,

489 3738 732 3814 ejusque
766 3743 948 3796 vicarii
1000 3742 1252 3798 Romana:
1292 3744 1432 3798 sedis
1479 3746 1776 3814 apostolici,
1829 3763 1921 3812 per
1946 3749 2103 3818 quiu-

521 3834 800 3905 quennium
858 3833 1206 3903 persolventes
1267 3836 1316 3888 ei
1378 3852 1587 3890 censum
1651 3837 1834 3906 uiginti
1882 3839 2106 3909 quinque

520 3925 778 3977 librarum
817 3925 1086 3993 purissimi
1137 3926 1362 3996 argenti,
1409 3941 1531 3999 qua:
1575 3927 1794 3983 donatio
1845 3927 1984 3982 facta
2025 3937 2108 3984 est

521 4032 616 4082 per
639 4032 854 4070 manum
891 4017 1068 4071 domui
1093 4017 1345 4089 Raynerii
1373 4018 1627 4074 Romanis?
1654 4019 1903 4073 Ecclesia:
1933 4021 2109 4074 cardi-

521 4106 678 4171 tt:rli;,
697 4107 787 4177 qui
810 4123 967 4174 nunc,
993 4109 1165 4177 inquit
1188 4110 1560 4180 Raymundus,
1583 4105 1840 4179 legatione
1871 4110 2109 4180 fungitur

457 4185 460 4188 ’
521 4197 578 4250 in
604 4198 838 4265 partibus
878 4200 1091 4252 nostris.
1124 4199 1264 4253 Afra
1299 4200 1578 4254 millesima
1612 4200 1939 4274 [centesima]
1968 4203 2106 4270 rige-

521 4290 656 4342 sima
694 4298 898 4346 octava.
945 4305 1083 4341 anno
1119 4291 1184 4342 ab
1251 4289 1620 4345 lncaruatinue
1672 4290 1888 4345 Domini
1945 4292 2106 4346 1090.

523 4377 1030 4450 llujus'donationis
1074 4383 1490 4438 instrumentum
1537 4399 1567 4436 a
1601 4381 1839 4451 Labbeo,
1885 4385 2109 4455 Aguirio

527 4470 759 4542 aliisque
813 4473 1164 4527 conciliorum
1218 4473 1598 4530 collectoribus
1645 4475 1847 4530 editum
1898 4485 1982 4531 est
2020 4477 2105 4532 cui

527 4560 669 4619 inter
701 4560 836 4619 alios
884 4564 1190 4633 complures
1234 4565 1610 4637 Berengarius,
1642 4567 1783 4636 quod
1827 4582 1960 4622 sane
2002 4568 2106 4622 mi-

531 4669 655 4708 rum
690 4662 794 4717 est,
834 4655 938 4709 nisi
987 4655 1040 4710 id
1080 4655 1428 4710 amanuensis
1462 4655 1773 4712 liberalitati
1824 4655 2106 4724 debeatur,

527 4745 626 4799 sub
668 4735 1074 4799 Tarraconensis
1134 4744 1507 4815 archiepiscopi
1557 4744 1710 4799 titulo
1762 4744 2106 4813 subscripsit,

527 4834 777 4902 quamvis
799 4835 902 4890 hac
929 4836 1188 4904 dignitate
1225 4844 1350 4890 ante
1377 4851 1575 4890 annum
1625 4846 1939 4905 sequentem
1972 4836 2110 4904 poti-

529 4932 614 4977 tus
641 4936 746 4976 non
775 4921 954 4978 fuerit.
989 4923 1154 4980 Forte
1177 4923 1538 4993 Berengarius
1564 4923 1900 4979 Ausonensis
1925 4923 2111 4978 Eccle-

529 5016 645 5083 siae,
666 5015 751 5069 cui
769 5015 1020 5070 dimcesis
1036 5015 1459 5071 Tarraconensis
1481 5016 1628 5070 unita
1649 5024 1784 5080 erat,
1802 5015 2110 5086 episcopus,

523 5107 638 5176 jam
677 5115 804 5161 tunc
831 5108 1231 5177 metropolitani
1283 5123 1478 5164 nomen
1526 5115 1917 5178 assumpserat,
1957 5106 2111 5176 cujus

531 5199 910 5254 auctoritatem
939 5200 1149 5255 nonnisi
1186 5215 1327 5255 anno
1365 5200 1611 5269 sequenti
1642 5199 1865 5270 adeptus
1899 5209 2002 5255 est.

532 5287 788 5342 LXXV".
830 5286 1076 5342 Urbanus
1126 5288 1411 5343 Bantinum
1459 5290 1832 5344 monasterium
1863 5289 2107 5360 protegit.

603 5377 862 5446 Qucrelas
889 5377 1092 5432 interea
1116 5381 1180 5432 ad
1211 5378 1488 5432 Urbanum
1519 5377 1710 5432 detulit
1736 5376 1874 5433 Urse
1894 5377 2129 5432 Bautini'

534 5469 844 5524 monasterii
907 5469 959 5524 in
1007 5468 1199 5539 Apulia
1259 5470 1444 5535 abbas,
1507 5468 1768 5524 adversus
1821 5469 2107 5524 nonnullus

531 5559 691 5616 istius
725 5560 1015 5628 provinciae
1060 5561 1368 5630 optimates,
1420 5560 1512 5630 qui
1538 5559 1652 5628 ejus
1682 5562 1993 5617 monasterii
2024 5577 2108 5614 res

534 5662 588 5707 et
616 5652 833 5708 chartas
862 5652 1222 5723 diripuerant,
1267 5654 1550 5723 ipsumque
1595 5653 1933 5708 contumeliis
1975 5653 2108 5707 alle-

534 5753 679 5799 ctum
739 5743 1008 5799 latronum
1069 5759 1218 5801 more
1273 5742 1652 5814 spoliaverat“.
1711 5742 1844 5798 Rem
1898 5744 2110 5813 indigne

2204 3275 2429 3332 ultecins
2459 3274 2674 3332 differre
2705 3279 2990 3348 prohibeat
3015 3281 3236 3338 Jordani
3268 3287 3470 3348 obitus,
3507 3299 3654 3355 quem
3682 3282 3762 3337 sub

2206 3367 2367 3434 bujus
2392 3369 2702 3423 annilinem
2734 3373 3029 3443 contigisse
3075 3392 3140 3430 ex
3195 3379 3439 3450 antiquis
3487 3377 3762 3433 auctoribus

2204 3451 2460 3509 Camillus
2497 3453 2844 3523 Peregrinius
2871 3460 3083 3526 probat.

2225 3533 2228 3536 ⁴
2274 3543 2432 3599 Aliud
2467 3544 2594 3598 item
2642 3546 2847 3603 Urbani
2881 3551 2934 3605 in
2972 3553 3325 3611 emendandis
3349 3557 3494 3611 vitiis
3537 3551 3763 3610 sollicitu-

2205 3631 2346 3686 dinis
2399 3634 2702 3703 exemplum
2765 3641 3003 3717 suggerit
3058 3644 3215 3698 nobis
3262 3642 3559 3701 Ordericus
3602 3637 3762 3696 Vitalis

2206 3721 2343 3778 libro
2366 3738 2486 3789 vm,
2519 3727 2606 3781 ubi
2633 3728 3130 3802 scriliitJlugonem
3167 3737 3426 3792 comitem
3457 3737 3762 3792 Cenomano-

2204 3815 2422 3868 rumsab
2448 3817 2635 3871 eodem
2687 3819 2940 3888 pontifice
2989 3823 3092 3879 hoc
3119 3840 3261 3879 anno
3293 3829 3470 3882 sacris
3516 3827 3668 3881 fuisse
3695 3824 3762 3875 in-

2209 3905 2516 3969 terdictum,
2546 3909 2688 3975 quod
2737 3911 3029 3982 legitimam
3078 3930 3232 3971 suam
3291 3933 3520 3975 uxorem
3569 3910 3762 3970 Roberti

2206 3991 2475 4050 Wiscardi
2515 3995 2680 4051 ﬁliam
2725 4001 3079 4069 repudiasset.

2207 4123 2442 4181 LXXIX.
2486 4127 2819 4186 Schismatici
2869 4134 2932 4187 ob
2969 4133 3359 4193 Catholicornm
3402 4152 3608 4195 mortem
3647 4137 3762 4190 inso-

2278 4197 2498 4281 lescunt,
2537 4199 2613 4254 Iis
2641 4204 2911 4272 respondet
2931 4205 3240 4276 Stephanus
3269 4214 3540 4281 episcopus
3569 4208 3763 4262 flalber—

2279 4269 2545 4322 statensis.

2279 4379 2471 4435 Finitis
2498 4381 2746 4449 induciis,
2787 4397 2909 4455 qua:
2952 4402 3124 4458 usque
3165 4391 3230 4445 ad
3260 4391 3491 4459 Pascha,
3525 4391 3599 4446 uti
3644 4397 3763 4442 anno

2211 4473 2489 4541 superiore
2536 4476 2792 4545 diximus,
2831 4483 3125 4549 perdurare
3159 4485 3467 4552 debebant,
3503 4499 3618 4540 cum
3649 4480 3762 4535 Her-

2214 4579 2441 4619 mannus
2469 4565 2722 4622 Meteusis
2760 4571 2986 4626 antistes
3010 4580 3065 4628 et
3094 4573 3376 4632 Bertoldus
3408 4578 3513 4631 dux
3541 4573 3763 4627 Aleman-

2213 4655 2336 4718 nite.
2363 4658 2612 4713 acerrimi
2641 4661 2786 4716 sedis
2815 4665 3119 4733 apostolicae
3150 4667 3485 4733 defensores,
3533 4670 3763 4728 εθτοτίιυθ

2215 4745 2468 4812 Bertoldi,
2493 4747 2872 4820 lluugarorum
2915 4756 3121 4826 regina,
3149 4772 3336 4814 mense
3374 4759 3532 4821 Maio,
3563 4763 3618 4809 ut
3653 4750 3763 4803 Bel"

2213 4836 2388 4892 tcldus
2421 4840 2630 4908 scribit,
2675 4843 2966 4910 obiissent;
3003 4863 3066 4901 ac
3094 4849 3255 4916 paulo
3302 4859 3424 4921 post
3462 4845 3762 4919 Eggebcrtus

2215 4923 2466 4982 Saxonica
2522 4929 2764 4987 marcltio
2808 4935 3171 5002 occubuisset,
3227 4939 3453 5000 insidiis,
3486 4937 3559 4991 uti
3611 4931 3758 4986 aiunt.

2215 5017 2729 5092 Quintiliburgensis
2779 5025 3085 5095 abbatissa},
3137 5045 3257 5099 qua:
3305 5032 3519 5089 llenrici
3563 5016 3760 5091 Διιειιθιί

2215 5122 2370 5162 soror
2404 5119 2541 5176 erat,
2571 5114 2802 5178 occisus,
2847 5117 3177 5174 schismatici
3227 5122 3293 5176 ad
3321 5137 3468 5176 arma
3513 5119 3760 5174 recurrere

2215 5199 2632 5264 constituerunt,
2687 5211 2836 5258 tanta
2885 5223 3007 5261 cum
3038 5210 3202 5264 animi
3258 5211 3505 5273 elatione,
3555 5207 3620 5261 ob
3660 5209 3754 5254 005-

2215 5290 2292 5345 uti
2323 5290 2403 5345 eis
2427 5291 2728 5360 videbatur,
2758 5295 2942 5353 felices
2973 5314 3278 5368 successus,
3312 5312 3370 5358 ut
3403 5305 3465 5358 de
3502 5288 3755 5370 pontiﬁciii

2215 5391 2394 5436 actum
2421 5396 2540 5437 esse
2576 5384 2750 5454 palam
2800 5387 3159 5459 divulgarent.
3205 5392 3363 5450 Certe
3399 5408 3459 5447 ea
3497 5393 3610 5444 erat
3632 5373 3756 5435 Wal‘

2213 5475 2383 5529 brami
2404 5473 2874 5548 Magdeburgensis
2897 5481 3156 5536 antistitis
3189 5483 3486 5550 (Cicensem
3511 5493 3598 5532 seu
3622 5465 3754 5526 Novi-

2215 5565 2534 5632 burgensem
2572 5567 2880 5639 episcopum
2913 5570 3144 5640 appellat
3183 5572 3509 5627 Trithemius
3537 5568 3584 5620 in
3608 5562 3753 5616 Cls'l‘O'

2217 5656 2336 5708 nico
2353 5654 2736 5729 llirsaugicnsi)
2757 5662 3149 5730 sententia,qui
3168 5663 3369 5719 litteras
3381 5663 3444 5718 ad
3459 5651 3749 5716 Ludovicum

2219 5746 2515 5815 pa'ittt‘ipettt
2553 5764 2618 5804 eo
2667 5758 2906 5820 tempore
2938 5753 3174 5823 scripsit,
3235 5765 3291 5810 ut
3319 5770 3436 5811 eum
3489 5734 3749 5815 desperatis
