3962 6312
127 303 189 354 ’15
1633 294 1806 348 ἫΤΛ.
3291 310 3316 357 7
3332 313 3356 360 ι,

119 409 499 485 pontificiorum
559 407 737 475 rebus,
803 423 1032 478 quorum
1098 409 1351 478 prrecipui
1418 408 1674 470 fautores,
1713 408 1754 462 A
1784 405 1921 460 idem
1945 405 2244 462 institutum
2277 409 2563 478 recepisse.
2593 410 2727 466 Cum
2770 427 2896 467 vero
2937 413 3001 468 iis
3028 419 3359 486 temporibus

118 507 249 574 justo
269 501 358 556 Dei
375 498 598 568 judicio,
626 509 682 553 ιιι
709 498 822 568 ipse
833 499 1138 568 jactitabat,
1167 499 1360 552 misere
1382 497 1678 567 perierant,

121 594 180 648 ad
200 589 401 646 llenrici
433 597 618 659 partes
657 590 977 643 attraheret.
1037 590 1108 642 At
1159 588 1313 658 longe
1368 589 1435 641 ab
1482 601 1544 641 ea
1568 585 1684 656 opi-

121 682 523 739 nione-aberant
567 678 851 742 Catholici,
896 690 954 734 ut
992 694 1061 736 ex
1120 681 1377 735 Ludovici
1422 693 1680 749 responso

120 773 377 834 discimus,
408 769 552 839 quod
579 769 693 838 ejus
726 770 944 824 nomine
994 769 1322 840 Stephanus,
1352 770 1443 839 qui
1470 777 1522 822 et
1547 766 1685 821 lier-

121 861 306 916 randus
329 859 728 924 dicebatur,-ex
769 859 964 914 abbate
988 858 1344 926 llseburgensi
1397 857 1680 925 episc0pus

122 951 572 1012 Halberstatensis,
618 948 916 1005 Waltramo
951 948 1118 1004 dedit.
1165 947 1435 1018 Utrasque
1468 947 1680 1001 litteras

121 1046 283 1102 retulit
311 1043 652 1099 Dodochinus
697 1043 866 1096 abbas
897 1039 954 1094 S.
984 1040 1248 1104 Disibodi,
1282 1043 1336 1093 in
1370 1039 1680 1109 Appendice

123 1141 180 1194 ad
203 1136 492 1191 Marianum
521 1134 786 1197 Scottum,
809 1147 929 1202 quae
952 1131 1026 1186 ibi
1053 1131 1220 1186 videri
1246 1140 1489 1201 possunt.
1519 1129 1680 1186 Certe

125 1235 165 1286 is
211 1227 505 1299 Stephanus
562 1225 738 1280 locum
787 1223 987 1279 habere
1031 1222 1189 1278 debet
1239 1223 1380 1278 inter
1429 1232 1680 1279 strenuos

107 1319 306 1376 'Urbani
335 1325 782 1388 propugnatores,
801 1315 871 1370 ob
900 1315 1066 1370 multa
1097 1314 1202 1368 alia
1260 1315 1460 1384 scripta
1484 1315 1679 1384 quibus

125 1411 392 1468 Ecclesiam
420 1408 727 1464 defendisse
764 1407 902 1476 apud
932 1404 1288 1462 Trithemium
1317 1405 1436 1461 loco
1464 1405 1679 1460 laudato

129 1501 386 1558 dicitur.E
424 1515 484 1556 re
537 1508 721 1555 nostra
771 1498 1000 1554 fuissent
1049 1507 1282 1566 quatuor
1325 1497 1564 1568 epistolae
1611 1497 1680 1553 ad

130 1595 378 1653 Urbanum
405 1593 739 1663 pontificem,
771 1606 906 1662 quas
932 1590 1021 1646 ille
1067 1599 1257 1647 auctor
1294 1598 1578 1645 memorat.
1611 1589 1681 1644 At

133 1684 437 1740 exciderunt.

1784 504 1971 563 aperto
2004 495 2144 551 bello
2169 497 2429 568 pontificii
2481 501 2742 556 adversus
2771 503 3146 568 sebismaticos
3173 509 3358 566 decer-

1783 593 1981 651 tarent,
2011 587 2170 642 subiit
2197 589 2247 642 in
2284 591 2641 658 quorumdam
2677 595 2886 650 animos
2932 599 3239 668 serupulus,
3288 619 3357 658 an

1779 675 2098 744 snbjicieudi
2130 680 2459 747 paenitentia:
2487 692 2666 737 essent
2699 683 2896 747 Christi
2930 687 3132 754 ﬁdeles,
3188 694 3278 761 qui
3305 695 3358 750 in

1780 764 2160 835 congressibus
2191 766 2417 830 bellicis,
2453 777 2576 824 tunc
2603 769 2994 840 frequentibus,
3049 792 3360 837 excommu-

1780 853 1990 909 nicatos
2015 855 2359 911 occidissent.
2395 857 2510 912 Huc
2540 860 2758 929 quippe,
2785 863 2886 917 nisi
2917 879 3036 920 mea
3064 883 3152 924 me
3179 869 3365 936 conje-

1777 951 1928 998 ctura
1964 943 2133 1010 fallat,
2172 947 2412 1001 revocari
2450 949 2608 1004 debet
2657 950 2861 1006 Urbani
2911 957 3226 1026 rescriptum
3255 960 3363 1014 Lu-

1780 1046 1918 1087 cano
1944 1035 2222 1105 episcopo,
2266 1039 2408 1105 quod
2457 1038 2546 1094 lvo
2577 1040 2915 1098 Carnotenus
2966 1055 3018 1100 et
3070 1047 3362 1106 Gratianus

1780 1124 1834 1178 in
1859 1125 1973 1180 suis
1999 1126 2232 1182 decretis
2257 1126 2511 1183 retulere.
2541 1129 2911 1200 Interrogatus
2940 1149 3002 1189 ea
3032 1135 3098 1190 de
3126 1153 3185 1192 re
3229 1142 3363 1208 pon-

1781 1215 1910 1272 tifex
1947 1220 2248 1288 respondit,
2303 1222 2446 1292 quod
2485 1224 2586 1277 etsi
2639 1227 3234 1285 excommunicatorum
3281 1234 3365 1286 in-

1781 1307 2096 1364 terfectores
2131 1310 2184 1364 in
2203 1311 2351 1381 justo
2397 1311 2554 1376 bello,
2609 1314 2768 1384 quale
2803 1323 2931 1371 tunc
2981 1320 3226 1388 urgebat,
3267 1323 3364 1378 ho-

1780 1398 1989 1455 micidae
2036 1401 2290 1456 censendi
2329 1417 2437 1458 non
2479 1414 2704 1472 essent;
2752 1407 2878 1476 quia
2927 1418 3104 1464 tamen
3159 1412 3364 1482 aliquid

1779 1489 1983 1545 sinistri
2014 1491 2067 1544 in
2096 1505 2283 1546 eorum
2317 1493 2643 1551 voluntatem
2674 1497 2916 1568 irrepere
2946 1504 3203 1570 potuerit,
3233 1519 3365 1559 con-

1779 1594 1968 1650 grtiam
1997 1581 2075 1636 eis
2101 1584 2388 1637 secundum
2433 1603 2613 1639 eorum
2640 1589 2979 1645 intentionem
3031 1595 3362 1650 satisfactio-

1783 1684 1906 1724 nem
1957 1671 2340 1742 injungendam
2394 1691 2534 1731 esse.
2589 1677 2680 1733 Sic
2712 1692 2869 1737 antea
2910 1684 3100 1739 Patres
3148 1687 3363 1740 concilii

135 1796 319 1852 LXXX.
344 1795 554 1850 Henrici
574 1792 834 1862 expeditio
863 1793 918 1846 in
943 1791 1606 1846 Italiam.Bononiensium
1629 1801 1678 1845 et
1709 1764 1752 1823 Β
1782 1763 2068 1833 Ρτθνίηθίω
2112 1765 2395 1862 Remens“
2433 1784 2576 1824 anno
2603 1771 2708 1827 9%
2738 1775 3069 1842 Ραθηίίθηῑίεὲ
3117 1779 3364 1847 Slllijecc-

197 1868 396 1921 aliarum
439 1864 818 1934 Longobardire
856 1864 1122 1934 civitatum
1152 1863 1370 1918 militite.
1400 1891 1470 1903 —
1496 1862 1678 1917 Paeni-

199 1939 339 1992 tentia
363 1933 613 1990 militibus
653 1934 704 1986 in
719 1933 866 2003 justo
897 1933 1030 1988 bello
1055 1934 1333 2004 permissa.

202 2051 331 2106 inter
372 2052 481 2106 hate
503 2049 772 2106 Henricus
800 2060 987 2120 parata
1026 2051 1364 2120 expeditione
1387 2050 1441 2105 in
1472 2049 1678 2105 italiam

152 2141 438 2212 ingreditur,
489 2141 572 2195 cui
617 2139 1045 2210 Langobardiam
1094 2141 1393 2195 devastauti
1448 2138 1680 2208 Welpho

157 2231 298 2286 italiae
317 2233 426 2297 dux,
441 2231 696 2287 Mathildis
712 2231 896 2286 uxoris
915 2246 1046 2296 suae,
1077 2231 1152 2285 uti
1176 2229 1678 2294 scribitBertoldus,

148 2323 564 2379 adhortationibus
589 2322 937 2392 confortatus,
983 2324 1236 2378 resistere
1263 2321 1578 2377 conabatur.
1610 2321 1682 2376 At

141 2413 410 2468 Mathildem
433 2428 562 2469 suos
590 2415 866 2470 exercitus
896 2414 1181 2484 ipsammet
1211 2413 1428 2469 duxisse
1455 2420 1683 2467 testatur

137 2503 379 2567 Domnizo,
435 2505 529 2574 qui
569 2511 736 2558 totam
778 2506 916 2559 hanc
976 2503 1399 2572 expeditionem,
1457 2502 1680 2558 rudibus

134 2596 240 2652 licet
259 2597 508 2663 versibus,
541 2597 757 2667 egregie
786 2596 1044 2652 describit
1078 2596 1253 2665 capite
1278 2605 1494 2665 quarto,
1539 2593 1682 2662 quod

131 2686 233 2742 ideo
256 2687 360 2743 fere
389 2689 664 2759 integrum
693 2687 976 2742 retulimus
997 2688 1049 2742 in
1071 2687 1400 2758 Appendiee.
1429 2683 1682 2754 Sigonius

130 2778 211 2834 hac
237 2780 513 2836 occasione
539 2780 892 2835 commissum
923 2775 1089 2832 fuisse
1114 2787 1300 2832 censet
1336 2777 1525 2846 ingens
1552 2774 1679 2828 illud

133 2868 332 2937 ptrelium
354 2869 733 2934 Sorberiense,
764 2869 818 2923 in
840 2883 947 2937 quo
974 2867 1246 2922 Ebrardus
1285 2865 1596 2920 Parmensis
1628 2873 1682 2918 et

129 2959 384 3018 Gandulfus
422 2962 716 3036 Begiensis
766 2962 1028 3032 episc0pi,
1053 2962 1143 3032 qui
1201 2959 1447 3017 Cuiberti
1497 2967 1681 3029 partes

127 3053 394 3120 tuebantur,
431 3069 472 3109 a
542 3053 818 3108 Mathildis
877 3053 1140 3108 militibus
1204 3053 1431 3108 victoria
1493 3051 1681 3121 politis

1784 1865 1905 1911 rant
1931 1872 2023 1912 eos
2057 1860 2146 1928 qui
2198 1861 2250 1912 in
2280 1861 2464 1930 proelio
2493 1862 2835 1920 Suessionico
2875 1869 3020 1924 inter
3067 1870 3365 1926 ltobertum

1781 1957 1836 2003 et
1861 1948 2112 2035 Carolum
2143 1951 2207 2006 de
2236 1967 2401 2022 regno
2428 1953 2772 2011 decertantes
2799 1957 3181 2026 interfuerant,
3222 1967 3365 2032 quod

1782 2041 2154 2110 proculdubio
2197 2044 2282 2097 vix
2324 2044 2439 2099 ﬁeri
2477 2047 2670 2115 possit,
2717 2048 2862 2101 utin
2907 2051 3170 2119 ejusmodi
3213 2053 3368 2108 bellis

1782 2134 2053 2190 intestinis
2081 2134 2197 2190 solo
2221 2137 2368 2206 pacis
2399 2147 2490 2191 aut
2544 2138 2669 2194 boni
2700 2140 2899 2208 publici
2940 2142 3134 2198 intuitu
3167 2160 3369 2216 pugne-

1785 2236 1890 2280 tur.
1919 2227 1982 2281 Et
2026 2227 2244 2295 quidem
2295 2227 2658 2285 Theodosium
2713 2231 2960 2302 Magnum
3013 2236 3174 2289 simili
3209 2253 3370 2292 occa-

1783 2318 1934 2372 sione
1957 2317 2196 2373 laudavit
2247 2330 2469 2376 sanctus
2499 2323 2838 2387 Ambrosius,
2864 2327 3006 2393 quod
3057 2337 3176 2396 post
3203 2329 3370 2384 victo-

1783 2411 1919 2466 riam
1953 2413 2018 2468 de
2047 2413 2286 2484 Eugenio
2333 2426 2560 2486 tyranno
2604 2428 2932 2487 reportatum
2984 2420 3295 2489 aliquandiu
3337 2440 3368 2477 a

1783 2507 1954 2560 sacris
1981 2506 2322 2562 abstinuerit.
2359 2509 2630 2564 ViJendus
2676 2525 2736 2563 ea
2769 2510 2836 2564 de
2863 2526 2920 2565 re
2949 2509 3186 2568 Isidorus
3211 2513 3371 2569 Pelu-

1783 2598 1922 2653 siota
1956 2597 2047 2653 lib.
2075 2613 2150 2665 ιν,
2192 2601 2351 2670 epist.
2391 2601 2514 2656 200.

1785 2731 2020 2805 LXXXI.
2075 2732 2341 2788 Brunonis
2389 2735 2657 2805 discipulis
2713 2735 2996 2791 Carthasia
3045 2741 3364 2794 restituitur.

1855 2802 1978 2872 Ipse
2006 2819 2124 2857 cum
2155 2805 2274 2857 aliis
2305 2806 2359 2857 in
2411 2802 2710 2859 Calabriam
2765 2809 2978 2862 secedit.
3019 2808 3248 2864 Rerusat
3285 2829 3371 2863 ar-

1855 2876 2290 2954 chiepiscopatum
2325 2873 2686 2946 R/iegiensem.
2723 2877 2855 2945 ejus
2906 2881 3048 2949 apud
3070 2881 3367 2949 pontiﬁcem

1856 2956 2168 3000 auctoritas.

1855 3061 1994 3128 Quid
2034 3060 2176 3117 inter
2200 3061 2299 3116 hos
2322 3059 2563 3116 turbines
2593 3059 2787 3116 fecerit
2820 3061 3072 3117 Urbanus
3103 3079 3210 3118 non
3242 3079 3370 3134 pro.-

125 3147 239 3214 σειριί
283 3146 447 3202 fuere.
503 3149 572 3200 At
611 3146 817 3201 fallitur
877 3146 962 3200 vir
997 3145 1439 3200 eruditissimus:
1489 3143 1685 3199 Sorbe-
1714 3136 1759 3199 C
1790 3151 1924 3207 dunt
1958 3159 2170 3206 veteres
2209 3149 2479 3205 historici.
2530 3151 2600 3204 At
2650 3150 2834 3206 Bruno
2877 3151 3368 3209 Cartbusianorum

123 3236 285 3294 riensis
304 3241 512 3312 quippe
531 3239 781 3306 victoria,
811 3238 896 3294 vel
925 3240 1040 3310 ipso
1065 3238 1396 3295 Domn‘zone
1427 3247 1684 3304 testante,

119 3325 226 3386 'ante
276 3332 482 3388 Urbani
546 3333 919 3402 pontificatum
957 3331 1173 3403 obtigit,
1225 3347 1534 3402 quanquam
1589 3346 1682 3386 cae

123 3421 214 3489 pite
246 3422 278 3476 5
309 3422 575 3479 nonnulla
629 3423 693 3478 de
757 3423 978 3479 Urbano
1031 3423 1312 3478 miscuerit
1340 3422 1428 3478 ille
1473 3430 1681 3486 auctor,

123 3531 218 3584 qua:
244 3517 544 3588 anticipato
595 3515 797 3572 retulit.
825 3516 892 3570 Et
936 3517 1150 3585 quidem
1203 3515 1501 3579 Bertoldus,
1537 3513 1685 3569 testis

124 3610 241 3675 enini
281 3611 449 3682 major
483 3609 826 3678 exceptione,
875 3609 1156 3663 amborum
1208 3608 1430 3662 istorum
1477 3607 1685 3674 episco-

122 3716 280 3766 porum
310 3712 550 3758 mortem
583 3717 726 3755 anno
762 3700 896 3756 l085
931 3700 1232 3770 consignat.
1262 3697 1529 3752 Castorum
1561 3711 1681 3750 cum

121 3787 353 3847 llenricus
382 3794 494 3848 hoc
527 3807 670 3847 anno
707 3790 977 3845 Mantuam
1023 3789 1311 3849 obsideret,
1362 3785 1586 3856 Welpho
1633 3795 1685 3839 et

119 3879 382 3949 Mathildis,
437 3886 592 3940 hanc
653 3886 843 3938 urbem
899 3892 956 3938 ut
1001 3898 1118 3937 eam
1169 3882 1338 3948 magis
1393 3893 1457 3934 ac
1513 3879 1683 3948 magis

119 3969 159 4023 iu
185 3987 270 4026 sua
300 3975 403 4031 ﬁde
431 3976 808 4041 continerent,
850 3975 918 4030 ab
947 3974 1092 4030 onmi
1124 3973 1323 4028 tributo
1349 3982 1404 4026 et
1439 3968 1684 4039 vectigali

114 4075 426 4130 exemerunt,
485 4065 619 4120 (lato
666 4081 728 4119 ea
756 4066 821 4120 de
869 4079 928 4119 re
968 4064 1257 4135 diplomate
1308 4063 1538 4118 Mantuae
1590 4076 1687 4115 an-

115 4165 172 4202 no
203 4153 350 4221 109",
400 4171 430 4209 v
461 4153 741 4210 Kalendas
767 4153 957 4220 Julias,
987 4155 1130 4223 quod
1181 4153 1429 4224 Sigonius
1471 4150 1636 4208 refert
1667 4167 1682 4216 ;

113 4243 190 4296 sed
223 4245 300 4300 hae
326 4246 693 4302 liberalitates
743 4246 892 4301 urbis
929 4246 1254 4301 deditionem
1307 4261 1412 4300 non
1463 4243 1688 4314 impedio

116 4345 238 4397 Vere,
265 4351 406 4391 anno
435 4335 689 4404 sequenti
727 4335 946 4391 factam.
982 4335 1178 4405 Magna
1205 4344 1406 4397 autem.
1439 4345 1496 4390 ut
1525 4333 1688 4388 refert

114 4425 396 4497 Bertoldus,
455 4433 561 4484 hoc
607 4446 746 4482 anno
776 4429 942 4499 [antes
969 4429 1160 4483 multas
1215 4431 1443 4498 regiones
1484 4437 1688 4497 repente

112 4519 292 4586 afﬂixit,
343 4522 590 4591 quamvis
648 4536 751 4575 non
811 4536 1003 4590 magna
1057 4519 1303 4573 sterilitas
1365 4517 1681 4587 prwresserit
1719 4505 1762 4558 D

111 4621 242 4666 terra:
269 4627 287 4665 :
318 4615 464 4669 unde
522 4627 642 4668 eam
691 4612 981 4683 contigisse
1010 4611 1228 4666 dubium
1268 4626 1372 4665 non
1415 4620 1497 4664 est
1524 4625 1680 4664 occa-

112 4704 244 4758 s'oue
274 4707 621 4760 internorum
653 4705 868 4760 illorum
891 4705 1238 4767 discidiorum
1278 4717 1397 4773 quae
1446 4719 1474 4756 a
1505 4702 1677 4757 schis-

111 4795 302 4852 maticis
329 4797 842 4853 commovebantur.

170 4885 404 4944 Tradunt
449 4889 694 4943 historia:
723 4888 1077 4943 Bononiensis
1129 4886 1420 4955 scriptores
1458 4884 1678 4957 (Gmna-

113 4987 269 5042 υκαι,
298 4978 443 5034 Hist.
468 4980 528 5032 di
553 4978 810 5049 Bologna,
847 4978 941 5032 lib.
983 4978 1064 5047 ιι),
1098 4994 1196 5032 nee
1231 4976 1481 5031 dissentit
1527 4975 1682 5047 Sigo-

113 5064 237 5130 nius,
283 5084 397 5124 suae
427 5070 585 5124 urbis
622 5069 770 5124 cives
801 5069 851 5122 in
908 5067 1012 5121 illis
1055 5066 1317 5122 bellorum
1366 5066 1681 5121 tumultibus

111 5159 300 5229 egregie
356 5160 640 5232 pontiﬁcis
694 5169 879 5230 partes
927 5159 1216 5227 adjuvisse,
1272 5169 1682 5229 memorantque

114 5247 394 5308 institutam
420 5269 486 5311 ea
517 5254 803 5309 occasione
830 5253 1116 5318 militiam,
1136 5254 1186 5307 in
1216 5261 1448 5322 quatuor
1491 5253 1682 5307 cohor-

114 5352 180 5400 lcs
205 5348 572 5414 distributam,
605 5365 670 5405 ex
714 5350 936 5404 totidem
983 5350 1245 5412 tribubus,
1299 5348 1352 5402 in
1388 5363 1522 5417 quas
1550 5347 1679 5401 urbs

113 5434 260 5493 divisa
282 5439 506 5506 fuerat;
550 5442 840 5511 assignatis
887 5442 1176 5511 unicuique
1201 5441 1409 5496 cohorti
1445 5441 1556 5495 suis
1584 5439 1682 5493 tri-

115 5525 249 5584 bunis
290 5539 348 5585 et
393 5530 632 5586 vexillis.
670 5531 796 5587 lude
829 5532 1195 5588 Bouonienses
1219 5532 1536 5602 vexilliferos
1588 5545 1680 5601 ap-

116 5615 314 5679 pellatos
361 5621 540 5677 fuisse
565 5623 767 5678 volunt.
799 5624 960 5678 Addit
1011 5624 1263 5692 Sigonius
1300 5636 1526 5680 creteras
1551 5641 1682 5695 quo-

115 5719 202 5772 que
255 5709 650 5782 Langobardiae
711 5716 870 5768 urbes
932 5715 1326 5772 Bononensinm
1383 5718 1683 5776 imitatione

503 5812 768 5870 ParnuL.
811 5811 937 5871 CLI

1790 3242 2102 3306 institutor,
2163 3254 2323 3310 quem
2379 3255 2521 3295 anno
2569 3243 2932 3311 praecedenti,
2995 3253 3056 3298 ut
3103 3245 3370 3303 diximus.

1788 3333 2033 3405 pontifex
2082 3335 2149 3388 ad
2187 3347 2307 3390 sae
2337 3332 2527 3389 Galliis
2585 3346 2929 3402 evocaverat,
2982 3346 3094 3391 tum
3144 3352 3267 3391 cum
3307 3354 3372 3392 eo

1786 3425 2127 3488 versabatur,
2157 3433 2215 3479 ut
2258 3439 2381 3480 eum
2431 3426 2674 3480 consiliis
2720 3428 2833 3482 suis
2865 3430 3167 3498 adjuvaret.
3201 3429 3370 3483 Erant

1787 3517 1950 3571 etiam
1982 3532 2102 3570 eum
2128 3516 2376 3571 Brunoue
2407 3517 2575 3587 ipsius
2613 3517 2883 3588 discipuli,
2930 3520 3022 3589 qui
3079 3535 3200 3574 cum
3235 3519 3371 3573 tanti

1787 3607 1966 3662 Patris
1992 3609 2294 3663 absentiam
2344 3608 2487 3662 ferre
2541 3624 2646 3663 non
2696 3610 3014 3673 valuissent,
3045 3625 3168 3664 eum
3209 3610 3369 3680 paulo

1787 3707 1910 3768 post
1933 3698 2050 3768 ejus
2080 3699 2399 3761 discessum,
2430 3697 2656 3752 dimissa
2698 3699 3018 3764 Carthusia,
3067 3700 3119 3754 in
3162 3699 3370 3755 Italiam

1787 3791 1957 3844 secuti
1989 3775 2221 3849 fuerant,
2248 3803 2415 3857 quare
2444 3787 2624 3842 Bruno
2645 3789 2945 3844 Carthusia:
2972 3789 3146 3846 locum
3167 3790 3370 3861 Segnio

1787 3883 1971 3937 abbati
2002 3879 2304 3944 Casaa-Dei,
2337 3877 2629 3933 commisit.
2667 3877 2864 3933 \‘erum
2899 3881 3010 3935 sive
3040 3882 3182 3951 quod
3226 3883 3370 3937 inter

1791 3982 1868 4028 tot
1901 3971 2162 4026 tumultus
2186 3969 2310 4025 boni
2346 3968 2421 4022 illi
2450 3967 2692 4023 eremilte
2724 3968 3062 4038 regularibus
3090 3971 3369 4028 exercitiis

1789 4077 1982 4119 vacare
2010 4063 2190 4132 quiete
2247 4076 2356 4115 non
2386 4067 2629 4128 possent,
2679 4060 2793 4114 sive
2848 4059 2992 4129 quod
3044 4060 3222 4115 Bruno
3255 4062 3372 4130 ipse

1788 4157 2013 4211 moleste
2043 4155 2208 4209 ferret
2252 4152 2502 4208 dilectam
2550 4167 2706 4206 suam
2755 4151 3102 4208 Carthusiam
3147 4155 3367 4208 omnino

1787 4262 2015 4303 vacuam
2043 4245 2296 4317 relinqui,
2327 4244 2434 4298 illis
2461 4244 2682 4298 tandem
2713 4246 2987 4313 persuasit
3019 4255 3077 4299 ut
3110 4245 3237 4300 illuc
3267 4247 3366 4300 sub

1790 4337 2075 4400 Landuini,
2115 4351 2274 4406 quem
2315 4336 2397 4390 vir
2425 4345 2647 4389 sanctus
2671 4336 2722 4388 in
2755 4335 2837 4389 sui
2862 4335 3038 4390 locum
3067 4335 3369 4396 Cartbusia:

1789 4433 2026 4503 priorem
2064 4430 2394 4492 instituerat,
2432 4427 2694 4497 regimine
2745 4428 2939 4482 victuri
2987 4436 3363 4483 revertantur:

1788 4523 2024 4593 acceptis
2054 4521 2121 4576 ab
2155 4520 2373 4576 Urbano
2406 4517 2637 4582 litteris,
2688 4518 2844 4587 queis
2888 4517 3182 4587 Seguinum
3214 4532 3369 4585 roga-

1790 4619 1881 4672 bat
1924 4625 1980 4670 ut
2009 4615 2115 4669 illis
2139 4612 2438 4669 Carthusite
2484 4625 2728 4665 ercmum
2760 4609 3088 4664 restitueret.
3117 4608 3267 4674 Quod
3295 4609 3368 4662 ita

1787 4710 1988 4764 factum
2024 4707 2124 4762 fuit
2169 4707 2256 4760 die
2305 4703 2462 4772 hujus
2488 4703 2616 4756 anni
2659 4718 2726 4756 xv
2773 4701 3046 4756 Kalendas
3090 4699 3362 4756 Octobris.

1787 4799 1924 4854 Hinc
1949 4799 2204 4869 colligere
2230 4797 2355 4854 licet
2384 4795 2654 4853 Brunonis
2681 4793 2976 4865 discipulos
3018 4792 3164 4847 circa
3215 4808 3367 4847 men-

1789 4904 1900 4945 sem
1950 4887 2148 4946 Julium
2195 4903 2259 4942 cx
2302 4886 2448 4941 ltaiia
2498 4885 2831 4942 discessisse.
2879 4885 2946 4939 Et
2994 4884 3209 4952 quidem
3258 4899 3365 4937 non

1788 4983 1955 5036 multo
1993 4991 2115 5052 post.
2141 4980 2322 5036 Bruno
2352 4979 2467 5048 ipse
2493 4994 2616 5034 cum
2647 4977 2891 5033 Lanuino
2929 4984 2983 5031 et
3031 4975 3152 5029 aliis
3202 4975 3366 5030 sociis

1787 5079 1840 5131 in
1877 5076 2181 5132 Calabriam
2215 5074 2460 5137 secessit,
2495 5072 2583 5127 ubi
2612 5086 2733 5126 cum
2761 5085 2790 5123 a
2829 5069 3058 5140 Rogerio
3103 5067 3366 5122 Calabria-

1784 5180 1838 5224 et
1857 5169 2053 5224 Sicilire
2080 5169 2277 5223 comite
2304 5167 2444 5220 inter
2463 5163 2787 5226 venandum,
2811 5162 2889 5215 uti
2915 5168 3137 5214 narrant
3162 5156 3364 5226 vulgati

1785 5268 2054 5322 auctores,
2089 5255 2291 5311 inventi
2331 5255 2584 5318 fuissent,
2625 5253 2800 5306 losum
2847 5249 3130 5305 condendo
3182 5261 3366 5300 mona-

1783 5351 1949 5409 sterio
1977 5359 2160 5420 aptum
2192 5350 2259 5402 ab
2283 5363 2346 5401 eo
2374 5354 2715 5414 acceperunt.
2743 5343 2813 5400 Ut
2834 5353 2893 5399 ut
2913 5342 2979 5397 sit
3005 5342 3070 5396 de
3107 5354 3168 5394 ea
3198 5339 3366 5393 histo-

1752 5452 1753 5455 ‘
1785 5444 1888 5506 ria,
1916 5442 2184 5512 Rogcrins
2210 5441 2324 5508 ipse
2354 5439 2404 5490 in
2437 5437 2750 5507 diplomate,
2783 5436 2926 5505 quod
2975 5433 3078 5488 hoc
3115 5446 3256 5485 anno
3305 5431 3362 5484 in

1785 5550 1970 5591 eorum
2000 5533 2230 5604 gratiam
2261 5529 2448 5588 edidit,
2494 5537 2672 5581 notum
2705 5527 2941 5581 omnibus
2968 5525 3079 5577 vult
3114 5538 3244 5586 esse,
3271 5536 3362 5588 per

1787 5627 1882 5680 Dei
1910 5621 2341 5683 misericordium,
2371 5637 2400 5674 τι
2426 5619 2720 5675 Galliarum
2747 5619 2982 5687 partibus
3002 5617 3070 5668 uti
3105 5615 3362 5681 regionem

1789 5718 2048 5777 Calabrirr
2077 5724 2270 5771 sancta‘
2306 5713 2567 5785 religionis
2616 5713 2776 5773 τίνος,
2821 5709 3121 5763 Brunousm
3167 5705 3362 5758 scilicet

2768 5808 2804 5865 3
