3962 6312
599 323 667 377 75

1853 299 1911 353 Β.
1957 295 2204 352 υιιιιΑΝι
2234 295 2272 350 ιι
2297 293 2495 351 ΡΑΡΕ

599 452 647 496 et
677 445 974 494 Lanutnum
1000 445 1112 484 cum
1143 440 1316 481 eorum
1347 421 1520 485 sociis,
1544 416 1871 489 pervenisse;
1902 414 2013 484 qui,
2043 427 2165 466 con-
2198 420 2240 474 Α
2271 411 2456 465 moria:
2500 410 2744 481 magistri
2788 409 3055 466 Brunonis
3098 411 3418 469 successisse
3458 413 3767 485 cognovimus.

601 521 792 600 tempta
818 522 1101 580 mundialis
1128 518 1308 588 gloria:
1357 513 1604 573 vanitate,
1637 505 1734 562 soli
1765 505 1872 558 Deo
1910 502 2164 572 elegerant

599 589 844 676 militare.
877 615 1081 670 Horum
1109 611 1304 676 itaque,
1339 603 1410 672 pii
1445 599 1705 670 principis
1755 592 1917 649 verba
1966 589 2165 654 refero,

600 710 913 768 desiderium
941 720 1032 774 ego
1062 711 1394 769 cognoscens,
1425 702 1471 746 et
1495 692 1728 761 ipsorum
1756 684 1954 739 meritis
1980 692 2025 736 et
2050 696 2166 750 pre-

603 805 745 857 ctbus
795 797 934 867 apud
979 795 1146 848 Deum
1198 783 1444 857 adjuvari
1489 780 1822 842 desiderans,
1873 775 1937 829 ab
1990 788 2168 828 eorum

602 893 854 946 charitate
908 884 1086 939 ntultis
1133 878 1370 952 precibus
1423 871 1644 936 obtinui,
1697 878 1752 922 ut
1793 868 2016 922 interra
2054 879 2169 915 mea

601 985 769 1038 locum
807 979 904 1033 sibi
934 971 1268 1028 habitabilem
1308 965 1576 1036 eligerent,
1600 963 1654 1015 in
1681 975 1781 1031 quo
1825 957 1894 1010 ad
1950 953 2169 1010 servien-

601 1077 726 1128 dum
781 1071 890 1125 Deo
919 1066 1094 1139 qualia
1117 1062 1296 1116 retlent
1321 1053 1617 1110 habitacula
1639 1044 2076 1122 prapararent.‘f
2080 1058 2168 1098 um

601 1169 682 1223 eis
712 1166 888 1220 locum
917 1135 1215 1215 solitarium
1268 1149 1507 1218 assignat
1561 1145 1702 1200 inter
1736 1143 1910 1195 Arena
1948 1148 1997 1192 et
2027 1135 2171 1204 oppi-

603 1260 729 1311 dum
758 1252 966 1315 Stilum,
989 1261 1113 1302 cum
1141 1253 1248 1298 tota
1279 1238 1427 1303 silva,
1456 1245 1587 1300 etc.,
1623 1249 1713 1302 per
1741 1231 1902 1284 leuca:
1947 1227 2170 1298 spatium
2213 1233 2216 1236 ‘

605 1353 659 1402 in
689 1346 940 1402 circuitu.
969 1337 1138 1406 Hujus
1167 1331 1334 1390 eremi
1361 1325 1647 1385 ecclesiam
1675 1319 1909 1378 dedicari
1964 1313 2172 1370 curavit

605 1438 746 1492 idem
779 1429 1042 1503 Rogerius
1078 1430 1218 1480 anno
1251 1419 1408 1484 1094,
1453 1416 1598 1487 quod
1647 1413 1715 1503 ab
1767 1409 2172 1477 archiepiscopo

602 1494 1007 1586 Panormitano,
1038 1511 1418 1571 assistentibus
1445 1505 1565 1560 aliis
1601 1501 1836 1572 quinque
1881 1494 2168 1567 episcopis,

604 1623 804 1676 factum
845 1614 1030 1676 fuisse,
1057 1606 1298 1664 declarat
1335 1603 1389 1656 in
1435 1599 1604 1654 altera
1630 1595 1840 1656 charta,
1890 1603 2008 1659 qua:
2030 1587 2173 1642 edita

602 1721 687 1764 est
708 1724 737 1762 a
765 1703 982 1759 Boccho
1005 1697 1211 1770 Pyrrho
1232 1704 1376 1748 torno
1399 1689 1462 1743 ιιι
1511 1684 1706 1742 Siciliae
1731 1696 1918 1738 sacrae.
1936 1677 2171 1732 Primam

2270 501 2355 556 Sit
2378 517 2508 573 ergo
2538 504 2591 558 in
2621 514 2671 560 te
2695 503 2932 573 ejusdem
2960 504 3061 558 viri
3088 505 3327 575 spiritus,
3361 507 3492 562 idem
3535 508 3596 562 sit
3617 511 3771 564 eremia

2272 595 2390 649 ticze
2421 595 2544 652 vita:
2583 597 2766 666 vigor,
2819 611 3005 654 eorum
3038 613 3250 653 morum
3293 607 3348 654 et
3386 599 3641 669 gravitatis
3675 616 3773 657 oon-

2270 682 2503 748 stantia;
2570 685 2698 753 quia
2743 699 2841 739 nos
2858 726 2882 766 ,Ι
2926 684 3228 753 opitulante
3281 686 3522 752 Domino,
3563 687 3774 760 quidquid

2272 773 2610 874 auctoritatis
2639 783 2694 828 et
2719 775 3007 843 petestatis
3036 775 3207 844 ipsius
3253 775 3489 847 Magistri
3535 780 3774 847 probabilis

2272 864 2530 931 sapientia
2579 873 2634 920 et
2685 865 2872 933 religio
2913 866 2980 921 ab
3031 866 3327 935 apostolica
3379 868 3498 923 sede
3533 875 3776 938 promeruit

2273 953 2656 1022 personaliter,
2705 955 2807 1010 hoc
2857 956 2953 1011 tibi
2997 957 3184 1012 eodem
3228 969 3280 1012 te
3319 958 3502 1028 spiritu
3544 961 3778 1017 comitante

2273 1042 2633 1142 concedimus.
2677 1065 2696 1098 ι
2734 1046 2892 1102 Certe
2942 1065 3049 1104 non
3103 1050 3409 1107 Brnnonem
3451 1054 3622 1121 modo,
3649 1056 3724 1112 sed
3741 1069 3778 1110 et

2273 1134 2447 1200 ipsum
2482 1134 2784 1193 Lanuinum
2821 1143 3143 1212 quandoque
3181 1144 3428 1200 Urbanus
3461 1147 3524 1201 ad
3553 1162 3608 1201 se
3645 1163 3780 1204 accer-

2273 1223 2460 1291 sebat,
2510 1236 2569 1280 ut
2607 1242 2673 1282 ex
2707 1229 2855 1284 brevi
2901 1232 3016 1302 ejus
3049 1235 3276 1302 epistola
3302 1235 3623 1292 manifestum
3647 1248 3729 1294 est.

2273 1332 2528 1391 LXXXII.
2572 1336 2813 1395 Urbanus
2839 1341 3182 1414 Campaniam
3213 1348 3483 1404 inuisit.—
3501 1349 3780 1407 Privileaium

2395 1496 2406 1507 .
2659 1499 2699 1507 Π
2735 1501 2747 1507 _
2904 1411 2978 1466 SI
2995 1414 3193 1470 Basoli.

2309 1589 2320 1600 I
2345 1496 2529 1600 iisum
2551 1511 2634 1554 est
2659 1499 2875 1556 Urbano
2898 1504 3040 1558 circa
3068 1505 3228 1575 hujus
3262 1507 3390 1561 anni
3420 1509 3664 1571 medium.
3689 1525 3781 1563 cum

2274 1589 2322 1642 ei
2353 1588 2537 1645 Romae
2567 1593 2654 1645 vix
2688 1595 2960 1663 respirare
3005 1596 3207 1661 liceret,
3258 1600 3559 1668 provincias
3599 1600 3783 1669 Rogerio

2273 1688 2329 1732 et
2358 1679 2666 1736 Boamundo
2689 1683 2961 1753 subjectas
2989 1685 3164 1751 adire,
3221 1697 3282 1742 ut
3324 1689 3397 1744 ibi
3427 1689 3574 1757 paulo
3610 1691 3784 1745 liberius

603 1814 733 1856 vero
760 1798 875 1867 ejus
903 1788 1164 1863 principis
1194 1783 1538 1840 donationem
1593 1773 1826 1832 ﬁrmavit
1865 1783 1919 1826 et
1954 1767 2159 1837 amplia-
2206 1754 2246 1812 Β
2277 1785 2455 1824 rerutn
2501 1772 2994 1830 ecclesiasticarum
3051 1793 3238 1831 curam
3287 1754 3486 1848 ageret.
3517 1780 3659 1834 Certe
3692 1796 3784 1834 cun;

604 1892 682 1946 vit
705 1860 1020 1944 Theodorus
1057 1874 1448 1948 Squillacensis
1481 1870 1729 1931 antistes,
1777 1866 1828 1918 in
1859 1861 2012 1932 cujus
2036 1860 2170 1914 dia:-

603 1987 712 2042 ccsi
744 1985 846 2038 sita
873 1988 992 2037 erat
1022 1991 1158 2030 nova
1189 1971 1279 2026 illa
1306 1965 1618 2029 Carthusia,
1646 1961 1720 2015 uti
1753 1975 1817 2015 ex
1844 1959 1958 2028 ejus
1987 1955 2173 2010 charta

603 2083 752 2146 patet
795 2074 940 2131 data,
998 2067 1084 2122 die
1141 2063 1207 2118 ιϐ
1239 2057 1549 2116 Decembris
1597 2053 1755 2123 hujus
1811 2049 1962 2114 anui,
2014 2059 2173 2116 quam

604 2136 764 2222 simul
813 2178 932 2218 cum
964 2156 1183 2228 Rogorii
1224 2151 1514 2208 donatione
1563 2144 1815 2200 Urbanus
1859 2147 1980 2210 post
2024 2136 2177 2191 bien-

603 2260 775 2320 nium,
801 2265 855 2310 et
877 2252 1090 2308 tandem
1127 2242 1402 2301 Paschalis
1423 2238 1540 2307 ejus
1562 2248 1846 2291 successor
1880 2229 2174 2285 conﬁrma-

603 2319 818 2412 verunt,
845 2354 902 2400 ut
926 2343 1107 2398 videre
1134 2346 1217 2395 est
1240 2334 1378 2406 apud
1416 2328 1694 2403 Ughellum
1725 2335 1869 2381 tomo
1912 2321 1982 2377 ιιι
2015 2319 2178 2377 ltalite

606 2460 794 2500 ειιριω.

681 2531 874 2597 Quattti
916 2535 1094 2584 autem
1122 2523 1427 2578 Brunonent
1476 2513 1669 2570 fecerit
1711 2510 1982 2574 Urbanus,
2025 2517 2179 2561 exeo

608 2633 754 2697 patet
775 2621 942 2694 quod,
971 2626 1196 2674 vacante
1226 2624 1353 2668 tunc
1376 2606 1634 2677 temporis
1674 2601 1962 2672 Rhegiensi
1997 2597 2180 2653 Eccle-

608 2690 712 2782 sia,
740 2690 858 2785 qua:
887 2711 1154 2784 praecipua
1179 2714 1261 2760 cst
1291 2699 1555 2758 Calabria:
1577 2693 1912 2764 mcIrOpolis,
1948 2690 2014 2745 ad
2060 2703 2180 2744 eam

608 2810 784 2877 ipsum
808 2805 1036 2860 evehere
1067 2797 1241 2853 modis
1281 2790 1532 2849 omnibus
1586 2794 1811 2842 conatus
1856 2780 2052 2842 fuerit,
2087 2776 2182 2832 sed

608 2875 835 2954 frustra.
870 2895 961 2949 Vir
986 2891 1184 2962 quippe
1231 2892 1453 2941 sanctus
1487 2875 1832 2935 Carthusiam
1883 2884 2036 2926 suam
2066 2882 2183 2923 om-

608 2990 770 3045 nibus
795 2983 975 3042 srcculi
1003 2977 1352 3052 dignitatibus
1374 2970 1772 3042 anteponebat;
1821 2965 1929 3018 imo
1966 2969 2021 3016 et
2061 2973 2184 3015 eam

607 3079 933 3150 praetulisset
981 3073 1081 3143 ipsi
1129 3069 1294 3126 etiam
1349 3063 1619 3136 pontiﬁcis
1670 3057 1968 3120 comitatui,
2016 3055 2062 3111 si
2106 3053 2182 3109 illi

610 3145 805 3226 fuisset
831 3166 1180 3238 permissum,
1205 3158 1346 3229 quod
1375 3160 1489 3226 ipse
1525 3159 1862 3209 contestatur
1883 3149 1938 3203 in
1960 3145 2187 3218 epistola

613 3263 680 3318 ad
711 3275 837 3317 suos
858 3254 1271 3313 Carthusieuses
1299 3246 1625 3315 conscripta,
1657 3243 1709 3296 in
1749 3255 1855 3311 qua
1899 3239 1980 3293 sic
2007 3236 2184 3307 loqui-

610 3364 737 3409 tur:
772 3351 848 3405 De
872 3365 970 3413 me,
1001 3347 1212 3416 fratres,
1245 3341 1446 3405 scitote,
1483 3335 1745 3416 quoniam
1796 3330 1922 3384 mihi
1975 3329 2185 3382 unicum

608 3454 721 3516 post
749 3441 914 3496 Deum
935 3414 1010 3493 est
1032 3430 1358 3488 desiderium
1375 3414 1610 3482 ueniendi
1663 3423 1731 3477 ad
1765 3437 1873 3486 vos,
1905 3429 1952 3472 et
1978 3417 2186 3488 quando

609 3506 811 3604 potero,
837 3544 989 3600 opere
1013 3520 1325 3593 adiutplebo.
1358 3517 1517 3573 Plura
1565 3514 1638 3569 ibi
1684 3511 1847 3568 habet
1893 3509 1958 3564 de
2001 3506 2184 3562 mundi

611 3601 925 3692 contemptu
953 3627 1009 3674 et
1058 3627 1245 3672 eorum
1295 3609 1555 3666 felicitate
1601 3606 1692 3676 q-.i
1745 3603 1996 3660 omnibus
2041 3601 2188 3656 curis

609 3690 850 3784 exempti
875 3711 973 3765 uni
997 3710 1104 3763 Deo
1127 3706 1181 3760 in
1205 3701 1492 3758 solitudine
1526 3710 1720 3751 vacare
1747 3702 1988 3766 possunt.
2024 3690 2188 3745 Simi-

615 3811 705 3871 lia,
730 3781 840 3860 imo
869 3810 924 3856 et
953 3798 1102 3870 plura
1137 3796 1422 3857 habentur,
1479 3791 1532 3844 in
1573 3787 1742 3842 altera
1792 3785 1908 3856 ejus
1958 3781 2184 3854 cpistola

615 3899 682 3954 ad
727 3892 1065 3962 Radulphum
1113 3886 1344 3942 Viridem
1395 3891 1523 3936 tunc
1563 3876 1945 3948 praepositum,
1999 3882 2186 3944 postea

615 3984 1080 4054 archiepiscopum
1106 3977 1447 4037 Remensem,
1497 3984 1653 4025 suum
1700 3967 1854 4031 olim,
1884 3979 2003 4019 cum
2036 3966 2087 4017 in
2125 3977 2188 4018 ea

615 4079 752 4134 urbe
783 4081 1106 4134 moraretur,
1133 4066 1475 4121 familiarem.
1509 4059 1682 4115 Porro
1709 4057 1776 4112 ad
1794 4056 1941 4112 hunc
1986 4069 2184 4108 annum

621 4167 892 4225 Brunonis
919 4163 987 4219 ad
1016 4161 1372 4230 Rhegiensem
1414 4151 1936 4221 archiepiscopatum
1968 4144 2187 4200 electio-

618 4274 762 4323 nem,
793 4269 954 4328 quam
981 4249 1178 4321 vulgati
1208 4255 1457 4302 auctores
1501 4255 1642 4296 anno
1691 4239 1828 4293 £095
1869 4235 2188 4305 consignare

614 4327 820 4414 solent,
841 4347 958 4402 ideo
987 4353 1324 4401 revocamus,
1353 4333 1494 4404 quod
1525 4332 1628 4386 hoc
1677 4327 2012 4385 solummodo
2045 4339 2188 4380 anno

2276 1862 2375 1914 sub
2404 1862 2635 1918 medium
2667 1866 2870 1920 mensis
2898 1867 3124 1936 Augusti
3157 1868 3258 1922 hoc
3282 1883 3424 1921 anno
3458 1870 3508 1922 in
3548 1869 3784 1938 Campania

2278 1955 2552 2011 exstitisse
2592 1965 2800 2012 constat
2854 1975 2918 2013 ex
2966 1958 3244 2030 privilegio
3272 1962 3444 2016 sancti
3472 1961 3654 2026 Basoli,
3681 1961 3785 2030 quod

2278 2047 2549 2106 Sinuessa:
2592 2052 2776 2106 datum
2824 2061 2907 2108 est
2955 2053 3055 2108 hoc
3097 2070 3240 2110 anno
3280 2055 3366 2110 die
3410 2070 3536 2108 xvnt
3577 2054 3788 2108 Kalendas

2281 2140 2635 2211 Septembris,
2668 2145 2981 2201 Burchardo
3026 2145 3262 2214 ejusdem
3308 2147 3411 2202 loci
3453 2147 3618 2202 abbati
3639 2146 3789 2204 inscri-

2281 2239 2448 2284 Dtum.

2279 2246 2448 2300 ptum.

2280 2344 2677 2433 LXXXIll.nS..‘
2707 2351 2950 2433 Anselnto
2981 2353 3179 2433 scribit.
3205 2370 3298 2433 pro
3347 2352 3573 2433 Fulcone
3610 2352 3790 2421 episcopo

2562 2419 3254 2478 Bellovacensi.—Anselmi
3286 2426 3567 2493 responsio.

2351 2509 2516 2565 Paulo
2545 2521 2694 2576 ante,
2739 2529 2932 2584 nempe
2978 2515 3110 2584 ipsis
3151 2516 3407 2572 Kalendis
3455 2515 3682 2586 Augusti,
3707 2527 3794 2566 nam

2281 2615 2346 2655 ex
2396 2617 2576 2655 rerum
2624 2603 2764 2659 serie
2797 2604 2846 2658 id
2879 2604 2979 2660 hoc
3003 2622 3146 2660 anno
3191 2606 3394 2662 factum
3437 2607 3595 2661 fuisse
3617 2612 3793 2663 constat,

2281 2692 2519 2762 pontifex
2557 2709 2622 2748 ex
2651 2695 2784 2749 urbe
2806 2694 2986 2766 Capua
3015 2696 3081 2749 ad
3121 2696 3340 2751 beatum
3389 2697 3677 2752 Anselmum
3703 2703 3792 2747 tunc

2284 2785 2542 2853 temporis
2571 2785 2894 2842 Bcccensem
2927 2788 2978 2842 in
3010 2787 3408 2844 Northmannia
3453 2791 3680 2845 abbatem
3700 2784 3796 2839 scri-

2284 2887 2486 2945 pserat,
2520 2886 2580 2931 ut
2607 2878 2653 2932 ei
2696 2877 2987 2933 Fulconem
3037 2879 3472 2937 Bellovaccnsem
3525 2880 3795 2949 episcopum.

2286 2976 2443 3021 antea
2483 2968 2805 3022 monachum
2836 2968 3162 3024 Bcccensem
3191 2970 3458 3040 et.ipsius
3487 2967 3698 3023 Anseltui
3740 2963 3800 3016 di-

2213 3094 2258 3156 c
2288 3054 3039 3156 scipulum,_cont-tuendaret;
3092 3059 3217 3128 quia
3254 3074 3388 3115 vero
3438 3059 3525 3113 ille
3551 3057 3612 3112 ad
3644 3062 3800 3109 tantum

2289 3161 2426 3200 onus
2456 3146 2831 3201 sustinendum
2853 3147 3045 3216 impar,
3072 3149 3116 3202 si
3172 3147 3320 3204 solus
3354 3157 3515 3212 esset,
3558 3145 3798 3201 videbatur,

2290 3238 2448 3293 beato
2475 3237 2658 3291 abbati
2691 3239 2910 3292 mantat
2941 3238 3202 3308 pontifex,
3235 3249 3294 3293 ut
3324 3241 3371 3294 ei
3410 3240 3541 3309 ipse,
3569 3246 3652 3291 aut
3675 3241 3808 3312 certe,

2290 3344 2354 3384 eo
2387 3328 2659 3399 impedito,
2689 3327 2888 3398 aliquis
2912 3346 2975 3383 ex
3021 3329 3140 3400 ejus
3170 3330 3451 3397 fratribus,
3483 3343 3678 3400 semper
3699 3323 3799 3379 assi-

2290 3428 2398 3474 stat
2422 3421 2565 3474 illius
2585 3421 2820 3491 episcopi
2844 3423 3087 3485 monitor,
3119 3435 3384 3478 corrector
3405 3436 3554 3493 atque
3577 3417 3800 3475 consultat.

2293 3511 2427 3566 Tum
2458 3515 2746 3568 certiorem
2779 3529 2900 3568 eum
2935 3513 3086 3578 facit,
3114 3529 3193 3580 sc,
3235 3516 3498 3586 quidquid
3525 3516 3575 3570 in
3615 3509 3800 3580 ejusdem

2291 3604 2525 3674 episcopi
2591 3604 2934 3658 ordinatione
2986 3605 3237 3658 vitiosum
3291 3607 3530 3676 irrepere
3581 3603 3801 3674 potuerat.

2291 3695 2588 3751 indulsisse.
2616 3695 2854 3765 Denique
2877 3695 3025 3750 varia
3055 3696 3312 3751 Attselmo
3338 3697 3548 3766 negotia
3585 3703 3804 3747 commen-
3908 3695 3909 3760 ς

2293 3787 2404 3853 dat,
2447 3802 2566 3858 qua:
2616 3787 2668 3840 in
2699 3784 2814 3854 ejus
2839 3785 3064 3855 epistola
3092 3757 3453 3855 explicantur.
3482 3788 3546 3839 At
3595 3783 3681 3848 ibi,
3704 3780 3803 3834 sicut
3845 3838 3848 3842 ι
3908 3757 3909 3760 η

2291 3878 2425 3932 etin
2453 3877 2570 3931 aliis
2599 3877 2800 3946 passim
2832 3875 3033 3931 Urbani
3084 3877 3350 3946 epistolis,
3400 3879 3448 3932 o‘.
3472 3887 3674 3932 servare
3714 3869 3804 3922 licet

2291 3963 2434 4047 illius
2460 3965 2872 4020 sollicitudinem
2912 3974 2966 4018 ct
2994 3981 3180 4020 curam
3210 3964 3262 4019 in
3314 3963 3643 4021 accersendis
3677 3958 3730 4013 ad
3765 3966 3804 4007 se

2289 4055 2422 4109 viris
2453 4055 2623 4110 doctis
2651 4065 2703 4110 et
2730 4056 2852 4125 piis,
2904 4055 2995 4124 qui
3023 4071 3146 4109 eum
3196 4056 3261 4109 ad
3313 4056 3645 4126 pontificatus
3680 4059 3804 4104 onera

2290 4147 2604 4202 sustinenda
2629 4147 2964 4216 adjuvareut.
3007 4145 3307 4215 Respondit
3329 4159 3446 4218 post
3488 4143 3683 4216 aliquod
3709 4150 3804 4193 tem-

2289 4252 2390 4307 pus
2412 4235 2614 4292 Urbani
2636 4236 2832 4291 litteris
2855 4235 3168 4302 Auselmus,
3199 4245 3256 4291 ut
3288 4240 3339 4293 ei
3364 4240 3430 4294 de
3457 4235 3705 4296 Fulconis,
3739 4240 3806 4298 βυτ

2291 4344 2452 4400 quem
2479 4329 2598 4383 illas
2627 4337 2936 4397 acceperat,
2973 4328 3238 4384 electione
3271 4332 3535 4384 rationem
3589 4325 3802 4380 redderet.

615 4445 714 4498 sub
745 4437 946 4496 Urbani
973 4431 1289 4505 pontiﬁcatu
1322 4424 1480 4480 sedes
1503 4421 1594 4476 illa
1614 4435 1782 4476 vacua
1812 4418 1994 4483 fuerit,
2013 4424 2186 4473 morte
2212 4427 2263 4486 Ι)
2291 4419 2353 4473 Εἰ
2409 4419 2525 4474 viro
2551 4434 2834 4473 assensum
2889 4433 3044 4472 suum
3101 4420 3399 4488 praebuisse
3445 4423 3701 4475 asseverat
3746 4423 3808 4462 co-

613 4533 822 4588 scilicet
853 4521 1115 4592 Arnulphi
1155 4511 1580 4585 archiepiscopi,
1636 4511 1744 4576 cui,
1796 4517 2078 4565 recusante
2107 4508 2186 4564 di-

615 4627 874 4692 gnitatem
907 4616 1051 4672 illam
1076 4612 1347 4672 Brunone,
1393 4603 1714 4660 substitutus
1755 4611 1839 4656 est
1880 4601 1979 4656 sub
2028 4599 2186 4669 hujus

615 4690 742 4768 anni
801 4710 963 4764 ﬁnem
1041 4698 1366 4770 Rangerius.
1432 4694 1533 4749 llic
1593 4693 1790 4763 quippe
1849 4690 2185 4762 privilegium

616 4799 884 4857 Theodori
912 4789 1300 4866 Squillacensis
1321 4784 1555 4856 episcopi
1581 4798 1741 4852 supra
1762 4782 2034 4836 laudatum
2057 4795 2187 4835 con-

617 4893 855 4948 ﬁrmavit
877 4889 962 4944 die
996 4887 1060 4941 Π
1092 4879 1402 4939 Decembris
1447 4891 1589 4930 anno
1628 4875 1798 4938 1090,
1845 4873 2187 4942 archiepisco-

615 5001 713 5055 pus
742 4977 1044 5052 Rhegiensis
1073 4974 1285 5036 electus,
1325 4984 1390 5025 ac
1429 4967 1680 5034 deinceps
1705 4965 1776 5020 ad
1804 4978 2004 5018 annum
2051 4961 2188 5016 H06

616 5075 781 5130 variis
803 5067 1046 5126 conciliis
1074 5075 1128 5122 et
1154 5061 1385 5134 publicis
1409 5058 1787 5115 instrumentis
1806 5054 2186 5124 subscripsisse

619 5170 952 5220 memoratur
978 5158 1076 5212 sub
1111 5151 1508 5222 archiepiscopi
1549 5147 1725 5213 titulo,
1771 5155 1830 5200 ut
1875 5146 2059 5200 videre
2105 5152 2189 5199 est

621 5255 758 5330 apud
790 5249 1067 5323 Ughellum
1101 5257 1244 5301 tomo
1291 5243 1361 5298 lx
1411 5241 1574 5295 italiae
1606 5253 1792 5293 saeue.
1843 5235 2044 5290 Verum
2084 5234 2187 5289 etsi

621 5328 798 5402 B'rnuo
829 5342 974 5398 nulla
1003 5340 1231 5410 fulgeret
1260 5335 1539 5406 dignitate,
1592 5330 1759 5385 nihilo
1803 5338 1980 5383 tamen
2014 5328 2189 5381 minor

619 5439 723 5495 fuit
749 5434 889 5507 apud
918 5430 1227 5504 pontificem
1254 5425 1370 5495 ejus
1407 5424 1723 5486 auctoritas,
1769 5430 1827 5474 ut
1873 5428 2067 5490 praeter
2088 5434 2190 5473 ca:-

621 5543 736 5584 tera
765 5525 956 5596 probat
978 5519 1256 5577 Paschalis
1277 5515 1321 5571 ιι
1341 5514 1564 5586 epistola
1593 5513 1657 5567 ad
1690 5511 1995 5566 Lauuinum
2021 5510 2189 5580 ipsius

622 5623 672 5676 in
697 5617 959 5674 Calabrici
989 5609 1301 5669 monasterii
1331 5607 1591 5677 regimine
1614 5618 2008 5667 successorem,
2026 5617 2186 5672 quem

621 5703 697 5772 sic
727 5708 966 5783 pontifex
998 5704 1322 5774 alloquitur;
1362 5719 1380 5752 ι
1415 5698 1489 5752 Te
1521 5698 1572 5752 in
1619 5697 1793 5750 locum
1833 5703 2033 5751 sant-ta:
2080 5710 2190 5750 tne-

2293 4518 2469 4563 actum
2499 4507 2832 4563 Francorum
2864 4509 2998 4580 regis
3015 4519 3060 4562 et
3090 4508 3215 4562 cleri
3234 4509 3626 4572 Bellovacensis,
3655 4508 3806 4559 instas.

2290 4601 2387 4666 tia,
2415 4615 2531 4653 cum
2560 4615 2776 4653 assensu
2811 4598 3077 4652 Remensis
3125 4601 3521 4670 archiepiscopi,
3564 4597 3692 4652 nullo
3715 4588 3808 4645 reti.

2289 4699 2485 4753 stente;
2518 4689 2589 4742 ita
2618 4696 2697 4753 ut,
2727 4688 2852 4752 nisi,
2879 4689 3054 4757 inquit
3077 4688 3158 4741 vir
3184 4698 3429 4754 sanctus,
3476 4691 3568 4742 hoc
3610 4687 3804 4755 facerem.

2271 4776 2456 4830 Deum
2480 4777 2712 4831 timerem
2736 4776 3016 4845 o/fendere.
3053 4776 3231 4844 Quare
3259 4779 3565 4847 pontificem
3587 4778 3734 4840 rogat.
3770 4770 3810 4818 ιιι

2288 4868 2427 4923 datis
2453 4869 2522 4922 ad
2569 4868 3070 4937 archiepisc0pum,
3124 4868 3372 4938 aliosque
3422 4864 3691 4939 provincia:
3728 4857 3808 4910 Re-

2292 4962 2492 5016 mensis
2519 4960 2808 5026 antistites,
2838 4960 2943 5013 imo
2974 4968 3027 5014 et
3071 4961 3138 5014 ad
3178 4959 3578 5015 Bellovacenses
3605 4960 3810 5025 proceres

2288 5053 2407 5106 aliis
2437 5051 2656 5116 litteris,
2693 5049 2986 5105 Fulconem
3021 5048 3133 5118 jam
3178 5053 3416 5106 secundo
3470 5052 3677 5105 [iniriam
3718 5051 3807 5109 pro-

2291 5145 2494 5200 fectum
2529 5141 2790 5199 adversus
2814 5141 3108 5197 malevolos
3134 5143 3384 5199 homines
3419 5159 3447 5196 a
3479 5141 3660 5212 quibus
3678 5135 3808 5190 ferme

2289 5235 2721 5306 oppritnebatur,
2789 5250 2884 5289 sua
2956 5237 3282 5290 auctoritate
3335 5233 3667 5290 communiat.
3705 5224 3804 5276 Tum

2290 5328 2618 5396 compatitur
2647 5327 2732 5381 vir
2756 5335 2979 5382 sanctus
3017 5327 3068 5380 in
3103 5328 3204 5382 hac
3241 5328 3487 5398 epistola,
3525 5337 3634 5394 qum
3673 5311 3805 5372 e515?)

2292 5420 2414 5475 libri
2462 5435 2523 5486 ιι,
2583 5417 2825 5491 pontiﬁci
2889 5419 2943 5473 in
2996 5420 3175 5476 medio
3208 5419 3601 5474 tribulationum
3651 5407 3803 5480 posite.

2292 5514 2518 5582 ideoque
2551 5513 2648 5582 ipsi
2686 5527 2812 5567 suas
2842 5526 3172 5581 suorumque
3201 5510 3428 5566 fratrum
3474 5519 3647 5579 preces
3691 5495 3808 5570 poll‘

2291 5613 2466 5668 cctur,
2506 5613 2560 5656 ut
2590 5604 2637 5657 ei
2662 5603 2803 5657 Deus
2831 5602 3028 5672 mitiget
3053 5619 3085 5655 α
3113 5602 3294 5656 diebus
3313 5601 3463 5655 malis
3495 5604 3643 5652 donec
3668 5587 3803 5660 fodia-

2295 5705 2379 5748 tur
2407 5694 2666 5764 pcccatori
2693 5695 2859 5762 fovea.
2892 5694 3132 5763 Denique
3162 5693 3403 5764 pra‘dicit
3431 5691 3563 5766 quod
3591 5686 3708 5741 Deus
3727 5690 3804 5730 mm
