3962 6312
161 300 217 353 77
1634 294 1722 348 νὲἸ

3299 293 3365 349 78

159 394 383 460 relinquet
410 385 604 455 virgam
638 393 968 452 peccatorum
1017 400 1170 452 super
1198 393 1386 439 sortem
1405 384 1698 453 justorum;
1727 386 1778 443 A
1808 391 2085 440 auctorum
2131 383 2292 438 etiam
2334 381 2615 452 :equalium
2665 381 2983 437 testimoniis
3008 382 3095 438 vix
3151 382 3370 454 intelligi

156 484 266 553 quia
303 476 646 533 hereditatem
699 491 848 528 suam
898 490 1002 529 non
1045 475 1384 544 derelinquet,
1439 483 1487 528 et
1536 484 1700 542 porta:

157 572 297 640 inferi
364 585 466 622 non
531 566 882 637 praualebunt
953 567 1200 622 adversm
1260 581 1396 620 eam.
1463 567 1700 635 Denique

157 660 469 733 privilegium
501 672 600 728 pro
623 672 722 712 suo
747 657 1003 713 Beccensi
1057 661 1390 713 monasterlo
1443 656 1698 726 postulat,

155 753 282 822 quod
330 765 394 804 an
433 763 670 816 unquam
717 748 1089 813 impetraverit
1138 748 1404 803 incertum
1432 759 1534 804 est.
1563 748 1700 816 Quid

156 862 270 902 vero
310 853 493 915 postea
527 841 748 899 Fulconi
803 840 1091 910 contigerit
1141 840 1196 894 in
1249 842 1702 911 consequentibus

157 937 392 990 dicemus.
777 947 802 962 -'

155 1045 412 1102 LXXXIV.
456 1043 746 1110 Conﬁrmat
771 1043 1039 1112 privilegia
1086 1041 1332 1098 Ecclesia:
1364 1043 1702 1100 Ravellensis.

215 1113 1086 1204 [Episcoportuniordinatiqnes.‘Ea:
1106 1115 1189 1167 his
1204 1115 1336 1182 forte
1355 1114 1703 1186 Berengarius

226 1180 446 1239 Venusii.
477 1184 560 1235 An
581 1180 933 1236 Guitmundus
961 1184 1189 1237 Aversor.

219 1298 410 1352 Interea
438 1296 712 1360 Urbanus,
736 1310 856 1350 cum
885 1296 1025 1364 apud
1055 1295 1337 1350 Salernum
1377 1307 1541 1362 esset,
1597 1298 1706 1353 Ra-

159 1389 386 1443 velleusis
416 1403 511 1442 seu
557 1386 892 1442 Rebellensis
921 1387 1195 1452 Ecclesiae,
1247 1403 1406 1458 quam
1434 1389 1618 1445 Vict-or
1640 1390 1705 1445 111

159 1484 262 1551 ejus
285 1483 531 1536 decessor
557 1479 610 1533 in
634 1477 989 1548 episcopalem
1017 1479 1197 1533 sedem
1240 1489 1508 1546 erexerat,
1537 1481 1702 1550 privi-

162 1573 281 1644 legia
308 1571 668 1635 conﬁrmavit,
700 1570 826 1625 dato
848 1568 1142 1640 diplomate
1169 1570 1255 1626 die
1283 1571 1400 1640 ipso
1428 1571 1703 1627 Nonarum

165 1664 473 1718 Octobrium.
1521 1713 1527 1717 ,

229 1755 424 1810 Creavit
464 1754 629 1810 etiam
683 1753 932 1810 Urbanus
999 1755 1242 1810 diversos
1293 1755 1576 1826 episcopos
1612 1770 1709 1825 per

172 1846 284 1900 illud
313 1855 532 1915 tempus,
565 1859 631 1899 ex
659 1845 855 1914 quibus
884 1845 1076 1900 Petrus
1127 1847 1181 1900 in
1233 1847 1500 1902 Chronico
1561 1844 1710 1901 Casi-

175 1937 306 1991 nensi
348 1936 482 1991 libro
528 1950 612 2000 tv,
661 1949 780 2003 cap.
815 1934 868 2001 7,
913 1933 1048 1990 duos
1096 1935 1280 1990 laudat
1320 1949 1388 1990 ex
1431 1934 1711 1990 Casinensi

178 2031 474 2084 monasterio
502 2040 830 2099 assutnptos,
860 2029 1206 2084 Benedictum
1245 2028 1453 2084 scilicet
1498 2027 1553 2082 in
1585 2025 1713 2082 Sar-

134 2179 140 2184 ,
187 2118 318 2175 dinia
342 2119 526 2186 insula,
560 2127 614 2174 et
664 2118 997 2190 Raynaldum
1025 2118 1252 2182 Caieta,
1284 2119 1376 2188 qui
1420 2118 1523 2172 hoc
1550 2132 1712 2182 anno,

193 2213 245 2258 ut
273 2206 394 2260 idem
429 2216 603 2262 auctor
633 2206 796 2262 habet
825 2209 1003 2278 capite
1023 2207 1292 2277 sequenti,
1324 2207 1495 2262 altare
1531 2205 1713 2262 Sancti

188 2293 387 2361 Erasmi,
424 2302 478 2349 et
515 2310 656 2350 anno
701 2296 948 2366 sequenti
998 2310 1062 2351 ex
1111 2297 1366 2368 anonymi
1420 2296 1712 2360 Chronico,

179 2387 428 2442 ecclesiam
459 2388 642 2443 Sancti
676 2388 907 2444 Andreae.
946 2389 997 2443 in
1028 2403 1184 2444 sacro
1213 2399 1394 2445 monte
1429 2403 1717 2444 consecra-

175 2479 259 2532 vit.
288 2477 387 2534 Hoe
405 2480 594 2534 eodem
633 2494 796 2545 anno,
843 2488 904 2534 ut
939 2478 1052 2548 jam
1105 2481 1362 2544 diximus,
1417 2480 1718 2549 Rangerius

170 2568 462 2639 Rhegiensis
489 2571 748 2626 Ecclesia:
783 2573 1022 2642 regimen
1052 2573 1307 2642 suscepit.
1337 2572 1384 2626 Is
1409 2572 1639 2643 primum
1664 2573 1716 2626 in

169 2658 330 2728 Majori
359 2660 687 2716 Monasterio
722 2677 888 2733 prOpe
911 2662 1158 2718 Turonos
1190 2663 1486 2718 monachus
1519 2662 1715 2728 fuerat,

167 2754 288 2807 unde
329 2753 534 2809 Cavam
577 2753 893 2819 translatus,
930 2753 1149 2810 Urbano
1196 2765 1354 2809 notus
1382 2754 1498 2816 fuit,
1532 2769 1560 2806 a
1591 2769 1716 2823 quo,

167 2851 214 2894 ut
237 2844 386 2900 habet
416 2843 684 2915 Ugltellus
744 2855 888 2900 tomo
911 2845 980 2899 IX
1007 2845 1171 2900 Italia:
1200 2860 1388 2911 sacra},
1434 2847 1721 2900 cardinalis

167 2943 258 2985 tum
300 2934 628 3005 Rhegiensis
684 2936 1124 3006 archicpiscotrus
1180 2936 1353 2991 Iactus
1413 2947 1514 2991 est.
1579 2937 1719 2992 Idem

1735 1713 1782 1773 Β

1801 486 1994 547 potest.
2044 475 2210 531 Nemo
2247 474 2460 544 quidem
2508 471 3091 528 nescitGuitmundum
3120 489 3213 529 seu
3233 473 3373 529 Wit-

1801 571 2058 625 mnndum
2099 583 2129 623 e
2157 566 2422 622 monacho
2466 565 2650 619 Sancti
2676 563 2947 630 Leul'redi,
2977 565 3046 619 ob
3089 566 3285 635 scripta
3318 566 3373 619 in

1801 659 2109 730 Berengarii
2137 672 2352 714 errores
2383 657 2649 712 celebrem
2701 656 2753 711 in
2801 655 3135 710 Aversanum
3168 657 3373 726 episco-

1800 771 1926 824 pum
1956 761 2288 823 assumptum
2317 750 2500 805 fuisse.
2543 749 2598 805 Id
2626 751 2769 804 cnim
2799 758 2995 819 praeter
3029 749 3370 812 Ordericum,

1801 845 1892 899 lvo
1919 842 2264 898 Carnotensis
2291 842 2536 906 antistes,
2579 841 2738 910 epist.
2765 839 2868 904 78;
2900 839 3200 895 Willelmus
3244 840 3378 894 Mal-

1803 934 2190 988 mesburiensis
2214 943 2270 987 et
2295 932 2382 986 alii
2415 946 2605 1001 graves
2633 939 2880 985 auctores
2909 931 3108 1000 passim
3140 930 3370 984 alin-ma-

1804 1034 1948 1080 runt.
1979 1026 2047 1079 At
2069 1025 2209 1078 idem
2233 1025 2322 1077 lvo
2343 1023 2539 1076 decreti
2572 1033 2725 1090 parte
2761 1037 2833 1086 tv,
2857 1037 2978 1090 cap.
3001 1021 3132 1086 2I5;
3164 1021 3376 1076 Gratia—

1804 1133 1926 1183 nus,
1959 1117 2082 1170 dist.
2107 1115 2162 1180 8,
2186 1129 2303 1183 cap.
2329 1114 2362 1168 5
2390 1133 2401 1167 :
2429 1113 2489 1168 Si
2521 1113 2970 1177 consuetudinem,
2994 1122 3049 1166 et
3078 1113 3167 1166 alii
3195 1114 3380 1167 decre-

1808 1214 1916 1260 tum
1955 1203 2235 1275 proferunt
2266 1218 2331 1257 ex
2367 1203 2615 1273 Gregorii
2644 1202 2730 1256 VII
2763 1202 2988 1272 epistola
3021 1202 3086 1256 ad
3105 1201 3379 1257 Witmuu-

1805 1297 1930 1352 dum
1969 1297 2301 1350 Aversanum
2340 1295 2559 1364 scripta,
2603 1294 2656 1348 in
2695 1309 2854 1364 quem
2886 1293 3099 1349 titulum
3138 1308 3377 1348 errorem

1807 1386 2093 1456 irrepsisse
2137 1401 2296 1440 nemo
2337 1367 2559 1450 dixerit,
2585 1385 2630 1440 si
2661 1384 2902 1440 consulat
2927 1385 3137 1440 codices
3165 1399 3294 1438 mss.
3324 1393 3382 1438 et

1805 1475 2000 1540 editos,
2024 1475 2076 1528 in
2097 1473 2300 1529 Baluuii
2324 1473 2466 1528 notis
2491 1473 2560 1528 ad
2591 1473 2910 1528 Gratianum
2941 1472 3207 1528 laudatos.
3239 1471 3378 1537 Quid

1807 1566 2007 1638 igitur?
2049 1566 2093 1621 si
2131 1566 2377 1621 divinare
2411 1564 2557 1628 licet,
2603 1574 2695 1618 aut
2734 1564 2840 1620 duo
2877 1563 3027 1618 fuere
3065 1563 3380 1618 Guitmundi

1809 1657 2065 1715 Aversani
2104 1655 2374 1727 episcopi,
2420 1667 2479 1710 ut
2517 1655 2824 1725 suspicatus
2858 1664 2942 1710 est
2967 1645 3245 1725 Ughellus,
3291 1663 3384 1708 aut

1810 1759 1959 1807 certe
1983 1748 2274 1818 Gregorius
2297 1758 2542 1803 nostrum
2563 1747 2953 1803 Guitmundum
2970 1747 3146 1816 primo
3165 1747 3385 1801 Aversae

1811 1843 1961 1900 urbis
1983 1842 2294 1913 episcopum
2328 1839 2568 1906 creavit,
2598 1847 2654 1895 et
2687 1839 2938 1896 Urbanus
2957 1839 3203 1893 eumdem
3229 1837 3380 1908 pallii

1812 1934 2162 1991 concessione
2200 1930 2588 2001 archiepiscopi
2618 1930 2776 1985 titulo
2810 1939 2865 1984 et
2892 1929 3386 1984 honore'condeco-

1813 2027 1983 2091 ravit;
2036 2034 2146 2080 tum
2178 2032 2237 2079 ut
2271 2032 2478 2078 tantum
2510 2023 2787 2077 hominem
2823 2021 3003 2092 aliqua
3035 2021 3389 2091 prazrogatira

1815 2117 2076 2189 singulari
2106 2115 2430 2181 illustraret;
2463 2130 2606 2179 cum,
2637 2122 2695 2168 ut
2717 2098 3103 2169 Northmannis
3131 2112 3390 2182 principi-

1815 2211 1939 2274 bus,
1981 2208 2071 2278 qui
2112 2209 2252 2263 hanc
2301 2207 2489 2263 urbem
2536 2215 2924 2262 exstruxerant
2957 2215 3010 2262 et
3052 2205 3388 2276 potissimum

1817 2298 2092 2362 colebant,
2144 2305 2355 2368 gratum
2413 2295 2636 2351 faceret.
2676 2296 2834 2351 Certe
2875 2295 3165 2351 Ordericus
3218 2294 3394 2349 innuit

1818 2388 2095 2445 Urbanum
2138 2387 2321 2442 nescio
2346 2387 2473 2456 quid
2503 2387 2791 2458 singularis
2833 2386 3098 2457 privilegii
3138 2401 3198 2441 ea
3231 2401 3396 2441 occa-

1819 2483 1970 2538 sione
2005 2480 2338 2536 Guitmundo
2379 2480 2432 2534 in
2472 2479 2964 2536 Northmaunorum
3006 2479 3232 2550 gratiam
3267 2494 3396 2534 cnn-

1818 2574 2067 2629 cessisse.
2108 2571 2239 2628 Ha'c
2292 2572 2434 2636 urbs,
2495 2571 2690 2641 inquit,
2731 2582 2957 2639 tempore
2999 2569 3186 2624 Leonis
3231 2569 3315 2623 IX
3362 2589 3395 2624 a

1822 2665 1874 2718 Ν
1879 2665 2222 2727 ortltmaunis,
2237 2665 2325 2735 qui
2346 2665 2514 2733 primo
2533 2663 2778 2734 Apuliam
2807 2662 3132 2718 incoluerant
3154 2674 3386 2718 constru-

1821 2766 1902 2809 cta
1935 2767 2030 2819 est,
2061 2764 2108 2808 et
2138 2772 2169 2808 a
2201 2755 2477 2819 Romanis,
2507 2756 2631 2825 quia
2670 2755 2734 2808 ab
2780 2755 3009 2808 adversis
3041 2755 3141 2808 sibi
3184 2755 3397 2809 coetibus

1822 2845 2208 2913 a'diﬁcabatnr,
2241 2844 2484 2898 Adversis
2509 2845 2718 2899 dicta...
2751 2844 2944 2898 diuitiis
2970 2844 3212 2914 opulenta
3235 2843 3401 2900 Cisal-

1821 2937 2126 3004 pinorum...
2155 2934 2641 2990 Nortltmannorum
2665 2936 2870 3005 cptione
2891 2934 2988 2988 soli
3009 2951 3157 3004 paprc
3176 2946 3396 3004 gratan-

163 3035 330 3080 attclor
373 3036 529 3080 tomo
565 3026 628 3080 VI
660 3027 848 3081 scribit
895 3028 1124 3082 am'cum
1157 3028 1326 3083 sancti
1358 3027 1618 3084 Vincentii
1657 3029 1722 3082 de
1751 3053 1791 3109 Ο
1825 3037 1902 3080 ter
1949 3029 2155 3091 obcdit,
2195 3045 2226 3080 a
2273 3044 2376 3096 quo
2427 3025 2806 3081 Guitmundum
2859 3028 3142 3098 sophistam
3197 3031 3400 3099 mystici

164 3115 401 3172 Volturno
462 3119 572 3172 hoc
623 3131 840 3188 quoque
905 3132 1048 3174 anno
1098 3128 1336 3174 creatum
1382 3121 1450 3173 ab
1506 3119 1724 3176 Urbano

163 3205 308 3262 lu’sse
343 3208 678 3262 cardinalem
716 3209 1068 3279 presbyterum
1103 3207 1310 3264 Sanctce
1339 3208 1521 3264 Crucis
1560 3212 1612 3264 itt
1637 3211 1727 3265 Je-

157 3298 393 3362 ruulem,
444 3299 546 3367 qui
601 3306 786 3367 postea
844 3298 896 3351 in
950 3297 1351 3352 lEsernienscm
1415 3299 1724 3368 episcopum

159 3399 491 3460 assumptus,
552 3389 768 3444 demum
825 3388 1006 3444 Casini
1063 3391 1394 3460 temporibus
1443 3389 1636 3445 Calixti
1686 3391 1726 3445 II

155 3481 291 3537 obiit.
1709 3474 1711 3476 ’

217 3571 291 3624 Ad
319 3572 468 3627 hunc
487 3570 656 3625 etiam
678 3585 902 3637 annum,
931 3570 1006 3624 uti
1035 3571 1265 3636 videtur,
1290 3573 1529 3627 revocari
1557 3581 1732 3642 potest

155 3661 454 3735 Berengarii
525 3662 792 3731 promotio
838 3662 904 3715 ad
953 3660 1289 3716 Venusinum
1337 3663 1727 3731 episc0patutn.

156 3751 241 3806 llic
265 3753 315 3806 in
345 3750 598 3807 Uticensi
627 3749 811 3805 Sancti
838 3751 1039 3804 Ehrulli
1066 3753 1394 3806 monasterio
1407 3750 1732 3806 Nortltman-

152 3847 246 3898 nite
275 3847 374 3900 sub
406 3847 581 3901 beato
610 3843 942 3898 Theoderico
969 3827 1164 3899 abbate
1201 3845 1488 3908 educatus,
1527 3845 1728 3899 llober-

154 3944 255 3987 tum
281 3935 614 3990 Theoderici
649 3949 1043 4001 successorem,
1073 3951 1231 4004 quem
1270 3935 1548 3991 Osbernus
1579 3937 1729 3990 inva-

154 4041 236 4078 sor
283 4043 313 4081 e
365 4027 715 4081 monasterio
761 4027 1024 4082 excedere
1071 4037 1342 4097 coegerat,
1387 4029 1438 4082 in
1483 4027 1730 4097 Apuliam

154 4117 319 4171 fuerat.
349 4133 482 4172 sccu
495 4128 602 4181 tus,
625 4117 711 4171 ubi
736 4132 857 4172 cum
882 4133 977 4188 per
1002 4119 1198 4174 mullos
1213 4135 1384 4174 annos
1407 4120 1734 4173 monasterio

157 4207 361 4262 Sanctze
405 4206 702 4261 Trinitatis
746 4208 886 4276 apud
920 4205 1209 4263 Venusium
1259 4207 1582 4277 praefuisset,
1620 4217 1737 4261 tan-

155 4299 287 4359 dem,
319 4298 397 4351 ttti
429 4297 740 4353 Ordericus
785 4297 973 4353 Vitalis
1007 4298 1172 4353 refert
1204 4297 1340 4352 libro
1367 4315 1462 4362 vtt,
1503 4316 1595 4367 pro
1621 4299 1737 4351 vitm

1827 3119 2028 3172 decoris
2058 3120 2221 3190 pallio
2247 3120 2520 3189 insigniter
2545 3120 2838 3173 redimitum
2865 3121 3157 3192 pontiﬁcem
3181 3125 3396 3191 accepit.

1827 3209 1927 3276 Qui
1970 3209 2316 3280 at'cltipt'a'sul
2357 3227 2471 3263 eam
2498 3211 2589 3264 diu
2620 3213 2771 3272 rexit,
2802 3221 2848 3265 et
2876 3211 3172 3280 apostolicis
3194 3213 3402 3281 privile-

1827 3302 1924 3370 giis
1952 3301 2019 3354 ab
2050 3303 2189 3354 ontni
2220 3302 2518 3354 mortalium
2549 3303 2817 3356 exactione
2848 3300 2976 3355 liber
3025 3300 3238 3371 plausit.
3277 3301 3401 3356 Haec

1827 3389 2164 3459 conjiciendo
2199 3391 2339 3444 dicta
2387 3391 2518 3458 sint,
2551 3391 2722 3478 donec
2762 3391 2956 3460 aliquis
2986 3393 3216 3446 certiora
3257 3393 3400 3445 inve-

1830 3481 1962 3535 niat.
1996 3481 2480 3536 liuicGuitmnndo
2510 3481 2790 3548 rescripsit
2835 3481 3104 3545 Urbanus,
3151 3482 3218 3535 de
3255 3481 3394 3534 reci-

1831 3571 2038 3638 piendis
2064 3571 2677 3636 escommunicatorutn,
2709 3572 2865 3626 modo
2892 3572 3235 3642 rcsipuerint,
3264 3571 3401 3626 elect

1831 3661 2091 3732 mosynis.
2126 3661 2296 3728 Quam
2339 3663 2644 3730 epistolam,
2678 3674 2771 3718 aut
2811 3675 2958 3720 certe
2989 3666 3253 3737 insignem
3286 3665 3404 3734 ejus

1830 3760 2062 3820 partem,
2112 3751 2256 3805 circa
2299 3749 2496 3806 .luliuru
2544 3769 2814 3821 mensem,
2859 3755 2951 3811 sed
2982 3771 3122 3810 anno
3169 3757 3400 3822 incerto,

1832 3840 2084 3910 scriptam
2112 3839 2225 3908 Ivo,
2245 3851 2299 3895 et
2331 3852 2450 3912 post
2474 3859 2595 3898 eum
2622 3844 2913 3901 Gratianus
2937 3847 2988 3900 in
3016 3846 3246 3902 decretis
3267 3847 3401 3912 suis,

1834 3933 2090 3988 retulere.

1938 4044 2199 4102 LXXXV.
2233 4046 2378 4102 Mors
2407 4049 2746 4131 Adalberonis
2774 4052 2995 4122 episcopi
3026 4052 3298 4108 Wirzbur-

2513 4137 2700 4189 gensts.

1907 4206 2103 4260 Verum
2149 4220 2215 4261 eo
2250 4215 2488 4276 tempore
2517 4223 2623 4277 quo
2665 4209 2830 4264 variis
2875 4211 3131 4266 Ecclesiis
3170 4213 3220 4266 in
3263 4214 3408 4268 Italia

1837 4307 2081 4365 pastores
2103 4297 2417 4365 providebat
2443 4298 2706 4363 Urbanus,
2747 4301 3016 4371 egregium
3050 4317 3113 4357 ac
3157 4304 3408 4357 invictis-

157 4387 333 4440 merito
360 4399 409 4441 et
440 4387 720 4454 sapientia:
746 4387 984 4441 doctrina
1013 4389 1082 4441 art
1111 4388 1468 4457 pontiﬁcatum
1501 4391 1738 4457 prmfura:
1772 4395 1814 4449 D
1840 4388 2035 4443 simum
2068 4387 2210 4441 sedis
2236 4389 2540 4458 apostolicae
2561 4401 3007 4459 propugnatorem
3038 4393 3088 4446 in
3119 4393 3403 4449 Germania

153 4477 288 4529 urbis
321 4496 354 4530 a
391 4493 543 4547 papa
585 4475 798 4530 Urbano
847 4489 1116 4546 promo'us
1162 4490 1257 4533 est.
1305 4480 1456 4543 Tunc
1496 4489 1674 4534 tamen
1707 4495 1736 4533 a

155 4566 294 4634 plebe
343 4568 582 4622 electunt
623 4566 912 4621 Venusina:
967 4569 1111 4622 urbis
1160 4571 1513 4639 episcopatum
1558 4585 1739 4624 SII>CC'

154 4659 291 4724 pisse
318 4661 532 4715 asserit
555 4659 694 4714 idem
720 4655 906 4714 auctor
937 4661 1074 4716 libro
1097 4677 1176 4716 ttt.
1204 4662 1269 4716 Et
1296 4663 1509 4732 quidem
1540 4673 1742 4715 utrum-

154 4762 256 4815 que
287 4757 478 4819 potest
507 4763 629 4803 esse
658 4763 866 4804 verum.
893 4749 962 4803 At
987 4752 1182 4805 mirum
1210 4762 1290 4805 est
1314 4753 1455 4806 hunc
1478 4752 1741 4822 Berenga-

155 4841 288 4894 rium
315 4841 384 4895 ab
412 4839 653 4908 Uultello
691 4840 742 4895 in
774 4841 1019 4912 catalogo
1033 4841 1422 4898 Venusinorum
1441 4845 1740 4899 antistitum

157 4939 300 4983 torno
327 4931 417 4986 VII
453 4931 627 4985 Italia:
665 4947 835 4986 sacra:
871 4935 1194 4988 recensitutn
1225 4951 1326 4988 non
1361 4934 1544 4988 fuisse.

223 5021 442 5078 Laudat
474 5023 619 5077 idem
676 5023 964 5078 0rdericus
993 5023 1183 5079 Vitalis
1207 5025 1346 5080 libro
1382 5041 1430 5079 tv
1462 5025 1743 5080 Gnitmun-

159 5111 283 5167 dum
313 5114 656 5169 monachum
687 5113 876 5170 Crttcis
911 5114 1092 5169 Sancti
1141 5115 1392 5178 Budcrni,
1430 5129 1521 5168 seu
1560 5115 1742 5170 Sancti

161 5202 417 5261 Leul‘redi
452 5206 512 5262 in
541 5205 949 5271 Northmannia,
975 5221 1134 5274 quem
1158 5217 1279 5275 post
1303 5206 1482 5260 varias
1506 5205 1745 5263 fortunas

163 5294 467 5366 Gregorius
497 5296 589 5350 'VII
618 5296 937 5350 cardiualem
979 5308 1173 5350 sancta:
1214 5296 1465 5351 Romana:
1501 5297 1746 5352 Ecclesia:

161 5388 422 5455 prafecit,
463 5395 518 5440 et
562 5384 803 5440 Urbanus
848 5403 984 5456 papa
1024 5386 1138 5456 jam
1184 5390 1455 5457 probatum
1486 5387 1538 5439 in
1569 5388 1745 5440 multis

165 5480 639 5548 metropolitanum
687 5481 894 5535 Aversis
943 5481 1086 5533 urbis
1132 5481 1426 5536 solemniter
1465 5481 1743 5534 ordinavit.

166 5567 452 5627 Consenti!
488 5571 686 5627 Calixti
720 5573 860 5628 bulla
887 5574 1025 5643 apud
1057 5572 1338 5642 Ughellum
1369 5581 1514 5627 tomo
1541 5573 1557 5627 Ι
1585 5574 1748 5630 Itali-.13

169 5671 364 5727 sacrm;
404 5661 507 5716 sed
550 5677 653 5731 qua
693 5661 897 5719 ratione
927 5664 979 5718 id
1007 5663 1248 5733 componi
1279 5664 1444 5734 possit
1475 5679 1594 5718 cum
1629 5665 1746 5718 aliis

1844 4477 2044 4540 amisit,
2071 4475 2461 4532 Adalberonem
2486 4480 2689 4533 scilicet
2707 4479 3176 4551 Wirzburgcnsem
3207 4485 3412 4552 cpisco-

1842 4582 1992 4637 pttm,
2021 4567 2111 4635 qui
2146 4568 2272 4622 licet
2296 4583 2325 4621 e
2347 4569 2518 4636 patria
2551 4571 2781 4624 extorris
2803 4569 2982 4634 fuerit,
3017 4584 3068 4627 et
3099 4574 3412 4642 frequenter

1843 4673 1874 4712 c
1899 4673 1995 4712 sua
2021 4657 2146 4712 sede
2170 4657 2373 4726 pulsus,
2405 4659 2662 4714 ecclesias
2697 4670 2875 4715 tamen
2902 4661 3174 4728 dedicare,
3225 4680 3409 4718 mona-

1845 4751 2006 4804 steria
2039 4757 2362 4815 restaurare,
2393 4760 2485 4805 aut
2525 4752 2591 4806 de
2627 4768 2764 4807 novo
2794 4756 3044 4818 condere,
3097 4756 3305 4825 aliaque
3333 4760 3414 4811 sui

1845 4840 2054 4895 ordinis
2087 4841 2268 4894 munia
2298 4856 2554 4898 exercere
2581 4859 2686 4899 non
2715 4846 2940 4900 destitit.
2975 4846 3086 4900 Etsi
3120 4859 3233 4916 post
3257 4850 3415 4902 ἰηηιιο

1844 4946 2020 4995 mera,
2071 4939 2131 4984 ut
2176 4931 2276 4985 ait”
2303 4932 2584 4989 Berloldus
2611 4975 2626 5000 ,
2675 4947 2729 4990 et
2772 4939 3041 4990 consentit
3073 4936 3207 4992 Vita:
3256 4940 3417 5008 hujus

1843 5029 2062 5086 auctor,
2114 5022 2380 5091 pericula,
2425 5034 2472 5078 et
2519 5027 2690 5080 varias
2740 5027 3139 5095 persecutiones,
3175 5031 3231 5082 in
3284 5030 3419 5085 bona

1845 5113 2166 5182 confessione
2189 5114 2325 5168 diem
2345 5114 2533 5168 clausit
2552 5127 2835 5173 extremum
2859 5117 2944 5172 die
2969 5129 3118 5174 sexta
3143 5122 3414 5185 Octobris,

1847 5205 2090 5277 sepultus
2134 5205 2186 5260 in
2237 5207 2564 5262 monasterio
2599 5207 2974 5274 Lambaccnsi,
3018 5213 3161 5281 quod
3216 5229 3245 5266 a
3303 5215 3417 5268 suis

1846 5297 2162 5368 parentibus
2190 5298 2462 5373 conditum
2491 5305 2546 5352 et
2579 5297 2760 5354 multis
2790 5317 2817 5352 a
2849 5316 2907 5356 se
2935 5301 3092 5358 bonis
3127 5304 3414 5373 locupleta-

1850 5396 1984 5451 tum,
2013 5386 2188 5441 ordini
2230 5386 2577 5442 Benedictitto
2623 5389 2922 5445 addixerat.
2965 5391 3089 5461 Ejus
3120 5393 3295 5448 Vitam
3345 5393 3414 5448 ab

1850 5486 2069 5533 auctore
2104 5478 2322 5546 suppari
2361 5479 2624 5533 monacho
2651 5479 3003 5537 Lambaccnsi
3034 5485 3287 5552 scriptam
3319 5485 3415 5538 de-

1849 5569 2026 5622 dimus
2064 5569 2204 5622 inter
2245 5569 2375 5622 Acta
2423 5579 2730 5626 sanctorum
2769 5573 2973 5629 ordinis
3013 5572 3069 5627 S.
3117 5573 3410 5638 Benedicti,

1851 5669 2000 5730 purle
2028 5657 2088 5724 ΙΙ⁹
2113 5657 2288 5713 δωριιῆ
2326 5658 2405 5712 Vl.
