3962 6312
623 255 692 311 79

1908 264 1970 322 B.
2014 265 2264 323 URBANI
2303 268 2342 322 ll
2385 269 2582 325 PAP/E
3221 273 3225 276 ’
3735 294 3782 350 80

663 367 946 425 LXXXVI.
989 369 1735 450 Canonicor_um_regularium
1775 375 2165 430 Aroasiensium

2308 357 2494 414 fraude
2519 362 2587 414 ad
2617 375 2744 417 suas
2771 371 2956 432 partes
2994 367 3308 433 attralieret,
3337 370 3462 426 adeo
3497 382 3552 428 ut
3576 375 3784 438 Romanos

1272 443 1546 498 institutio.

702 528 1004 584 lllustratus
1035 528 1196 584 etiam
1232 530 1332 585 fuit
1371 533 1481 587 hoc
1504 548 1648 596 anno
1687 533 1885 590 Urbani
1915 537 2199 605 pontiﬁca-

627 631 714 678 tus
743 620 1078 676 inStitutione
1107 621 1496 677 cauonicorum
1535 615 1861 693 regularium
1895 640 2196 698 congrega-

626 714 790 771 tionis
833 714 1201 778 Aroasiensis,
1256 717 1336 770 sic
1379 715 1538 772 dictae
1584 718 1652 772 ab
1701 719 1926 774 Aroasia
1956 721 2199 791 principe

624 805 958 862 monasterio
1000 806 1054 859 in
1101 806 1323 862 dioecesi
1369 807 1746 874 Atrebatensi,
1799 813 1941 882 quod
1999 813 2098 867 sub
2139 826 2198 868 se

622 897 814 968 viginti
854 894 1101 951 abbatias
1138 895 1266 950 olim
1307 897 1563 954 habuisse
1605 900 1939 970 perhibetur.
1983 901 2197 957 Primus

621 1001 811 1041 eorum
862 986 1214 1056 prtepositus,
1269 987 1509 1043 nondum
1561 990 1706 1044 enim
1762 1001 1897 1046 tunc
1939 990 2197 1062 temporis

619 1076 896 1131 canonicis
922 1075 1260 1147 regularibus
1283 1079 1505 1135 abbates
1525 1095 1758 1151 prmesse
1777 1093 2193 1149 consueverant,

617 1151 730 1222 fuit.
746 1167 1106 1234 Hildemarus,
1135 1170 1227 1240 qui
1253 1186 1375 1226 cum
1411 1172 1621 1229 duobus
1665 1174 1784 1230 aliis
1809 1176 2049 1232 eremitis
2073 1176 2194 1232 fun-

619 1257 872 1313 damenta
903 1260 1084 1326 posuit
1116 1259 1276 1335 hujus
1305 1261 1537 1327 ordinis,
1571 1263 1725 1333 cujus
1749 1264 1874 1319 vitae
1901 1266 2192 1321 austerita-

619 1355 726 1402 tem
756 1349 972 1416 egregie
997 1350 1253 1405 describit
1291 1350 1522 1407 Jacobus
1549 1368 1581 1407 a
1609 1352 1849 1409 Vitriaeo
1875 1354 1928 1409 in
1957 1355 2192 1412 Historia

614 1437 959 1506 occidentali,
991 1439 1165 1508 capite
1209 1439 1298 1505 9.5,
1352 1449 1555 1511 etpost
1597 1457 1718 1497 eum
1748 1443 1978 1499 Locrius
2017 1455 2071 1500 et
2103 1444 2192 1500 alii

613 1527 817 1597 passim
844 1536 1096 1584 auctores
1130 1529 1446 1597 laudarunt;
1489 1533 1581 1588 sed
1605 1532 1718 1588 haec
1740 1532 1912 1590 fusius
1941 1537 2190 1607 persequi

611 1630 718 1670 non
750 1617 984 1686 pertinet
1011 1619 1076 1672 ad
1116 1632 1360 1673 uosxrum
1393 1620 1728 1676 institutum.

771 1707 1219 1765 LXXXVII-Vill.
1254 1709 1462 1764 Erectio
1494 1712 1720 1767 abbatia:
1751 1712 2023 1770 Tauniaci.

675 1798 834 1855 Circa
866 1799 1007 1854 idem
1050 1809 1260 1871 tempus
1309 1801 1540 1859 ecclesia
1588 1803 1803 1861 Sanctae
1833 1805 2037 1874 Marim,
2073 1824 2191 1880 quae

553 1881 560 1892 ’
605 1904 831 1960 corpore
853 1892 1026 1946 sancti
1051 1893 1310 1963 Hippoliti
1334 1895 1590 1968 martyris
1612 1896 2021 1966 nobilitabatur,
2049 1903 2190 1972 apud

604 1981 941 2038 Tauniacum
981 1984 1282 2041 Santonum
1327 1989 1606 2059 oppidum,
1637 2005 1668 2045 e
1703 1991 1940 2049 clericali
1969 1997 2035 2050 ad
2076 2011 2190 2052 mo-

599 2074 870 2130 nasticum
901 2074 1144 2130 ordinem
1184 2077 1443 2133 translata
1475 2090 1591 2146 est;
1640 2084 1938 2139 constituto
1965 2085 2035 2140 ibi
2063 2101 2184 2142 cum

605 2166 727 2222 aliis
767 2167 1260 2237 Angeriaceusibus
1293 2173 1574 2229 monachis
1605 2177 1779 2245 primo
1822 2179 2017 2236 abbate
2056 2181 2186 2237 Ful—

605 2257 825 2321 cherio,
879 2257 978 2312 sub
1006 2259 1256 2314 clientela
1289 2266 1605 2319 monasterii
1637 2266 2070 2337 Angeriacensis,
2098 2274 2184 2329 cui

597 2360 738 2402 nova
771 2350 884 2401 haec
927 2347 1141 2402 abbatia
1177 2349 1418 2418 subjecta
1468 2369 1750 2411 remanere
1781 2359 2028 2416 debebat.
2061 2363 2186 2419 Haec

596 2432 737 2489 facta
761 2434 1099 2492 estGaufridi
1117 2438 1189 2492 Ta
1199 2440 1505 2498 uniaceusis
1521 2443 1746 2512 domini,
1763 2448 1867 2504 loci
1891 2451 2184 2508 conditoris

593 2528 934 2600 praescripto,
973 2531 1062 2598 qui
1097 2540 1156 2585 ut
1186 2531 1237 2586 id
1266 2533 1442 2602 ipsum
1473 2535 1542 2590 ab
1574 2536 1792 2596 Urbano
1815 2556 1950 2612 papa
1973 2542 2183 2601 obtine-

594 2628 699 2685 ret,
735 2619 962 2676 Romam
993 2622 1225 2678 adierat.
1258 2625 1374 2692 Qua
1403 2627 1467 2682 de
1498 2644 1557 2683 re
1599 2647 1758 2700 papa,
1802 2642 1863 2688 ut
1907 2634 2102 2705 legitur
2127 2637 2180 2692 in

591 2713 763 2767 veteri
809 2713 1194 2780 instrumento,
1223 2716 1370 2771 valde
1419 2717 1743 2789 ludiﬁcatus,
1777 2740 1841 2778 ea:
1871 2729 2180 2783 auctoritate

592 2803 866 2856 beatorum
899 2801 1041 2857 Petri
1068 2815 1114 2858 et
1156 2803 1338 2872 Pauli,
1371 2818 1418 2862 et
1444 2827 1567 2877 sua,
1590 2813 1844 2885 quidquid
1873 2818 1936 2871 de
1961 2818 2180 2878 ecclesia

589 2890 768 2958 ﬁebat,
813 2902 861 2946 et
892 2893 1042 2948 danti
1078 2893 1303 2951 Gofritlo
1331 2899 1574 2968 scilicet,
1619 2913 1668 2957 et
1703 2906 1980 2976 accipienti
2007 2908 2176 2966 Orioni

589 2982 770 3037 abbati
799 2983 1210 3054 Angeriacensi,
1236 2989 1511 3060 diligenter
1552 2995 1762 3061 annuit,
1796 3007 2005 3052 secutus
2030 3008 2176 3053 ante-

586 3087 843 3126 cessarent
888 3089 1042 3127 suum
1092 3073 1492 3144 Ildebramlnm,
1521 3098 1726 3152 magna:
1761 3094 1808 3138 et
1847 3085 2174 3143 admirandae
2206 3083 2247 3142 C

584 3162 879 3216 sanctitatis
909 3163 1106 3231 virum,
1136 3167 1246 3234 qui,
1272 3168 1397 3223 dum
1433 3171 1606 3226 adhuc
1643 3174 1853 3242 viveret,
1878 3178 1976 3231 hac
2003 3178 2171 3249 ipsum

587 3250 811 3322 Cofrido
862 3257 1175 3310 concessisse
1208 3261 1561 3328 cognoscitur.
1607 3262 1793 3332 Itaque
1836 3271 2168 3335 auctoritate,

582 3352 641 3399 ut
672 3346 725 3399 in
763 3346 951 3400 eadem
982 3347 1171 3401 charta
1206 3347 1424 3420 legitur,
1453 3352 1588 3406 sedis
1616 3355 1918 3424 apostolica:
1941 3368 1988 3412 et
2011 3361 2172 3427 privi-

579 3433 712 3504 legio
759 3431 876 3490 Odo
911 3436 1206 3492 monachos
1247 3453 1313 3493 eo
1335 3435 1396 3494 in
1437 3439 1554 3496 loco
1592 3443 1850 3511 instituit,
1879 3461 1944 3501 ex
1973 3448 2168 3517 quibus

580 3540 769 3589 unum,
803 3524 1146 3581 Fulcherium
1180 3530 1420 3596 nomine,
1454 3530 1774 3590 Ramnull‘us
1805 3536 2089 3606 episcopus
2114 3538 2166 3592 in

588 3617 838 3670 abbatem
867 3617 1165 3684 benedixit,
1193 3621 1317 3674 data
1344 3623 1596 3680 omnibus
1625 3636 1895 3695 potestate
1946 3639 2008 3685 ut
2047 3631 2166 3700 qui-

580 3720 796 3772 cunque
827 3705 1046 3772 vellent,
1091 3710 1300 3777 possint
1339 3726 1490 3767 nova:
1521 3715 1595 3768 illi
1625 3715 1855 3772 abbatiae
1897 3719 2038 3775 bona
2067 3737 2163 3776 sua

579 3793 850 3848 conferre.
897 3793 1024 3850 llam
1066 3811 1132 3849 ex
1166 3797 1284 3867 ipso
1326 3801 1493 3855 veteri
1527 3803 1886 3860 instrumento
1909 3808 2166 3866 delibavi-

579 3902 721 3951 llttls,
750 3886 894 3954 quod
923 3887 976 3940 in
1001 3889 1224 3944 archivo
1256 3890 1645 3962 Angeriacensi
1678 3909 1951 3964 servatur,
1977 3901 2162 3956 datum

576 3993 718 4032 anno
749 3977 908 4044 1090,
956 3979 1243 4034 indictione
1297 3997 1418 4037 xm.
1471 3984 1728 4042 Gofridus
1773 3999 1954 4046 autem
2005 3994 2164 4065 hujus

576 4067 812 4122 abbatis:
855 4068 1162 4136 institutor,
1193 4070 1240 4125 is
1282 4071 1394 4144 ipse
1423 4082 1504 4128 est
1542 4075 1805 4134 adversus
1833 4095 1989 4148 quem
2026 4083 2163 4138 alter

575 4158 834 4215 Gofridus
865 4159 1146 4216 Vindocini
1180 4162 1369 4229 abbas,
1402 4164 1495 4220 lib.
1529 4182 1611 4234 nt,
1641 4169 1800 4238 epist.
1829 4171 1920 4238 52,
1946 4175 2162 4245 scripsit

575 4252 642 4305 ad
668 4251 1017 4306 lianmulfum
1044 4252 1438 4310 Santonensem
1461 4257 1792 4329 episcopum,
1822 4279 1981 4334 quem
2005 4277 2160 4338 rogat

575 4352 636 4397 ut
664 4343 840 4398 nullas
865 4343 914 4396 ei
939 4344 1186 4400 inducias
1211 4348 1494 4415 concedat,
1517 4351 1644 4420 quin
1668 4354 1821 4423 prius
1843 4357 1943 4412 sibi
1971 4376 2159 4417 secun-

2305 463 2416 502 suae
2461 449 2628 518 ipsius
2677 449 2931 509 factionis
2984 455 3053 510 ad
3101 456 3155 511 id
3201 457 3405 516 facinus
3450 463 3711 536 adduxerit,
3744 485 3786 530 ut

2304 549 2503 594 turrem
2531 539 2836 613 Crescentii,
2873 546 2952 602 sic
2981 555 3094 601 tum
3130 547 3188 603 S.
3221 550 3404 622 Angeli
3440 557 3684 614 castellum
3719 578 3785 634 sp-

2302 627 2595 698 pellabant,
2630 649 2749 702 qua:
2777 645 2990 691 eatenus
3019 639 3230 695 domino
3258 659 3404 713 papw
3431 647 3680 717 obediebat,
3703 627 3786 709 dolo

2300 727 2506 786 captam
2553 719 2762 777 diruere
2809 728 3139 782 tentaverint.
3183 729 3497 803 Magnopere
3535 738 3697 794 enituit
3720 742 3789 800 hac

2299 809 2589 882 occasione
2619 814 2809 883 optimi
2855 819 3130 886 pontiﬁcis
3177 821 3360 879 animo
3402 827 3639 895 profunde
3673 833 3788 889 insita

2301 905 2662 960 mansuetudo
2687 945 2702 969 ,
2759 907 2851 975 qui
2898 924 3040 976 cum,
3085 920 3145 966 ut
3187 918 3521 985 prosequitur
3553 918 3788 989 Bertoldus,

2298 990 2455 1060 facile
2501 991 2727 1049 Romam
2771 1014 2892 1050 cum
2940 1001 3172 1055 exercitu
3221 1003 3453 1071 intrare,
3500 1017 3544 1060 et
3588 1010 3790 1066 rebellium

2298 1085 2681 1140 contumaciam
2721 1087 2936 1143 domare
2970 1094 3240 1160 potuisset,
3263 1097 3429 1166 magis
3473 1114 3580 1151 cum
3605 1115 3788 1155 mansue-

2297 1175 2476 1231 tudine
2503 1193 2720 1232 causam
2744 1198 2896 1235 suam
2932 1199 3084 1253 agere
3111 1185 3344 1257 delegit,
3390 1190 3613 1245 cedendo
3637 1193 3792 1248 scilicet

2295 1266 2568 1335 patienter
2615 1272 2874 1340 temporis
2928 1273 3225 1344 iniquitati,
3276 1279 3454 1348 potius
3495 1296 3637 1350 quam
3676 1286 3793 1340 armis

2296 1353 2626 1412 dimicando.
2672 1357 2806 1415 Illud
2851 1369 3034 1417 tamen
3076 1363 3287 1422 facinus
3331 1366 3572 1434 Henrico,
3615 1372 3690 1442 qui
3717 1383 3792 1427 tum

2299 1444 2532 1502 Mantuae
2570 1448 2885 1520 incubabat,
2943 1453 3183 1509 animum
3238 1457 3451 1527 adjecit.
3507 1459 3607 1515 lmo
3635 1460 3792 1516 Mantua

2294 1537 2410 1608 ipsa
2444 1547 2565 1610 post
2594 1540 2904 1597 diuturnam
2934 1545 3185 1600 undecim
3218 1549 3483 1604 mensium
3507 1552 3791 1616 obsidionem,

2293 1629 2426 1686 feria
2453 1642 2605 1688 sexta
2635 1632 2984 1702 Parasceves,
3019 1637 3107 1693 die
3139 1641 3195 1694 ll
3230 1641 3431 1710 Aprilis
3459 1651 3623 1712 capta,
3650 1625 3792 1699 ciiium

2219 1733 2263 1792 Β
2292 1722 2619 1790 proditione,
2654 1734 2713 1780 ut
2752 1728 3016 1785 Domnizo
3046 1731 3238 1795 habet,
3293 1733 3496 1803 aliquot
3531 1735 3736 1790 civitates
3761 1735 3792 1789 ei

2295 1811 2504 1878 viciam,
2537 1814 2738 1884 rejecto
2763 1816 3085 1888 Welphonis
3113 1820 3289 1888 ducis,
3332 1837 3427 1877 seu
3456 1822 3696 1878 Mathildis
3716 1822 3794 1892 ejus

2292 1917 2502 1972 sponsae
2541 1905 2802 1974 dominio,
2843 1907 3061 1964 i-lenrici
3102 1922 3286 1980 partes
3324 1912 3576 1982 amplexae
3615 1913 3792 1968 fuerunt.

2294 1989 2446 2046 Unde
2471 1992 2562 2061 qui
2596 1994 2822 2050 rebelles
2848 1996 3032 2052 Romae
3083 2006 3262 2064 erant,
3307 1998 3666 2056 insolentiores
3689 2000 3792 2062 facti,

2291 2081 2597 2139 Cuibertum
2643 2087 3050 2143 liwresiarcltam
3089 2106 3265 2160 quem‘
3287 2091 3600 2161 jamdudum
3645 2090 3794 2160 expule-

2291 2182 2430 2239 rant,
2473 2176 2662 2230 iterum
2719 2176 2942 2232 Romam
2986 2180 3185 2235 intrare
3237 2193 3286 2235 et
3315 2193 3548 2236 sanctam
3589 2181 3793 2236 ecclesiam

2289 2265 2422 2327 suis,
2449 2280 2552 2320 non
2592 2266 3054 2335 benedictionibus,
3100 2271 3190 2325 sed
3229 2272 3669 2328 maledictionibus
3703 2269 3795 2338 infe-

2285 2363 2427 2407 stare
2453 2356 2821 2420 permiserunt.

2289 2441 2670 2521 .‘(Clrban‘us
2694 2449 2748 2521 in
2787 2448 3079 2521 Campania
3104 2463 3362 2521 versatur.
3387 2452 3662 2508 Willelmus
3681 2451 3792 2505 abbas

2357 2514 2754 2596 Ilirsaugiensis
2795 2514 3027 2576 nuntius.
3059 2516 3402 2595 Pri'vilegium
3439 2525 3666 2580 Ecclesia:
3684 2521 3792 2578 Catu-

2359 2601 2570 2641 ntensts.

2357 2675 2608 2734 Urbanus
2667 2679 2872 2735 interea
2901 2683 3080 2738 varias
3118 2683 3432 2757 Campanis:
3468 2686 3690 2758 regiones
3708 2699 3786 2755 per

2285 2769 2529 2837 agrabat,
2588 2771 2692 2826 huc
2742 2773 2978 2844 illucque
3028 2791 3125 2847 pro
3175 2789 3481 2848 temporum
3534 2778 3791 2836 necessitate

2282 2874 2591 2916 commeare
2616 2874 2860 2920 coactus.
2891 2866 3042 2934 Quod
3093 2885 3215 2924 cum
3265 2872 3498 2927 referret
3531 2869 3792 2928 Tritbetnius

2282 2949 2360 3006 sic
2389 2951 2655 3008 exclamat
2686 2971 2699 3007 :
2732 2954 2776 3009 0
2799 2967 3048 3027 tempora,
3081 2976 3110 3013 ο
3138 2977 3309 3016 mores
3335 2963 3355 3016 !
3378 2961 3573 3030 Roma’,
3599 2963 3646 3016 in
3669 2960 3792 3015 cathe-

2281 3041 2378 3094 dra
2408 3045 2576 3097 sancti
2607 3042 2754 3100 Petri
2783 3047 3080 3120 Wigbertus
3123 3053 3332 3108 sedebat
3372 3055 3586 3120 idolum,
3627 3063 3666 3108 et
3688 3068 3792 3106 verus

2279 3130 2473 3188 Christi
2504 3136 2727 3192 vicarius
2758 3138 2960 3194 nullum
2989 3145 3234 3197 manendi
3267 3145 3442 3200 locum
3475 3156 3660 3216 poterat
3690 3144 3790 3196 inre-

2275 3225 2386 3277 nire
2414 3234 2580 3280 tutum
2599 3227 2619 3280 .’
2645 3227 2709 3282 Et
2736 3230 2956 3299 quidem
2993 3248 3116 3288 cum
3149 3244 3277 3291 tunc
3306 3236 3600 3294 Willelmus
3625 3237 3789 3292 llirsau-

2272 3315 2471 3386 giensis
2501 3317 2688 3386 abbas,
2723 3321 2803 3375 vir
2844 3324 3139 3380 sanctitate
3173 3342 3387 3383 morum
3419 3340 3472 3385 et
3514 3330 3611 3385 lide
3653 3329 3698 3383 in
3727 3340 3787 3380 se-

2271 3406 2392 3460 dem
2429 3407 2779 3477 apostolicam
2826 3412 3074 3484 insignis,
3121 3415 3502 3474 Gebebardum
3543 3415 3789 3474 monasterii

2271 3498 2350 3552 sui
2383 3499 2614 3566 priorem
2647 3503 2714 3557 ad
2745 3503 3022 3560 Urbanum
3053 3508 3276 3564 misisset
3313 3528 3432 3567 cum
3471 3510 3791 3584 supplicaturus

2268 3585 2474 3654 litteris,
2504 3591 2774 3658 postulans
2809 3595 2927 3662 sibi,
2952 3595 3030 3650 vel
3052 3615 3238 3667 parum
3287 3603 3488 3675 aliquid
3515 3603 3792 3675 reliquiarum

2268 3677 2403 3730 benti
2444 3676 2588 3733 Petri
2623 3682 2917 3740 destinari:
2944 3687 3172 3760 benigne
3214 3693 3436 3760 quidem
3479 3691 3790 3750 Gebebardum

2243 3771 2478 3840 excepit
2519 3774 2782 3842 pontifex,
2831 3779 2926 3832 sed
2971 3778 3229 3838 Guiberto
3282 3786 3508 3842 Romam
3552 3785 3791 3842 obtinente.

2266 3860 2314 3914 ci
2365 3876 2470 3915 non
2520 3865 2695 3931 potuit
2741 3869 3035 3939 quidquam
3080 3887 3145 3927 ex
3193 3877 3558 3944 apostolorum
3607 3869 3792 3942 reliquiis

2263 3949 2488 4006 donare.
2524 3953 2906 4014 Verumtamen
2955 3977 3022 4016 ne
3067 3966 3290 4021 nuntius
3340 3970 3406 4023 ad
3455 3978 3560 4022 tam
3601 3972 3792 4022 sanctum

2265 4042 2460 4108 virum,
2493 4045 2583 4114 qui
2633 4047 2702 4101 ob
2743 4051 2886 4106 sedis
2923 4055 3234 4124 apostolicae
3273 4075 3496 4116 causam
3539 4061 3794 4128 frequento!

2263 4135 2569 4204 εκθεῖιτιιυε
2596 4137 2794 4207 fuerat.
2826 4159 3028 4202 vacuus
3075 4149 3298 4216 rediret,
3349 4152 3481 4206 alias
3511 4165 3635 4221 quas
3654 4157 3792 4203 secum

2262 4225 2406 4284 ferre
2438 4245 2811 4302 consueverat
2857 4241 3099 4308 pontifex
3157 4255 3471 4300 sanctorum
3527 4242 3724 4301 exuvias
3758 4235 3790 4290 ei

2265 4321 2483 4377 tradidit
2511 4323 2852 4398 Hirsaugiam
2892 4332 3049 4388 beato
3098 4335 3278 4390 abbati
3322 4337 3649 4394 deferendas.
3674 4331 3792 4386 Cerle

575 4435 703 4485 dum
734 4431 934 4486 domini
960 4450 1111 4503 papa:
1138 4437 1401 4491 decretum
1433 4414 1778 4499 satisfecerit.
1811 4445 1918 4502 Sed
1950 4465 2063 4505 rem
2091 4414 2157 4509 de
2191 4433 2233 4486 D
2263 4414 2514 4470 nonnum
2555 4417 2790 4509 “dim”
2821 4425 3020 4494 passim
3067 4442 3255 4482 eorum
3305 4439 3598 4501 temporum
3636 4429 3796 4483 i"s""'

575 4540 679 4592 qua
709 4525 890 4593 aginr
917 4540 1022 4580 non
1057 4529 1307 4597 explicat.

629 4633 916 4690 LXXXIX.
947 4635 1255 4693 Ilenriciani
1288 4640 1467 4765 Romi?
1500 4648 1801 4714 praevalent.
1839 4651 2113 4710 Mantuam

1254 4727 1439 4765 cantur:
1470 4753 1481 4765 .

1254 4727 1481 4781 capiunt.

645 4823 899 4878 Dominus
927 4840 1062 4893 papa
1101 4840 1160 4878 eo
1189 4836 1433 4895 tempore,
1469 4829 1518 4882 id
1554 4840 1636 4885 est
1661 4835 1786 4888 anni
1814 4836 1942 4892 1091
1983 4839 2153 4904 initio.

569 4927 628 4970 ut
657 4915 891 4972 Bertoldi
921 4917 1100 4973 verbis
1131 4927 1270 4985 utar,
1299 4921 1353 4974 in
1378 4923 1615 4990 partibus
1641 4927 1946 4997 Campania:
1981 4950 2154 4989 mora-

569 5016 746 5078 batur,
805 5014 958 5068 etab
1013 5016 1251 5070 omnibus
1316 5017 1598 5076 Catholicis
1647 5023 1819 5080 debita
1872 5035 2154 5088 reverentia

2264 4514 2464 4568 menta,
2502 4508 2664 4564 etiam
2706 4512 2758 4566 in
2797 4511 2985 4569 Galliis
3031 4520 3356 4590 conscripta,
3393 4538 3510 4592 qua:
3537 4522 3650 4577 data
3679 4516 3793 4570 dice-

2262 4592 2458 4648 bantur
2489 4595 2700 4670 Urbano
2729 4614 2923 4657 sanctm
2956 4605 3208 4663 Romana:
3251 4609 3501 4668 Ecclesia:
3536 4611 3792 4682 pra'stdeult

2263 4688 2356 4740 sub
2385 4695 2736 4758 persecutione
2765 4696 2984 4753 Henrici
3014 4705 3245 4771 tyranni,
3291 4715 3386 4760 aut
3435 4705 3533 4760 sub
3575 4699 3792 4760 similibus

2261 4775 2530 4845 formulis,
2567 4796 2687 4851 qum
2720 4784 2860 4840 idem
2905 4789 3023 4843 aliis
3055 4793 3230 4848 verbis
3262 4795 3644 4864 exprimebant.
3675 4781 3792 4842 llaud

2260 4879 2438 4926 tamen
2467 4872 2583 4930 sine
2604 4875 2806 4933 honore
2830 4893 2969 4942 erat,
2999 4883 3160 4936 etiam
3193 4887 3243 4939 in
3273 4887 3357 4941 bis
3382 4885 3632 4956 angustiis
3660 4873 3794 4949 pon'i‘

2256 4959 2364 5026 fex,
2397 4977 2556 5032 quem
2588 4967 2688 5021 viri
2731 4970 3010 5042 utriusque
3057 4976 3262 5030 ordinis
3299 4977 3613 5033 illustriores
3640 4978 3790 5026 earum

2257 5053 2535 5123 regionum
2568 5074 2705 5127 quas
2735 5061 2998 5119 invisebat
3023 5076 3080 5119 ut
3105 5067 3393 5136 plurimum
3417 5065 3785 5124 comitabantur-

466 5681 472 5683 -
563 5656 808 5712 merebat
849 5659 1078 5730 lapidem
1108 5660 1390 5718 Henricus.
1427 5673 1484 5718 ut
1510 5669 1729 5736 quosvis
1761 5673 1920 5728 etiam
1962 5680 2009 5732 vi
2047 5691 2136 5735 aut

567 5103 856 5169 colebatur,
886 5104 1118 5159 videlicet
1159 5124 1190 5160 a
1214 5106 1794 5181 Constantinopolitano
1821 5118 2150 5189 imperatore,

567 5207 614 5249 et
663 5212 694 5247 a
735 5194 980 5266 Philippo
1015 5196 1343 5253 Francorum
1373 5218 1512 5272 rege,
1561 5207 1782 5277 aliisque
1832 5212 2148 5270 diversorum

566 5302 845 5354 regnorum
867 5287 1209 5357 principibus,
1234 5300 1337 5343 tam
1362 5293 1729 5352 ecclesiasticis
1748 5318 1904 5371 quam
1927 5308 2150 5362 stvcula-

567 5380 730 5445 ribus,
779 5390 992 5450 excepto
1050 5379 1476 5440 Teut-onicorum"
1511 5406 1688 5458 regno,
1744 5395 1831 5448 ubi
1887 5400 2039 5454 multi
2084 5420 2148 5456 ea.

565 5469 852 5527 Catholicis
879 5475 934 5527 in
963 5485 1165 5544 partem
1193 5483 1764 5540 exconnnunieatorum
1799 5491 2022 5547 avaritia
2051 5496 2144 5550 de-

563 5567 696 5632 cepti
726 5578 908 5636 sponte
933 5585 1028 5622 sua
1062 5585 1116 5623 se
1149 5574 1545 5628 transtulerunt.
1593 5576 1818 5634 Omnem
1850 5584 1992 5638 enim
2020 5596 2143 5644 tunc

2255 5145 2327 5198 lla
2363 5147 2463 5202 hoc
2497 5163 2638 5203 anno
2668 5151 2768 5205 sub
2811 5152 2972 5206 linem
3019 5158 3219 5211 mensis
3256 5156 3516 5219 Januarii,
3553 5169 3660 5209 cum
3681 5159 3787 5218 ρανη

2256 5234 2500 5292 Urbanus
2543 5239 2736 5309 Capua:
2782 5254 2932 5308 esset,
2974 5246 3047 5298 uti
3103 5257 3290 5301 narrat
3334 5248 3521 5302 Petrus
3563 5243 3786 5331 Uiawftls

2253 5326 2390 5381 libro
2419 5344 2470 5382 tv
2507 5330 2760 5386 Clironici
2799 5334 3131 5404 Casinensis,
3161 5354 3279 5408 cap.
3312 5339 3363 5401 9.
3399 5333 3692 5422 [taynaldus

2253 5417 2444 5483 vellus,
2472 5422 2564 5488 qui
2595 5434 2831 5479 castrum
2877 5425 3193 5483 Fractarum
3234 5431 3390 5499 paulo
3418 5440 3538 5484 ante
3573 5427 3621 5479 in
3658 5417 3782 5513 Casii

2251 5526 2444 5566 neuses
2489 5514 2537 5566 vi
2590 5515 2903 5583 invaserat,
2951 5521 3023 5574 ibi
3068 5523 3360 5576 astantibus
3407 5520 3576 5574 multis
3613 5509 3780 5598 cleriflf

2249 5611 2402 5668 ατίΙιιε
2443 5604 2702 5660 "Olli/ibus
2752 5608 3040 5678 Capuanis,
3072 5612 3282 5682 publice
3321 5610 3586 5668 Orderisio
3631 5600 3776 5657 abbati

2248 5689 2575 5746 discalccatis
2609 5698 2823 5762 pedibus
2863 5703 3112 5769 satisfecit
3154 5719 3215 5757 uc
3264 5700 3632 5772 indulgentiam
3678 5700 3769 5757 Ιετο·
