3962 6312
135 447 192 503 81
1647 439 1710 493 V'l

1816 479 1827 492 -
3310 449 3383 506 83

137 557 341 618 meruit.
367 555 486 610 Scio
515 535 1074 623 equidem’uonnullos
1099 553 1150 608 id
1178 552 1378 608 factum
1404 554 1471 608 ad
1503 567 1704 607 annum
1734 553 1778 609 A
1806 562 1860 605 et
1889 552 2353 622 arcliicpisconum
2401 557 2681 613 Aritanum
2713 575 2807 614 seu
2837 559 3236 618 Brundusinum
3261 579 3381 620 ver-

141 650 286 714 l092,
320 661 423 717 quo
453 645 699 701 dedicata
727 652 810 700 est
837 644 1064 700 ecclesia
1096 641 1282 699 Sancti
1313 643 1564 708 Andreae,
1594 642 1705 697 dis-

141 744 317 800 tulisse
356 754 418 794 ex
464 737 612 792 Petri
654 736 834 792 verbis
879 735 1018 790 male
1071 734 1395 801 intellectis;
1436 733 1530 790 sed
1565 733 1707 788 hanc

140 831 539 895 dedicationem,
569 829 758 885 eodem
803 828 908 892 die,
946 842 1052 883 non
1079 842 1211 884 vero
1237 827 1428 884 eodem
1454 840 1617 891 anno,
1649 833 1707 880 ut

141 925 341 998 quidem
377 930 657 994 putarunt,
709 935 817 990 quo
859 917 1170 990 Raynaldus
1216 917 1446 974 Fractas
1487 917 1705 982 invasit,

141 1017 448 1075 celebratam
497 1013 665 1069 fuisse
707 1012 844 1068 scite
891 1011 1122 1066 advertit
1154 1009 1415 1067 Camillus
1458 1009 1707 1080 Peregri-
1742 1009 1754 1028 ⁵

143 1110 254 1165 nius
285 1108 336 1162 in
365 1105 507 1162 serie
535 1105 792 1160 abbatum
820 1102 1216 1168 Casiniensium,
1247 1102 1338 1157 ubi
1367 1105 1507 1158 hanc
1537 1101 1710 1171 publi-

145 1213 248 1253 cam
290 1193 718 1251 satisfactionem
773 1207 915 1248 anno
967 1193 1096 1247 ll-ll
1150 1191 1458 1263 consignari
1513 1191 1710 1248 debere

147 1287 309 1342 multis
334 1285 635 1356 etquidem
671 1283 909 1350 invictis,
940 1283 984 1338 si
1021 1283 1156 1338 bene
1184 1283 1393 1353 judico,
1424 1297 1713 1354 argumen-

149 1379 209 1434 tis
234 1377 432 1448 probat.
478 1375 564 1431 An
605 1390 736 1432 vero
770 1358 955 1444 postea
986 1373 1214 1430 Romam
1253 1374 1438 1430 statim
1487 1373 1711 1430 redierit

149 1471 365 1542 pontifex
408 1470 678 1525 incertum
717 1479 834 1534 est,
889 1468 984 1524 sed
1032 1466 1508 1538 ipsum-Anagnia:
1557 1466 1712 1521 initio

153 1564 308 1620 Martii
329 1563 601 1620 exstitisse
630 1569 843 1618 constat
869 1576 937 1615 ex
965 1561 1247 1633 privilegio
1274 1561 1529 1617 Ecclesia!
1554 1561 1713 1616 Cata-

154 1655 352 1720 nicnsis,
376 1654 517 1724 quod
565 1653 621 1708 in
660 1667 724 1708 ea
774 1651 908 1708 urbe
941 1667 1015 1707 vu
1047 1651 1179 1706 Idus
1227 1652 1411 1706 Martii
1449 1652 1713 1722 Ansgerio

156 1745 382 1816 episcopo
409 1741 658 1800 indulsit.

159 1873 276 1930 XCI.
305 1873 584 1954 Concilium
606 1872 1080 1954 ﬂettet'enli._l3jtts
1108 1890 1329 1954 canones
1351 1890 1594 1954 ,“annnus.
1629 1873 1656 1927 1
1663 1875 1711 1927 bi
1745 1897 1785 1954 Β

223 1955 398 1999 asserta
419 1945 667 1998 Ecclesia:
694 1942 1241 2012 monopolis'ltbertas.
1271 1944 1428 1997 Bulla
1458 1945 1709 1998 Casinen-

227 2018 288 2085 sis
337 2015 393 2068 de
427 2030 678 2085 _corpore_
697 2016 866 2085 sancti
916 2013 1208 2085 Benedicti.
1257 2013 1592 2085 Privilegium
1651 2012 1709 2069 S.

232 2084 393 2138 Crucis
417 2082 609 2138 Pictav.
641 2082 986 2154 Privilegium
1017 2083 1391 2154 Crispiniense.

241 2196 386 2252 Paulo
402 2206 516 2267 post
536 2197 804 2262 Urbanus,
830 2197 1072 2252 fervente
1093 2196 1219 2251 licet
1241 2196 1710 2252 schismattcorum

179 2285 352 2352 furore,
364 2286 637 2355 generalem
658 2285 940 2356 synodum,
957 2285 1032 2340 uti
1062 2301 1093 2340 a
1118 2285 1368 2341 Bertoldo
1391 2284 1710 2354 appellatur,

169 2378 416 2432 Beneventi
461 2379 696 2450 collegit,
743 2381 800 2434 in
845 2396 949 2450 qua
1002 2375 1311 2434 sententiam
1361 2379 1711 2433 anathematis

163 2484 298 2536 super
317 2466 612 2524 Guibertum
643 2472 1045 2526 liceresiurcham
1070 2480 1118 2525 et
1149 2487 1327 2525 omnes
1352 2471 1466 2541 ejus
1496 2471 1713 2539 compli-

160 2575 230 2614 ces
251 2563 473 2630 synodali
503 2563 718 2632 judicio
755 2563 1100 2632 conﬁrmavit.
1137 2564 1574 2619 Beneventanum
1603 2563 1709 2618 Ec-

158 2656 344 2711 clesiam
390 2666 522 2712 tunc
573 2656 791 2728 regebat
842 2656 1114 2714 Roli‘ridus
1161 2658 1446 2727 episcopus
1475 2696 1490 2722 ,
1539 2671 1570 2710 a
1608 2671 1713 2734 quo

157 2747 365 2814 pontifex
410 2748 466 2802 in
517 2750 709 2804 urbem
753 2749 1080 2814 adveniens,
1131 2756 1191 2803 ut
1236 2747 1399 2802 tradit
1428 2746 1710 2817 Ughellus,

160 2839 414 2896 honorifice
436 2849 728 2911 susceptus
754 2839 877 2896 fuit.
911 2841 1164 2896 Canones
1191 2847 1427 2911 quatuor
1449 2840 1518 2895 de
1544 2839 1711 2895 disci-

158 2928 271 2997 plina
315 2931 687 2986 ecclesiastica
725 2931 777 2986 in
826 2932 1014 3008 eadem
1051 2933 1258 3003 synodo
1303 2920 1506 2987 conditi
1550 2930 1712 3000 vulgo

155 3019 604 3086 circumferuntur,
651 3020 742 3091 qui
784 3021 960 3076 locum
990 3021 1118 3077 olim
1169 3023 1311 3076 inter
1362 3021 1565 3076 Urbani
1594 3021 1710 3092 epi-

153 3109 293 3164 stolas
322 3111 622 3167 habebant.
662 3111 718 3165 ln
750 3121 942 3180 quarto
965 3112 1274 3182 praecipitur
1301 3112 1554 3167 omnibus
1583 3111 1714 3167 viris

152 3208 195 3251 et
229 3198 450 3266 feminis,
507 3210 614 3256 tam
657 3203 811 3257 laicis
852 3217 1014 3273 quam
1057 3203 1291 3270 clericis,
1335 3212 1396 3258 ut
1440 3204 1492 3258 in
1538 3203 1713 3274 capite

149 3290 305 3359 jejuuii
354 3293 848 3364 quadragesimalis
899 3295 1125 3349 cinerem
1171 3313 1334 3365 supra
1382 3297 1556 3358 capita
1612 3314 1710 3350 sua

152 3381 399 3450 accipient.
447 3382 573 3438 Hoc
619 3399 781 3454 porro
803 3385 1094 3440 concilium
1129 3401 1273 3441 anno
1303 3387 1432 3442 l09l
1467 3389 1711 3442 celebra-

152 3481 242 3526 tum
268 3475 446 3545 fuisse,
477 3485 686 3547 praeter
710 3478 1041 3544 Bertoldum,
1065 3479 1287 3535 disertis
1310 3480 1493 3536 verbis
1521 3481 1715 3552 legitur

151 3562 193 3615 in
213 3568 363 3621 veteri
393 3567 592 3623 codice
616 3567 881 3635 Romano,
908 3583 972 3624 ex
1006 3585 1112 3640 quo
1138 3570 1384 3626 Labbeus
1405 3571 1522 3640 ejus
1545 3588 1712 3628 cano-

150 3668 228 3707 nes
250 3656 437 3721 edidit,
466 3665 532 3713 et
565 3657 782 3727 quidem
811 3658 898 3712 die
942 3673 974 3712 v
1008 3657 1279 3713 Kalendas
1313 3660 1533 3729 Aprilis,
1575 3663 1716 3715 indi-

148 3745 292 3801 ctione
345 3764 476 3816 xrv,
535 3765 637 3805 nec
683 3751 934 3805 dissentit
979 3752 1149 3806 codex
1198 3753 1717 3820 Anianensis,licet

146 3852 320 3894 annum
352 3841 502 3898 1090
549 3843 742 3896 habeat
765 3883 779 3907 ,
813 3843 906 3897 sed
947 3859 1132 3913 quem,
1174 3846 1248 3899 uti
1277 3862 1343 3900 ex
1376 3847 1521 3902 notis
1550 3848 1714 3904 chro-

147 3936 262 3994 nicis
299 3955 431 4010 quas
487 3941 736 4006 exhibet,
777 3941 933 3998 facile
981 3942 1304 4008 advertitur,
1349 3927 1717 4014 adpascbale

146 4029 318 4087 festum
344 4035 632 4105 sequentis
683 4036 806 4089 anni
857 4035 1123 4104 producit.
1160 4036 1214 4090 lu
1264 4045 1494 4108 utroque
1536 4047 1714 4093 autem

146 4120 308 4177 codice
337 4123 671 4179 observatur
710 4131 788 4178 tot
832 4124 1114 4194 episcopos
1155 4135 1205 4180 et
1245 4127 1468 4183 abbates
1494 4129 1559 4182 ad
1588 4128 1716 4183 illud

144 4211 405 4267 concilium
455 4214 804 4278 convenisse,
837 4225 894 4269 ut
923 4232 1100 4270 eorum
1131 4233 1377 4273 mtmerus
1425 4216 1582 4289 facile
1624 4219 1721 4275 ad-

147 4304 296 4356 notari
336 4321 439 4359 non
469 4307 724 4376 potuerit.
771 4305 918 4362 Inter
942 4322 1036 4362 eos
1076 4324 1224 4371 vero,
1258 4311 1300 4364 si
1330 4311 1560 4367 Baronio
1596 4328 1719 4368 cre-

145 4395 335 4463 damus,
381 4400 622 4457 celebris
663 4411 781 4456 crat
818 4392 1019 4459 Petrus
1051 4405 1209 4460 Cava:
1252 4406 1434 4471 abbas,
1472 4410 1721 4476 quamvis

146 4485 220 4540 alii
265 4498 541 4556 auctores,
589 4499 647 4546 ut
679 4491 790 4560 jam
841 4494 1096 4558 diximus,
1144 4497 1301 4551 aliter
1335 4499 1597 4564 sentiant,
1634 4501 1719 4555 cui

1807 643 2038 698 tebatur.
2086 643 2460 702 Contendebat
2496 648 2870 706 Brundusinus
2921 653 3150 720 antistes
3184 655 3382 712 Eccle-

1807 735 1942 788 siam
1968 735 2262 805 lllonopolis
2282 738 2479 793 debere
2503 753 2622 794 esse
2648 741 2926 810 metropoli
2954 759 3066 798 suae
3089 747 3380 800 subditam.

1807 825 1961 892 Quod
1993 830 2320 899 pernegabat
2348 828 2698 895 Romualdus,
2726 833 2951 900 prolatis
2979 835 3033 888 in
3066 849 3176 890 suae
3207 850 3387 892 causae

1809 920 2106 976 subsidium
2165 922 2440 979 veteribus
2490 926 2867 982 instrumentis
2907 941 3026 996 quae
3069 927 3216 982 illam
3285 929 3383 985 soli

1811 1011 2052 1066 Romano
2095 1013 2344 1083 pontifici
2408 1016 2704 1082 subiectam
2765 1032 2886 1072 esse
2937 1019 3257 1089 probabant.
3320 1018 3390 1072 Et

1809 1103 2023 1173 quidem
2048 1106 2371 1161 examinatis
2399 1107 2451 1160 in
2483 1109 2641 1176 pleno
2667 1109 2919 1164 concilio
2939 1109 3042 1164 illis
3065 1110 3399 1180 privilegiis,

1814 1195 2185 1252 Brundusinus
2223 1199 2660 1269 archiepiscopus
2704 1216 2867 1255 causa
2901 1200 3118 1265 cecidit,
3165 1210 3218 1254 et
3255 1215 3402 1255 con->-

1812 1285 2024 1342 firmata
2057 1298 2142 1342 est
2168 1289 2407 1344 omnium
2440 1290 2658 1346 Patrum
2684 1290 2952 1362 suﬂragiis
2981 1290 3399 1360 Monopolitanae

1813 1377 2067 1434 Ecclesiae
2093 1378 2339 1444 libertas,
2380 1391 2439 1435 ut
2465 1390 2694 1436 testatur
2739 1383 2854 1449 ipse
2889 1381 3142 1438 Urbanus
3163 1382 3216 1436 in
3248 1380 3390 1436 bulla

1811 1482 1874 1522 ea
1905 1468 1970 1522 de
1995 1483 2054 1522 re
2079 1467 2369 1524 Beneventi
2408 1471 2508 1525 hoc
2535 1485 2698 1537 anno,
2733 1470 2984 1525 Kalendis
3013 1470 3213 1541 Aprilis
3243 1470 3388 1534 data,

1812 1570 1973 1625 quam
2018 1557 2159 1625 apud
2213 1557 2496 1629 Ugbellum
2545 1559 2726 1614 videre
2771 1559 2914 1614 licet.
2959 1561 3036 1614 Ex
3081 1560 3168 1616 his
3216 1559 3390 1630 colligi

1814 1656 1992 1717 potest
2012 1647 2213 1703 bullam
2243 1648 2344 1704 sub
2373 1649 2573 1705 Urbani
2602 1651 2821 1706 nomine
2858 1654 3038 1706 datam
3067 1652 3262 1720 Capuae
3293 1653 3394 1705 hac

1815 1739 1930 1810 ipsa
1955 1741 2040 1796 die
2061 1740 2424 1798 Kalendarum
2449 1742 2735 1811 Aprilium,
2758 1745 2833 1798 De
2858 1743 3134 1814 prwsentia
3163 1743 3395 1812 corporis

1815 1829 1987 1884 sancti
2035 1830 2312 1886 Benedicti
2361 1833 2502 1902 apud
2551 1831 2832 1898 Casinum,
2888 1833 2956 1888 ad
3003 1834 3146 1888 hunc
3192 1847 3394 1886 annum

1817 1922 2055 1978 revocari
2082 1923 2166 1976 vix
2196 1938 2376 1992 posse,
2407 1924 2536 1978 licet
2560 1925 2908 1980 indictionem
2937 1940 3047 1990 xrv,
3071 1940 3191 1995 qua:
3221 1924 3396 1994 reipsa

1814 2014 2065 2084 praesenti
2096 2029 2238 2070 anno
2266 2015 2543 2082 convenit,
2574 2015 2896 2085 prtefcratin
2921 2016 3034 2071 suis
3061 2015 3203 2071 notis
3232 2013 3395 2070 chro-

1814 2103 2104 2174 nologicis;
2137 2105 2238 2160 nisi
2262 2106 2399 2161 forte
2429 2106 2553 2176 quis
2577 2107 2760 2162 dicere
2784 2107 2912 2162 velit
2942 2107 3214 2163 Urbanum
3238 2121 3398 2161 mane

1813 2195 2103 2252 Beneventi
2145 2197 2481 2266 privilegium
2532 2197 2989 2267 Monopolitauum
3037 2197 3397 2261 concessisse,
3441 2205 3443 2208 '

1811 2295 1928 2341 tum
1965 2287 2266 2357 profectum
2298 2288 2558 2359 Capuam,
2602 2291 2784 2360 ibique
2829 2290 2932 2345 hac
2974 2291 3088 2359 ipsa
3138 2289 3227 2344 die
3273 2288 3400 2343 sub—
3472 2289 3477 2293 “

1815 2377 2061 2448 signasse
2102 2379 2247 2432 illum
2279 2379 2673 2436 .Casinensium
2718 2381 2939 2436 bullam.
2983 2379 3090 2435 Sed
3141 2380 3244 2435 hoc
3291 2394 3398 2433 non

1816 2485 1979 2524 unum
2006 2479 2088 2526 est
2119 2472 2275 2526 istius
2302 2473 2550 2543 rescripti
2593 2472 2805 2549 vitium,
2853 2482 2911 2527 ut
2954 2472 3126 2528 fusius
3163 2473 3401 2527 diximus

1814 2562 1883 2616 ad
1916 2578 2116 2617 annum
2155 2563 2530 2633 l088.llpsum
2574 2572 2754 2618 tamen
2804 2564 2935 2620 olim
2989 2563 3256 2618 referetur
3303 2577 3401 2617 suo

1812 2657 2026 2721 ordine,
2054 2671 2120 2712 ne
2156 2657 2308 2721 illud,
2351 2657 2726 2728 qualecunque
2755 2657 2940 2722 fuerit,
2981 2644 3398 2712 instrumentum

1811 2747 2200 2803 Casinensibus
2235 2751 2437 2805 nostris
2475 2750 2718 2806 invidere
2746 2750 3045 2804 videamur.
3088 2748 3254 2803 Multo
3292 2761 3402 2802 ma-

1807 2840 1959 2911 joris,
1994 2841 2102 2901 imo
2127 2849 2290 2897 certa:
2327 2842 2447 2896 fidei
2476 2851 2554 2897 est
2585 2842 2922 2914 privilegium
2949 2840 3113 2911 quod,
3155 2839 3397 2908 ejusdem

1811 2932 2026 2987 concilii
2071 2929 2432 2989 Beneventani
2488 2941 2748 3004 tempore,
2807 2933 3065 2997 'Adhelis,
3125 2932 3397 2987 abbatissa

1815 3025 2028 3081 Sanctae
2053 3024 2244 3081 Crucis
2285 3025 2764 3096 iapud‘Pictavos,
2791 3027 2860 3080 ab
2903 3025 3120 3084 Urbano
3167 3023 3398 3079 obtinuit

1814 3115 1904 3171 die
1945 3133 1999 3171 tv
2046 3127 2174 3172 ante
2217 3117 2487 3173 Kalendas
2535 3117 2755 3187 Aprilis.
2805 3117 2938 3172 lllud
2981 3131 3044 3171 ex
3089 3114 3398 3186 apographo

1814 3207 2143 3279 descriptum
2180 3208 2399 3264 dabitur
2436 3208 2580 3270 inter
2611 3207 2812 3264 Urbani
2853 3207 3126 3277 epistolas.
3158 3197 3400 3274 Denique

1769 3303 1783 3321 '
1814 3299 1993 3354 adhuc
2021 3297 2310 3355 Beneventi
2344 3299 2662 3356 morabatur
2699 3299 2969 3364 Urbanus,
3002 3303 3124 3354 cum
3169 3297 3401 3353 accessit

1815 3389 1882 3444 ad
1926 3389 2074 3444 illum
2130 3390 2435 3448 Ravnerius
2479 3390 2648 3446 abbas
2688 3389 3072 3458 Crispiniensis
3105 3388 3156 3441 in
3193 3386 3400 3456 Belgio,

1815 3491 1979 3551 atque
2011 3485 2079 3539 ab
2102 3499 2168 3539 eo
2206 3484 2585 3538 munimentum
2619 3482 2703 3534 sui
2737 3481 3039 3535 monasterii
3069 3478 3309 3542 obtinuit,
3343 3487 3404 3533 ut

1817 3571 2016 3642 legitttr
2045 3574 2187 3643 apud
2215 3573 2432 3628 Surium
2478 3581 2534 3627 et
2579 3571 2892 3626 Bollandum
2925 3569 3009 3624 die
3030 3569 3061 3622 7
3089 3567 3312 3640 Aprilis,
3341 3567 3398 3623 in

1822 3664 1936 3720 Vita
1965 3665 2137 3720 sancti
2168 3665 2396 3729 Aiberti,
2421 3673 2551 3720 tunc
2584 3663 2846 3734 temporis
2878 3663 3071 3718 reclusi
3116 3664 3169 3718 in
3209 3663 3402 3719 eodem

1819 3757 2169 3822 monasterio,
2203 3757 2293 3826 qui
2324 3772 2480 3811 suum
2507 3757 2762 3812 abbatem
2793 3758 2892 3811 hoc
2931 3757 2983 3810 in
3017 3755 3208 3812 itinere
3233 3756 3402 3811 comi-

1822 3859 1966 3905 tatus
2009 3859 2118 3916 est;
2166 3850 2259 3904 sed
2305 3848 2422 3918 ejus
2471 3849 2735 3920 privilegii
2782 3847 3087 3919 exemplum
3137 3861 3402 3918 nusquam

1822 3939 2068 3995 invenire
2091 3939 2264 3995 licuit.

2115 4029 2266 4085 XCII.
2299 4028 2495 4085 Sicilia:
2519 4030 2749 4086 ecclesia!
2780 4039 3108 4086 restaurator.

1895 4119 1968 4174 Ea
1995 4124 2334 4189 tempestate,
2358 4122 2434 4174 uti
2459 4119 2717 4175 discimus
2737 4135 2803 4175 ex
2830 4118 3090 4174 Gaufrido
3116 4115 3403 4172 lllalaterra

1821 4221 1875 4267 et
1901 4214 2068 4268 variis
2090 4213 2464 4269 instrumentis
2486 4209 2686 4284 passim
2709 4213 2886 4277 editis,
2912 4211 3177 4282 Rogerius
3196 4225 3402 4266 comes.

1775 4307 1790 4318 "
1821 4304 1990 4375 pulsis
2023 4319 2054 4360 e
2079 4304 2262 4360 Sicilia
2295 4303 2631 4370 Sarracenis,
2672 4319 2738 4360 eo
2776 4305 3116 4375 potissimum
3161 4302 3402 4356 animum

1823 4396 2054 4451 intendit
2084 4404 2143 4450 ut
2167 4395 2426 4451 ecclesias
2450 4411 2570 4465 qua:
2598 4411 2626 4449 a
2658 4395 2912 4450 Barbaris
2945 4395 3160 4464 penitus
3187 4393 3405 4448 destru-

1823 4499 1924 4543 ctze
1975 4487 2191 4542 fuerant
2236 4487 2568 4554 mstitneret.
2629 4486 2768 4542 Hinc
2826 4485 3149 4542 monasteria
3203 4498 3403 4554 passum

146 4579 362 4642 pontifex
416 4585 589 4637 etiam
649 4585 932 4639 reluctanti
985 4587 1160 4641 mitra:
1210 4604 1366 4642 usum
1425 4593 1713 4645 concessit.

1825 4581 2117 4650 reparavit,
2153 4579 2408 4634 nonnulla
2460 4593 2588 4634 vero
2633 4579 2698 4633 de
2738 4593 2877 4634 novo
2927 4575 3248 4633 construit.
3277 4575 3408 4641 Qua:

149 4665 325 4725 Verum
360 4673 474 4729 sive
510 4673 565 4727 in
601 4675 704 4730 hoc
733 4676 986 4742 concilio,
1025 4679 1139 4733 sive
1171 4679 1221 4732 in
1265 4679 1599 4750 Mclphiensi,
1628 4694 1719 4737 aut

146 4761 291 4818 etiam
338 4766 391 4820 in
439 4767 887 4833 Claromoutano,
944 4779 999 4824 ut
1049 4773 1318 4826 nonnullis
1367 4773 1562 4844 placet,
1608 4774 1721 4831 sive

150 4854 344 4910 tandem
390 4859 444 4912 in
486 4858 749 4925 Trojano,
789 4871 847 4914 ut
887 4861 1047 4917 habet
1089 4864 1439 4919 domesticum
1479 4865 1722 4923 Cavcnse

147 4941 458 5014 Cbronicon,
504 4950 731 5020 perinde
761 4962 843 5006 est
890 4955 956 5008 ad
993 4955 1328 5023 probandam
1361 4957 1566 5012 Urbani
1594 4974 1719 5030 erga

148 5039 277 5088 viros
301 5046 520 5092 sanctos
551 5039 910 5094 reverentiam
943 5050 998 5096 et
1025 5042 1170 5096 Petri
1202 5043 1412 5098 abbatis
1446 5045 1720 5102 humilita-

152 5131 262 5180 tem.
291 5127 347 5184 ld
375 5141 561 5185 autem
602 5131 794 5187 Petrus
842 5132 988 5200 fecit,
1020 5136 1066 5190 si
1099 5134 1372 5190 Venusino
1395 5137 1575 5192 abbati
1607 5137 1722 5208 ejus

153 5211 270 5268 Vita:
295 5220 505 5275 auctori
548 5220 706 5275 fidem
737 5223 1066 5290 habeamus,
1100 5235 1154 5278 ut
1198 5228 1546 5295 quorumdam
1576 5247 1722 5284 arro-

154 5305 361 5368 gantiam
384 5310 702 5365 humilitatis
731 5313 965 5383 exemplo
1009 5315 1396 5369 condemnaret.
1438 5315 1563 5383 Qui,
1598 5319 1722 5372 dum

156 5409 200 5446 se
240 5397 463 5454 inaniter
501 5403 780 5469 extollunt,
818 5406 1071 5459 ἱηιίεὺὶιοκ
1111 5407 1208 5460 sibi
1246 5419 1442 5462 sancta:
1474 5408 1723 5466 Ecclesia:

159 5483 357 5543 honores
381 5508 485 5544 non
515 5504 746 5548 metuunt
780 5513 1054 5565 usurpare.
1081 5497 1186 5553 Nec
1214 5498 1365 5568 plura
1389 5515 1447 5555 sc
1473 5501 1724 5558 habuisse

161 5575 216 5629 de
238 5577 332 5634 hac
356 5584 572 5652 synodo
594 5585 795 5641 fatetur
827 5587 1096 5643 Labbcus.

219 5669 478 5732 Discimus
515 5687 692 5734 tamen
737 5697 800 5734 ex
846 5681 988 5737 bulla
1018 5683 1217 5739 Urbani
1263 5687 1327 5740 ad
1367 5686 1721 5739 Romual-lum

165 5761 452 5834 episcopum}
486 5768 938 5839 Monopolitannm
975 5775 1024 5827 in
1057 5792 1117 5828 ea
1149 5777 1351 5846 synodo
1385 5787 1562 5830 actum
1594 5791 1729 5846 quo-

167 5861 256 5913 que
282 5851 439 5910 fuisse
466 5858 532 5911 de
561 5863 924 5917 controversia
943 5880 1061 5934 qua!
1080 5863 1218 5918 inter
1245 5865 1384 5918 hunc
1416 5866 1723 5934 episcopum

1823 4670 2006 4723 omnia
2041 4669 2245 4724 Urbani
2276 4668 2506 4725 consilio
2541 4669 2756 4740 agebat,
2791 4677 3009 4736 accepta
3037 4667 3105 4721 ab
3131 4681 3196 4721 eo
3227 4674 3409 4720 aucto-

1823 4759 1987 4813 ritate
2015 4758 2255 4827 crigendi
2294 4773 2480 4823 novas,
2513 4770 2607 4813 aut
2635 4767 2847 4814 veteres
2887 4757 3219 4827 episcopales
3249 4755 3408 4811 sedes

1824 4849 2182 4915 restituendi,
2234 4849 2397 4904 etiam
2448 4849 2504 4903 in
2554 4849 2684 4920 ipsis
2721 4846 3094 4910 monasteriis,
3149 4857 3277 4898 cum
3324 4858 3411 4898 res

1823 4940 2082 5010 exigeret.
2121 4941 2298 5011 Atque
2326 4941 2462 4996 adeo
2496 4941 2920 5011 quotiescunque
2955 4936 3410 5006 subsequentibus

1827 5035 2162 5097 temporibus
2184 5033 2524 5090 diﬂicultates
2539 5047 2813 5089 emersere
2837 5033 2980 5087 circa
3004 5029 3202 5087 Siciliae
3273 5027 3413 5083 ccle-

1824 5124 2028 5179 siarum
2075 5124 2473 5193 dispositiones,
2520 5123 2803 5192 pontiﬁces
2846 5121 3096 5186 Romani,
3138 5120 3229 5189 qui
3281 5127 3412 5172 tunc

1824 5216 2062 5282 fuerunt,
2091 5218 2158 5272 ad
2193 5216 2392 5272 Urbani
2423 5215 2840 5270 constitutiones
2869 5213 3259 5270 recurrentium
3292 5224 3414 5266 esse

1823 5319 2174 5365 censuerunt.
2211 5313 2284 5364 Ita
2317 5307 2595 5363 Paschalis
2630 5307 2668 5360 ll
2705 5307 2759 5360 in
2795 5306 3090 5375 diplomate
3118 5319 3216 5374 pro
3240 5303 3414 5358 Maza-

1829 5403 1990 5457 riensi
2023 5402 2258 5458 Ecclesia
2287 5400 2547 5459 decernit.
2597 5408 2654 5453 ut
2702 5414 2788 5455 res
2831 5415 2898 5456 eo
2939 5401 2991 5453 in
3025 5408 3165 5452 statu
3193 5411 3409 5466 perma-

1801 5519 1806 5524 -
1829 5503 2015 5561 neant,
2032 5495 2188 5559 sicut,
2204 5503 2460 5548 annuente
2477 5492 2603 5558 Deo,
2620 5481 2667 5546 et
2684 5490 3028 5546 Mazariensis
3042 5499 3089 5543 et
3106 5497 3412 5544 creterarum

1826 5591 2089 5658 puros/tite
2132 5605 2225 5658 per
2257 5585 2596 5657 apostolicum
2641 5581 2789 5640 bbnte
2831 5583 3096 5638 memoriw
3139 5581 3408 5636 Urbanum

1827 5681 2247 5750 disposiltvsunl.
2279 5679 2344 5734 Et
2372 5679 2638 5748 Eugenius
2669 5680 2732 5734 lll
2763 5679 2815 5733 in
2843 5677 2984 5735 bulla
3017 5676 3083 5731 ad
3113 5676 3408 5731 Robertum

1831 5772 2088 5828 Messanae
2126 5773 2457 5842 episcopum,
2505 5773 2621 5841 ejus
2666 5771 2922 5826 Ecclesite
2961 5768 3237 5839 privilegia
3274 5780 3407 5822 con-

1834 5867 2065 5920 firmavit
2097 5907 2110 5930 ,
2161 5863 2359 5919 Urbani
2408 5883 2554 5936 papae
2612 5863 2940 5934 dispositioni
2999 5861 3286 5916 inhaerens.
3341 5856 3412 5915 At
