3962 6312
613 401 684 458 85

1877 396 1935 450 Β.
1981 393 2176 453 UBBAi

2276 393 2310 445 ll
2355 390 2554 447 ΡΑΡῶ
3732 413 3780 469 ει

609 528 768 567 nemo
799 511 986 566 melius
1015 510 1152 565 banc
1179 521 1292 562 rem
1322 507 1570 578 exposuit
1594 521 1752 576 quam
1783 507 1894 575 ipse
1922 506 2188 575 Rogerins
2216 506 2262 563 A
2291 502 2574 557 ordinavit.
2602 503 2753 573 Apud
2778 491 3096 574 Syracusani
3123 523 3251 564 vero
3273 509 3537 584 adjiciens,
3557 505 3780 592 ROgerinm

609 605 666 658 in
717 603 890 669 variis.
931 600 1304 654 instrumentis
1353 613 1416 650 ea
1465 598 1748 652 occasione
1793 595 2078 660 confectis,
2121 609 2188 649 ex

608 694 804 760 quibus
827 705 990 744 unum
1015 690 1153 744 inter
1174 688 1277 742 alia
1301 687 1509 758 insigne
1540 687 1850 757 selegimus,
1883 688 1934 741 in
1960 687 2186 757 gratiam

606 780 924 836 Catanensis
970 779 1225 834 Ecclesia:
1272 778 1481 840 datum,
1523 779 1666 848 quod
1705 779 1971 847 integrum
2021 777 2188 834 refert

605 871 854 925 Bocchus
883 869 1142 940 Pyrrhus.
1173 867 1230 922 In
1260 881 1325 922 eo
1355 866 1616 938 llogerius
1652 876 1880 921 testatur
1908 866 2198 921 Urbanum-

603 979 692 1014 ore
729 979 823 1014 suo
858 960 1208 1019 sanctissimo,
1244 958 1384 1014 haud
1433 959 1651 1013 dubium
1699 960 1914 1027 quando
1961 974 2083 1014 eum
2131 959 2184 1014 in

603 1050 844 1103 Siciliam
892 1055 1238 1112 convenerat,
1288 1048 1366 1101 uti
1415 1062 1482 1100 ex
1530 1046 1817 1102 Malaterra
1866 1049 1933 1102 ad
1983 1063 2184 1102 annum

603 1139 741 1194 1088
772 1139 1029 1202 diximus,
1061 1139 1162 1194 sibi
1185 1139 1517 1208 praecepisse
1545 1148 1599 1194 et
1631 1154 1846 1209 rogasse
1891 1149 1951 1193 ut
1986 1139 2184 1196 Sicilia:

601 1231 972 1286 Ecclesiarum
1015 1244 1200 1286 curam
1249 1231 1566 1301 susciperet,
1616 1248 1797 1301 quare,
1852 1232 2053 1301 inquit,
2093 1249 2184 1302 per

603 1323 808 1376 diuersa
843 1321 1042 1376 Sicilia:
1077 1322 1191 1378 loca
1238 1323 1424 1375 idonea
1459 1324 1700 1376 ecclesias
1737 1325 1992 1389 a’di/icavi
2025 1325 2181 1394 jussu

601 1415 792 1467 summi
817 1412 1078 1483 pontiﬁcis
1112 1412 1402 1480 apostolici,
1431 1422 1479 1466 et
1507 1415 1770 1484 episcopos
1808 1415 1996 1469 ibidem
2019 1415 2182 1469 collo-

601 1505 806 1560 ravi....
835 1506 947 1574 ipso
972 1504 1222 1558 laudante
1250 1514 1299 1558 et
1325 1506 1651 1570 concedente,
1678 1517 1725 1560 et
1753 1507 1890 1575 ipsos
1917 1507 2180 1576 episcopos

601 1604 954 1648 consecrante.
1008 1594 1160 1647 Tunc
1223 1594 1388 1648 donat
1438 1594 1557 1662 pius
1608 1596 1860 1665 princeps
1916 1597 2180 1666 Ansgerio

602 1686 857 1756 episcopo
911 1685 1077 1741 simul
1122 1695 1177 1742 et
1226 1685 1405 1741 abbati
1458 1686 1649 1742 urbem
1695 1686 2070 1745 Catanensem.
2121 1687 2178 1743 ln

602 1778 654 1832 al
685 1796 772 1829 «ξι-ει
803 1780 1013 1840 charta,
1035 1793 1196 1846 quam
1229 1777 1368 1831 idem
1399 1777 1645 1833 Bocchus
1665 1778 1907 1850 Pyrrhus
1933 1779 2175 1844 exhibet,

2290 593 2552 650 decanum
2603 596 2856 652 Ecclesia:
2912 598 3247 656 Troinensis.
3281 643 3293 656 .
3317 642 3330 657 .
3358 643 3370 658 .
3399 644 3443 671 .,
3489 609 3538 664 in
3570 617 3781 681 provincia

2288 695 2465 742 ortum
2509 687 2912 758 pontificalibus
2963 689 3145 746 infulis
3191 694 3510 753 sublimavit.
3673 705 3782 775 Apud

2289 778 2544 834 Sanctam
2590 778 2896 834 Enfemiam
2947 782 3269 836 monachum
3314 789 3580 854 quemdam
3621 795 3783 850 natione

2286 869 2584 924 Brittoncm
2621 869 2876 924 Ecclesiae
2898 869 3190 928 Catanensi
3229 877 3463 933 ordinari
3493 884 3688 939 curavit.
3713 906 3727 938 I
3750 888 3782 942 ls

2287 972 2370 1018 est
2399 961 2693 1031 Ansgerius
2736 961 2802 1016 de
2853 977 2959 1032 quo
2998 965 3157 1019 modo
3186 964 3544 1036 loquebamur.
3579 972 3783 1032 Monastp

2289 1054 2428 1107 rium
2462 1067 2590 1106 vero
2640 1051 2855 1106 Sanctae
2895 1053 3183 1119 Eufemiae,
3211 1058 3350 1125 quod
3382 1060 3467 1114 hic
3503 1074 3780 1129 memoratur,

2284 1159 2398 1214 pra:
2439 1144 2649 1199 caeteris
2678 1152 2798 1197 erat
2827 1142 3068 1208 celebre,
3103 1145 3156 1199 in
3196 1162 3303 1216 quo
3334 1147 3587 1206 Robertus
3605 1151 3783 1209 Wiscar-

2286 1235 2386 1290 dus
2411 1232 2706 1288 Robertum
2737 1232 2987 1288 abbatem
3017 1233 3324 1292 Uticensem
3345 1254 3376 1294 e
3404 1255 3497 1296 suo
3525 1246 3783 1298 monasterio

2283 1324 2351 1379 ab
2375 1325 2623 1378 invasere
2637 1323 2847 1393 pulsum
2876 1325 3252 1393 constituerat,
3275 1345 3396 1384 cum
3415 1331 3528 1386 aliis
3549 1335 3782 1397 monachis.

2282 1416 2373 1485 qui
2399 1432 2554 1472 suum
2586 1417 2834 1472 abbatem
2857 1431 2888 1471 e
2912 1416 3238 1475 Normannia
3270 1423 3438 1477 secuti
3461 1421 3669 1480 fuerant.
3687 1425 3784 1482 Hinc

2281 1505 2485 1561 factum
2514 1515 2572 1561 ut
2598 1521 2662 1561 eo
2692 1507 2746 1560 in
2777 1506 2915 1573 loco,
2947 1507 3086 1563 sicut
3107 1518 3162 1563 et
3185 1509 3322 1578 apud
3348 1509 3586 1566 Sanctam
3608 1514 3784 1569 Trinita-

2282 1605 2390 1653 tem
2446 1597 2687 1663 Venusii,
2718 1608 2774 1652 et
2812 1598 3073 1654 Sanctum
3117 1599 3430 1657 Michaelem
3483 1602 3660 1669 Meliti,
3702 1620 3785 1674 qua:

2282 1687 2444 1742 etiam
2471 1688 2578 1742 duo
2596 1688 2922 1743 monasteria
2944 1689 3084 1744 idem
3107 1690 3358 1760 princeps
3370 1691 3592 1748 Roberto
3611 1694 3784 1762 regenda

2281 1780 2645 1846 commiserat,
2668 1780 3087 1836 consuetudines
3109 1783 3420 1837 monasterii
3445 1783 3616 1837 Sancti
3637 1781 3784 1836 Ebrulﬁ

597 1866 883 1936 Rogerius,
916 1875 1037 1936 post
1079 1867 1374 1922 recensitas
1412 1867 1610 1923 multas
1652 1868 1971 1924 donationes
2017 1869 2178 1924 Cata-
2209 1880 2254 1940 Β
2283 1868 2868 1942 Uticensis‘vigerent,
2910 1880 2969 1925 ut
2997 1869 3290 1929 Ordericus
3316 1873 3502 1930 Vitalis
3544 1873 3785 1930 observavit

595 1959 751 2014 nensi
789 1959 1043 2015 Ecclesiae
1087 1975 1118 2014 a
1158 1975 1215 2015 se
1260 1959 1453 2024 factas,
1496 1959 1769 2032 subjungit
1814 1961 2086 2018 Urbanum
2121 1977 2182 2018 se

593 2049 899 2120 suppliciter
939 2067 1196 2130 exorasse
1226 2061 1285 2106 ut
1313 2068 1467 2108 suam
1516 2067 1582 2107 ea
1631 2053 1698 2108 de
1746 2068 1805 2108 re
1843 2053 2180 2110 constitutio-

595 2157 720 2194 nem
767 2137 1134 2198 conﬁrmaret.
1188 2142 1339 2210 Quod
1382 2142 1452 2197 ab
1498 2158 1563 2199 eo
1596 2144 1893 2212 praestitum
1927 2158 2049 2200 esse
2081 2145 2176 2210 ait,

526 2255 535 2262 ~
594 2231 713 2284 dira
748 2231 1049 2286 intentantc
1078 2234 1128 2286 in
1159 2233 1277 2294 illos
1307 2234 1396 2302 qui
1427 2250 1541 2287 eam
1575 2242 1684 2287 tam
1725 2233 2046 2302 benefactam
2069 2235 2179 2288 vio-

594 2323 786 2388 larent,
824 2324 900 2379 vel
939 2324 1139 2392 aliquid
1169 2325 1288 2379 inde
1330 2326 1711 2392 subtralterent,
1759 2337 1850 2380 aut
1898 2327 2178 2381 monachos

593 2415 667 2467 ibi
695 2414 804 2468 Deo
831 2416 1107 2470 servientes
1136 2432 1362 2485 unquam
1407 2417 1791 2485 perturbarent.
1829 2417 1904 2472 Ea
1949 2427 2034 2473 est
2063 2418 2177 2488 ipsa

593 2504 740 2558 bulla
786 2521 946 2575 quam
997 2521 1160 2576 supra
1208 2523 1358 2562 num.
1404 2488 1486 2562 90'
1525 2507 1884 2562 laudavimus.
1926 2509 2176 2578 Ansgerio

591 2600 831 2670 episcopo
861 2611 910 2654 et
929 2601 1106 2654 abbati
1129 2600 1431 2656 Calaniensi
1470 2602 1591 2657 ideo
1626 2603 1906 2673 inscripta,
1934 2603 2078 2674 quod
2121 2603 2174 2658 in

591 2691 818 2744 ecclesia
859 2690 1072 2747 Sancta:
1109 2691 1334 2762 Agatha:
1380 2693 1677 2748 cathedrali
1716 2695 1964 2750 monachi
2006 2694 2177 2750 Bene-

590 2781 776 2835 dictini
809 2783 1195 2838 canonicorum
1231 2783 1372 2848 loco,
1402 2785 1544 2840 sicut
1579 2795 1633 2841 et
1669 2785 1722 2840 in
1752 2785 2025 2856 plerisque
2056 2785 2176 2841 aliis

591 2869 789 2927 Sicilia:
837 2871 1115 2935 Ecclesiis,
1165 2881 1292 2928 tunc
1338 2872 1691 2941 haberentur,
1735 2874 1985 2944 idemque
2030 2882 2178 2930 esset

589 2977 786 3016 eorum
832 2964 999 3020 abbas
1037 2965 1130 3035 qui
1179 2973 1235 3018 et
1278 2965 1564 3036 episcopus
1609 2983 1623 3019 :
1672 2981 1791 3035 quae
1843 2965 2175 3022 consuetudo

587 3056 855 3128 hodieque
897 3061 1144 3116 subsistit
1171 3062 1222 3116 in
1256 3062 1673 3133 metropolitana
1721 3063 1951 3119 ecclesia
1979 3062 2174 3119 Montis

589 3150 788 3218 regalis
828 3161 882 3205 et
931 3152 982 3209 in
1018 3153 1324 3211 Cataniensi
1381 3155 1625 3212 Ecclesia
1674 3171 1848 3228 usque
1894 3159 1961 3214 ad
2011 3157 2172 3213 finem

587 3242 768 3297 satculi
793 3244 985 3300 decimi
1009 3247 1147 3302 sexti
1175 3247 1460 3304 observata
1492 3248 1692 3305 fuerat.
1723 3250 2019 3321 Ansgerius
2043 3266 2172 3308 vero

586 3331 678 3388 hic
722 3333 994 3402 laudatus,
1019 3337 1109 3406 qui
1155 3351 1187 3392 e
1228 3339 1561 3394 monasterio
1608 3338 1820 3396 Sancta:
1864 3321 2173 3411 Euphemiaa

584 3435 918 3496 assumptus,
946 3427 1159 3485 celebre
1195 3440 1379 3500 postea
1407 3433 1792 3488 monasterium
1820 3432 2039 3488 Catane:
2078 3447 2172 3488 ex-

583 3517 774 3572 citavit
820 3533 942 3573 enm
991 3521 1324 3592 amplissimo
1373 3523 1606 3594 templo,
1656 3524 1840 3594 quod,
1895 3532 1953 3579 ut
2006 3523 2172 3581 refert

589 3607 840 3664 Rocchus
869 3608 1128 3680 Pyrrhus,
1161 3612 1215 3666 in
1247 3623 1356 3667 tota
1388 3613 1575 3669 Sicilia
1600 3615 1889 3668 maximum
1914 3624 2017 3670 est.

588 3719 766 3775 XCIII.
811 3719 1156 3796 Episcopatus
1193 3743 1223 3778 a
1264 3725 1482 3796 Rogerio
1519 3728 1767 3781 instituti.
1813 3727 1994 3783 Troini
2025 3732 2170 3786 sedes

1063 3793 1361 3849 Messanam
1385 3798 1667 3852 translata.

661 3879 917 3946 Qumnam
947 3896 1076 3937 vero
1097 3881 1299 3937 fuerint
1325 3883 1479 3939 sedes
1513 3884 1616 3940 illae
1644 3885 1979 3956 episcopales
2007 3902 2035 3940 a
2065 3888 2173 3942 Ro-

590 3970 740 4037 gerio
769 3970 966 4025 comite
998 3987 1096 4040 per
1126 3972 1178 4026 id
1219 3980 1428 4043 tempus
1472 3974 1524 4028 in
1556 3974 1738 4028 Sicilia
1772 3976 2048 4039 instituta),
2079 3987 2173 4032 aut

587 4057 768 4125 potius
799 4059 1091 4122 restitutre,
1128 4061 1283 4116 docet
1314 4077 1412 4117 nos
1442 4062 1710 4119 Robertus
1732 4064 2048 4122 Troinensis
2075 4081 2171 4121 seu

590 4143 953 4201 Mcssanensis
979 4147 1263 4219 episcopus
1284 4191 1300 4215 ,
1341 4150 1393 4205 in
1425 4152 1659 4221 quadam
1691 4155 1881 4210 charta
1921 4170 2020 4225 pro
2059 4171 2172 4212 mo-

573 4237 829 4290 .nasterio
849 4236 1154 4307 Liparensi,
1186 4242 1324 4310 apud
1353 4242 1627 4298 llocchum
1653 4243 1880 4316 Pyrrum
1906 4248 1957 4302 in
1983 4248 2171 4302 notitia
2195 4265 2202 4270 ·

587 4327 845 4383 Ecclesiae
873 4327 1173 4397 Pactensis,
1198 4339 1340 4386 tomo
1362 4333 1424 4387 lll
1459 4334 1656 4391 Siciliae
1684 4351 1855 4393 sacrm
1883 4338 2050 4393 relata
2068 4380 2084 4406 ,
2117 4339 2170 4393 in

589 4435 694 4487 qua
725 4419 834 4474 illa:
858 4431 1206 4476 recensentur
1242 4424 1326 4480 his
1349 4425 1526 4481 verbis
1551 4445 1564 4482 :
1595 4426 1835 4506 Primum
1869 4429 2164 4500 Traginen-

2281 1962 2421 2017 libro
2451 1978 2511 2016 ιιι
2537 1961 2675 2016 liist.
2708 1961 3115 2018 ecclesiasticae.

2351 2049 2468 2105 Jam
2511 2065 2640 2106 vero
2668 2051 2712 2106 si
2742 2051 2960 2106 Boccho
3000 2051 3172 2123 Pyrro
3197 2053 3480 2108 credamus
3498 2095 3512 2118 ,
3538 2041 3786 2108 TroinenSis

2281 2141 2438 2196 sedes
2467 2140 2786 2210 episcopalis
2808 2181 2822 2204 ,
2857 2141 2943 2196 cui
2993 2149 3122 2196 tunc
3149 2143 3419 2198 Robertus
3460 2152 3698 2214 praeerat,
3717 2143 3786 2197 hoc

2281 2229 2425 2299 ipso,
2457 2238 2550 2284 aut
2578 2239 2727 2286 certe
2755 2245 2900 2285 anno
2929 2233 3256 2301 praecedenti
3295 2233 3611 2296 Messanam,
3643 2241 3786 2301 agente

2279 2321 2467 2376 eodem
2496 2321 2725 2390 Rogerio
2749 2321 2968 2387 comite,
2996 2323 3256 2377 translata
3283 2336 3396 2390 est;
3428 2334 3481 2380 et
3506 2325 3694 2394 quidem
3719 2320 3789 2374 Ur-

2281 2410 2402 2463 bani
2429 2410 2668 2476 consilio,
2693 2422 2754 2465 ut
2791 2411 2842 2465 id
2871 2413 2986 2480 ipse
3015 2412 3286 2482 Bogerius
3330 2424 3554 2470 testatur
3573 2415 3619 2469 in
3646 2416 3786 2468 instru-

2279 2511 2461 2558 mento
2489 2503 2629 2572 apud
2659 2497 2917 2559 eumdeni
2949 2513 3226 2560 auctorem
3271 2505 3469 2570 relato,
3502 2505 3551 2559 in
3580 2519 3669 2575 quo
3690 2505 3785 2556 idem

2277 2595 2528 2664 princeps
2555 2594 2918 2665 pontificalem
2951 2596 3133 2651 sedem
3160 2597 3213 2649 in
3241 2598 3468 2652 ecclesia
3498 2595 3653 2650 sancti
3677 2592 3785 2646 Nico-

2277 2685 2369 2752 lai,
2385 2701 2547 2756 quam
2576 2687 2688 2756 ipse
2708 2686 2963 2742 Messanae
2985 2698 3386 2753 construxerat,
3418 2705 3446 2742 a
3470 2703 3529 2743 se
3555 2686 3779 2740 institutam

2278 2777 2445 2833 fuisse
2474 2786 2724 2856 testatur.
2761 2779 2900 2845 Quin
2933 2787 2987 2832 et
3014 2778 3256 2856 plerique
3292 2781 3787 2849 episcoporum,quos

2277 2883 2344 2924 ex
2391 2868 2672 2924 Malaterra
2722 2869 2971 2940 superius
3011 2869 3375 2936 laudavimus,
3407 2872 3508 2927 hoc
3541 2870 3680 2925 etiam
3709 2868 3787 2934 ipso

2277 2976 2422 3018 anno
2450 2950 3051 3018 consecrati'dicuntur
3095 2963 3234 3032 apud
3281 2966 3526 3018 eumdem
3575 2958 3787 3015 Bocchum

2275 3053 2536 3124 Pyrrum,
2581 3068 2774 3124 nempe
2824 3052 3126 3109 Gerlandus
3181 3053 3499 3125 Agrigenti,
3550 3051 3789 3120 Stephanus

2276 3142 2524 3208 Mazarae,
2575 3153 2629 3200 et
2652 3143 2950 3215 Ansgcrius
2989 3143 3236 3208 Catanae;
3279 3145 3538 3215 Rogerius
3571 3135 3788 3214 Syracnsit

2199 3218 2244 3280 Ο
2275 3248 2417 3288 anno
2439 3232 2578 3288 1095
2602 3233 2882 3288 ordinatus
2905 3241 3008 3287 est.
3035 3232 3110 3286 De
3142 3233 3224 3288 his
3248 3234 3571 3288 antistitibus
3590 3239 3632 3284 et
3651 3237 3786 3282 eorum

2272 3325 2494 3381 sedibus
2517 3365 2532 3389 ,
2557 3339 2681 3380 cum
2710 3332 3014 3394 Opportuna
3052 3324 3156 3378 erit
3184 3327 3436 3392 occasio,
3465 3325 3570 3380 suis
3595 3320 3704 3376 locis
3722 3315 3787 3369 ile-

2272 3429 2392 3469 rum
2423 3415 2684 3471 dicemus.

2275 3525 2456 3602 XCLV.
2483 3527 2807 3602 Monasteria
2838 3526 3390 3602 reparata.__Privileg.
3425 3534 3635 3602 mannast.
3656 3521 3786 3602 bipar-

2367 3597 2426 3652 S.
2467 3597 2654 3667 Angeli
2683 3595 2936 3650 Militens.
2965 3595 3212 3666 Privileg.
3245 3595 3484 3668 generale
3515 3595 3714 3664 Rogerii.

2340 3691 2609 3746 Cmterum
2642 3691 2784 3746 haud
2815 3693 2992 3746 minus
3017 3692 3247 3748 sollicite
3285 3693 3560 3762 religiosus
3589 3688 3787 3760 princeps

2272 3782 2618 3837 monasteriis
2644 3782 2983 3852 reparandis,
3003 3797 3067 3836 ac
3091 3783 3437 3840 restituendis
3460 3774 3790 3854 episcopalibus

2274 3874 2654 3938 incumbebat;
2688 3884 2745 3928 ut
2771 3872 3004 3943 probant
3031 3874 3179 3929 varia
3200 3874 3320 3943 ejus
3344 3875 3673 3929 instrumenta
3691 3859 3791 3931 apud

2275 3965 2553 4020 Rocchum
2581 3965 2835 4036 Pyrrum.
2871 3964 2984 4032 Qua
3011 3967 3062 4020 in
3094 3980 3152 4020 re
3179 3964 3468 4036 Rogerium
3490 3958 3670 4018 Urbani
3689 3949 3792 4007 ordr

2273 4055 2538 4109 nationem
2588 4066 2833 4110 secutum
2885 4054 3054 4109 fuisse
3109 4064 3256 4125 patet
3312 4071 3378 4110 ex
3425 4053 3621 4108 duabus
3668 4042 3792 4114 ipsius

2273 4147 2510 4212 chartis;
2550 4161 2653 4201 una
2679 4146 2932 4201 videlicet
2956 4161 3056 4216 pro
3083 4147 3412 4202 monasterio
3438 4144 3637 4200 Sancta:
3660 4130 3792 4227 Muri-:13

2273 4239 2340 4293 de
2369 4237 2475 4292 Mili
2497 4279 2512 4304 ,
2543 4249 2599 4293 et
2618 4252 2682 4292 ex
2708 4237 2878 4292 altera
2915 4251 3014 4306 pro
3050 4239 3380 4292 monasterio
3402 4237 3466 4292 de
3487 4232 3606 4287 Itala
3627 4240 3704 4282 seu

2274 4329 2408 4393 tala,
2438 4343 2606 4398 prope
2653 4327 2984 4392 Messanam,
3032 4342 3152 4396 qua:
3196 4327 3400 4382 chartae
3446 4322 3721 4379 referuntur
3758 4320 3791 4358 ιη

2273 4431 2428 4490 parte
2451 4436 2504 4475 tv
2529 4419 2729 4476 Siciliae
2758 4435 2948 4484 sacrm,
2997 4419 3085 4473 ubi
3119 4420 3184 4473 de
3223 4419 3473 4474 abbatiis.
3503 4414 3656 4468 Porro
3691 4404 3794 4458 inter

589 4527 698 4564 sem
740 4510 1010 4570 eulesiam
1031 4514 1086 4566 in
1109 4514 1386 4582 pristinum
1415 4527 1610 4570 statum
1636 4493 1858 4572 restituit
1892 4493 2168 4590 Rogerius,
2205 4559 2249 4612 Ι)
2275 4513 2378 4568 alia
2410 4513 2768 4577 mOHaSleria.
2803 4527 2926 4582 qum
2954 4522 3080 4566 ιυηο
3111 4512 3372 4579 temporis
3403 4509 3680 4612 restaurata
3851 4501 3856 4512 ’

587 4605 643 4655 in
669 4619 772 4672 qua
815 4603 1086 4657 dominum
1129 4613 1178 4657 et
1229 4604 1570 4659 venerabilem
1622 4605 1903 4662 Robertum
1943 4610 2172 4678 primum

592 4696 862 4750 constituit
901 4697 1230 4766 episcopum;
1271 4697 1456 4752 deinde
1496 4696 1924 4768 Agrigentinum,
1957 4708 2004 4753 et
2055 4698 2173 4754 Ma-

591 4803 889 4853 zarensem;
915 4799 1189 4858 scquenter
1215 4798 1388 4842 autem
1427 4787 1792 4856 Catanensem,
1829 4807 1891 4844 ac
1931 4791 2172 4845 ultimum

595 4878 989 4949 Syracusanam
1027 4880 1294 4934 constituit
1347 4881 1643 4946 ecclesiam,
1685 4890 1792 4937 etc.
1826 4882 1986 4936 Plura
2011 4883 2175 4938 habet

589 4969 882 5026 Gaufridus
902 4969 1209 5034 Malaterra,
1240 4969 1377 5024 libro
1406 4985 1491 5033 tv,
1524 4985 1642 5039 cap.
1669 4970 1722 5034 7,
1755 4971 1842 5027 ubi
1869 4972 2050 5026 exibet
2079 4987 2172 5027 no-

591 5060 737 5114 mina
766 5059 1172 5128 episcOporum,
1207 5059 1298 5128 qui
1342 5060 1499 5128 primi
1533 5059 1631 5113 has
1669 5059 1825 5115 sedes
1867 5061 2167 5115 obtinuere.

595 5151 814 5216 Comes,
849 5149 1057 5219 inquit,
1083 5150 1327 5205 ecclesias
1357 5167 1448 5219 per
1483 5151 1776 5204 universam
1823 5151 2059 5206 Siciliam
2093 5167 2172 5206 re-

590 5251 766 5311 parat.
795 5280 808 5294 .
836 5280 849 5294 .
878 5279 891 5293 .
922 5279 934 5293 .
970 5239 1036 5293 In
1063 5243 1183 5294 urbe
1214 5240 1550 5311 Agrigentina
1585 5240 1968 5309 portriﬁcalibus
1990 5241 2171 5308 infulis

594 5332 897 5388 cathedram
933 5331 1204 5386 sublimat.
1231 5371 1244 5385 .
1273 5372 1285 5386 .
1342 5352 1359 5381 ι
1405 5332 1537 5387 lluic
1565 5332 1817 5387 Ecclesia:
1843 5331 2170 5387 Gerlandum

591 5424 913 5494 quemdam,
963 5422 1181 5477 natione
1227 5421 1597 5493 Allobrogem,
1645 5421 1847 5486 virum,
1892 5430 1950 5476 ut
1993 5423 2169 5485 aiunt,

592 5530 803 5587 magna:
832 5514 1118 5570 charitatis
1151 5525 1205 5569 et
1246 5513 1630 5569 eet-lesiasticis
1665 5513 1960 5583 disciplinis
1993 5515 2173 5570 erudi-

593 5617 733 5673 tum,
756 5607 1063 5678 episcopum
1087 5607 1344 5661 ordinans
1372 5607 1630 5675 prtefeeit.
1660 5607 1810 5661 Haud
1836 5623 2007 5673 secus,
2032 5608 2172 5677 apud

593 5703 864 5758 Mazaram
910 5702 1089 5757 facere
1138 5702 1403 5757 addens..
1432 5742 1444 5755 .
1497 5701 1830 5772 Stephanum
1885 5703 2171 5770 quemdam

594 5797 1115 5869 Bothomagenscm,
1148 5798 1388 5854 honestae
1435 5796 1558 5851 vitm
1610 5798 1806 5862 virum,
1863 5796 2170 5866 epist-opum

2277 4615 2423 4671 runt,
2453 4605 2683 4661 celebris
2715 4580 2837 4660 erat
2878 4603 3096 4658 abbatia
3150 4602 3339 4658 Sancti
3385 4585 3726 4655 Bartholounci
3756 4580 3791 4671 it!

2276 4669 2448 4752 insula
2487 4697 2668 4766 Lipari
2715 4696 2848 4760 sita,
2899 4695 2988 4750 cui
3047 4695 3186 4749 idem
3220 4695 3478 4764 Rogerius
3523 4698 3651 4742 anno
3694 4669 3793 4766 ξοδδ

2277 4788 2491 4856 fratrem
2515 4763 2846 4842 Ambrosium
2881 4785 3118 4857 prasfecit
3140 4827 3154 4852 ,
3185 4763 3330 4840 hunc
3360 4786 3525 4855 ipsum
3555 4786 3701 4866 quo").
3723 4763 3795 4866 Uf'

2275 4880 2448 4935 banus
2474 4879 2626 4934 Militi
2660 4881 2712 4934 in
2737 4880 2987 4935 Calabria
3021 4879 3122 4934 hoc
3143 4894 3290 4933 anno
3315 4879 3546 4933 existens
3568 4861 3796 4960 privilcgitl

2275 4970 2494 5025 donavit
2543 4985 2604 5024 ιιι
2649 4986 2818 5025 nonas
2859 4968 3025 5024 Junii.
3071 4969 3227 5025 Circa
3279 4971 3420 5025 idem
3471 4974 3660 5030 tempus
3685 4944 3793 5006 aliud

2275 5061 2610 5132 privilegium
2642 5062 2862 5116 indulsit
2894 5060 3134 5132 pontifex
3166 5060 3491 5115 monasterio
3527 5046 3691 5109 Sancti
3715 5042 3794 5094 An-

2275 5153 2378 5224 geli
2432 5153 2748 5215 Militensis,
2783 5154 2923 5222 quod
2974 5152 3132 5222 paulo
3187 5161 3313 5206 ante
3365 5146 3613 5220 liogerius
3652 5139 3794 5225 com-05

2274 5223 2637 5299 exstruxerat.
2694 5241 2878 5296 Nullas
2935 5241 3151 5311 quidem
3221 5241 3438 5310 praefert
3489 5223 3792 5311 chronolOSliI3

2275 5345 2432 5391 notas
2492 5336 2592 5390 hoc
2647 5333 2914 5403 diploma,
2953 5302 3017 5388 in
3068 5332 3184 5401 ejus
3211 5302 3537 5402 apographo,
3585 5302 3789 5403 quodall

2274 5425 2611 5481 enﬁnentiss.
2646 5425 2707 5480 D.
2761 5423 3025 5478 cardinali
3072 5421 3335 5478 Coloredo
3379 5389 3790 5506 accepimuspf":l

2275 5539 2454 5578 rerum
2479 5532 2533 5578 et
2558 5523 2798 5578 locorum
2827 5520 3202 5576 convenientia
3234 5534 3331 5573 nos
3353 5511 3579 5572 adduxit,
3617 5511 3666 5555 ut
3691 5483 3788 5549 ἰΙΙίιδ

2275 5613 2364 5668 hic
2394 5612 2554 5667 simul
2579 5628 2700 5666 cum
2735 5611 2852 5665 aliis
2891 5609 3105 5678 comitis
3142 5607 3356 5676 Rogerii
3387 5592 3654 5657 benefactis
3675 5591 3789 5678 fol":

2275 5719 2716 5760 memorarcmus.
2745 5701 3012 5757 Caeterum
3047 5700 3184 5754 idem
3216 5695 3472 5768 Rogerius
3497 5674 3714 5759 generale
3737 5663 3786 5718 ab

2247 5797 2492 5872 _Ui‘bano
2521 5796 2861 5867 privilegium
2900 5793 3162 5857 habebat,
3187 5803 3245 5847 ut
3278 5791 3590 5864 quascunque
3634 5774 3782 5825 tnOllil’
