3962 6312
162 376 228 432 85
1728 359 1767 416 ν

1883 402 1896 415 .
2640 416 2649 423 ,
3346 358 3418 411 Si}

162 492 326 549 steria
379 488 431 544 in
478 484 775 543 ditionibus
824 482 929 541 sibi
964 482 1200 541 subditis
1233 484 1503 545 dotasset,
1534 479 1753 534 omnino
1782 482 1828 539 Α
1859 480 2128 536 antistites
2152 492 2206 537 et
2227 482 2467 545 abbatcs,
2493 480 2778 547 Legionem
2805 482 3214 546 convenissent,
3241 489 3417 540 conci-

165 584 329 639 libera
358 588 569 644 essent;
612 575 767 647 cujus
806 576 885 632 rei
916 576 1033 646 ipse
1059 575 1213 631 testis
1240 583 1323 630 est
1346 574 1400 629 in
1427 573 1617 628 charta
1646 586 1745 641 pro

166 673 489 732 monasterio
541 669 792 727 Boicensi
842 668 1243 725 Panormitante
1298 666 1581 726 dioecesis,
1620 664 1743 718 data

166 783 303 823 anno
336 764 500 829 1098,
536 763 588 818 in
639 776 746 833 qua
795 760 975 817 locum
1013 759 1167 815 illum
1211 757 1452 815 declarat
1497 756 1562 811 ab
1607 756 1747 810 omni

168 873 317 912 onere
362 866 413 910 et
459 854 708 910 servitute
739 859 787 906 et
831 850 1074 905 molestia
1116 848 1340 904 liberum
1380 847 1528 919 fore;
1576 846 1746 907 sicut,

168 946 365 1016 inquit,
417 960 450 998 a
479 941 691 997 domino
738 938 952 995 Urbano
981 938 1314 995 sanctissimo
1347 953 1484 1007 papa
1510 934 1747 989 Romano

168 1046 469 1105 potestatem
518 1042 567 1087 et
618 1030 878 1087 cautelam
920 1031 1129 1102 accepi,
1162 1038 1221 1084 ut
1263 1026 1583 1083 monasteria
1633 1040 1750 1077 mea

172 1127 327 1182 libera
349 1126 579 1197 facerem
627 1122 692 1177 ab
722 1122 868 1178 omni
895 1137 1139 1193 persona.
1174 1118 1281 1176 Sed
1304 1117 1419 1187 jam
1448 1116 1515 1172 ad
1546 1113 1749 1171 Urbani

174 1227 437 1291 gestorum
468 1215 669 1273 seriem
697 1213 1080 1270 revertendum
1103 1220 1209 1269 est.

224 1305 377 1363 XCV.
409 1303 662 1359 Ecclesia:
691 1302 919 1358 Corsica:
946 1302 1184 1372 episcopo
1218 1299 1413 1354 Pisano
1438 1294 1704 1367 subjectae.

240 1395 352 1463 Quo
397 1401 581 1449 autem
632 1391 724 1448 ille
768 1398 891 1461 post
929 1390 1235 1447 absolutum
1261 1386 1548 1444 concilium
1576 1385 1749 1440 Bene-

180 1497 459 1544 ventanum
492 1482 829 1554 perrexerit,
856 1497 961 1537 non
990 1481 1211 1536 omnino
1238 1478 1429 1549 liquet.
1473 1476 1531 1532 Si
1564 1490 1751 1531 verum

182 1586 312 1634 esset
339 1575 482 1646 quod
509 1574 587 1629 ait
620 1572 877 1644 Ugbellus
921 1572 974 1626 in
1015 1568 1312 1642 praemissis
1353 1568 1420 1623 ad
1448 1566 1750 1635 catalogmn

188 1670 492 1725 Pisanorum
526 1667 925 1737 episcoporum,
960 1672 1105 1719 tomo
1133 1662 1198 1716 ill
1226 1661 1389 1715 Italiae
1416 1674 1615 1723 sacrae,
1652 1656 1754 1712 Ur-

189 1759 369 1813 banum
399 1756 601 1811 bullam
634 1756 686 1809 in
734 1754 946 1808 Pisanre
992 1751 1243 1808 Ecclesiae
1287 1750 1517 1822 gratiam
1546 1764 1604 1803 ιιι
1632 1746 1751 1802 Kal.

1848 572 1977 625 lium
2006 572 2076 626 ibi
2105 572 2467 627 celebrarunt.
2512 572 2566 625 In
2594 587 2658 626 eo
2690 573 2889 642 agitata
2916 582 2999 627 est
3024 573 3208 627 Ditlaci
3236 571 3418 627 Sancti

1847 662 2032 719 Jacobi
2062 663 2298 733 episcopi
2327 677 2513 727 causa,
2536 678 2696 734 quam
2725 664 2995 729 Urbanus,
3022 672 3079 717 ut
3102 678 3165 718 ex
3192 664 3308 731 ejus
3338 664 3423 717 lit-

1848 754 1977 809 teris
2026 769 2187 823 supra
2229 754 2457 809 laudatis
2517 763 2695 824 patet,
2752 755 3090 822 potissimum
3154 753 3422 826 Reynerio

1848 847 2341 902 commendaverat.
2372 846 2438 901 Et
2463 846 2676 916 quidem
2702 845 2890 900 Petrus
2919 846 3104 910 abbas,
3139 860 3320 914 quem,
3347 846 3421 899 uti

1849 934 2110 999 diximus,
2137 934 2473 1000 Richardus,
2505 949 2645 989 anno
2672 933 2835 999 1088,
2863 934 2916 988 in
2948 935 3087 989 hanc
3114 935 3293 991 sedem
3328 950 3422 988 or-

1849 1025 2021 1080 dinari
2052 1041 2240 1096 passus
2291 1025 2495 1091 fuerat,
2546 1026 2597 1079 in
2648 1027 2750 1080 hac
2802 1026 3006 1097 synodo
3045 1037 3426 1083 exauctoratus

1851 1126 1954 1171 est.
1986 1117 2056 1172 At
2085 1117 2318 1173 Didacus
2344 1118 2525 1173 sedem
2559 1131 2710 1173 suam
2742 1132 2850 1172 non
2872 1118 3105 1187 recepit,
3134 1119 3247 1175 sive
3284 1121 3426 1190 quod

1850 1220 1913 1261 ea
1958 1208 2212 1277 indignus
2256 1218 2421 1272 esset,
2463 1208 2605 1275 sive,
2639 1208 2779 1278 quod
2819 1209 3033 1278 quidem
3080 1210 3428 1266 verisimilius

1852 1305 1956 1362 est,
1995 1296 2047 1352 id
2074 1298 2188 1354 ausi
2218 1313 2324 1353 non
2355 1298 2553 1355 fuerint
2586 1298 2793 1366 Patres,
2820 1314 2891 1353 ne
2916 1297 3122 1353 Alfonsi
3155 1300 3317 1369 regis,
3342 1303 3427 1355 cui

1852 1386 1943 1443 ille
1989 1387 2196 1444 invisus
2222 1397 2372 1454 erat,
2423 1389 2661 1444 animum
2703 1404 2767 1444 eo
2813 1398 2971 1458 pacto
3013 1391 3425 1446 exacerbarent.

1854 1480 2032 1546 Quare
2069 1478 2186 1547 ejus
2213 1479 2470 1534 Ecclesiae
2499 1495 2627 1535 cura
2678 1478 2877 1535 Didaco
2922 1477 3189 1534 Gelmindi
3234 1480 3426 1534 iterum

1856 1571 2145 1625 commissa
2173 1570 2305 1637 fuit;
2349 1571 2550 1636 donec,
2597 1572 2673 1625 uti
2721 1571 2990 1641 conjicere
3036 1579 3141 1637 est,
3174 1579 3434 1626 statueret

1857 1662 2099 1734 pontifex
2131 1663 2263 1733 quid
2291 1663 2437 1718 facto
2464 1678 2598 1733 opus
2627 1672 2787 1719 esset.
2818 1664 2873 1718 ld
2901 1673 3049 1719 certe
3073 1663 3247 1733 colligi
3275 1678 3433 1732 posse

1860 1755 2075 1811 videtur
2107 1770 2176 1811 ex
2216 1755 2452 1811 Historia
2490 1755 2917 1825 Compostellana
2978 1755 3226 1825 superius
3278 1755 3429 1815 data,

194 1845 349 1912 Junii,
392 1846 531 1914 apud
588 1844 957 1899 Beneventum
1002 1842 1242 1907 dedisse;
1296 1841 1349 1895 id
1395 1848 1543 1895 certo
1593 1837 1749 1894 nobis
1782 1839 1823 1897 Β
1853 1845 2005 1915 cujus
2033 1846 2414 1916 fragmentum,
2441 1847 2517 1901 uti
2539 1847 2650 1917 jam
2682 1846 2901 1917 polliciti
2928 1862 3136 1912 sumus,
3159 1845 3434 1915 inAppen-

197 1944 463 1991 cmistaret.
508 1935 579 1989 At
608 1950 732 1989 cum
764 1934 905 1989 idem
947 1942 1138 1989 auctor
1183 1933 1323 1987 hanc
1352 1931 1525 2001 ipsam
1555 1929 1754 1984 bullam

201 2037 369 2096 postea
397 2029 654 2098 integram
684 2026 992 2081 exhibuerit
1029 2042 1081 2080 tv
1106 2023 1377 2078 Kalendas
1397 2023 1531 2078 Julii
1556 2022 1754 2088 datam,

213 2132 293 2171 res
316 2118 365 2170 in
388 2118 584 2171 incerto
620 2125 824 2171 manet.
854 2116 1004 2171 Hanc
1034 2130 1161 2170 vero
1195 2106 1441 2169 ultimam
1470 2112 1755 2168 lectionem

219 2204 355 2260 alteri
392 2205 768 2275 prtcferendam
822 2220 944 2260 esse
986 2204 1269 2274 plusquam
1324 2201 1602 2272 probabile
1655 2209 1755 2255 est.

212 2295 350 2361 Nam,
373 2297 441 2350 uti
464 2312 527 2350 ex
557 2296 724 2350 altera
756 2310 879 2351 mox
910 2296 1123 2350 laudata
1152 2294 1293 2350 bulla
1322 2293 1759 2364 patet,Urbanus

204 2384 351 2439 Mileti
381 2385 429 2439 in
469 2384 720 2441 Calabria
754 2394 872 2440 erat
903 2401 961 2440 ιιι
997 2385 1179 2440 Nonas
1210 2384 1376 2440 Junii.
1405 2384 1474 2438 At
1509 2383 1597 2437 vix
1641 2383 1757 2438 ﬁeri

200 2475 442 2544 potuerit,
480 2485 541 2530 ut
586 2486 694 2531 tam
738 2476 888 2531 brevi
923 2477 1178 2547 temporis
1209 2474 1522 2540 intervallo,
1549 2483 1759 2529 tantum

197 2562 305 2628 iter,
333 2579 524 2635 nempe
562 2581 626 2619 ex
667 2564 961 2636 Campania
1008 2565 1059 2619 in
1077 2537 1387 2621 Calabriam
1419 2563 1761 2629 ulteriorem,

195 2654 497 2711 confecerit.
527 2657 729 2711 Deinde
764 2656 937 2726 prima
967 2656 1051 2711 die
1080 2656 1204 2711 Julii
1242 2656 1491 2713 Urbanus
1529 2654 1760 2726 Capuae,

193 2746 514 2816 proindeque
540 2762 707 2817 prepe
735 2746 1098 2801 Beneventum
1133 2746 1468 2802 versabatur.
1508 2744 1644 2800 Hinc
1673 2760 1764 2800 ve-

195 2836 399 2893 risimile
430 2847 523 2893 est
549 2854 673 2893 eum
725 2837 970 2893 absoluto
1019 2837 1247 2893 concilio
1284 2835 1586 2892 Calabriam
1621 2835 1761 2888 invi-

195 2928 342 2994 sisse;
383 2929 623 2999 indeque
675 2943 980 2995 reversum,
1032 2928 1298 2997 insignem
1339 2927 1478 2981 hanc
1526 2925 1759 2988 bullam,

194 3032 287 3085 qua
320 3018 562 3073 Corsica:
592 3018 849 3075 Ecclesiae
881 3019 947 3073 ad
979 3017 1331 3088 apostolicam
1371 3015 1551 3072 sedem
1595 3014 1759 3084 perti-

194 3116 367 3163 nentes
406 3109 615 3163 Pisano
653 3109 904 3181 episcopo
948 3109 1326 3177 subjiciuntur,
1355 3107 1644 3161 Beneventi
1675 3106 1765 3161 de-

194 3196 340 3251 disse.
373 3197 532 3252 llane
561 3172 946 3268 verogratiam
992 3172 1327 3267 Dagbertus,
1375 3196 1606 3251 Pisanus
1637 3205 1765 3251 tunc
1792 3172 1833 3229 Ο

194 3289 435 3357 temporis
470 3288 736 3353 antistes,
767 3296 1043 3343 meruerat
1070 3289 1141 3344 ob
1166 3303 1318 3343 suam
1348 3296 1402 3343 et
1440 3288 1763 3343 Pisanorum

193 3378 372 3433 civium
404 3379 730 3435 fidelitatem
772 3380 822 3433 in
851 3380 1147 3435 Ecclesium
1184 3379 1513 3445 Romanam,
1547 3380 1632 3434 cui
1666 3380 1767 3435 dif-

194 3471 432 3530 ficillimis
488 3472 598 3528 illis
647 3473 978 3542 temporibus
1007 3486 1221 3543 semper
1261 3471 1621 3529 addictissimi
1652 3470 1768 3527 fue-

194 3574 325 3619 runt.

319 3654 512 3710 XCVI.
546 3653 827 3709 Restitutio
858 3652 1265 3709 Tarraconensis
1288 3652 1609 3724 metropolis.

253 3743 416 3799 Paulo
443 3754 578 3815 post
613 3744 964 3814 nempejpsis
995 3743 1248 3799 Kalendis
1277 3742 1425 3809 Julii,
1461 3758 1584 3799 cum
1631 3744 1769 3800 idem

193 3833 445 3901 pontifex,
496 3842 556 3904 ut
598 3848 724 3887 mox
753 3832 1097 3897 dicebamus,
1131 3840 1277 3888 esset
1304 3831 1533 3902 Capuae,
1577 3831 1773 3887 Tarra-

194 3939 476 3981 conensem
513 3908 807 3980 Ecclesiam
856 3924 911 3978 in
958 3924 1241 3992 pristinam
1278 3938 1431 3978 suam
1458 3923 1773 3994 dignitatem

192 4017 402 4070 omnino
431 4014 701 4070 restituit.
733 4013 1031 4068 Dalmatius
1058 4029 1249 4084 nempe
1277 4013 1642 4071 Narbonensis
1667 4032 1777 4072 me-

195 4106 571 4175 tropolitanus,
604 4104 818 4172 rejectis
859 4119 890 4157 a
926 4104 1184 4174 pontillce
1213 4121 1348 4175 quas
1376 4106 1689 4175 proferebat
1708 4109 1775 4163 ad

193 4193 269 4262 ius
298 4212 453 4252 suum
506 4195 887 4250 stabiliendum
919 4193 1181 4264 Stephani
1219 4211 1370 4265 papae
1406 4196 1629 4262 litteris,
1657 4212 1777 4267 qua:

194 4289 383 4357 spuria:
424 4297 528 4343 aut
574 4287 765 4343 saltem
798 4287 1137 4357 interpolatae
1166 4288 1398 4344 inventae
1437 4298 1582 4357 sunt,
1612 4305 1774 4346 causa

197 4378 411 4445 cecidit;
449 4392 582 4434 cum
638 4377 784 4433 nullo
829 4364 1094 4447 probabili
1143 4378 1503 4436 instrumento
1545 4381 1777 4450 probare

196 4470 456 4536 potuisset
487 4468 954 4524 Tarraconensem
984 4468 1325 4539 metropolim
1367 4471 1543 4540 aliqua
1592 4480 1771 4528 aucto-

198 4557 352 4615 ritate
380 4558 687 4630 apostolica
717 4573 829 4613 suae
858 4557 1114 4613 Ecclesia:
1147 4557 1446 4627 subjectam
1486 4559 1675 4616 fuisse.
1704 4563 1779 4616 Ea

198 4649 482 4706 occasione
517 4657 755 4719 arrepta,
774 4647 1027 4705 Urbanus
1054 4648 1438 4721 Berengarium
1468 4653 1779 4723 episcopum

200 4741 454 4810 Ausonae,
480 4745 639 4815 cujus
666 4744 919 4800 Eeclesrae
949 4745 1282 4801 antistitibus
1309 4747 1559 4803 dieecesis
1582 4747 1781 4803 Tarra-

202 4835 447 4889 conensis
470 4849 604 4890 cura
631 4834 953 4891 demandata
978 4834 1175 4903 fuerat,
1204 4835 1663 4895 Tarraconensem
1698 4856 1785 4894 ar-

203 4925 639 4997 chiepiscopum,
672 4928 816 4998 quod
837 4928 1157 4999 jamdudum
1190 4932 1574 4999 meditabatur,
1603 4935 1785 4988 statim

201 5019 550 5084 renuntiavit,
591 5019 749 5087 eique
771 5019 993 5088 pallium
1036 5024 1329 5087 concessit,
1368 5022 1499 5078 dato
1525 5038 1587 5078 ea
1623 5025 1690 5078 de
1728 5039 1786 5079 re

203 5104 511 5173 diplomate.
544 5106 659 5164 Hoc
686 5108 829 5164 facto
863 5107 1245 5166 Narbonenses
1273 5111 1662 5181 archiepiscooi
1697 5112 1786 5182 jus

202 5209 355 5251 omne
383 5198 867 5268 metropoliticum,
899 5200 1042 5269 quod
1076 5209 1186 5255 tam
1210 5201 1300 5255 diu
1324 5201 1785 5259 Tarraconensem

203 5291 535 5355 provinciam
558 5303 942 5360 exercuerant,
970 5295 1220 5350 amisere.

206 5397 404 5456 XCVII.
436 5401 729 5480 Concilium
778 5406 1091 5480 Legionense
1136 5408 1219 5480 de
1249 5424 1411 5462 causa
1462 5412 1789 5480 episcopatus

513 5474 727 5529 lriensis
754 5486 800 5529 et
826 5474 891 5530 de
914 5477 1091 5546 oﬁiciis
1116 5474 1499 5533 ecclesiasticis.

274 5560 489 5618 Interea
521 5580 639 5619 cum
664 5568 953 5623 occasione
982 5568 1364 5638 exsequiarum
1395 5570 1602 5627 Garsias
1624 5575 1790 5643 regis,

214 5658 267 5703 ut
309 5662 539 5709 narrant
582 5655 1227 5741 Hispaniciécriptores,
1259 5659 1559 5732 Reynerius
1586 5664 1793 5735 legatus

217 5744 562 5814 apostolicus,
592 5746 894 5805 Bernardus
919 5748 1089 5806 Toleti
1114 5751 1573 5824 archiepiscopus,
1600 5756 1794 5827 aliique

1858 1938 1977 1993 dice
2001 1936 2319 1992 referemus.
2358 1938 2436 1991 Ex
2465 1952 2529 1992 ea
2559 1952 2687 1992 vero
2714 1937 2882 2006 liquet
2908 1938 3225 1991 Dalmatium
3262 1937 3432 1991 abha-

1861 2035 1967 2080 tem
1996 2042 2064 2082 ex
2105 2026 2308 2081 familia
2339 2026 2710 2091 Cluniacensi,
2742 2035 2864 2095 post
2908 2028 3068 2081 unius
3098 2026 3224 2079 anni
3263 2026 3431 2079 inter-

1859 2116 2056 2171 vallum
2079 2155 2094 2182 ,
2122 2116 2340 2172 omissis
2370 2116 2573 2171 Didaco
2600 2125 2656 2171 et
2684 2116 2846 2171 Petro
2868 2154 2883 2180 ,
2906 2117 3215 2168 auctoritate
3239 2123 3433 2167 sancite

1862 2207 2112 2262 Romana:
2154 2207 2408 2263 Ecclesia:
2432 2249 2447 2275 ,
2485 2207 2977 2278 Compostellanum
3029 2221 3123 2261 seu
3176 2204 3431 2258 lriensem

1862 2297 2173 2366 episcopum
2199 2298 2411 2352 tandem
2442 2296 2751 2353 ordinatum
2774 2295 2957 2349 fuisse.

1935 2389 2102 2445 Porro
2129 2390 2293 2445 multa
2343 2392 2395 2445 in
2435 2393 2537 2446 hac
2573 2389 2890 2462 Legionensi
2922 2388 3125 2459 synodo
3154 2388 3219 2441 de
3245 2385 3436 2441 olliciis

1863 2480 2246 2537 ecclesiasticis
2294 2491 2495 2537 statuta
2538 2482 2737 2547 fuisse,
2792 2480 3090 2537 I‘todericus
3145 2477 3437 2533 Toletanus

1865 2572 2003 2626 libro
2043 2587 2121 2637 vr,
2150 2587 2268 2641 cap.
2300 2574 2370 2628 50
2393 2612 2408 2637 ,
2446 2572 2620 2628 Lucas
2656 2572 2919 2627 Tudensis
2944 2611 2959 2635 ,
3007 2579 3062 2626 et
3110 2569 3197 2623 alii
3236 2568 3436 2638 passim

1865 2672 2113 2720 auctores
2136 2665 2401 2733 scripsere
2425 2703 2441 2727 ,
2468 2664 2608 2734 quod
2641 2665 2707 2719 de
2744 2663 3039 2719 mulatione
3063 2659 3231 2716 Ollicii
3262 2658 3436 2713 Maza-

1869 2753 2036 2807 rahici
2061 2752 2112 2806 in
2149 2752 2486 2818 Romanum,
2514 2753 2567 2806 in
2599 2753 2722 2807 aliis
2745 2750 3017 2821 Hispanire
3046 2749 3287 2805 conciliis
3322 2749 3435 2817 jam

1869 2843 2151 2912 imperata,
2184 2842 2420 2896 nonnulli
2458 2843 2899 2911 interpretantur.
2933 2850 3099 2910 atque
3145 2840 3252 2893 huc
3285 2852 3438 2892 revo.

1868 2933 1979 2986 cari
2015 2947 2173 3003 posse
2222 2941 2451 3002 ptttant,
2502 2933 2553 2987 id
2583 2934 2724 3002 quod
2781 2948 2812 2987 a
2859 2932 3109 2986 Patribus
3167 2931 3436 2985 decretum

1870 3022 2039 3078 fuisse
2061 3024 2277 3089 dicitur,
2309 3034 2364 3077 ut
2393 3024 2678 3077 secundum
2708 3023 2938 3093 regulam
2966 3022 3026 3078 S.
3056 3022 3253 3076 [sideri
3281 3022 3441 3075 eccle-

1869 3114 2081 3168 siastica
2116 3114 2281 3183 ofﬁcia
2313 3115 2369 3167 in
2404 3113 2678 3183 Hispaniis
2720 3124 3040 3184 regerentur.
3085 3113 3156 3167 At
3190 3112 3333 3165 hunc
3366 3110 3442 3162 ln-

1870 3218 1994 3258 eum
2021 3203 2088 3258 ad
2113 3202 2513 3257 Muzarabicum
2532 3201 2773 3258 Ciliciam
2805 3202 2938 3257 nihil
2966 3202 3238 3272 pertinere
3264 3209 3446 3254 monet

1871 3291 1971 3361 piae
2001 3292 2276 3347 memoriae
2308 3291 2599 3346 cardinalis
2626 3291 2898 3361 Aguirius,
2932 3291 3022 3360 qui
3054 3288 3331 3345 contendit
3360 3289 3445 3341 bis
3491 3340 3497 3346 .

1872 3381 2052 3437 verbis
2092 3381 2223 3435 nihil
2256 3381 2401 3437 aliud
2432 3378 2701 3451 designari
2742 3398 2902 3451 quam
2934 3380 3215 3451 epistolam
3269 3382 3440 3433 sancti

1873 3471 2063 3527 Isidori
2108 3472 2176 3527 ad
2228 3471 2628 3528 Landefredum
2663 3474 2972 3542 episcopum
3042 3471 3441 3527 Cordubensem

1876 3563 2154 3630 scriptam,
2181 3561 2235 3616 in
2271 3577 2373 3631 qua
2399 3562 2605 3632 singula
2630 3561 2798 3616 ollicia
2828 3576 3119 3630 eorumque
3141 3560 3446 3614 sanctiones

1876 3651 2237 3722 particulatim
2271 3652 2627 3722 explicantur.
2674 3651 2881 3720 Quippe
2912 3667 3031 3705 cum
3061 3651 3175 3705 hrec
3199 3652 3268 3705 ob
3299 3649 3447 3703 Mau-

1881 3756 2063 3796 rorum
2092 3742 2398 3798 invasiones
2424 3741 2512 3796 diu
2542 3742 2595 3796 in
2630 3740 2899 3810 Hispaniis
2925 3742 3164 3810 neglecta
3194 3740 3335 3801 haud
3361 3741 3450 3794 du-

1879 3834 2028 3889 bium
2078 3834 2333 3900 fuissent,
2378 3850 2441 3890 ea
2487 3836 2672 3906 synodi
2707 3835 2895 3891 Patres
2939 3836 3004 3891 ad
3050 3835 3259 3905 praxim
3293 3848 3449 3889 revo-

1881 3924 2050 3979 canda
2096 3940 2215 3980 esse
2273 3936 2622 3981 censuerunt.
2680 3926 2951 3981 Statutum
3001 3927 3234 3996 denique
3288 3926 3338 3981 in
3386 3941 3452 3980 eo

1881 4015 2112 4071 concilio
2152 4015 2253 4070 fuit
2308 4025 2397 4082 ut,
2439 4017 2655 4073 omissis
2716 4017 2910 4072 litteris
2972 4016 3266 4081 Gotthicis,
3322 4033 3457 4085 quas

1884 4106 2106 4163 Gulftlas
2137 4107 2421 4177 episcopus
2476 4108 2860 4175 adiuvenerat,
2892 4107 3147 4178 deinceps
3197 4106 3456 4162 Gallicani

1883 4198 2225 4254 characteres
2262 4199 2664 4256 adhiberentur.

1886 4309 2114 4368 XCVIII.
2180 4308 2425 4366 Virorum
2470 4322 2775 4367 sanctorum
2817 4314 2871 4368 in
2924 4313 3207 4369 Germania
3270 4313 3458 4366 obitus.

2432 4382 2535 4437 Res
2564 4384 2635 4437 ibi
2662 4384 2902 4439 turbatas.

1962 4470 2107 4527 Multi
2139 4471 2526 4543 viri‘illustres
2570 4472 2655 4527 his
2706 4473 3036 4543 temporibus
3081 4472 3133 4527 in
3176 4470 3463 4526 Germania

1890 4563 2177 4628 obierunt,
2216 4524 2358 4617 irﬁer
2394 4577 2531 4631 quos
2561 4562 2792 4617 celebris
2829 4562 2932 4616 fuit
2968 4562 3274 4617 Fridericus
3300 4577 3466 4615 comes

1884 4663 1931 4706 et
1972 4654 2226 4717 marcln'o,
2254 4653 2503 4723 egregius
2529 4652 2838 4722 apostolica:
2865 4652 3007 4708 sedis
3038 4652 3310 4715 defensor,
3351 4653 3465 4718 qui,

1888 4755 1949 4800 ut
1978 4744 2055 4798 ait
2083 4742 2367 4799 Bertoldus
2388 4744 2455 4798 ad
2489 4758 2686 4797 annum
2717 4751 3028 4811 sequentem
3050 4782 3064 4804 ,
3099 4742 3186 4795 ubi
3219 4740 3369 4810 plura
3404 4743 3469 4795 de

1890 4850 1955 4890 eo
1981 4835 2171 4898 habet,
2199 4835 2293 4889 sub
2315 4835 2497 4887 habitu
2525 4832 2768 4886 swculari
2795 4848 2937 4884 ntere
2955 4832 3122 4884 sancti
3152 4830 3467 4893 Sebastiani,

1891 4925 2241 4982 strenuissimi
2274 4925 2454 4979 militis
2484 4933 2669 4994 partes
2697 4920 2904 4991 agebat.
2938 4920 3108 4991 Hujus
3137 4920 3313 4975 obitus
3343 4934 3472 4974 con-

1895 5022 2018 5091 tigit
2041 5020 2133 5076 die
2176 5036 2236 5075 ιιι
2278 5017 2546 5074 Kalendas
2577 5016 2723 5071 Julii.
2768 5016 2904 5070 Eum
2948 5015 3098 5070 brevi
3147 5024 3361 5071 secutus
3389 5026 3472 5071 est

1890 5113 2192 5168 Willelmus
2220 5110 2512 5180 Hirsaugia:
2535 5110 2700 5165 abbas
2724 5108 3101 5164 sanctissimus
3123 5149 3137 5174 ,
3159 5110 3251 5179 qui
3275 5108 3469 5167 mediis

1890 5206 1944 5261 in
1989 5202 2481 5275 persecutionibus,
2527 5209 2586 5253 ut
2628 5198 2791 5253 habet
2829 5198 2945 5268 eius
2994 5198 3131 5254 Vitae
3180 5208 3365 5254 auctor
3419 5202 3469 5253 in

1890 5296 2041 5351 Actis
2079 5303 2392 5350 sanctorum
2433 5290 2639 5345 ordinis
2670 5289 3026 5357 Benedicttni,
3059 5290 3260 5344 invicto
3289 5289 3471 5343 animo

1892 5402 2109 5444 causam
2137 5384 2416 5440 catholica!
2443 5381 2695 5436 Ecclesiae
2727 5396 2919 5451 agens,
2950 5381 3084 5436 nihil
3116 5395 3220 5435 non
3254 5381 3319 5434 ad
3355 5381 3473 5450 ejus

1893 5479 2262 5535 defensionem
2289 5476 2537 5539 audebat,
2559 5477 2692 5529 adeo
2716 5484 2772 5528 ut
2794 5475 3111 5545 plerumque
3136 5474 3472 5529 innumeram

1893 5569 2283 5643 propemodum
2325 5566 2504 5622 omnis
2554 5566 2885 5621 conditionis
2928 5566 3229 5629 hominum,
3270 5566 3359 5633 qui
3408 5566 3474 5618 ad

1894 5680 2016 5719 eum
2058 5660 2461 5731 confugiebant,
2495 5657 2891 5713 multitudinem
2924 5658 2975 5712 in
3020 5659 3347 5714 monasterio
3376 5672 3473 5710 suo

1901 5756 2193 5825 receperit,
2224 5762 2277 5809 et
2304 5751 2517 5808 aluerit.
2552 5750 2647 5806 llic
2670 5767 2729 5805 ιιι
2762 5750 2942 5806 Nonas
2973 5749 3095 5806 Julii
3122 5751 3253 5806 abiit
3285 5750 3350 5804 ad
3380 5766 3471 5803 su—
