3962 6312
531 339 593 392 εγ
1793 335 1848 388 Β.
1896 334 2108 390 URBAL‘

2211 331 2230 388 l
2270 334 2470 389 ΡΑΡᾹΞ
3703 345 3758 405 88

535 467 722 521 peros,
757 465 916 520 quem
949 459 1068 518 post
1101 465 1262 502 unum
1293 463 1554 506 mensem,
1591 448 1674 500 die
1719 448 1921 502 scilicet
1952 457 2100 501 sexta
2133 452 2176 506 Α
2206 447 2560 500 obedire.....
2593 447 2748 501 etiam
2775 448 2954 502 multa:
2980 447 3116 502 villa:
3149 463 3210 502 ea:
3236 451 3448 520 integro
3471 469 3525 506 se
3558 455 3766 528 religioni

535 545 793 612 Augusti,
828 551 1043 596 secutus
1085 552 1168 595 est
1209 551 1428 596 sanctus
1463 540 1786 598 Alttnannus
1825 541 2104 609 cpisc0pus

539 634 890 698 Pataviensis,
921 633 1072 702 cujus
1103 634 1223 687 Vita
1266 649 1296 686 a
1339 633 1604 688 monacho
1639 631 1962 686 Gotwiceusi
2013 647 2108 685 an-

536 741 736 796 onymo
763 726 1097 794 conscripta,
1117 725 1218 778 alia
1243 725 1310 779 ab
1335 739 1396 778 ea
1421 739 1582 794 quam
1619 722 1968 793 Tegnagcllus
1996 723 2110 776 vul-

537 815 710 883 gavit,
749 814 890 868 edita
919 823 1005 868 est
1044 814 1298 882 Augustae
1325 797 1724 866 Vindelicorum
1744 851 1760 877 ,
1790 826 1930 865 anno
1973 810 2108 865 1619

537 903 696 958 simul
719 920 841 958 cum
867 902 990 958 Vita
1021 903 1194 958 sancti
1234 901 1536 957 Gebehardi
1570 900 2026 970 Salisburgensis,
2057 907 2110 953 et

535 998 708 1052 sancti
745 997 1101 1051 Adalberonis
1147 994 1548 1063 llerbipolensis
1587 993 1990 1061 episcoporum,
2017 990 2107 1060 qui

534 1104 724 1144 onmes
749 1088 802 1142 in
829 1087 1108 1142 catholicae
1131 1084 1381 1139 Ecclesiae
1403 1083 1712 1139 defensione
1734 1081 2108 1150 perditissimis

535 1177 604 1230 iis
632 1174 962 1244 temporibus
986 1175 1219 1228 maxime
1245 1174 1571 1229 claruerunt.
1613 1172 1779 1227 Paulo
1811 1181 1934 1226 ante
1971 1171 2110 1226 Wil~

534 1265 754 1321 lelmum
783 1265 1029 1320 obierant
1055 1267 1159 1319 duo
1189 1266 1280 1319 alii
1307 1265 1527 1327 abbates
1552 1264 1715 1319 etiam
1744 1263 1812 1319 ob
1834 1264 1956 1318 vitae
1983 1279 2108 1318 san-

537 1359 802 1423 ctitatem,
831 1368 885 1412 et
912 1359 1068 1414 fidem
1098 1361 1148 1413 in
1179 1359 1524 1428 apostolicam
1549 1359 1729 1413 sedem
1753 1357 2108 1422 celeberrimi,

537 1447 916 1516 Wolpbelmus.
936 1449 1142 1504 scilicet
1166 1449 1635 1505 Brunwillarensis
1665 1450 1718 1503 in
1743 1448 1963 1503 dimcesi
2001 1447 2110 1503 Co-

535 1539 789 1607 loniensi,
821 1542 906 1597 die
939 1543 1003 1597 Ἡ
1034 1542 1235 1611 Aprilis
1257 1583 1271 1609 ,
1305 1551 1359 1596 et
1401 1541 1725 1597 Benedictus
1757 1540 2007 1595 Clusinus
2054 1539 2110 1593 in

535 1631 784 1688 faucibus
808 1632 1020 1702 Alpium
1047 1634 1132 1688 die
1159 1633 1221 1687 51
1261 1633 1403 1688 Maii.

605 1723 789 1778 Mense
807 1723 1052 1791 Augusto
1071 1724 1338 1794 sequenti,
1365 1733 1426 1778 ut
1449 1723 1613 1779 tradit
1637 1722 1938 1786 Bertoldus,
1963 1719 2112 1777 Wei-

533 1815 662 1882 pho,
687 1815 927 1870 Bavarite
949 1817 1077 1880 dux,
1101 1815 1391 1870 llenricum
1416 1816 1468 1870 in
1482 1815 1908 1884 Longobardiam
1923 1827 2115 1869 conve-
2147 1805 2190 1861 Β

533 1906 636 1971 nit,
666 1921 788 1961 cum
815 1921 882 1961 eo
909 1922 1094 1976 pacem
1127 1907 1382 1971 initurus,
1403 1908 1452 1961 si
1484 1907 1570 1962 ille
1595 1907 1897 1963 Wibertum
1927 1904 2109 1960 dimit-

533 2007 648 2053 tere
670 2007 725 2052 et
745 1998 884 2054 bona
907 2014 1028 2069 quae
1053 1999 1153 2053 sibi
1175 2000 1368 2070 injuste
1389 1999 1566 2054 ablata
1592 2000 1802 2054 fuerant
1823 1998 2108 2054 restituere

531 2085 809 2141 voluisset.
832 2089 902 2141 At
927 2097 1190 2143 renuente
1212 2089 1310 2144 has
1335 2088 1670 2144 conditiones
1701 2088 1936 2143 Henrico
1955 2127 1969 2152 ,
1998 2088 2107 2141 dux

532 2175 587 2228 in
619 2175 993 2230 Alemanniam
1036 2191 1286 2232 reversus
1326 2185 1441 2241 est,
1485 2177 1577 2232 ubi
1617 2176 1786 2231 turbae
1823 2177 1897 2230 ita
1923 2189 2109 2230 excre-

533 2270 759 2322 verunt,
793 2271 852 2315 ut
879 2264 1041 2333 paulo
1077 2274 1199 2332 post
1224 2265 1290 2320 de
1324 2280 1466 2319 novo
1496 2280 1623 2333 rege
1656 2264 1901 2334 eligendo
1927 2273 2108 2318 actum

532 2352 624 2405 sit.
656 2351 808 2418 Quod
857 2369 916 2407 re
946 2353 1057 2422 ipsa
1085 2353 1288 2408 factum
1334 2353 1554 2419 fuisset,
1587 2355 1764 2425 inquit
1802 2353 2109 2418 Bertoldus,

533 2442 576 2493 si
610 2443 956 2510 quorumdam
993 2443 1203 2513 oigritia
1248 2445 1351 2500 sive
1396 2443 1754 2499 malevolentia
1800 2460 1903 2498 non
1950 2443 2112 2513 impe-

533 2533 707 2586 disset.
740 2532 815 2587 ita
839 2532 948 2587 ille.

661 2623 841 2678 XCIX.
873 2623 1083 2680 Novum
1111 2626 1166 2680 in
1191 2623 1474 2680 Germania
1497 2626 1762 2696 religionis
1796 2641 1979 2697 genus.

605 2713 798 2768 Mirum
830 2725 1010 2769 autem
1033 2724 1118 2770 est
1147 2714 1254 2770 tam
1282 2715 1613 2772 calamitosis
1637 2717 1970 2786 temporibus
1991 2731 2116 2770 suc-

533 2805 770 2859 crevisse
799 2804 851 2858 in
881 2805 1196 2860 Alemannia
1232 2821 1424 2862 novam
1447 2808 1662 2862 vivendi
1707 2807 1962 2871 formam,
1993 2822 2113 2876 quae

534 2891 860 2962 apostolicos
879 2908 1053 2948 mores
1064 2893 1436 2949 aemulabatur.
1463 2893 1537 2948 Hi
1549 2895 1691 2950 enim
1705 2897 1801 2950 etsi
1815 2895 1998 2950 habitu
2023 2911 2114 2949 uec

533 2985 708 3037 clerici
722 3000 812 3038 nec
826 2986 1063 3038 monachi
1077 2985 1393 3050 viderentur,
1409 2995 1468 3040 ut
1481 2986 1622 3040 idem
1639 2985 1920 3040 Bertoldus
1932 2995 2117 3040 narrat

533 3073 779 3130 oculatus
805 3075 978 3140 testis,
1007 3092 1331 3151 nequaquam
1363 3087 1534 3131 tamen
1560 3078 1632 3131 eis
1647 3079 1880 3147 dispares
1895 3087 2110 3133 erant...

532 3164 622 3233 qui
637 3164 1060 3234 abrenuntiantes
1087 3167 1299 3230 sa'culo,
1324 3183 1377 3221 se
1407 3177 1462 3220 et.
1481 3183 1578 3221 sua
1603 3167 1671 3221 ad
1695 3169 2112 3239 congregatione:

535 3268 642 3308 tam
665 3255 973 3310 clericorum
1016 3274 1174 3328 quam
1207 3260 1579 3312 monachorum
1620 3257 1928 3328 regulariter
1946 3261 2113 3314 viven-

536 3346 666 3398 tium
694 3346 1024 3402 devotissime
1062 3347 1423 3414 contulerunt,
1457 3358 1511 3402 ut
1539 3349 1633 3401 sub
1663 3364 1843 3402 eorum
1871 3347 2114 3401 obedien-

534 3437 608 3491 tia
637 3440 980 3494 communiter
1007 3441 1175 3495 vivere
1215 3449 1261 3494 et
1305 3441 1378 3494 eis
1405 3439 1593 3494 serrire
1621 3449 1962 3494 mererentur.
1989 3438 2113 3495 Haec

533 3536 615 3582 cst
639 3528 818 3598 religio
862 3531 1123 3599 quadrata
1151 3571 1164 3596 ,
1211 3545 1240 3584 a
1284 3531 1452 3586 Paulo
1480 3529 1856 3586 Bernriedensi
1902 3531 1955 3585 in
1991 3530 2112 3584 Vita

533 3618 776 3688 Gregorii
793 3619 879 3674 VII
907 3621 1141 3686 laudata,
1162 3638 1322 3691 quam
1347 3638 1467 3678 cum
1499 3623 1768 3688 nonnulli,
1793 3623 1976 3678 nescio
2005 3638 2113 3692 quo

534 3708 638 3761 acti
670 3708 837 3761 livore
875 3723 969 3762 seu
1010 3709 1303 3763 invidentia
1337 3711 1646 3780 vituperare
1688 3712 1805 3766 ausi
1846 3711 2110 3774 fuissent,

539 3795 675 3848 tueri
723 3810 1008 3865 aggressus
1053 3807 1134 3851 est
1193 3795 1474 3862 Urbanus,
1529 3799 1614 3853 cui
1655 3800 1795 3868 apud
1843 3797 2114 3855 Teutones

539 3886 834 3957 apostolica
874 3887 1142 3956 legatione
1173 3888 1435 3959 iungenti,
1467 3889 1538 3956 pii
1570 3888 1688 3958 ejus
1721 3890 1952 3946 instituti
1981 3907 2112 3946 san-

537 3980 696 4032 ctitas
745 3979 911 4048 probe
961 3990 1084 4034 nota
1134 3981 1330 4035 fuerat.
1363 3981 1641 4037 Undeboc
1662 3997 1803 4037 anno
1836 3982 1978 4037 illam
2022 3997 2109 4038 so-

537 4069 788 4126 lcmniter
813 4071 1130 4140 approbavit
1158 4080 1213 4127 et
1238 4072 1600 4138 conﬁrmavit,
1623 4075 1762 4130 datis
1787 4090 1850 4130 ca
1874 4076 1940 4130 de
1963 4091 2020 4131 re
2045 4076 2112 4131 ad

537 4161 990 4215 monasteriorum
1026 4161 1348 4232 praepositos
1383 4161 1600 4218 litteris.
1645 4163 1777 4219 Cum
1807 4179 1936 4219 vero
1969 4181 2111 4219 anno

535 4253 812 4322 sequenti,
841 4263 899 4307 ut
928 4253 1070 4308 idem
1112 4261 1301 4308 auctor
1335 4252 1528 4319 habet,
1565 4253 1735 4309 laicus
1765 4255 1984 4324 quidam
2011 4270 2109 4310 no-

537 4360 658 4397 vum
693 4343 743 4397 id
786 4344 1000 4398 vivendi
1033 4359 1200 4414 genus
1226 4343 1533 4414 professus,
1564 4347 1630 4398 ab
1655 4361 1718 4400 eo
1747 4353 1947 4401 temere
1972 4347 2108 4401 resi-

2207 538 2662 601 contradiderunt,
2690 555 2844 609 seque
2870 540 3086 594 invicem
3119 543 3406 596 sanctitate
3433 559 3632 610 morum
3654 566 3766 617 pra-

2207 631 2378 686 venire
2400 631 3136 686 incessabiliter.studuerunt.
3179 633 3272 687 Sic
3303 635 3489 705 utique
3522 635 3670 703 Deus,
3692 655 3769 696 ex-

2207 721 2405 776 clamat
2434 723 2776 789 Bertholdus,
2799 734 3034 778 sanctam
3060 741 3212 778 suam
3241 724 3547 780 Ecclesium
3582 729 3633 783 in
3658 733 3772 799 peri-

2208 812 2386 867 culoso
2422 824 2648 882 tempore
2677 814 2991 869 mirabiliter
3018 814 3285 869 consolari
3311 816 3571 885 dignatus
3596 795 3668 873 est
3691 833 3770 876 ται
3829 795 3836 806 ι

2209 903 2272 957 de
2297 903 2582 958 multorum
2609 906 2940 962 conuersione
2964 906 3232 977 gauderet,
3259 923 3388 978 quin
3412 909 3480 962 de
3507 926 3770 968 excomm-

2211 993 2500 1046 nicatorum
2526 995 2794 1049 aversione
2824 995 3038 1064 jamdiu
3064 1011 3168 1050 non
3193 997 3424 1050 cessavit
3461 997 3651 1054 dolere.
3679 1001 3772 1058 lluc

2211 1080 2265 1135 ni
2293 1081 2732 1153 fallorgrevocari
2754 1083 2915 1139 debet
2934 1085 3074 1154 quod
3095 1085 3351 1142 Gerohus
3377 1087 3432 1141 in
3457 1085 3772 1159 Syntagmate

2211 1171 2287 1226 De
2312 1180 2455 1226 statu
2488 1174 2779 1230 Eccclesiae
2805 1178 2946 1247 apud
2964 1178 3376 1249 _Tegnagellum
3403 1179 3584 1247 edito,
3615 1181 3772 1247 refert,

2212 1277 2332 1332 cap.
2363 1263 2449 1329 16,
2481 1266 2679 1322 multos
2701 1268 2929 1324 clericos
2955 1280 3008 1326 et
3033 1271 3338 1327 monachos
3361 1273 3649 1328 occasione
3679 1289 3775 1343 per-

2212 1353 2504 1410 secutionis
2528 1357 2808 1427 amplexos
2827 1357 2993 1414 fuisse
3017 1359 3181 1414 vitam
3213 1361 3564 1431 asperiorem
3589 1361 3640 1416 in
3658 1363 3776 1434 agris

2212 1442 2539 1502 suburbanis
2567 1455 2625 1504 et
2646 1450 2993 1505 monasteriis
3013 1452 3448 1522 campestribus.

2423 1555 2484 1611 C.
2526 1555 2898 1614 Paviliacensis
2918 1561 3222 1615 monasterii
3245 1562 3598 1616 restauratio.

2285 1665 2342 1721 In
2369 1665 2560 1726 Galliis
2591 1682 2840 1741 reparato
2869 1688 2966 1743 per
3007 1672 3314 1729 Gaiterium
3363 1674 3584 1731 Sanctae
3623 1674 3773 1730 Trini-

2216 1758 2341 1812 tatis
2366 1759 2432 1813 de
2459 1759 2658 1825 Monte,
2686 1777 2776 1816 seu
2801 1761 3013 1818 Sanctae
3037 1763 3356 1820 Catharinae
3408 1779 3579 1835 prope
3600 1764 3772 1821 Rotho—

2216 1864 2429 1918 magum
2458 1851 2726 1917 abbatem,
2754 1853 3111 1910 Paviliacensi
3154 1856 3379 1912 Sancta:
3428 1855 3774 1912 Austrebertte

2209 1943 2560 2009 monasterio,
2613 1942 2756 2012 quod
2811 1959 2842 1998 a
2880 1944 3274 2002 Northmannis
3307 1947 3558 2001 dirutum
3607 1947 3773 2010 fuerat,

2211 2031 2461 2089 Urbanus
2490 2033 2776 2092 Guillelmo
2797 2037 3204 2109 archiepiscopo
3251 2039 3697 2110 Rothomagensi,
3722 2039 3772 2093 ad

2211 2121 2367 2190 cujus
2395 2125 2671 2182 dioecesim
2693 2127 2846 2184 locus
2866 2129 2955 2183 ille
2989 2130 3322 2199 pertinebat,
3356 2132 3580 2201 scripsit
3608 2140 3773 2186 uteum

2209 2215 2275 2270 ad
2297 2217 2443 2286 pium
2473 2217 2604 2273 illud
2659 2234 2797 2289 opus
2825 2222 3251 2291 promovendum
3313 2230 3375 2277 et
3418 2222 3772 2277 absolvendum

2211 2306 2494 2374 excitaret,
2509 2318 2671 2379 atque
2692 2311 2825 2366 adeo
2851 2311 3116 2367 universis
3141 2313 3233 2382 qui
3249 2312 3433 2367 eidem
3448 2311 3772 2368 cmnobioalio

2210 2398 2336 2466 quid
2364 2398 2693 2466 conferrent,
2732 2411 2977 2471 quartam
2993 2403 3444 2472 ptenitentiarum
3472 2405 3540 2460 ab
3563 2404 3773 2474 episcopo

2216 2496 2311 2543 aut
2349 2490 2664 2561 presbytero
2692 2493 3057 2562 injunetarum
3085 2503 3298 2564 partem
3331 2495 3622 2550 relaxavit.
3656 2494 3770 2547 Data

2212 2589 2336 2635 sunt
2358 2582 2857 2648 pontificitrlitterae
2886 2585 3132 2650 Cessimi;
3156 2586 3245 2640 alii
3279 2587 3540 2657 legerunt
3563 2583 3762 2647 Cossinii,

2216 2666 2358 2722 forte
2383 2668 2588 2736 Casini,
2629 2671 2697 2725 ιν
2729 2672 2850 2725 ldus
2874 2671 3123 2728 Octobris
3161 2674 3327 2743 hujus
3381 2675 3537 2741 anni,
3570 2687 3686 2745 quas
3703 2672 3756 2723 la-

2212 2756 2323 2826 pitli
2354 2773 2385 2812 e
2416 2755 2703 2815 ruderibus
2757 2761 3002 2816 ecclesiae
3032 2772 3212 2818 erecto
3263 2764 3570 2834 insculptas
3609 2775 3724 2815 unus
3745 2773 3766 2812 θ

2215 2847 2418 2901 nostris
2447 2845 2755 2917 descripsit.
2784 2848 2842 2904 ln
2875 2850 3063 2905 eodem
3111 2850 3292 2920 lapide
3326 2852 3605 2923 diplomati
3627 2847 3768 2920 ponti-

2217 2934 2339 2991 licio
2375 2936 2660 3006 subjuncta
2715 2946 2835 2993 erat
2862 2937 2965 2994 loci
2995 2939 3216 2994 donatio
3260 2939 3413 2995 facta
3445 2939 3673 2996 Galterio
3696 2936 3768 2989 ali-

2215 3027 2327 3082 bati
2358 3041 2456 3096 per
2495 3025 2758 3083 Thomam
2789 3029 2854 3084 de
2905 3029 3099 3102 Pacisy
3129 3029 3366 3086 militem
3407 3049 3422 3098 ;
3469 3031 3557 3086 cui
3603 3030 3767 3082 instru-

2141 3139 2183 3195 α
2229 3127 2412 3173 mento
2441 3117 2762 3174 Guillelmus
2792 3120 3237 3191 archiepiscopus
3267 3132 3324 3178 et
3345 3123 3440 3178 alii
3470 3122 3574 3176 viri
3599 3116 3768 3174 nobiles

2218 3207 2604 3278 subscripsisse
2628 3209 2968 3266 dicebantur.

2323 3318 2406 3374 C1.
2451 3317 2651 3374 Urbani
2673 3321 2860 3376 litterte
2879 3338 2974 3392 pro
2995 3321 3054 3378 S.
3086 3321 3357 3394 Cypriane
3383 3321 3684 3378 Pictavensi.

2289 3429 2423 3486 Erat
2456 3430 2711 3488 Urbanus
2732 3432 2834 3488 hoc
2882 3448 3048 3498 anno,
3076 3433 3150 3487 uti
3187 3447 3258 3488 ex
3310 3442 3559 3503 tempore
3583 3428 3762 3485 ordina-

2217 3521 2385 3578 tionis
2426 3522 2606 3578 lvonis
2628 3523 2916 3579 Carnoteni
2968 3524 3294 3596 colligimus,
3346 3526 3491 3594 apud
3525 3520 3756 3577 Altariutn

2216 3614 2352 3669 Latii
2383 3614 2570 3669 urbem
2598 3615 2752 3670 initio
2773 3615 3112 3683 Novembris,
3143 3615 3331 3685 ibique
3364 3633 3417 3670 ιν
3445 3614 3620 3670 Nonas
3647 3609 3759 3677 ejus-

2214 3704 2336 3760 dem
2359 3706 2560 3761 meusis
2583 3705 2792 3760 litteras
2813 3705 3095 3776 Raynaldo
3122 3705 3305 3761 abbati
3324 3705 3512 3762 Sancti
3547 3693 3762 3774 Cypriani

2214 3795 2558 3852 Pictavensis
2580 3798 2871 3862 concessit,
2900 3797 3095 3867 quibus
3125 3797 3500 3858 ei,conlirmat
3546 3787 3762 3865 quidquid

2208 3888 2352 3957 juris
2383 3899 2430 3942 et
2451 3889 2720 3943 canonica:
2746 3890 3014 3959 potestatis
3044 3889 3276 3944 habebat
3320 3891 3378 3943 in
3417 3886 3627 3942 ecclesia
3655 3879 3762 3935 San-

2213 3986 2311 4030 cta:
2335 3976 2519 4030 Crucis
2547 3978 2689 4046 apud
2731 3977 2979 4048 Englam.
3004 3977 3118 4032 llac
3139 3978 3399 4033 cautione
3443 3991 3572 4031 usus
3607 3980 3681 4026 est
3719 3967 3760 4020 in

2215 4067 2319 4122 hoc
2340 4067 2601 4138 rescripto
2645 4066 2911 4136 pontifex,
2945 4068 3173 4135 veritus,
3205 4077 3468 4123 monente
3521 4065 3671 4119 lvone
3689 4054 3762 4125 qui

2214 4167 2326 4213 tum
2386 4159 2440 4213 in
2495 4157 2887 4213 Carnotensem
2937 4159 3250 4229 episcOpum
3300 4159 3510 4214 electus
3556 4156 3605 4209 in
3634 4146 3758 4204 curia

2215 4247 2421 4304 Urbani
2447 4258 2566 4304 erat
2586 4248 2750 4319 paulo
2777 4258 2902 4319 post
2930 4235 3004 4304 ab
3047 4264 3116 4304 eo
3141 4249 3574 4307 consecrandus.
3627 4253 3702 4301 nc.
3725 4234 3758 4288 si

2212 4339 2488 4411 llaynaldo
2515 4341 2630 4394 haec
2651 4340 2879 4395 ecclesia
2899 4339 3217 4408 simpliciter
3237 4339 3640 4394 concederetur,
3661 4340 3756 4382 eam

533 4426 726 4500 liisset,
757 4435 904 4489 hunc
939 4433 1187 4489 Urbanus
1213 4435 1428 4504 scriptis
1458 4436 1524 4490 ad
1564 4435 1940 4528 Gcbﬂrardum
1969 4437 2110 4492 Con-
2140 4470 2186 4528 Β
2214 4429 2304 4484 ille
2334 4430 2504 4500 pulsis
2558 4430 2772 4485 CieriCis
2816 4430 2907 4499 qui
2960 4430 3034 4484 ibi
3075 4430 3344 4498 degebant
3390 4428 3458 4483 ad
3503 4417 3756 4528 ηιρῐιτίξδθξ

533 4527 748 4580 stantia:
775 4527 1085 4595 episcopum
1102 4525 1334 4596 legatum
1356 4541 1509 4581 suum
1533 4525 1748 4591 litteris,
1766 4527 2110 4584 anathemate

533 4619 682 4674 t'eriri
709 4618 1002 4690 praecepit,
1029 4617 1131 4674 nisi
1167 4618 1566 4688 quamprimum
1601 4621 1876 4689 apostasite
1904 4635 2014 4673 sate
2055 4628 2110 4674 et

533 4708 666 4762 tanti
717 4708 982 4778 sacrilegii
1017 4707 1222 4763 crimen
1251 4707 1566 4776 paenitentia
1611 4709 1874 4778 condigna
1905 4708 2110 4763 diluere

532 4809 838 4853 conaretur.
871 4798 1028 4864 llinc,
1057 4805 1338 4854 crescente
1365 4798 1486 4852 novi
1517 4813 1634 4867 ejus
1661 4798 1890 4853 instituti
1926 4797 2069 4852 fama
2089 4835 2104 4862 ,

533 4902 636 4940 non
665 4887 837 4941 solum
869 4887 1138 4943 innumeri
1166 4887 1266 4942 viri
1297 4894 1351 4940 et
1378 4887 1649 4953 mulieres,
1682 4888 1774 4958 qui
1810 4888 1864 4941 in
1887 4888 2108 4942 urbibus

531 4989 624 5033 aut
655 4981 708 5034 in
735 4966 1183 5036 monasteriorum
1212 4977 1426 5034 viciniis
1457 4979 1950 5043 commorabantur,
1979 4979 2106 5035 illud

534 5082 644 5124 tam
671 5078 916 5126 sanctqu
941 5070 1280 5141 propositum
1311 5069 1672 5138 arripuerunt,
1703 5067 1795 5137 qui
1825 5069 1924 5122 sub
1946 5069 2107 5124 cleri-

531 5177 718 5216 corum
769 5170 823 5216 et
869 5162 1256 5216 monachorum
1311 5159 1656 5222 obedientia,
1713 5155 2105 5228 mancipiorum

534 5267 681 5306 more
731 5252 799 5306 iis
842 5251 1139 5320 quotidiani
1181 5251 1333 5322 pensi
1382 5251 1660 5305 servitium
1695 5251 2099 5320 persolvebant;

531 5360 715 5398 verum
744 5344 906 5398 etiam
952 5343 1140 5398 eadem
1187 5344 1399 5399 vivendi
1432 5343 1602 5399 forma
1633 5343 1686 5398 in
1715 5343 1852 5398 villis
1877 5352 1932 5397 et
1974 5343 2104 5399 locis

529 5435 857 5505 agrestibus,
902 5444 1114 5504 recepta
1147 5433 1276 5499 fuit;
1307 5437 1418 5500 ubi,
1451 5444 1588 5490 teste
1613 5437 1801 5490 eodem
1829 5433 2098 5500 Bertoldo,

529 5529 654 5594 ﬁlim
689 5528 1000 5582 rusticorum
1047 5529 1335 5580 innumera:
1376 5528 1619 5596 conjugio
1645 5538 1692 5582 et
1735 5527 1927 5582 swculo
1955 5528 2102 5580 abre-

532 5619 801 5680 nuntiare,
830 5627 878 5672 et
906 5618 1000 5672 sub
1031 5617 1258 5686 alicujus
1280 5618 1559 5672 sacerdotis
1588 5620 1877 5672 obedientia
1916 5619 2098 5680 virere,

534 5720 579 5762 et
608 5709 856 5779 religiosis
915 5726 1029 5762 cum
1076 5724 1277 5764 summa
1321 5709 1580 5762 devotione
1625 5727 1724 5764 non
1777 5719 2096 5764 cessaverunt

2214 4521 2552 4578 transferret.
2579 4522 2637 4577 ld
2663 4531 2844 4578 tamen
2889 4521 3047 4592 paulo
3090 4532 3213 4592 post
3261 4523 3506 4578 evenisse
3533 4513 3755 4573 discimus

2210 4629 2276 4669 ex
2305 4615 2426 4684 ipso
2471 4614 2653 4680 lvone,
2701 4615 2864 4684 epist.
2906 4613 2976 4668 56
3031 4615 3099 4668 ad
3150 4612 3371 4669 Petrum
3417 4610 3753 4667 Pictavensem

2210 4706 2522 4776 episcopum
2557 4724 2572 4771 ;
2612 4707 2666 4760 in
2698 4721 2805 4775 qua
2827 4706 3067 4774 graviter
3097 4706 3361 4760 adversus
3393 4704 3534 4758 hunc
3578 4686 3754 4750 antisti-

2213 4807 2319 4850 tem
2350 4797 2700 4866 conqueritur
2724 4797 2870 4866 quod
2924 4804 3048 4865 post
3078 4796 3378 4865 expetitum
3407 4793 3499 4848 diu
3528 4797 3581 4842 et
3605 4785 3750 4848 impe'

2214 4893 2411 4942 tratum
2459 4887 2717 4943 clericum
2745 4887 2872 4941 huic
2902 4885 3156 4956 Englensi
3195 4885 3443 4940 ecclesia:
3488 4870 3750 4950 przelicien-

2208 4978 2357 5043 dum,
2392 4977 2637 5033 eumdem
2664 4986 2850 5046 postea
2879 4976 3182 5046 repulisset,
3225 4987 3282 5030 ut
3313 4976 3365 5030 in
3389 4988 3454 5028 ea
3479 4960 3748 5051 institueret

2210 5072 2502 5127 monachos
2553 5071 2738 5127 Sancti
2771 5069 3048 5141 Cypriani.
3099 5069 3260 5135 Tum,
3311 5064 3538 5122 laudatis
3572 5051 3745 5146 Ufbaf“

2208 5178 2270 5217 ea
2299 5164 2365 5218 de
2399 5177 2458 5218 re
2507 5162 2724 5228 litteris,
2763 5177 2856 5216 eas
2893 5161 3280 5216 monachorum
3312 5169 3488 5214 causae
3535 5151 3741 5242 Pairﬂc':

2207 5255 2324 5308 nari
2357 5269 2459 5308 non
2484 5254 2680 5309 debere
2701 5252 2997 5316 contendit,
3031 5250 3172 5321 quod
3204 5264 3264 5305 se
3296 5252 3362 5305 ab
3389 5248 3500 5316 ipso
3524 5232 3742 5321 pontiﬁce

2205 5346 2486 5401 rescivisse
2509 5354 2860 5406 contestatur,
2909 5345 2994 5400 cui
3027 5360 3121 5410 cas
3147 5344 3388 5406 dictanti,
3415 5341 3636 5408 praesens
3655 5319 3736 5375 8d-

2207 5437 2399 5500 fuerat,
2431 5451 2538 5490 non
2581 5435 2796 5504 quidem
2835 5452 2867 5488 η
2927 5434 3108 5500 latere,
3168 5443 3226 5486 ut
3253 5447 3310 5487 se
3337 5425 3632 5486 emendasse
3652 5423 3734 5504 P“:

2205 5527 2337 5581 tavit
2359 5524 2578 5582 Juretus
2599 5492 2666 5581 lin
2697 5526 2839 5580 notis
2868 5525 2932 5578 ad
2965 5526 3104 5579 hanc
3153 5523 3328 5578 lvonis
3355 5513 3632 5589 epistolam,
3653 5492 3729 5554 Sed

2202 5617 2390 5680 Alatri,
2421 5625 2476 5670 ut
2501 5625 2708 5672 veteres
2727 5616 2940 5669 codices
2974 5614 3193 5698 habgnt,
3213 5621 3268 5668 et
3281 5611 3494 5669 omnino
3512 5592 3726 5657 evincunt

2201 5709 2426 5764 laudata:
2454 5707 2654 5763 Urbani
2683 5708 2892 5761 litterae.
