3962 6312
127 402 194 458 89
1672 395 1705 447 ν

1808 395 1853 448 l.
3306 395 3373 449 90

195 514 300 571 Cll.
334 509 509 565 lvonis
542 505 824 560 Carnoteni
848 504 1127 558 ordinatio.
1158 503 1271 568 Quo
1294 519 1432 556 :mno
1464 502 1626 570 facta.

200 604 426 660 Multum
457 599 622 654 etiam
672 595 937 650 laboravit
967 594 1086 665 pius
1124 591 1365 663 pontifex
1410 594 1514 647 hoc
1564 608 1704 648 anno

129 710 225 766 pro
241 690 471 750 ecclesia
520 685 863 753 Carnotensi,
912 698 1072 753 quam
1104 682 1393 738 Gaufridus
1423 682 1707 751 episcopus

132 786 423 844 multorum
480 778 767 833 criminum
819 790 963 839 reus,
1016 782 1077 827 ut
1117 789 1185 828 ex
1212 772 1390 828 lvonis
1422 772 1648 842 epistola
1672 771 1705 825 8

130 886 291 948 patet,
318 869 706 927 labetactabat.
748 866 981 933 Hicjam
1009 874 1134 919 ante
1182 865 1391 934 aliquot
1440 878 1611 919 annos
1638 864 1709 917 ab

135 973 349 1040 llugone
368 965 548 1022 Diensi
580 962 724 1018 sedis
754 959 1062 1030 apostolicae
1091 960 1143 1013 in
1167 959 1357 1015 Galliis
1377 958 1570 1028 legato,
1587 956 1707 1010 loco

134 1070 305 1114 motus
330 1058 508 1111 fuerat
535 1071 551 1121 ;
575 1063 632 1107 at
669 1053 865 1122 injuria
907 1066 964 1106 se
991 1052 1405 1106 condemnatum
1429 1058 1704 1114 causatus,

139 1151 358 1205 Romam
406 1144 661 1209 tetendit,
713 1142 805 1197 ubi
864 1156 989 1197 cum
1040 1141 1219 1196 nullus
1261 1140 1375 1209 ejus
1428 1148 1709 1195 accusator

140 1240 545 1312 comparuisset,
596 1237 723 1290 dato
776 1248 939 1304 supra
979 1247 1177 1302 corpus
1219 1232 1363 1287 beati
1402 1231 1549 1286 Petri
1588 1245 1709 1285 cor-

143 1346 263 1402 pore
311 1335 685 1390 sacramento,
713 1340 837 1380 eum
879 1339 909 1377 a
961 1322 1218 1378 Simouim
1269 1320 1387 1377 labe
1438 1328 1711 1389 utcunque

145 1430 418 1493 purgatum
444 1419 743 1487 Gregorius
795 1415 885 1470 Vll
915 1415 1027 1471 sedi
1082 1430 1193 1470 suae
1225 1414 1560 1468 restituerat.
1603 1412 1708 1467 Ve-

148 1527 259 1568 rum
284 1509 554 1565 renovatis
597 1516 783 1576 postea
815 1514 1005 1561 contra
1056 1505 1204 1560 illum
1252 1503 1706 1569 accusationibus,

154 1616 267 1655 cum
291 1599 403 1668 ejus
459 1598 691 1653 crimina
728 1596 945 1652 Urbano
988 1594 1149 1664 plane
1198 1594 1579 1658 innotuissent,
1609 1606 1710 1646 nec

154 1693 237 1750 ille
254 1707 365 1748 sese
395 1692 464 1746 ab
492 1690 573 1743 eis
602 1689 896 1745 innoctsum
941 1686 1172 1757 probare
1210 1684 1495 1749 valuisset,
1524 1699 1710 1738 rursus

160 1798 300 1838 esus
345 1782 467 1837 sede
508 1779 833 1835 auctoritate
886 1776 1157 1849 pontificis
1190 1775 1378 1845 pulsus
1422 1782 1526 1840 est,
1568 1774 1707 1827 facta

158 1872 557 1930 Carnotensibus
583 1877 851 1942 potestate
890 1847 1060 1922 alium
1086 1867 1385 1922 antistitem
1412 1866 1466 1923 in
1490 1866 1607 1935 ejus
1626 1864 1705 1918 lo-
1738 1847 1779 1904 Β

164 1979 275 2019 cum
318 1960 722 2024 substituendi;
773 1958 866 2028 qui
918 1956 1098 2012 statim
1151 1956 1393 2011 unanimi
1442 1968 1707 2011 consensu

164 2054 385 2116 lvonem,
407 2068 559 2122 quem
592 2051 699 2106 illis
729 2049 979 2105 Urbanus
1011 2047 1503 2110 commendaverat,
1529 2045 1707 2115 elege-

177 2156 311 2201 runt.
331 2146 393 2198 At
412 2145 612 2198 lvonem
638 2156 960 2197 consecrare
989 2139 1262 2195 recusavit
1293 2137 1581 2194 Richerius
1611 2136 1711 2191 Se-

178 2237 404 2290 nonensis
431 2233 883 2303 metropolitanus,
922 2231 1014 2301 qui
1058 2230 1422 2286 contendebat
1464 2227 1707 2285 Gaufridi

169 2329 625 2383 exauctorationem
679 2335 869 2383 contra
910 2338 1146 2380 canones
1191 2322 1389 2378 factam
1426 2320 1592 2383 fuisse
1638 2319 1708 2374 ob

163 2421 224 2481 id,
248 2420 376 2489 quod
401 2418 516 2488 ejus
557 2432 736 2474 causae
770 2417 1008 2487 cognitio
1051 2416 1284 2495 primum
1317 2430 1346 2469 a
1372 2428 1431 2469 se
1488 2413 1709 2482 suisque

161 2509 671 2581 comprovincialibus
729 2509 996 2579 episcopis
1044 2507 1160 2563 ﬁeri
1213 2506 1506 2567 debuisset.
1550 2512 1709 2559 ante-

160 2617 299 2670 quam
328 2603 391 2656 ad
417 2601 757 2671 pontificium
798 2598 1035 2655 tribunal
1086 2597 1406 2653 deferretur.
1436 2596 1574 2651 llinc
1618 2595 1708 2651 lvo

153 2693 267 2747 nihil
294 2708 347 2747 se
367 2693 510 2763 apud
533 2691 842 2747 Richerium
868 2691 1214 2745 obtenturum
1239 2688 1356 2743 fore
1383 2688 1704 2758 praevidens,

152 2783 400 2839 Urbanum
450 2783 613 2847 adiit,
660 2797 690 2836 a
720 2796 846 2851 quo,
876 2789 938 2835 ut
963 2780 1194 2849 ipsemet
1227 2777 1499 2847 pontifex,
1531 2778 1582 2832 in
1620 2777 1709 2831 lit-

155 2876 259 2930 teris
304 2891 363 2931 ea
392 2876 459 2931 de
499 2889 557 2930 re
591 2875 731 2930 datis
779 2881 1031 2938 testatur,
1069 2870 1217 2925 salva
1252 2868 1481 2924 ecclesia:
1531 2867 1709 2923 Seno-

151 2968 280 3021 nensi
301 2968 472 3021 debita
508 2967 823 3032 obedientia,
875 2972 1224 3020 consecratus
1252 2972 1335 3019 est
1364 2979 1378 3027 ;
1407 2971 1462 3016 et
1488 2962 1706 3032 quidem

148 3064 232 3117 sub
260 3065 410 3119 finem
443 3061 797 3128 Novembris,
826 3070 884 3117 ut
932 3063 987 3116 in
1018 3061 1090 3115 iis
1116 3061 1315 3117 litteris
1335 3060 1658 3131 exprimitur
1690 3100 1707 3125 ,

148 3153 225 3207 sed
249 3153 444 3224 absque
478 3152 645 3208 ullius
673 3153 800 3208 anni
828 3151 1221 3222 designatione.
1250 3151 1407 3207 Unde
1439 3151 1705 3206 incertum

151 3246 270 3314 apud
323 3256 582 3301 auctores
622 3246 822 3302 mansit
870 3260 979 3315 quo
1021 3259 1165 3300 anno
1214 3244 1289 3298 sit
1337 3244 1704 3313 consignanda

144 3335 296 3391 lvonis
324 3338 692 3402 consecratio,
746 3353 906 3407 quam
937 3336 1047 3400 alii,
1099 3351 1241 3389 anno
1273 3335 1430 3399 1090,
1464 3334 1703 3389 nonnulli

143 3442 252 3483 vero
275 3428 426 3495 1091,
460 3428 750 3484 autetiam
780 3428 1028 3499 sequenti
1052 3426 1250 3482 factam
1272 3415 1443 3480 misse
1470 3426 1706 3495 scripse-

143 3529 266 3573 runt.

197 3610 331 3664 llanc
360 3610 620 3666 Labbeus
646 3624 786 3663 anno
833 3607 963 3663 1091
1022 3608 1381 3677 consignavit,
1437 3608 1580 3678 quod
1614 3606 1705 3663 lvo

140 3701 212 3754 die
238 3702 299 3755 15
320 3701 671 3767 Novembris,
710 3717 830 3771 quae
860 3716 925 3755 eo
952 3715 1094 3753 anno
1122 3701 1172 3753 in
1210 3699 1541 3753 Dominicam
1572 3698 1704 3752 inci—

140 3789 298 3854 debat,
322 3792 389 3846 ab
421 3791 652 3847 Urbano
681 3800 1033 3846 consecratus
1057 3790 1221 3844 fuisse
1244 3789 1461 3843 dicitur.
1491 3790 1555 3842 Et
1584 3789 1705 3857 qui-

138 3880 261 3943 dem,
286 3882 327 3936 si
352 3882 506 3936 bene
534 3882 673 3935 idem
720 3889 911 3936 auctor
939 3879 1318 3949 Stampeusem
1346 3880 1611 3951 synodum
1636 3881 1702 3933 ad

138 3983 313 4024 annum
344 3959 486 4025 1092
518 3972 813 4036 revocavit,
837 3970 1014 4026 lvonis
1041 3971 1331 4035 ordinatio,
1369 3986 1488 4039 qua:
1517 3986 1703 4026 mense

136 4058 400 4116 Novembri
425 4071 668 4116 exeunte
694 4062 835 4116 facta
856 4074 959 4127 est,
993 4062 1060 4116 ad
1084 4061 1480 4132 praecedentem
1501 4079 1700 4117 annum

140 4154 427 4207 necessario
486 4150 685 4207 referri
739 4151 938 4219 debet;
989 4162 1197 4208 certum
1238 4154 1434 4222 quippe
1464 4154 1518 4207 in
1564 4153 1704 4209 hanc

138 4244 374 4309 synodum
393 4260 424 4297 a
445 4242 709 4298 Richerio
731 4241 1143 4312 metropolitano
1160 4253 1512 4299 convocatam
1534 4245 1702 4300 fuisse
1736 4276 1739 4279 »

138 4330 194 4383 ad
220 4332 631 4389 rescindendam
671 4333 849 4389 lvonis
875 4334 1293 4399 ordinationem,
1319 4350 1480 4405 quam
1507 4345 1701 4392 contra

136 4435 352 4478 canones
396 4425 605 4480 factam
635 4425 821 4491 fuisse,
852 4434 913 4480 ut
958 4440 1084 4479 mox
1114 4426 1448 4492 dicebamus,
1477 4438 1701 4484 centeno

1732 513 1773 565 Α
1806 504 1972 557 denti.
2001 503 2133 559 Cum
2160 505 2301 559 enim
2325 505 2412 561 ille
2436 505 2601 561 fuerit
2631 508 2730 563 sub
2751 508 2910 562 finem
2940 506 3282 573 Novembris,
3317 517 3377 562 ut

1804 592 2020 663 quidem
2049 603 2281 662 constat,
2330 597 2397 650 ab
2437 597 2652 653 Urbano
2713 600 2767 652 in
2801 599 2946 652 Italia
2987 600 3286 661 ordinatus,
3322 601 3374 653 in

1803 697 1955 736 suam
1984 683 2267 739 dioecesim
2310 695 2435 741 ante
2463 688 2737 757 sequentis
2784 690 2909 743 anni
2938 690 3129 745 saltem
3179 691 3360 755 initia,

1806 785 2053 835 reversus
2074 787 2193 829 esse
2218 790 2321 829 non
2353 777 2543 845 potuit.

1876 861 2073 915 Verum
2101 863 2204 918 etsi
2229 864 2345 920 haec
2373 866 2550 919 omnia
2602 883 2713 921 rem
2745 870 2968 925 omnino
3016 887 3121 925 non
3164 871 3378 925 evince-

1808 960 1950 1015 rent,
1978 960 2121 1006 certa
2154 962 2334 1008 tamen
2384 961 2504 1010 esse
2532 958 2747 1011 videtur
2773 974 2835 1012 ex
2869 960 3153 1028 ipsiusmet
3204 962 3379 1017 lvonis

1810 1043 2143 1096 testimonio.
2200 1041 2249 1097 Is
2278 1044 2421 1099 enim
2469 1048 2693 1116 epistola
2738 1048 2804 1102 67
2850 1049 3068 1105 Urbano
3116 1053 3377 1120 pontifici,

1806 1147 1969 1201 quem
2023 1133 2285 1189 adversus
2337 1151 2395 1190 se
2445 1139 2686 1192 nonnihil
2731 1151 3059 1195 commotum
3112 1142 3379 1206 audierat,

1808 1223 2070 1287 scribens,
2110 1235 2264 1294 rogat
2291 1241 2435 1292 cum,
2460 1237 2518 1282 ut
2552 1229 2671 1297 jam
2717 1242 2984 1284 transacto
3034 1233 3281 1300 septettio,
3308 1248 3373 1286 ex

1807 1329 1913 1383 quo
1942 1316 2142 1369 vineam
2166 1318 2265 1370 sibi
2299 1321 2629 1374 commissam
2655 1339 2748 1389 pro
2794 1340 2889 1377 suo
2939 1341 3089 1394 posse
3136 1324 3382 1378 excolue-

1809 1417 1911 1470 rat,
1956 1406 2116 1462 liceat
2153 1412 2365 1465 tandem
2399 1413 2500 1468 sibi
2531 1424 2711 1468 octavo
2741 1432 2877 1470 anno
2927 1432 3046 1471 eam
3090 1417 3380 1471 dimittere.

1808 1498 1876 1553 At
1904 1500 1947 1554 si
1979 1512 2125 1555 anno
2161 1502 2317 1567 1092,
2372 1518 2480 1575 quo
2511 1506 2753 1575 plerique
2808 1506 3023 1562 lvonem
3072 1508 3381 1562 ordinatum

1808 1588 1973 1646 fuisse
2026 1593 2265 1661 volunt,
2300 1605 2503 1665 septem
2561 1612 2731 1653 annos
2776 1592 3113 1668 adjiciamus,
3164 1600 3385 1653 omnino

1810 1685 2126 1753 completos,
2153 1687 2471 1743 habebimus
2496 1688 2655 1743 finem
2688 1690 2811 1743 anni
2863 1688 3018 1753 1099,
3057 1704 3164 1758 quo
3187 1690 3386 1743 lvooc-

1811 1785 1985 1829 tavum
2038 1779 2120 1833 sui
2171 1780 2509 1847 episcopatus
2543 1795 2744 1835 annum
2781 1781 3086 1851 incoeperit.
3116 1781 3267 1836 Nam
3308 1781 3386 1835 uti

1810 1880 2018 1922 certum
2073 1877 2175 1932 est,
2236 1884 2422 1924 menso
2479 1870 2766 1925 Novembri
2800 1871 2985 1927 Romae
3034 1880 3388 1926 consecratus

1811 1967 1912 2013 est.
1949 1958 2145 2013 Verum
2178 1960 2229 2013 id
2288 1960 2391 2016 dici
2432 1977 2540 2016 non
2571 1970 2766 2031 potest,
2828 1977 2951 2017 cum
2977 1962 3088 2032 jam
3126 1972 3255 2017 tunc
3286 1962 3387 2017 Ur-

1810 2050 1983 2105 banus
2007 2050 2295 2106 defunctus
2332 2062 2493 2117 esset,
2524 2067 2717 2123 nempe
2765 2067 2950 2107 mense
2972 2052 3112 2108 Julio
3145 2053 3385 2123 ejusdem

1808 2139 1937 2192 anni
1998 2140 2064 2193 ad
2116 2139 2285 2195 caelos
2314 2151 2646 2212 assumptus.
2680 2142 2790 2197 lmo
2838 2158 2961 2198 cum
3015 2144 3131 2198 haec
3161 2142 3387 2213 epistola

1806 2237 1929 2297 post
1962 2228 2233 2283 Natalium
2283 2230 2486 2285 Christi
2536 2232 2904 2300 festivitatem,
2950 2242 3007 2287 ut
3038 2233 3268 2304 ipsemet
3290 2220 3388 2288 lvo

1807 2318 1881 2372 ibi
1914 2318 2139 2384 indicat,
2198 2320 2400 2390 scripta
2448 2320 2630 2388 fuerit,
2674 2323 2740 2378 ad
2774 2338 2973 2377 annum
3008 2325 3168 2389 1111,
3200 2324 3388 2394 proin-

1807 2410 1980 2479 deque
2024 2410 2184 2480 longe
2218 2420 2340 2480 post
2372 2410 2577 2467 Urbani
2608 2413 2816 2468 obitum
2868 2412 3174 2469 dederenda
3219 2422 3385 2482 esset,

1806 2500 1947 2569 quod
1970 2514 2100 2553 sane
2121 2514 2279 2556 nemo
2309 2501 2526 2555 dixerit.
2568 2502 2758 2557 Omnia
2789 2516 2914 2556 vero
2937 2501 3089 2568 juxta
3121 2502 3388 2557 calculum

1808 2597 2053 2645 nostrum
2082 2592 2327 2661 apprime
2354 2592 2457 2646 sibi
2495 2594 2845 2648 concordant.
2875 2592 3025 2649 Hauc
3058 2593 3255 2662 quippe
3278 2594 3382 2662 epi-

1806 2674 1999 2737 stolam
2034 2683 2189 2738 initio
2215 2685 2344 2739 anni
2374 2684 2532 2751 1099,
2587 2701 2693 2755 quo
2728 2687 2907 2740 adhuc
2949 2687 3163 2755 vigebat
3209 2685 3383 2740 Urba-

1810 2786 1932 2836 nus,
1990 2771 2060 2826 ab
2090 2772 2253 2828 lvone
2292 2774 2549 2843 scriptam
2584 2774 2753 2830 fuisse
2804 2775 3061 2842 dicimus,
3111 2791 3234 2831 cum
3267 2785 3387 2829 ιιιιις

1809 2876 2011 2916 annum
2038 2864 2121 2917 sui
2159 2864 2523 2934 episcopatus,
2554 2865 2822 2934 siquidem
2873 2881 3017 2919 anno
3070 2866 3199 2920 1091
3238 2868 3387 2919 ince-

1807 2956 1907 3024 pit,
1934 2964 2185 3009 octavum
2234 2956 2533 3010 inchoaret.
2587 2956 2694 3010 Res
2740 2957 2989 3010 etiamin
3039 2971 3101 3012 ea
3148 2956 3379 3025 epistola

1808 3047 1975 3102 relata
2016 3063 2159 3101 anno
2187 3048 2324 3103 1099
2351 3032 2695 3111 conveniunt,
2741 3048 3023 3102 coronatio
3068 3062 3264 3116 nempe
3296 3061 3384 3100 re-

1809 3140 1890 3207 gis
1912 3138 2143 3208 Philippi
2208 3155 2238 3193 a
2271 3138 2501 3194 Rodulfo
2560 3140 2962 3209 archiepiscopo
3004 3140 3304 3194 Turonensi
3335 3140 3387 3195 in

1809 3229 2137 3299 prmeedenti
2194 3228 2335 3283 festo
2375 3229 2688 3283 Nativitatis
2738 3229 2941 3284 Christi
2997 3229 3292 3293 celebrata,
3337 3238 3386 3285 et

1805 3318 2031 3374 Joannis
2055 3319 2570 3390 cujusdamjuvenis
2621 3322 2675 3375 in
2711 3321 3154 3377 Aurelianensem
3182 3323 3379 3392 episco-

1806 3428 1930 3483 pum
1952 3413 2268 3479 electio,die
2298 3423 2608 3470 sanctorum
2632 3416 3000 3470 Innocentium
3036 3430 3197 3469 :nam
3229 3416 3386 3485 hujus

1806 3513 1862 3558 et
1920 3505 2036 3572 ejus
2084 3506 2263 3560 aemuli
2320 3505 2629 3560 Sanctionis
2667 3507 2883 3559 nomine
2921 3507 3386 3560 consecrationem

1808 3595 2092 3651 Sausseius
2144 3611 2211 3650 ex
2267 3595 2631 3650 Monumentis
2680 3588 3382 3652 Ecclesia:Aurelianensis

1812 3688 1876 3742 ad
1920 3702 2118 3741 annum
2147 3687 2287 3742 1099
2313 3703 2372 3743 re
2404 3689 2517 3758 ipsa
2574 3688 2932 3756 consignavit,
2964 3688 3245 3757 septennio
3281 3688 3385 3743 scis

1809 3777 1958 3841 licet,
2001 3786 2059 3832 ut
2086 3779 2417 3845 observavit,
2468 3788 2588 3850 post
2619 3780 2796 3835 lvonis
2832 3778 3126 3835 Carnoteni
3165 3779 3385 3834 ordina-

1812 3868 2031 3923 tionem.

1879 3958 1971 4022 At,
1998 3958 2230 4027 inquies,
2261 3958 2600 4031 Sigebertus'
2628 3968 2816 4014 auctor
2854 3957 3056 4029 gravis,
3084 3958 3173 4027 qui
3206 3956 3383 4013 lvonis

1805 4056 1966 4102 aetate
1986 4049 2228 4115 vivebat,
2259 4049 2374 4117 ejus
2399 4051 2795 4105 ordinationem
2832 4049 2897 4103 ad
2936 4064 3133 4103 annum
3161 4048 3296 4103 1092
3333 4049 3384 4102 in

1802 4142 2075 4198 Chronico
2097 4160 2196 4199 suo
2225 4144 2429 4199 retulit.
2468 4146 2691 4210 Verum,
2728 4145 2829 4199 etsi
2885 4144 2971 4199 hic
3022 4142 3176 4198 locus
3228 4144 3299 4197 ita
3332 4144 3384 4196 in

1807 4233 2080 4288 nonnullis
2148 4234 2402 4305 Sigiberti
2466 4235 2868 4304 exemplaribus
2919 4233 3228 4296 habeatur,
3281 4231 3383 4285 hoc

1807 4334 1984 4380 tamen
2009 4325 2435 4380 additamentum
2489 4340 2608 4379 esse
2658 4334 2807 4394 patet
2837 4339 2905 4378 ex
2954 4322 3075 4378 aliis
3105 4321 3377 4390 exempla-

1806 4417 1976 4481 ribus,
2028 4417 2083 4470 in
2110 4416 2457 4486 quibus-haec
2487 4416 2653 4470 verba
2699 4430 2807 4469 non
2858 4422 3194 4484 comparent.
3226 4412 3386 4467 Certe

136 4512 292 4567 debat.
316 4514 493 4571 Favet
522 4516 648 4571 huic
670 4516 875 4571 calculo
923 4531 1031 4571 una
1074 4517 1263 4572 charta
1294 4534 1322 4571 a
1352 4517 1538 4574 Jurcto
1584 4520 1697 4573 lau-

1808 4507 2185 4563 desiderantur
2215 4508 2269 4561 in
2304 4506 2471 4560 Mirmi
2520 4505 2777 4569 editione,
2812 4520 2932 4575 quae
2980 4504 3194 4559 caeteris
3224 4516 3386 4556 accu-

139 4603 271 4671 data,
301 4623 421 4677 qua:
444 4607 578 4661 data
601 4607 799 4662 dicitur
819 4624 958 4662 anno
981 4622 1089 4661 xxv
1125 4608 1304 4666 lvonis
1327 4609 1653 4680 episwpatus
1678 4627 1698 4675 ;

136 4697 245 4762 quin
266 4708 319 4751 et
350 4699 468 4768 ipse
515 4697 687 4752 lvo‘in
718 4699 888 4753 altera
917 4700 1128 4765 charta,
1160 4715 1325 4770 quam
1379 4700 1519 4755 idem
1550 4699 1701 4755 Jure-

136 4794 208 4840 tus
230 4788 409 4856 refert,
440 4790 666 4845 totidem
689 4790 768 4845 sui
798 4790 1143 4860 episcopatus
1171 4806 1341 4846 annos
1373 4806 1702 4847 commemo-

136 4886 221 4929 rat.
245 4879 331 4941 At,
356 4881 402 4935 si
429 4880 503 4935 ab
529 4896 674 4934 anno
704 4879 843 4935 1115
869 4881 1251 4951 autsequenti,
1276 4898 1385 4951 quo
1411 4881 1697 4938 defunctus

136 4962 211 5019 lvo
253 4967 472 5035 dicitur,
524 4971 882 5025 detrahantur
911 4971 1037 5025 anni
1082 4970 1157 5026 illi
1194 4972 1384 5041 viginti
1435 4974 1694 5043 quinque,

137 5072 255 5122 quos
284 5059 335 5112 in
369 5062 687 5130 episcopatu
721 5063 959 5133 integros
1010 5063 1253 5132 exegisse
1280 5072 1373 5118 aut
1399 5065 1589 5121 saltem
1614 5067 1698 5120 in-

137 5147 345 5205 choasse
368 5151 650 5208 fatendum
692 5160 794 5221 cst,
828 5154 1135 5208 invenietur
1176 5169 1349 5210 annus
1376 5155 1534 5223 1091,
1586 5173 1695 5227 quo

138 5240 339 5303 proinde
368 5245 491 5313 ejus
514 5246 781 5302 ordinatio
818 5248 1125 5319 consignari
1178 5250 1356 5303 debet.
1389 5249 1483 5305 [lis
1535 5266 1695 5321 argu-

139 5332 315 5385 mentis
336 5334 639 5389 addendum
673 5346 757 5392 est
814 5348 968 5394 vetus
1001 5342 1417 5397 instrumentum
1447 5343 1514 5396 ab
1540 5342 1691 5413 {Egi-

140 5419 215 5474 dio
239 5421 321 5477 Bri
347 5427 402 5479 in
442 5426 680 5499 Historia
711 5430 1008 5487 Perlicensi
1058 5433 1307 5499 relatum,
1350 5450 1456 5504 quo
1491 5434 1694 5489 Rober-

142 5516 214 5566 tus
262 5516 326 5571 de
376 5518 612 5577 Belismo
657 5521 938 5577 ecclesiam
991 5523 1174 5579 Sancti
1229 5525 1492 5580 Leonardi
1551 5525 1691 5580 Belis

140 5608 350 5660 smensis
379 5612 659 5667 monachis
683 5612 1250 5681 Majoris-Mouasterii
1292 5616 1511 5670 tradidit
1544 5631 1688 5669 anno

142 5689 286 5761 1092;
308 5701 393 5753 cui
416 5701 632 5769 quidem
660 5704 862 5758 charta:
886 5704 1203 5776 subscripsit
1230 5706 1320 5760 lvo
1338 5706 1448 5773 jam
1475 5709 1687 5777 episco~

141 5795 243 5847 l’US.
295 5792 626 5863 proindeque
676 5805 1019 5851 consecratus
1069 5815 1209 5853 anno
1259 5799 1445 5853 szsltem
1490 5816 1685 5869 praece-

1804 4600 1974 4654 ratior
2035 4607 2135 4653 est.
2198 4598 2269 4652 At
2312 4598 2580 4652 fateamur
2622 4598 2674 4651 id
2720 4612 2751 4651 a
2794 4595 3076 4666 Sigehcrto
3127 4594 3384 4662 scriptum

1800 4690 1987 4746 fuisse.
2030 4690 2079 4744 ls
2108 4705 2260 4754 sane,
2297 4692 2443 4744 sicut
2467 4696 2524 4744 et
2577 4687 2717 4742 alius
2758 4687 2983 4756 quilibet
3004 4694 3216 4750 auctor,
3251 4685 3386 4738 scri-

1799 4784 1930 4840 bere
1955 4784 2131 4855 potuit
2182 4783 2398 4837 lvonem
2429 4796 2572 4836 anno
2630 4781 2767 4836 1092
2793 4782 3153 4836 Carnotenam
3200 4777 3382 4831 sedem

1802 4876 2005 4938 iniisse,
2036 4876 2234 4945 quippe
2259 4891 2383 4931 cum
2405 4875 2503 4929 sub
2531 4872 2887 4944 praecedentis
2915 4870 3040 4923 anni
3090 4870 3249 4923 fidem
3276 4868 3382 4921 Ca-

1798 4983 1917 5039 puae
1956 4969 2009 5023 in
2039 4969 2188 5023 Italia
2228 4969 2297 5024 ab
2348 4966 2570 5023 Urbano
2598 4973 2947 5021 consecratus
2980 4962 3165 5025 fuerit,
3194 4977 3379 5016 revera

1798 5062 2012 5116 nonnisi
2040 5077 2184 5116 anno
2214 5061 2352 5117 1092
2377 5060 2552 5131 potuit
2569 5074 2678 5115 sua:
2698 5056 2954 5114 Ecclesia:
2983 5056 3379 5125 possessionem

1799 5155 1970 5209 adire.
2005 5155 2130 5210 llaec
2163 5155 2423 5209 adversus
2477 5168 2572 5208 eos
2620 5152 2711 5221 qui
2762 5150 2939 5204 lvonis
2983 5147 3379 5203 ordinatiomm

1798 5247 1938 5302 ultra
1971 5262 2171 5301 annum
2201 5247 2331 5301 1091
2368 5244 2644 5299 differunt.

1870 5339 1940 5393 At
1966 5338 2077 5402 alii,
2108 5347 2165 5391 ut
2206 5336 2516 5391 Souchetus
2545 5336 2607 5388 in
2629 5333 2781 5389 Notis
2813 5331 2879 5387 ad
2903 5332 3080 5386 lvonis
3096 5331 3375 5401 epistolas,

1796 5430 1955 5484 aliam
2006 5428 2373 5484 difﬁcultatem
2432 5434 2667 5480 movent.
2714 5426 2752 5480 li
2791 5425 2988 5496 quippe
3043 5426 3377 5478 contendunt

1793 5521 1970 5575 lvonis
1993 5520 2388 5575 ordinationem
2446 5518 2585 5571 ultra
2632 5532 2830 5571 annum
2868 5516 3007 5571 1090
3029 5514 3230 5569 differri
3264 5531 3370 5568 non

1792 5626 1973 5681 posse,
2015 5612 2173 5680 idque
2209 5610 2441 5680 probant
2488 5626 2555 5665 ex
2581 5626 2645 5665 eo
2688 5610 2831 5680 quod
2870 5624 3014 5663 anno
3054 5608 3191 5662 1115
3217 5607 3375 5661 obie-

1792 5705 1883 5770 rit,
1912 5719 2033 5757 cum
2068 5705 2178 5774 jam
2208 5718 2380 5757 annos
2409 5718 2514 5758 xxv
2541 5704 2883 5772 episcopatus
2924 5700 3113 5755 saltem
3160 5699 3377 5769 attigis-

1791 5805 1891 5853 set.
1927 5796 2152 5863 Dcindc,
2188 5796 2411 5865 ipsemet
2455 5812 2537 5868 ep.
2578 5796 2680 5850 268
2730 5794 2941 5849 Waloni
2992 5792 3373 5847 Bellovaccnsi
