3962 6312
613 342 675 398 91
1882 354 1939 411 Β.
1985 356 2183 414 URBAE

2287 362 2313 416 il
2349 362 2550 418 ΡΑΡᾹΞ
3350 434 3357 443 '
3742 396 3793 452 92

618 457 848 526 aliisque
872 456 1136 528 episcopis
1173 457 1224 511 in
1265 460 1516 522 concilio,
1545 462 1623 516 uti
1667 464 1899 532 videtur,
1950 468 2186 525 Bellova-
2216 479 2259 536 Α
2290 475 2453 544 phum
2485 476 2949 549 archiepiscopum
3006 480 3325 541 Remensem
3378 491 3560 548 scribit
3602 494 3659 552 de
3696 516 3794 557 con-

616 550 762 603 censi
802 565 984 605 mense
1013 551 1291 605 Decembri
1322 566 1464 606 anno
1500 554 1635 608 1114
1686 556 1869 613 habito
1898 574 2191 632 congrega-

618 641 685 693 tis
707 640 985 709 inscripta,
1014 642 1211 697 diserte
1240 642 1315 696 ait
1340 658 1397 697 se
1424 643 1537 711 jam
1579 646 1760 715 viginti
1788 650 2013 719 quinque
2039 654 2191 706 anius

614 731 670 784 in
720 733 1018 800 episcopatu
1067 743 1327 788 moratum
1377 734 1560 803 fuisse.
1620 737 1861 808 Denique
1910 741 1961 794 in
2000 743 2190 798 charta

613 822 843 888 quadam
904 825 1027 876 data
1091 824 1281 879 eodem
1339 841 1481 882 anno
1527 829 1685 896 1114,
1717 830 1995 888 Paschalis
2041 850 2191 905 papae

615 927 788 967 annus
834 930 920 967 xvi
978 930 1100 968 cum
1129 914 1310 971 lvonis
1348 932 1455 971 xxv
1502 921 1861 989 componitur.
1896 922 2024 989 Quae
2061 940 2191 979 sane

611 1004 843 1068 probant
870 1004 1045 1059 lvonis
1069 1008 1463 1063 ordinationem
1491 1010 1554 1064 ad
1591 1026 1857 1066 summum
1887 1029 2027 1069 anno
2054 1016 2190 1071 1090

614 1095 813 1149 debere
869 1097 1202 1167 consignari.
1233 1096 1432 1156 Verum
1485 1102 1528 1156 si
1560 1101 1735 1156 lvonis
1765 1105 1945 1159 obitus
1998 1108 2064 1161 ad
2094 1122 2192 1160 an-

611 1197 741 1234 num
782 1182 938 1248 1116,
971 1195 1030 1238 ut
1065 1186 1320 1240 nonnulla
1365 1188 1686 1244 Kalendaria
1717 1191 1937 1258 habent,
1970 1209 2189 1249 revoce-

615 1282 722 1338 tur,
760 1274 902 1327 nulla
934 1276 1037 1331 erit
1057 1277 1203 1332 circa
1226 1279 1343 1349 ejus
1370 1280 1717 1350 episcopatus
1764 1299 1933 1339 annos
1963 1285 2187 1341 diﬁicul-

611 1372 717 1417 tas.
746 1364 895 1421 Tunc
928 1369 1125 1438 quippe
1151 1371 1315 1425 etiam
1343 1388 1485 1428 anno
1507 1374 1635 1429 1091
1664 1376 1974 1445 ordinatus,
2010 1394 2183 1433 annos

612 1455 803 1523 viginti
857 1459 1096 1529 quinque
1148 1462 1492 1534 episc0patus
1521 1480 1773 1522 emensus
1810 1481 1841 1523 e
1870 1469 1978 1524 vita
2006 1484 2188 1527 exces-

612 1546 750 1600 sisse
778 1548 881 1603 dici
924 1559 1121 1629 potest.
1182 1554 1253 1607 At
1304 1554 1493 1611 demus
1554 1571 1677 1612 eum
1734 1574 1875 1615 anno
1921 1560 2081 1627 1115,
2128 1570 2189 1616 ut

612 1636 959 1695 Carnotentia
990 1644 1370 1715 martyrologia
1432 1647 1753 1716 przefertmt,
1794 1650 2021 1718 obiisse,
2063 1667 2186 1707 cum

610 1726 729 1794 ejus
791 1746 961 1799 mors,
1027 1738 1491 1795 consentientibus
1548 1742 1821 1810 omnibus,
1878 1744 1978 1799 sub
2023 1744 2184 1799 ﬁnem

612 1818 923 1880 Decembris
946 1828 1233 1898 contigerit
1262 1846 1277 1895 ;
1319 1833 1485 1885 etiam
1514 1830 1667 1900 juxta
1724 1835 1875 1889 illum
1913 1835 2181 1891 calculum
2213 1828 2259 1885 Β

608 1911 701 1964 lvo
747 1929 949 1971 annum
1012 1920 1096 1974 sui
1158 1922 1505 1991 episcopatus
1567 1926 1885 1981 vicesimum
1936 1928 2183 1998 quintum

611 2005 853 2075 attigisse
883 2009 1144 2067 dicendus
1186 2025 1285 2077 est,
1332 2030 1396 2069 ac
1422 2017 1649 2085 proinde
1676 2018 1790 2088 ipse
1833 2020 1997 2074 etiam
2046 2022 2184 2076 scri-

608 2095 736 2149 bere
764 2101 939 2167 potuit
962 2102 1120 2170 paulo
1158 2114 1283 2160 ante
1314 2117 1542 2162 mortem
1574 2122 1633 2163 se
1672 2109 1785 2177 jam
1815 2111 2001 2180 viginti
2024 2112 2183 2180 quin-

610 2200 713 2253 quc
740 2204 927 2256 annos,
952 2194 1181 2249 rotundo
1209 2212 1454 2261 numero,
1485 2208 1543 2251 ut
1565 2199 1678 2253 ﬁeri
1708 2200 1869 2267 solet,
1900 2202 1954 2255 in
1980 2202 2187 2271 episco-

611 2287 737 2345 patu
769 2292 1034 2338 moratum
1069 2284 1254 2341 fuisse.
1282 2287 1513 2343 Gravior
1561 2298 1644 2344 est
1669 2290 1839 2345 altera
1870 2292 2180 2356 diﬁicultas,

614 2367 658 2420 si
701 2371 953 2425 mendum
990 2372 1193 2427 nullum
1248 2377 1301 2430 in
1335 2378 1639 2448 exemplum
1704 2382 1906 2437 charta:
1962 2398 1991 2437 a
2049 2382 2186 2437 Sou-

613 2458 773 2512 cheto
798 2459 1027 2518 laudatae
1059 2465 1361 2536 irrepserit.
1399 2470 1469 2524 At
1499 2486 1603 2524 non
1635 2481 1783 2526 tanta
1822 2474 2040 2528 videtur
2064 2490 2184 2531 esse

613 2550 771 2619 hujus
794 2552 1081 2624 fragmenti
1113 2560 1406 2616 auctoritas
1430 2571 1490 2616 ut
1517 2574 1787 2633 receptam
1822 2567 1889 2620 ab
1916 2568 2185 2623 universis

614 2644 944 2712 auctoribus,
975 2650 1138 2703 etiam
1178 2653 1438 2722 antiquis,
1471 2656 1562 2724 qui
1602 2671 1792 2711 omnes
1820 2656 1995 2712 lvonis
2035 2659 2183 2713 ordi-

616 2734 887 2791 nationem
928 2738 1069 2795 ultra
1121 2757 1318 2797 annmn
1367 2745 1501 2800 1090
1530 2746 1809 2813 diﬁ‘erunt,
1856 2751 2182 2805 sententiam

613 2822 825 2879 elevare
853 2830 1039 2896 possit.
1070 2830 1126 2886 Si
1158 2833 1279 2901 quis
1309 2843 1486 2890 tamen
1511 2837 1651 2892 hanc
1681 2848 1774 2891 aut
1801 2839 2006 2894 similes
2028 2840 2183 2894 char-

615 2922 699 2968 tas
729 2915 1039 2974 indubitatae
1068 2924 1288 2979 omnino
1343 2926 1465 2981 ﬁdei
1496 2942 1615 2983 esse
1663 2930 1999 2998 probaverit,
2040 2930 2183 2984 haud

619 3004 843 3060 multum
874 3009 1211 3081 refragabor,
1238 3030 1357 3070 cum
1384 3016 1632 3074 Urbanus
1666 3021 1716 3073 in
1749 3020 2065 3091 Campania,
2093 3022 2183 3076 ubi

619 3092 835 3151 lvonem
857 3101 1151 3171 ordinavit,
1178 3121 1329 3176 teque
1352 3122 1496 3162 anno
1523 3109 1662 3165 1090
1694 3126 1757 3165 ac
1779 3112 2027 3181 sequenti
2058 3127 2185 3167 ver-

2295 570 2663 640 sanguinitate
2723 588 2843 642 qute
2919 574 3062 629 inter
3112 576 3380 635 Flandrite
3427 585 3623 642 comitis
3670 592 3794 649 ﬁlium

2293 669 2350 714 et
2407 661 2571 717 ﬁliam
2635 665 2850 719 comitis
2912 666 3250 724 Rodonensis
3306 672 3688 747 intercedebat,
3731 687 3796 740 ubi

2293 762 2612 821 prmsentem
2665 771 2723 810 se
2780 756 2946 812 fuisse
2997 760 3072 814 ait
3123 760 3175 814 in
3224 764 3375 819 curia
3430 765 3672 839 Romana,
3706 790 3796 830 cum

2292 857 2478 899 eorum
2522 848 2857 920 genealogia,
2902 849 3126 919 jubente
3154 853 3371 910 Urbano
3399 873 3549 929 papa,
3572 866 3796 919 examina-

2291 945 2407 991 retu
2416 952 2461 992 l‘.

2505 1028 2634 1083 Clll.
2679 1025 2959 1087 Flandrite
2996 1034 3123 1089 cieri
3149 1035 3364 1092 libertas
3390 1041 3654 1096 vindicata.

2366 1117 2606 1174 Turbata
2634 1136 2848 1191 quoque
2878 1124 2976 1178 fuit
3026 1127 3129 1182 hoc
3159 1144 3324 1196 anno,
3356 1139 3447 1185 aut
3475 1142 3627 1198 certe,
3651 1136 3798 1192 utaliis

2290 1210 2486 1281 placet,
2530 1216 2799 1282 sequenti,
2837 1215 3107 1273 Flandriae
3160 1220 3399 1277 Ecclesia
3431 1238 3461 1276 a
3506 1224 3714 1281 Roherto
3736 1243 3799 1281 co-

2289 1302 2441 1369 mite,
2483 1317 2842 1374 cognomento
2880 1308 3078 1376 Frisio,
3125 1313 3215 1382 qui
3246 1328 3469 1382 pravam
3520 1320 3799 1373 consuetudi-

2290 1406 2414 1446 nem
2455 1392 2568 1462 jam
2611 1395 2811 1450 dudum
2856 1399 3191 1470 antiquatam
3242 1418 3503 1460 renovare
3531 1422 3798 1476 aggressus,

2289 1486 2641 1542 constituerat
2674 1495 2751 1555 ut,
2801 1489 3009 1545 sublata
3039 1492 3254 1549 clericis
3302 1498 3530 1551 testandi
3572 1496 3798 1561 facultate.

2288 1590 2475 1631 eorum
2502 1578 2787 1634 haereditas
2816 1580 2947 1636 ﬁsco
2979 1584 3386 1641 attribueretur.
3436 1586 3581 1642 lianc
3604 1588 3799 1657 injuriam

2287 1683 2430 1737 aegre
2455 1670 2675 1726 omnino
2707 1672 2827 1726 tulit
2871 1673 3051 1729 clerus
3074 1675 3424 1733 Flatrlrensis
3449 1695 3463 1744 ;
3503 1694 3708 1749 cumque
3729 1696 3799 1734 nec

2287 1759 2540 1813 abbatum
2571 1776 2671 1816 nec
2696 1762 3072 1834 episcoporum
3105 1782 3296 1835 preces
3344 1777 3438 1823 aut
3485 1771 3670 1825 monita
3695 1772 3796 1840 apud

2288 1851 2537 1905 comitem
2568 1853 2948 1921 profecissent,
2990 1857 3100 1912 imo
3155 1874 3256 1913 nec
3289 1875 3413 1914 eum
3448 1862 3557 1930 ipsa
3588 1874 3800 1931 metropo-

2288 1938 2443 1993 litani
2493 1940 2780 1998 Remensis
2834 1947 3132 2003 auctoritas
3176 1964 3204 2001 a
3257 1952 3537 2021 proposito
3583 1953 3801 2006 retrahere

2290 2027 2569 2091 valuisset,
2602 2044 2689 2085 res
2734 2041 2818 2085 est
2871 2033 2937 2087 ad
2972 2034 3250 2089 Urbanum
3299 2038 3494 2091 delata.
3549 2039 3641 2105 Qui
3667 2040 3799 2092 statim

2288 2118 2500 2174 litteras
2536 2120 2602 2175 ad
2640 2120 2937 2177 Robertum
2991 2126 3231 2195 scripsit,
3270 2137 3327 2180 ut
3359 2144 3480 2182 eum
3512 2144 3539 2182 a
3569 2130 3649 2182 tali
3682 2145 3800 2181 vexa-

2290 2209 2435 2264 tione
2478 2211 2822 2279 deterreret;
2882 2215 3020 2269 datte
3071 2228 3189 2269 sunt
3241 2216 3535 2272 Castraueti
3586 2236 3633 2272 tv
3662 2219 3800 2272 Namu

2288 2297 2607 2367 Decembris,
2636 2317 2728 2356 seu
2759 2312 2814 2357 ut
2849 2304 3008 2359 habet
3034 2304 3281 2370 Locrius,
3307 2310 3449 2377 apud
3478 2307 3704 2362 Sanctum
3729 2306 3802 2358 Pe;

2288 2395 2423 2440 trum
2448 2406 2584 2443 mmo
2613 2392 2768 2447 1091.
2798 2392 3083 2462 Certejam
3111 2411 3295 2451 mense
3323 2397 3600 2452 Novembri
3627 2396 3799 2449 Ruinam

2288 2479 2390 2533 hoc
2419 2496 2563 2534 anno
2591 2484 2825 2538 redierat
2869 2485 3142 2552 Urbanus,
3175 2487 3218 2541 si
3253 2490 3343 2543 1νο
3371 2490 3421 2542 iu
3455 2488 3663 2558 epistola
3681 2486 3733 2539 27
3755 2483 3798 2535 ad

2287 2566 2563 2623 Eudonem
2610 2572 2675 2626 de
2720 2589 2784 2627 eo
2816 2573 2997 2628 itineri
3026 2576 3211 2630 Italico
3260 2578 3533 2646 loquatur,
3562 2580 3610 2631 in
3653 2574 3799 2644 queab

2290 2656 2508 2713 Urbano
2553 2662 2834 2718 ordinatus
2882 2664 3001 2717 fuit.
3033 2666 3124 2720 Sic
3161 2667 3361 2737 quippe
3400 2670 3559 2723 habet
3590 2686 3601 2721 :
3631 2667 3693 2719 De
3716 2668 3793 2733 ipso

2286 2764 2403 2802 vero
2449 2768 2603 2821 papa,
2652 2754 2715 2807 de
2748 2772 2849 2824 quo
2903 2758 3244 2826 qua’siisti...
3272 2799 3319 2813 ..
3360 2778 3531 2814 mense
3579 2756 3797 2812 Novembri

2287 2855 2405 2892 cum
2435 2858 2492 2894 eo
2528 2841 2750 2897 Romam
2778 2848 2995 2915 paciﬁce
3045 2850 3260 2915 intravi,
3303 2868 3476 2906 mense
3504 2850 3731 2904 Januario
3751 2846 3796 2903 ibi

2286 2945 2403 2983 eum
2433 2932 2629 2987 dimisi.
2679 2934 2763 2988 Ibi
2804 2938 2975 2990 adhuc
3019 2950 3279 3007 moratur,
3312 2954 3361 2996 et
3409 2943 3698 2997 adversariis
3724 2937 3801 2990 Ro-

2287 3037 2458 3076 mana:
2491 3024 2757 3093 Ecclesim,
2783 3040 3038 3098 quantum
3059 3031 3168 3085 Deo
3208 3036 3439 3089 donante
3473 3034 3691 3106 praevalet
3738 3031 3801 3084 ob-

2289 3113 2538 3168 luctatur.
2588 3116 2867 3172 Neminem
2919 3136 3049 3175 vero
3098 3139 3321 3179 movere
3378 3128 3535 3181 debet
3578 3139 3701 3194 quoa
3738 3120 3799 3174 alii

617 3196 769 3242 satus
798 3189 980 3258 fuerit,
1018 3203 1072 3249 et
1105 3209 1420 3267 argumenta
1471 3216 1589 3270 quae
1634 3203 1956 3271 protulimus
1986 3204 2038 3258 id
2085 3218 2183 3272 po-
2212 3194 2253 3249 C
2292 3200 2565 3257 Urbanum
2599 3204 2804 3272 Romae,
2837 3208 2924 3261 alii
2961 3222 3109 3264 extra
3164 3212 3386 3268 Romam
3427 3216 3495 3270 ob
3520 3189 3802 3271 Guibcrtil‘a-

612 3279 882 3336 tissimum
948 3286 1202 3343 evincant
1259 3289 1474 3345 Ivoucm
1544 3301 1671 3347 ante
1736 3308 1937 3348 annum
2000 3294 2180 3359 1092,

611 3372 754 3439 quod
784 3373 1024 3446 plerique
1058 3390 1406 3449 putaverunt,
1460 3394 1834 3440 consecratum
1866 3387 1933 3441 ab
1965 3386 2185 3442 Urbano

607 3464 792 3521 fuisse.

682 3558 929 3616 Pontifex
966 3563 1235 3621 celebrata
1272 3567 1449 3622 lvonis
1494 3570 1839 3624 ordinatione
1880 3569 2181 3625 orationem

612 3648 680 3701 ad
716 3664 835 3703 eum
870 3654 1075 3720 habuit,
1105 3672 1210 3726 qua
1263 3659 1333 3723 ei,
1360 3674 1463 3727 pro
1488 3662 1845 3731 antiquorum
1877 3670 2180 3730 temporum

614 3754 783 3805 more,
822 3745 1076 3811 prteclara
1104 3748 1170 3801 de
1198 3763 1417 3803 munere
1444 3750 1543 3818 ipsi
1576 3751 1824 3820 imposito
1863 3752 2063 3807 monita
2087 3752 2182 3806 de-

616 3831 697 3884 dit
720 3848 734 3894 ;
767 3834 881 3888 hare
906 3836 1046 3891 inter
1073 3837 1273 3893 Urbani
1300 3840 1552 3908 epistolas
1574 3843 1809 3907 dabitur,
1836 3843 1919 3896 cui
1963 3842 2186 3912 subjun-

621 3932 817 3991 gentur
845 3925 1085 3995 ejusdem
1130 3930 1399 3998 pontiﬁcis
1431 3931 1646 3997 litterae,
1683 3934 1749 3988 ad
1797 3934 2182 3987 Carnotensem

616 4014 819 4070 clerum
863 4027 917 4072 et
954 4019 1207 4090 populum
1271 4024 1485 4094 scripta:
1512 4024 1598 4079 die
1638 4040 1732 4079 Vlll
1784 4024 2052 4080 Kalendas
2078 4024 2183 4079 De-

614 4107 868 4174 cembris,
898 4120 952 4165 et
984 4111 1120 4178 aliae,
1149 4113 1233 4167 die
1258 4115 1527 4184 sequenti,
1554 4115 1617 4168 ad
1636 4115 1949 4170 Richerium
1978 4124 2185 4170 metro-

610 4198 903 4267 politanum
936 4204 1132 4273 Capuae
1161 4206 1320 4271 datae,
1350 4214 1407 4259 ut
1431 4219 1523 4260 eos
1554 4206 1619 4260 de
1640 4205 1897 4261 Gaufredi
1927 4216 2184 4262 exaucto-

611 4293 820 4348 ratione
848 4302 901 4348 et
926 4294 1105 4351 lvonis
1152 4297 1498 4352 ordinatione
1526 4298 1808 4363 certiores
1860 4296 2082 4353 faceret.
2113 4298 2183 4352 At

614 4384 702 4439 his
720 4400 826 4439 non
850 4386 1000 4440 stetit
1040 4386 1348 4453 Richerius,
1392 4389 1485 4459 qui
1533 4404 1676 4444 anno
1726 4391 1996 4458 sequenti,
2028 4391 2185 4446 insti-

614 4484 773 4544 gante
828 4478 1167 4546 potissimum
1223 4481 1475 4550 episcopo
1524 4481 1843 4547 Parisiensi,
1893 4483 2179 4538 concilium

615 4565 933 4636 Stampeuse
965 4583 1029 4624 eo
1085 4570 1264 4624 animo
1310 4571 1621 4637 celebravit,
1654 4582 1714 4625 ut
1742 4572 1918 4627 lvonis
1964 4574 2182 4628 ordina-

609 4659 810 4713 tionem
838 4661 1184 4717 convelleret.
1210 4663 1463 4718 Videndae
1488 4678 1551 4717 ea
1578 4665 1643 4718 de
1666 4680 1724 4719 re
1746 4665 1982 4735 ejusdem
2004 4666 2182 4720 lvonis

614 4750 879 4817 cpislola‘,
915 4753 947 4807 8
983 4753 1343 4821 potissimum,
1377 4771 1495 4824 qua:
1542 4757 1720 4811 estad
1771 4758 1943 4826 ipsum
1987 4756 2182 4813 Ricbe-

613 4844 773 4908 rium,
802 4860 857 4898 et
888 4847 953 4899 12
989 4846 1204 4901 Urbano
1242 4847 1485 4916 pontiﬁci
1507 4848 1788 4918 inscripta.
1828 4849 1971 4905 Irrili
1999 4858 2177 4907 tamen

608 4933 786 4987 lvonis
838 4938 1270 4991 adversariorum
1332 4947 1561 4993 conatus
1618 4939 1790 5005 fuere,
1841 4948 1897 4995 et
1952 4941 2063 5010 ipse
2112 4944 2178 5007 ad

614 5033 841 5079 mortem
892 5043 1060 5096 usque
1097 5029 1487 5085 Carnotensem
1521 5029 1820 5085 Ecclesiam
1870 5033 2031 5101 rexit,
2086 5034 2178 5089 sed

610 5133 716 5172 non
741 5118 947 5187 absque
984 5120 1242 5189 gravibus
1264 5130 1318 5174 et
1346 5120 1460 5176 fere
1510 5122 1781 5178 continuis
1807 5124 1971 5178 animi
2002 5140 2175 5195 augu-

609 5210 749 5273 stiis,
783 5225 837 5263 et
865 5210 1338 5287 sollicitudinibus,
1378 5228 1513 5281 quas
1563 5213 1785 5282 passim,
1840 5216 2177 5282 potissimum

610 5301 664 5355 in
688 5300 929 5371 epistolis
981 5301 1033 5365 5,
1067 5303 1133 5356 12
1186 5311 1240 5357 et
1268 5296 1337 5357 i5
1378 5304 1445 5358 ad
1496 5304 1671 5374 ipsum
1731 5305 2007 5360 Urbanum
2039 5307 2180 5360 datis

610 5403 1023 5459 commemorat,
1058 5396 1109 5449 in
1144 5395 1209 5449 iis
1236 5405 1415 5451 autem
1446 5411 1505 5452 se
1533 5398 1793 5450 uterinum
1833 5408 1879 5451 et
1905 5398 2177 5466 specialem

608 5485 743 5539 sedis
775 5487 1072 5556 apostolicw
1098 5487 1266 5556 ﬁlium
1294 5503 1414 5543 esse
1436 5489 1718 5559 gloriatur,
1754 5490 1823 5544 ob
1863 5490 1963 5543 hoc
1988 5505 2181 5559 nempe

609 5580 751 5647 quod
782 5580 850 5634 ab
880 5580 995 5648 ipso
1040 5581 1299 5651 pontiﬁce
1346 5580 1537 5636 fuisset
1582 5590 1955 5636 consecratus.
2011 5581 2181 5637 Porro

609 5672 676 5725 ad
717 5671 1016 5727 Romanum
1046 5672 1174 5727 illud
1226 5672 1406 5727 lvonis
1438 5672 1544 5726 iter
1592 5674 1897 5727 revocanda
1951 5683 2097 5739 sunt,
2124 5684 2181 5727 ut

610 5764 824 5833 Quidcm
860 5765 1098 5831 videtur,
1126 5779 1186 5821 ea
1226 5780 1345 5834 qua:
1374 5764 1426 5819 in
1456 5763 1682 5834 epistola
1724 5763 1822 5818 211
1869 5763 1934 5817 ad
1976 5762 2180 5818 Rodul-

2289 3296 2525 3352 ctionem
2558 3309 2683 3353 tunc
2706 3302 2982 3356 exstitisse
3006 3304 3343 3373 scripserint,
3392 3306 3569 3361 Roma:
3591 3305 3711 3361 enim
3737 3316 3801 3355 uo-

2287 3388 2432 3442 mine
2477 3390 2749 3461 plerique,
2805 3394 3044 3447 maxime
3090 3398 3359 3462 extranei,
3393 3398 3509 3452 loca
3537 3399 3680 3450 etiam
3706 3391 3799 3448 Urbi

2287 3476 2489 3543 vicina,
2522 3494 2642 3549 qua:
2668 3481 2951 3536 Bertoldus
3002 3482 3187 3537 Sancti
3227 3483 3375 3539 Petri
3424 3496 3570 3540 terra:
3596 3480 3800 3537 vocabulo

2287 3566 2571 3638 designare
2593 3571 2749 3637 solet,
2777 3575 3329 3643 comprehendebant.
3358 3578 3614 3633 Caeterum
3645 3569 3799 3629 Urbani

2292 3661 2511 3715 monitis
2542 3677 2649 3716 non
2689 3664 2870 3732 paruit
2914 3664 3206 3733 Robertus,
3237 3668 3412 3723 donec
3440 3684 3576 3723 anno
3610 3659 3801 3735 sequenti

2287 3768 2455 3807 causa
2484 3755 2551 3809 ad
2599 3756 2889 3811 concilium
2940 3757 3208 3813 Remense
3235 3761 3439 3828 delata,
3465 3763 3512 3815 ei
3551 3777 3577 3814 a
3605 3755 3803 3812 Patribus

2288 3842 2664 3898 denuntiatum
2695 3854 2797 3911 est,
2831 3856 2890 3900 ut
2916 3848 3020 3902 nisi
3054 3849 3182 3914 cito,
3216 3852 3511 3918 pontiﬁciis
3560 3865 3617 3904 ac
3643 3847 3803 3917 episeo-

2290 3949 2480 4002 porum
2537 3942 3054 3998 commonitionibus
3105 3944 3529 4015 obtemperaret,
3574 3952 3625 3999 et
3668 3937 3803 3993 ablata

2286 4029 2616 4096 restitueret,
2664 4032 2777 4101 ipse
2825 4033 2945 4088 diro
2998 4036 3357 4102 anathemati,
3401 4046 3507 4090 tota
3563 4046 3676 4087 vero
3718 4027 3803 4095 eius

2290 4128 2433 4177 ωτι-ει
2494 4122 2789 4180 interdicto
2849 4126 3225 4182 ecclesiastico
3277 4129 3644 4198 subjiceretur.
3696 4121 3804 4186 0"“S

2290 4208 2467 4265 minas
2500 4210 2589 4266 ille
2614 4215 2823 4276 veq'tus
2854 4214 3107 4270 Patribus
3137 4232 3201 4272 ac
3226 4217 3375 4273 clero
3392 4220 3547 4288 plene
3572 4209 3801 4271 satisfecit.

2286 4306 2347 4350 ut
2372 4314 2439 4353 ex
2461 4302 2577 4371 ejus
2600 4304 2814 4358 concilii
2848 4307 2983 4360 actis
3008 4307 3287 4374 discimus,
3318 4325 3441 4379 qua:
3489 4325 3517 4363 a
3562 4298 3801 4362 Sirmundo

2284 4403 2353 4443 ex
2398 4392 2585 4469 codice
2639 4393 2967 4451 Montis-Dei
3012 4398 3283 4468 descripta
3328 4399 3571 4454 Labheus
3615 4406 3739 4450 tomo
3771 4384 3801 4438 Χ

2285 4479 2645 4537 Conciliorum
2670 4484 2917 4540 inseruit.
3124 4525 3165 4553 ι

2411 4572 2542 4626 CIV.
2585 4572 2840 4628 Cervinus
2875 4576 2929 4630 in
2954 4578 3074 4631 sedc
3106 4578 3445 4634 Ambianensi
3474 4580 3713 4649 ﬁrmatur.

2352 4663 2432 4718 Ad
2456 4665 2833 4735 huncquoque
2863 4683 3061 4723 annum
3091 4674 3335 4726 revocari
3365 4672 3553 4728 debere
3574 4671 3803 4722 censemus

2284 4753 2524 4819 Corvini,
2553 4769 2619 4808 ex
2646 4758 2908 4812 monacho
2944 4759 3260 4829 Remigiauo
3280 4763 3489 4816 abbatis
3519 4746 3803 4813 Centulensis

2283 4843 2602 4898 electionem
2645 4845 2699 4898 in
2741 4846 3161 4903 Ambiancusem
3190 4851 3518 4920 episcopum,
3546 4848 3802 4932 quamcuut

2284 4935 2525 4989 nonnulli
2548 4938 2851 4992 convellere
2871 4950 3220 5007 conarentur,
3246 4942 3361 5011 ipse
3388 4942 3601 4996 Romam
3621 4948 3723 4988 cum
3742 4940 3801 4980 sm

2282 5028 2683 5097 metropolitani
2708 5018 2899 5086 litteris
2923 5034 3376 5089 commendatitiis
3403 5028 3678 5087 contendit,
3700 5032 3801 5074 caue

2282 5131 2397 5170 sam
2429 5131 2582 5170 suam
2630 5133 2810 5173 coram
2843 5122 3098 5190 pontiﬁce
3140 5122 3479 5177 defensurus.
3531 5119 3589 5171 Et
3630 5108 3798 5181 quidem

2283 5224 2403 5263 cum
2452 5218 2573 5277 Post
2616 5211 2751 5267 duos
2782 5228 2995 5269 menses
3041 5229 3201 5268 nemo
3249 5221 3528 5269 accusator
3588 5206 3797 5259 adversus

2282 5320 2405 5360 eum
2428 5303 2840 5372 comparuisset,
2868 5302 3107 5372 pontifex
3130 5304 3247 5373 ejus
3268 5303 3573 5357 electionem
3598 5298 3795 5356 compro-

2284 5397 2451 5461 bavit,
2484 5395 2625 5450 datis
2657 5410 2718 5450 ea
2757 5395 2822 5450 de
2852 5410 2910 5449 re
2939 5394 3137 5450 litteris
3180 5394 3245 5449 ad
3276 5393 3523 5464 populum
3559 5397 3609 5440 et
3634 5383 3795 5438 clerum

2282 5486 2720 5548 Ambianensem,
2759 5486 2952 5554 quibus
2981 5486 3060 5540 eis
3091 5487 3308 5541 mandat
3359 5496 3415 5540 ut
3446 5497 3561 5539 eum
3584 5490 3671 5549 pro
3699 5475 3798 5520 vero

2282 5586 2338 5630 et
2391 5575 2630 5645 legitimo
2659 5585 2874 5643 pastore
2910 5576 3194 5630 haberent.
3236 5577 3364 5632 Post
3412 5575 3614 5631 modum
3641 5565 3795 5653 iterm}!

2283 5678 2588 5731 accusatus,
2612 5667 2806 5721 iterum
2837 5668 2999 5722 etiam
3030 5667 3215 5722 Romm
3238 5676 3489 5739 purgatus
3509 5666 3659 5723 est,et
3679 5656 3795 5703 notis

2292 5761 2487 5816 litteris
2518 5775 2546 5814 a
2582 5760 2836 5830 pontiﬁce
2868 5760 3166 5831 impetratis
3206 5763 3257 5816 in
3291 5777 3384 5817 sua
3414 5757 3532 5815 sede
3556 5746 3793 5806 conﬁrma-
