3962 6312
175 350 247 407 93
1728 360 1755 415 V

1861 363 1902 414 1.
3369 366 3434 423 91

181 474 295 520 tus.
336 466 537 521 Primae
564 463 703 519 datas
741 472 865 519 sunt
908 480 1091 521 mense
1115 468 1416 533 Decembri,
1449 470 1542 524 sed
1571 485 1769 545 annum
1801 474 1845 528 Α
1871 486 2037 525 unum
2084 484 2113 525 e
2155 469 2279 525 filiis
2308 469 2418 524 suis
2469 469 2733 536 amisisse,
2762 470 2851 540 qui
2873 513 2886 537 ,
2914 471 2964 526 in
2996 471 3178 541 praelio
3203 475 3433 541 occisus,

178 576 290 613 non
339 558 677 630 exprimunt.
732 557 885 612 Haud
938 569 1116 613 tamen
1149 561 1398 615 videntur
1440 561 1579 617 ultra
1620 563 1763 619 hunc

175 666 389 705 annum
416 649 622 704 differri
649 663 826 718 posse.
849 648 963 702 Non
989 650 1134 704 enim
1158 652 1295 705 data}
1319 662 1599 709 suntanno
1625 654 1762 709 1095

173 747 443 793 exeunte.
475 737 610 791 Nam
638 738 739 792 hoc
762 738 876 807 ipso
896 754 1037 794 anno
1058 739 1320 795 Cervinus
1344 742 1453 811 jam
1486 743 1768 813 episcopus

173 830 509 900 subscripsit
563 830 769 884 chartae
826 845 924 900 pro
974 832 1204 888 ecclesia
1259 832 1444 889 Sancti
1506 835 1762 903 Acheoli;

177 923 288 977 imo
323 921 578 976 interfuit
606 920 837 977 concilio
880 921 1155 985 Remensi.
1180 926 1321 993 quod
1344 926 1395 979 in
1424 942 1585 981 causa
1610 927 1765 983 Atre-

174 1013 426 1067 batensis
457 1011 716 1067 Ecclesia:
743 1026 927 1067 mense
951 1012 1145 1069 Martio
1166 1016 1495 1071 celebratum
1516 1027 1618 1083 est,
1647 1033 1765 1088 qua:

179 1105 317 1160 ratio
363 1114 515 1159 vetat
546 1104 713 1158 etiam
745 1118 813 1158 ne
855 1105 923 1159 ad
967 1104 1128 1160 finem
1178 1107 1303 1161 anni
1335 1107 1473 1163 1092
1519 1110 1761 1164 revocari

180 1196 411 1267 possint.
442 1194 561 1249 Non
584 1194 729 1249 enim
756 1195 1048 1250 verisimile
1063 1206 1145 1251 est
1165 1195 1457 1252 Gervinum
1486 1200 1627 1253 intra
1656 1208 1762 1253 tam

184 1297 472 1358 angustum
517 1285 779 1355 temporis
820 1287 1053 1355 spatium
1084 1302 1207 1342 cum
1248 1288 1540 1358 pontiﬁciis
1566 1290 1762 1345 litteris

183 1382 269 1432 vix
298 1379 365 1432 ad
404 1378 590 1432 sedem
624 1392 780 1431 suam
835 1392 1143 1445 reversum,
1182 1393 1213 1433 a
1259 1379 1373 1434 suis
1401 1381 1750 1452 exagitatum,

186 1469 408 1524 concilio
433 1468 731 1522 Rhemensi
772 1468 1107 1534 interfuisse,
1138 1469 1317 1538 ibique
1342 1479 1650 1527 accusatum
1677 1472 1762 1526 Si-

188 1561 398 1626 monim,
442 1560 641 1613 iterum
674 1556 872 1613 adiisse
902 1542 1154 1626 Romam,
1186 1560 1275 1616 ubi
1308 1576 1427 1617 sese
1449 1561 1618 1616 altera
1644 1563 1759 1618 vice

190 1658 485 1721 purgassel.
520 1649 647 1703 Haec
694 1649 837 1702 enim
867 1651 1049 1705 omnia
1080 1650 1219 1704 intra
1262 1664 1353 1705 sex
1401 1665 1615 1706 menses
1642 1650 1757 1706 ﬁeri

194 1742 515 1805 debuissent,
547 1740 591 1793 si
620 1739 809 1808 primae
850 1738 1055 1795 Urbani
1098 1739 1290 1795 littera:
1318 1755 1503 1795 mense
1534 1741 1758 1795 Decem-

1873 559 2097 615 Veronae
2119 560 2362 627 sepultus
2389 560 2505 613 fuit.
2530 559 2600 614 At
2617 560 2735 630 ejus
2758 576 2950 615 nomen
2969 577 3072 615 non
3092 560 3274 629 refert,
3299 564 3439 617 sicut

1871 664 1974 704 nec
2004 650 2280 712 Domnizo,
2311 664 2375 702 ex
2416 664 2522 718 quo
2564 650 2676 703 haec
2705 659 2982 705 mutuatus
3023 660 3121 704 est.
3158 651 3255 706 Hic
3286 668 3435 718 vero,

1868 740 2006 796 libro
2059 756 2093 794 η
2130 739 2263 794 Vitte
2302 739 2594 804 Mathildis,
2647 755 2766 808 cap.
2815 740 2869 802 7,
2901 741 3144 810 pluribus
3184 743 3436 797 describit

1865 832 2005 887 bella
2042 848 2161 902 quae
2204 847 2300 901 per
2334 832 2435 887 hos
2463 846 2631 886 annos
2667 832 2808 887 inter
2834 832 3120 886 Henricum
3144 842 3197 887 et
3222 834 3437 888 Mathil-

1867 925 1987 978 dem
2016 932 2165 993 gesta
2200 932 2345 988 sunt,
2380 922 2717 991 multumque
2747 920 2929 977 laudat
2952 922 3212 978 Joannem
3243 940 3432 994 quem-

1865 1015 1990 1070 dam
2037 1014 2289 1069 abbatem
2335 1029 2431 1068 seu
2475 1014 2775 1079 eremitam,
2807 1014 2897 1082 qui
2942 1014 3241 1079 victoriam,
3276 1029 3435 1078 quam

1865 1104 2156 1159 comitissaz
2180 1103 2526 1174 przedixerat,
2572 1103 2620 1157 ei
2654 1103 2765 1159 suis
2791 1118 3118 1171 suorumque
3149 1105 3435 1159 monacho-

1864 1211 1981 1250 rum
2011 1195 2261 1265 precibus
2288 1208 2473 1248 mense
2502 1192 2721 1249 Octobri
2757 1209 2922 1264 prope
2952 1193 3239 1248 Canusium
3275 1194 3436 1246 dimi-

1863 1288 2003 1342 canti
2035 1287 2285 1341 obtinuit.
2308 1286 2387 1341 Eo
2409 1287 2461 1340 in
2489 1286 2677 1356 prarlio
2700 1286 2954 1340 vexillum
2977 1284 3191 1339 Henrici
3220 1294 3433 1354 captum

1863 1388 1945 1433 est
1991 1393 2020 1431 a
2064 1376 2336 1433 Matliildis
2386 1377 2666 1441 militibus,
2698 1378 2790 1447 qui
2822 1377 2952 1431 illud
3010 1377 3063 1431 in
3106 1376 3437 1432 monasterio

1863 1468 2050 1525 Sancti
2081 1467 2348 1538 Apollonii
2378 1468 2760 1536 deposuerunt.

2224 1559 2377 1615 CVII.
2425 1557 2626 1613 Urbani
2654 1576 2775 1630 pars
2800 1558 3063 1627 prwvalet.

1932 1652 2029 1706 Die
2056 1667 2153 1707 vm
2177 1651 2443 1707 Kalendas
2473 1651 2674 1720 Aprilis
2697 1651 2835 1720 apud
2860 1659 3098 1704 castrum
3122 1647 3435 1718 Montigium

1858 1744 2181 1799 versabatur
2204 1742 2494 1808 Henricus,
2523 1750 2582 1796 ut
2611 1757 2677 1796 ex
2704 1756 2809 1796 uno
2848 1740 2962 1807 ejus
2983 1739 3271 1809 diplomate
3295 1740 3436 1807 apud

196 1831 274 1885 bri
298 1840 540 1893 exeunte,
565 1841 620 1885 et
644 1830 893 1886 secunda:
928 1845 1113 1885 mense
1134 1829 1274 1885 Julia
1296 1831 1536 1899 sequenti
1575 1832 1755 1886 consi-
1792 1813 1832 1867 Β
1863 1834 2142 1903 Ughellum
2195 1842 2341 1889 tomo
2394 1834 2438 1888 ν
2494 1833 2659 1888 Italiae
2701 1848 2869 1889 sacrae
2920 1832 3089 1887 relato
3129 1840 3296 1901 patet,
3329 1847 3437 1901 quo

199 1933 435 1991 gnentur.
470 1920 664 1987 Quare,
698 1920 741 1974 si
768 1919 903 1974 bene
933 1919 1188 1988 conjicio,
1234 1920 1645 1976 convenientius
1674 1929 1757 1974 est

204 2012 411 2065 Cervini
436 2012 660 2080 primum
687 2011 790 2064 iter
820 2009 1124 2065 Romanum
1153 2011 1219 2064 ad
1248 2010 1406 2065 finem
1448 2011 1573 2064 anni
1619 2010 1750 2065 1091

217 2118 475 2165 revocare,
502 2103 786 2156 secundum
816 2103 882 2156 ad
910 2118 1110 2156 annum
1140 2102 1295 2167 I093,
1320 2110 1439 2173 post
1469 2102 1754 2157 concilium

219 2195 516 2256 Rhemense,
548 2203 706 2263 atque
727 2210 791 2249 eo
808 2196 967 2249 modo
989 2196 1077 2251 hic
1110 2196 1338 2250 antistes
1359 2203 1591 2250 exeunte
1615 2210 1755 2250 anno

209 2288 353 2351 1091,
386 2288 633 2357 vigesima
670 2288 882 2344 scilicet
916 2290 1004 2344 die
1035 2289 1366 2354 Decembris,
1408 2290 1643 2360 acceptis
1687 2291 1754 2346 ab

202 2378 401 2434 Urbano
451 2379 649 2433 litteris
697 2379 867 2434 Boma
899 2380 1197 2451 profectus,
1242 2381 1564 2436 Ambianum
1603 2380 1756 2437 initio

193 2467 448 2535 sequentis
491 2468 623 2521 anni
664 2468 916 2534 redierit,
948 2470 1036 2525 ubi
1068 2486 1188 2525 cum
1234 2470 1547 2539 aliquandiu
1579 2470 1756 2539 degis—

190 2558 509 2620 set,iterum
541 2558 847 2627 exagitatus
893 2568 999 2614 est.
1054 2558 1215 2616 Forte
1261 2560 1403 2628 quod
1430 2559 1752 2614 clericorum

190 2650 691 2704 concubinariorum
726 2650 1004 2719 pravitati,
1032 2660 1088 2704 ut
1116 2649 1366 2705 Urbanus
1395 2649 1567 2703 innuit
1590 2650 1641 2703 in
1670 2664 1756 2705 se-

186 2742 361 2795 cundis
390 2742 500 2795 illis
524 2741 740 2805 litteris,
774 2742 1184 2807 adversaretur;
1226 2749 1319 2795 aut
1356 2750 1502 2795 certe
1532 2741 1600 2796 ob
1638 2739 1755 2808 ejus

188 2832 322 2892 vitia.
354 2846 457 2885 non
512 2831 657 2885 enim
700 2830 840 2900 apud
888 2830 1171 2900 plerosque
1200 2830 1315 2901 ejus
1364 2830 1463 2884 aevi
1505 2839 1755 2886 auctores

184 2925 366 2992 optime
412 2924 617 2978 audiit.
653 2922 813 2979 Certe
879 2923 930 2977 in
983 2923 1212 2979 concilio
1258 2924 1553 2979 Rhemensi
1596 2924 1754 2979 initio

184 3014 295 3067 anni
329 3014 487 3079 1095,
524 3015 609 3068 cui
639 3029 761 3068 enm
790 3013 1101 3069 interfuisse
1125 3023 1357 3079 constat,
1390 3016 1645 3070 Simonize
1666 3031 1752 3071 ac-

183 3114 378 3158 cusatus
406 3114 504 3159 est
534 3123 547 3157 :
581 3120 750 3175 quare
777 3104 1002 3159 Romam
1034 3106 1183 3160 adire
1204 3107 1506 3171 constituit,
1531 3106 1620 3160 ubi
1650 3108 1752 3161 hac

183 3193 324 3246 etiam
347 3194 529 3249 altera
557 3194 675 3248 vice
705 3204 984 3264 purgatus,
1013 3193 1221 3249 litteras
1242 3211 1271 3248 a
1294 3195 1555 3249 Pontiﬁcc
1583 3196 1751 3264 impe-

186 3286 330 3337 travit
357 3287 523 3340 datas
548 3300 617 3338 xv
640 3284 913 3339 Kalendas
940 3287 1185 3356 Augusti,
1216 3301 1335 3355 quae
1365 3301 1463 3339 suo
1492 3285 1609 3340 loco
1633 3302 1756 3356 pro-

184 3374 423 3431 ferentur.
496 3375 625 3432 Haec
669 3376 1008 3445 conjicienda
1060 3378 1201 3432 dicta
1260 3379 1402 3441 sint,
1452 3378 1577 3432 dum
1635 3378 1755 3446 quis

182 3469 395 3522 certiora
455 3469 860 3537 deprehendat,
892 3483 998 3522 non
1041 3471 1185 3523 enim
1238 3466 1454 3524 difﬁcile
1500 3469 1605 3523 erit
1658 3469 1754 3526 has

181 3554 371 3612 litteras
393 3558 527 3612 aliis
555 3557 721 3612 etiam
755 3559 913 3613 annis
946 3558 1172 3627 illigare.

208 3646 305 3701 CV.
346 3647 606 3702 Urbanus
630 3658 779 3702 extra
811 3646 1001 3771 Urbegn
1044 3649 1234 3716 festum
1272 3647 1484 3703 Natalis
1508 3649 1718 3705 Domini

838 3735 894 3771 ce
917 3736 942 3771 e
981 3730 1079 3771 rat.

838 3730 1079 3771 celebrat.

242 3808 346 3865 Hoc
374 3819 570 3864 autem
619 3825 759 3864 anno
796 3810 863 3863 ad
895 3810 1054 3865 finem
1089 3820 1362 3881 vergente,
1396 3820 1451 3864 ut
1475 3802 1756 3866 Bertoldus

182 3902 374 3965 scribit,
431 3898 683 3970 pontifex
722 3901 777 3953 in
832 3911 1022 3953 terram
1071 3903 1240 3955 sancti
1285 3899 1431 3954 Petri
1479 3916 1750 3967 reversus,

182 4002 319 4043 extra
347 3992 552 4046 Urbem
580 3990 774 4045 festum
800 3990 1004 4044 Natalis
1031 3991 1238 4045 Domini
1270 3991 1586 4057 celebravit,
1611 3993 1754 4062 quod

183 4078 459 4136 Gnibertus
506 4098 665 4150 prope
707 4081 959 4135 Sanctum
991 4080 1205 4136 Petrum
1244 4084 1602 4139 incastellatus
1634 4086 1754 4140 inde

183 4173 357 4240 absque
379 4174 661 4242 sanguinis
691 4172 962 4242 effusione,
1003 4176 1143 4242 quod
1174 4175 1561 4246 pius-pontifex
1585 4177 1755 4231 maxi-

184 4279 257 4315 me,
275 4266 629 4330 abhorrebat,
655 4264 775 4333 pelli
799 4280 902 4318 non
929 4266 1207 4333 potuisset.
1234 4266 1499 4322 Henricus
1521 4267 1751 4333 interea,

182 4355 334 4408 nihilo
361 4358 554 4410 mitior
583 4356 754 4411 factus
781 4357 832 4410 in
863 4356 1258 4426 Lungohardia,
1285 4358 1371 4412 ubi
1398 4357 1513 4425 jam
1543 4374 1573 4412 a
1602 4359 1755 4414 bien-

182 4446 260 4497 nio
285 4447 757 4511 commorabatur,
803 4447 1070 4515 sqsdeque
1115 4449 1298 4502 omnia
1332 4450 1596 4513 vertebat,
1653 4466 1752 4506 nec
1786 4488 1830 4546 D
1858 4478 2035 4533 cvm.
2080 4477 2270 4531 Em.”

183 4536 323 4603 locis,
353 4556 450 4596 nec
485 4541 734 4609 personis
764 4556 1021 4610 parcens,
1052 4552 1108 4595 ut
1144 4541 1498 4611 Welphouem
1522 4543 1749 4614 ejusque

184 4635 448 4705 conjugem
476 4636 790 4691 Mathildem
817 4636 885 4689 ab
907 4636 1109 4692 Urbani
1147 4639 1408 4708 obsequio
1432 4639 1753 4696 dimoveret.

186 4722 279 4775 Sed
312 4726 513 4780 frustra
542 4743 554 4779 :
587 4741 819 4793 cumque
868 4725 1067 4779 bellum
1114 4727 1283 4795 magis
1302 4741 1365 4781 ac
1402 4728 1572 4797 magis
1600 4742 1757 4782 exar-

188 4819 439 4885 desccret,
466 4819 747 4890 impedivit
776 4819 1005 4888 Welpho
1046 4829 1223 4889 pater,
1255 4823 1346 4890 qui
1375 4821 1481 4875 dux
1513 4830 1631 4876 erat
1657 4822 1757 4877 Ba-

190 4925 451 4978 t'at'orum,
505 4929 573 4968 ne
624 4913 889 4968 Henricus
941 4930 1062 4968 cum
1115 4930 1238 4984 rege
1281 4914 1656 4984 Ilungarorum
1689 4916 1757 4974 ad

188 5003 515 5072 colloquium,
532 5007 674 5075 quod
696 5008 965 5061 communi
986 5007 1212 5061 consilio
1229 5008 1559 5075 indixerant,
1575 5019 1758 5078 posset

189 5098 448 5152 accedere.

267 5186 393 5241 CVI.
438 5189 710 5244 Mat/tildis
744 5193 959 5244 victoria
1003 5192 1057 5244 in
1086 5192 1449 5260 imperatorem
1476 5193 1660 5246 relata.

251 5275 521 5332 Couradus
552 5290 680 5333 tunc
713 5281 1004 5348 temporis,
1054 5280 1103 5332 id
1139 5290 1223 5333 est
1256 5280 1379 5332 anni
1414 5280 1548 5334 1092
1579 5280 1750 5342 initio,

194 5374 298 5414 cum
330 5364 555 5419 Henrico
589 5379 742 5435 patre
782 5385 880 5421 suo
912 5370 962 5421 in
1004 5369 1374 5438 Longobardia
1414 5368 1751 5434 versabatur,

194 5465 248 5503 eo
275 5467 496 5524 uterque
526 5458 784 5523 intentus,
826 5470 884 5513 ut
915 5458 1228 5513 Adheleidis
1250 5458 1539 5513 comitissac
1564 5459 1755 5512 Tauri-

198 5549 360 5602 ucnsis
389 5552 650 5605 defunctae
680 5551 816 5605 bona
862 5552 1196 5615 invaderent,
1224 5566 1344 5619 quae
1371 5550 1630 5603 Friderici
1662 5564 1755 5603 co-

198 5636 335 5711 mitis
353 5640 459 5692 lilio
487 5642 834 5698 debebantur.
862 5642 1062 5697 Nar-rat
1093 5642 1343 5712 Sigoziius
1370 5641 1753 5710 imperatorem

204 5723 286 5776 hoc
322 5744 459 5785 anno
495 5733 656 5787 multa
708 5735 820 5791 loca
869 5736 1098 5804 trajectu
1133 5735 1279 5788 Pado
1316 5749 1625 5800 occupasse,
1659 5734 1751 5787 sed

1859 1923 2021 1977 Petro
2062 1922 2314 1991 episcopo
2341 1921 2593 1977 Comensi
2633 1921 2982 1974 Berinzonam
3017 1920 3179 1975 donat
3208 1922 3271 1973 ob
3311 1920 3436 1987 ﬁdei

1857 2030 1969 2069 sua:
2020 2013 2369 2083 integritatem
2423 2023 2472 2067 et
2521 2014 2802 2083 puritatem
2853 2014 3069 2077 servitii,
3120 2012 3250 2067 nihil
3287 2012 3433 2071 enim

1857 2105 2121 2160 Henricus
2150 2105 2433 2159 omittebat
2491 2114 2551 2158 ut
2596 2104 2877 2174 episcopos
2924 2112 2978 2159 et
3007 2103 3140 2158 alios
3182 2118 3435 2171 proceres

1858 2196 1971 2252 suis
2025 2196 2270 2266 partibus
2324 2204 2610 2250 assereret.
2660 2194 2774 2249 Hoc
2824 2202 3002 2249 tamen
3039 2193 3330 2249 Comenses
3368 2194 3434 2249 ab

1858 2286 2102 2357 eligendo
2124 2284 2227 2339 sibi
2253 2284 2520 2339 catholico
2541 2285 2796 2354 episcopo
2825 2283 3093 2338 revocavit
3127 2300 3141 2337 :
3167 2282 3293 2337 hinc
3313 2297 3432 2337 cum

1857 2375 2020 2430 Petro
2050 2374 2349 2429 Guidonem
2400 2374 2835 2440 substituissent,
2884 2372 3102 2429 Urbano
3133 2372 3439 2427 addictissi-

1857 2479 2026 2528 mum,
2057 2463 2203 2533 passi
2246 2478 2351 2518 non
2391 2472 2516 2519 sunt
2548 2473 2608 2518 ut
2638 2462 2987 2529 Landericus,
3014 2477 3172 2533 quem
3205 2462 3442 2531 impera-

1858 2564 1944 2609 tor
1963 2556 2241 2610 intrudere
2264 2556 2586 2621 conabatur,
2614 2555 2870 2611 Ecclesiae
2892 2571 3003 2610 suae
3024 2555 3273 2610 thronum
3300 2556 3441 2609 oliti-

1858 2658 2029 2703 neret.
2058 2648 2124 2702 Et
2147 2648 2361 2716 quidem
2387 2649 2432 2703 si
2458 2663 2551 2704 eos
2570 2649 2831 2719 excipias,
2860 2648 2953 2718 qui
2986 2648 3293 2703 Simoniaca
3321 2647 3440 2704 labe

1857 2746 1950 2791 aut
1986 2736 2373 2792 Nicolaitarum
2402 2736 2592 2791 hceresi
2630 2737 2984 2791 contaminati
3020 2746 3200 2802 erant,
3231 2752 3438 2807 paucos

1858 2828 2098 2883 invenies
2130 2828 2221 2898 qui
2280 2826 2513 2884 Henrico
2548 2828 2876 2883 adliaeserint
2918 2845 2930 2881 :
2982 2842 3104 2882 cum
3134 2830 3439 2884 econtrario

1856 2938 1923 2977 ex
1945 2922 2210 2977 universis
2250 2936 2389 2991 pene
2418 2921 2569 2976 orbis
2597 2920 2892 2977 Christiani
2922 2920 3170 2989 partibus
3202 2922 3436 2990 episcopi

1857 3022 1912 3069 et
1934 3012 2351 3083 archiepiscopi,
2392 3012 2555 3068 etiam
2585 3014 2977 3083 praecipuarum
3005 3013 3235 3076 sedium,
3277 3012 3438 3066 simul

1855 3118 1979 3157 cum
2012 3102 2296 3157 abbatibus
2343 3112 2399 3157 et
2446 3102 2565 3157 aliis
2620 3103 2860 3156 omnium
2908 3102 3159 3156 ordinum
3195 3099 3440 3155 fidelibus

1858 3194 2181 3250 Christianis
2239 3194 2307 3248 ad
2360 3192 2668 3258 Urbanum,
2724 3203 2981 3264 tanquam
3041 3193 3107 3247 ad
3162 3193 3438 3262 proprium

1856 3292 2153 3355 pastorem,
2206 3292 2263 3339 et
2297 3282 2596 3354 legitimum
2636 3298 3009 3339 successorem
3041 3282 3187 3338 Petri
3244 3297 3440 3337 conve-

1857 3377 2061 3430 nirent.
2090 3375 2243 3430 Tunc
2266 3375 2355 3443 qui
2388 3375 2441 3429 in
2471 3373 2789 3429 Alemannia
2814 3362 3031 3429 Urbano
3068 3372 3437 3435 adhaarebant,

1855 3464 2203 3520 Bertboldum
2246 3462 2552 3518 Gebehardi
2586 3446 2837 3531 episcopi
2871 3461 3300 3516 Constantieusis
3328 3458 3439 3513 fra-

1857 3563 2016 3620 trem,
2033 3554 2224 3610 ducem
2242 3554 2459 3609 nomine
2483 3561 2641 3607 tenus
2668 3561 2826 3607 antea
2859 3550 3206 3621 appellatum,
3227 3548 3439 3605 Saevire

1856 3645 2046 3699 ducem
2100 3643 2341 3698 unanimi
2372 3642 2617 3697 omnium
2667 3657 2890 3697 assensu
2922 3640 3337 3704 constituerunt,
3369 3640 3438 3692 ad

1854 3733 2228 3802 defensionem,
2256 3733 2433 3803 inquit
2471 3732 2780 3797 Bertoldus,
2803 3741 2998 3786 sancta:
3023 3731 3206 3785 matris
3252 3729 3438 3786 Erebo

1854 3824 1947 3877 sia:
1980 3832 2162 3877 contra
2196 3824 2554 3878 schismaticos
2584 3839 2601 3875 :
2632 3823 2856 3878 Thiemo
2874 3837 3023 3888 vero,
3055 3838 3175 3887 seu,
3210 3830 3271 3876 ut
3313 3836 3435 3877 eum

1856 3914 2092 3985 appellat
2119 3915 2436 3979 Bertoldus,
2481 3915 2661 3980 Dimo,
2697 3915 3129 3985 Salisburgcnsis
3160 3923 3436 3983 metropo-

1855 4007 2053 4061 Iitauus
2083 4022 2205 4061 cum
2230 4006 2497 4076 episcopis
2531 4005 2929 4060 Constantiensi
2962 4013 3015 4058 et
3036 4002 3435 4058 Wormaciensi

1858 4098 2169 4154 Udalricum
2223 4099 2274 4151 in
2329 4097 2704 4152 Pataviensem
2736 4096 3047 4166 episcOpum
3090 4097 3434 4149 consecravit

1857 4190 1942 4244 die
1975 4189 2093 4257 ipso
2123 4189 2499 4253 Pentecostes,
2526 4203 2645 4257 qute
2696 4202 2785 4242 res
2811 4185 3073 4256 Bajoariaz
3110 4185 3438 4247 Catholieos,

1856 4288 1916 4332 ut
1940 4281 2122 4334 subdit
2153 4280 2292 4333 idem
2321 4289 2530 4343 auctor,
2560 4279 2612 4332 in
2638 4278 2779 4334 sedis
2806 4276 3112 4346 apostolicae
3134 4275 3439 4330 obedientia

1855 4372 2145 4441 plurimum
2177 4372 2536 4426 continuavit.

2315 4494 2408 4531 rea:
2438 4477 2705 4531 Danorttm
2732 4478 2932 4531 Urbani
2975 4495 3121 4545 opem
3166 4476 3437 4547 implorat.

2212 4548 2503 4602 Lnndensis
2532 4549 2829 4615 metropolis
2851 4552 3062 4601 erectio.

1928 4638 2122 4694 Iisdem
2150 4639 2314 4693 etiam
2339 4637 2691 4707 temporibus,
2716 4638 2857 4706 quod
2883 4639 3077 4690 mirum
3106 4647 3189 4691 est
3214 4637 3263 4689 in
3292 4644 3438 4690 tanta

1860 4731 2115 4786 Ecclesia:
2144 4730 2402 4784 Romanae
2443 4730 2851 4799 perturbatione
2905 4728 3214 4795 contigisse,
3251 4727 3440 4781 Ericus

1860 4824 2132 4878 Danorum
2159 4839 2253 4876 rex
2282 4824 2348 4875 ab
2371 4821 2861 4889 Hammaburgensi
2894 4820 3321 4887 archiepiscopo,
3346 4821 3435 4887 qui

1859 4913 2074 4968 Henrici
2130 4922 2310 4982 partes
2340 4912 2669 4975 sectabatur,
2713 4910 3022 4980 exagitatus
3060 4912 3126 4962 ad
3160 4910 3437 4964 Urbanum

1860 5006 2026 5069 venit,
2056 5013 2191 5059 utse
2225 5020 2489 5073 suumque
2520 5018 2744 5072 regnum
2776 5011 2964 5055 contra
2997 4999 3156 5066 hujus
3182 5001 3440 5053 antistitis

1858 5106 2083 5151 conatus
2113 5096 2409 5167 apostolico
2459 5095 2708 5164 praesidio
2748 5101 3035 5147 tutaretur.
3068 5093 3199 5148 Rem
3256 5100 3440 5145 narrat

1859 5189 2004 5243 Saxo
2048 5189 2470 5251 Grammaticus,
2504 5188 2641 5240 libro
2691 5202 2765 5239 xtl
2801 5186 3050 5241 Ilistorim
3090 5186 3324 5247 Danicae,
3352 5186 3438 5237 his

1856 5278 2037 5333 verbis
2070 5297 2081 5331 :
2118 5276 2280 5331 Forte
2306 5276 2675 5343 Amburgensis
2708 5277 2920 5329 antistes
2957 5276 3017 5329 ob
3044 5292 3225 5327 manes
3264 5285 3310 5327 et
3336 5274 3435 5341 fut-

1857 5386 1944 5423 δας
1966 5370 2287 5437 suspiciones
2318 5367 2534 5420 Ericum
2570 5367 2923 5419 exsecratione
2962 5366 3289 5419 multandum
3318 5382 3439 5418 cen-

1856 5470 2054 5522 suerat,
2083 5462 2218 5529 quod
2248 5460 2436 5512 veritus
2468 5474 2558 5512 rex
2595 5459 2940 5527 appellatione
2972 5458 3275 5511 sententiam
3308 5474 3435 5523 prir-

1856 5554 2106 5615 cucurrit,
2152 5551 2471 5611 Romamque
2493 5566 2519 5602 e
2545 5551 2753 5619 vestigio
2780 5551 2991 5617 petivit;
3024 5548 3111 5600 ubi
3131 5564 3304 5600 C(tttStL‘
3327 5564 3437 5599 sum

1855 5642 2095 5695 examine
2133 5641 2431 5709 diligentius
2501 5640 2698 5703 habito,
2744 5638 3004 5707 pontiﬁcis
3049 5638 3435 5689 accusationem

1851 5744 2087 5806 potenter
2111 5732 2293 5803 repulit
2312 5751 2327 5795 ,'
2346 5734 2644 5804 cunctisque
2665 5730 2981 5800 defensionis
2999 5729 3235 5797 partibus
3261 5738 3436 5780 actore
