3962 6312
570 363 642 421 95
1847 372 1907 426 B.
1952 370 2150 428 CRBA}

2250 371 2283 426 Il
2325 373 2522 429 ΡΑΡᾹΞ
3743 389 3795 443 9b

569 481 814 548 superior
857 481 1031 536 rediit.
1059 475 1166 537 Nec
1195 484 1327 538 satis
1358 484 1460 538 fuit
1487 485 1646 540 Erico
1676 487 2143 556 archiepiscopum
2174 489 2219 544 A
2251 484 2460 539 Domini
2485 486 2649 540 nostri
2676 485 2805 541 Iesu
2837 485 3033 542 Christi
3064 489 3193 545 1091
3231 490 3526 547 indictione
3546 508 3632 559 xv,
3654 485 3797 554 sacro-

573 575 627 628 in
647 573 854 644 judicio
897 588 1204 643 superasse,
1243 576 1348 629 nisi
1379 577 1542 631 etiam
1586 592 1644 633 se
1689 593 1752 632 ac
1774 593 1900 662 sua:
1932 577 2148 632 ditionis

571 662 797 734 populos
823 664 890 718 ab
918 664 1033 734 ejus
1058 665 1441 734 jurisdictione
1476 666 1756 731 liberaret,
1790 669 1931 736 quod
1959 674 2146 736 postea

572 758 624 810 in
653 757 821 811 altero
852 757 1096 811 Romano
1143 759 1337 813 itinere
1368 759 1700 828 impetravit.
1747 759 1863 815 Iluc
1895 759 2030 815 forte
2062 774 2148 813 se-

569 848 744 901 cundo
773 848 1025 911 acceSsit,
1057 850 1199 917 quod
1251 849 1765 921 lIammaburgensis
1795 852 2022 907 antistes
2053 853 2150 909 Ur-

571 939 715 1003 bani,
746 939 832 992 cui
873 953 978 992 non
1024 940 1267 1008 parebat,
1317 940 1597 995 sententiae
1631 941 2003 1011 obtemperare
2053 960 2151 999 no-

569 1029 777 1083 luisset.
796 1030 989 1084 Erecta
1016 1040 1193 1084 autem
1225 1033 1274 1085 in
1298 1048 1493 1087 novatn
1523 1033 2145 1104 metropolimLundensi

568 1119 724 1182 urbe,
754 1120 1005 1189 deinceps
1037 1136 1141 1175 non
1183 1120 1350 1175 Dania
1382 1122 1580 1184 solum,
1619 1123 1711 1177 sed
1759 1123 1923 1177 etiam
1953 1123 2147 1180 Suecia

568 1220 624 1265 et
652 1210 941 1282 Norvegia,
976 1222 1100 1267 ante
1126 1223 1340 1269 creatos
1367 1215 1435 1269 ab
1475 1215 1714 1285 Eugenio
1746 1216 1806 1270 III
1836 1215 2070 1286 Upsalize
2095 1227 2151 1274 et

570 1302 832 1358 Nidrosiaa
872 1307 1333 1376 archiepiscopos,
1363 1309 1410 1362 ei
1444 1307 1700 1376 subjecta:
1728 1307 1968 1376 fuerunt,
1989 1320 2150 1380 atque

571 1395 706 1448 adeo
755 1394 1330 1468 Ilammabnrgensium
1365 1400 1667 1454 antistitum
1706 1401 2001 1456 auctoritas
2047 1403 2150 1457 hac

571 1485 857 1540 occasione
901 1487 1125 1541 multum
1155 1489 1436 1542 imminuta
1465 1489 1586 1545 fuit.
1618 1490 1752 1544 Erat
1781 1497 1930 1556 tunc,
1979 1499 2039 1545 ut
2081 1507 2150 1547 ex

575 1578 762 1630 eodem
793 1577 1163 1633 Grammatice
1209 1580 1531 1651 colligimus,
1583 1581 1812 1637 Ascerus
1849 1582 2151 1638 Lundensis

573 1665 801 1720 antistes
829 1667 946 1735 qui,
980 1667 1140 1736 paulo
1172 1677 1460 1737 antequam
1486 1669 1676 1724 Ericus
1704 1671 1931 1724 Romam
1976 1671 2152 1741 primo

585 1756 1042 1825 proﬁcisceretur,
1074 1757 1244 1828 Egino
1274 1769 1630 1814 successerat.

880 1848 1013 1903 CIX.
1059 1849 1360 1919 Metropolis
1388 1848 1604 1906 Pisante
1636 1854 1841 1907 erectio.

645 1937 848 1992 Novam
873 1954 1087 2008 quoque
1117 1940 1218 1994 hoc
1242 1941 1361 2010 ipso
1384 1956 1527 1996 anno
1549 1943 1889 2014 metropolim
1922 1944 1972 1998 in
2000 1945 2151 2000 Italia

572 2029 831 2082 excitavit
864 2028 1148 2096 Urbanus,
1197 2030 1448 2086 Pisanam
1499 2033 1728 2100 scilicet,
1782 2035 1868 2089 cui
1923 2034 2154 2092 Corticae

574 2120 763 2174 insulae
789 2121 1073 2190 episcopos
1101 2130 1255 2175 antea
1289 2123 1492 2192 absque
1527 2124 1706 2178 medio
1737 2124 2009 2195 subjectos
2038 2126 2150 2180 Ilo-

577 2227 737 2266 mano
783 2213 1048 2280 pontilici,
1091 2212 1457 2285 sull‘raganeos
1487 2216 1812 2284 assignavit;
1858 2233 1980 2271 cum
2010 2233 2154 2272 anno

574 2302 894 2370 prmecdenti
925 2304 1162 2372 ejusdem
1201 2305 1388 2360 insula:
1416 2306 1778 2362 Ecclesiarum
1816 2324 2001 2364 curam
2029 2310 2156 2365 Dai-

576 2393 731 2446 berto
758 2392 955 2448 Pisano
985 2394 1236 2464 episcopo
1259 2395 1371 2463 jam
1413 2397 1818 2454 demandasset.
1849 2398 1906 2455 Id
1936 2415 2062 2455 vero
2088 2416 2147 2457 se

577 2482 773 2538 fecisse
802 2484 1039 2539 declarat
1062 2486 1302 2554 pontifex
1333 2503 1456 2542 cum
1499 2489 1628 2544 cleri
1657 2489 1740 2544 sui
1782 2504 2049 2547 consensu
2084 2491 2153 2546 ad

578 2574 850 2630 Mathildis
885 2577 1174 2632 comitissre
1202 2579 1540 2647 petitibnem,
1572 2581 1930 2651 potissimum,
1957 2591 2155 2653 przcter

575 2666 711 2720 alias
759 2667 1012 2730 rationes,
1055 2669 1124 2722 ob
1174 2669 1431 2738 praeclara
1481 2671 1826 2738 Pisanorum,
1869 2689 1932 2728 ac
1964 2689 2150 2729 eorum

573 2757 809 2825 episcopi
854 2757 1112 2824 Daiberti,
1147 2760 1231 2814 cui
1283 2761 1426 2830 pallii
1495 2762 1754 2819 honorem
1783 2766 2052 2830 concedit,
2099 2767 2150 2820 in

574 2849 755 2901 sedem
787 2850 1136 2919 apostolicam
1180 2853 1397 2918 merita;
1440 2853 1581 2924 quod
1615 2869 1807 2926 nempe
1851 2872 2068 2927 semper
2096 2865 2152 2912 et

579 2939 794 3009 ubique,
826 2941 991 2995 etiam
1021 2943 1162 2997 inter
1195 2944 1398 3000 medias
1421 2948 1854 3014 persecutionum
1892 2959 1947 3004 et
1984 2949 2152 3004 bello-

576 3047 693 3083 rum
728 3041 1097 3100 tempestates.
1128 3033 1384 3087 Ecclesia:
1415 3034 1673 3091 Romana:
1707 3037 1890 3093 ﬁdeles
1915 3039 2150 3094 exstitis~

575 3131 713 3175 sent.
752 3123 904 3178 Bulla
934 3125 1227 3180 crcctionis
1248 3129 1386 3195 apud
1427 3126 1707 3196 Ughellum
1733 3131 1858 3184 data
1896 3139 1980 3186 est
2009 3130 2150 3184 Ana-

575 3212 711 3280 gniae
738 3213 840 3268 hoc
868 3227 1009 3266 anno
1037 3231 1070 3267 χ
1101 3215 1188 3269 die
1217 3215 1483 3272 Kalendas
1515 3217 1657 3272 Maii.
1685 3215 1856 3290 Hujus
1883 3229 2149 3291 metropo-

577 3305 643 3358 lis
665 3305 994 3359 ercctionem
1023 3321 1167 3375 aegre
1216 3307 1454 3363 tulerunt
1478 3309 1774 3366 Januenses
1800 3313 1942 3382 quod
1971 3311 2156 3368 Corsi-

571 3409 736 3453 canos
761 3398 1042 3467 episcopos
1087 3399 1286 3473 Pisapo
1314 3398 1541 3457 antistiti
1590 3403 1861 3472 subjectos
1890 3421 2009 3462 esse
2043 3407 2155 3463 nol-

574 3488 706 3540 lent.
739 3487 810 3544 At
848 3489 974 3544 licet
1014 3493 1258 3546 nonnihil
1298 3490 1578 3550 immutata
1616 3496 1686 3551 sit
1735 3497 1850 3552 hcce
1898 3498 2157 3571 suffraga-

579 3593 802 3633 neorum
835 3578 1135 3650 dispositio,
1185 3584 1337 3640 stetit
1383 3594 1559 3642 tamen
1613 3587 1989 3646 inconcussum
2019 3590 2155 3646 Pisae

581 3671 944 3740 privilegium.

650 3760 762 3815 CX.
805 3761 1143 3830 Privilegium
1188 3764 1244 3818 S.
1275 3763 1481 3833 Sophia:
1510 3767 1891 3826 Beneventinaz.
1925 3772 2084 3826 Aliud

1005 3835 1376 3888 monachorum
1413 3835 1718 3894 Sileaniaci.

651 3921 769 3976 Jam
823 3924 890 3980 ab
952 3925 1105 3980 initio
1178 3928 1379 3982 mensis
1436 3931 1788 3998 praecedentis
1837 3935 2156 3989 versabatur

578 4015 837 4082 Anagnia:
889 4014 1168 4078 Urbanus,
1208 4017 1284 4070 uti
1351 4025 1512 4088 patet‘
1556 4037 1622 4076 ex
1672 4023 1954 4094 privilegio
2010 4027 2151 4096 quod

579 4105 751 4172 pridie
781 4106 833 4159 in
857 4121 918 4160 ea
948 4109 1100 4173 urbe,
1135 4109 1254 4163 ldus
1280 4109 1454 4165 Martii
1478 4115 1744 4169 concessit
1769 4115 2028 4171 Madelmo
2055 4118 2151 4173 ab-

577 4195 688 4251 bati
729 4199 1038 4252 monasterii
1081 4198 1294 4256 Sanctae
1322 4200 1537 4271 Sophia:
1569 4204 1711 4274 apud
1758 4205 2149 4262 Beneventum.

650 4284 833 4342 Mense
877 4290 1046 4361 Aprili
1097 4292 1295 4348 ibidem
1343 4294 1486 4348 aliud
1535 4298 1878 4370 privilegium
1925 4301 2150 4358 indulsit

580 4382 862 4435 monachis
907 4388 1285 4442 seuoeremitis
1313 4389 1635 4458 quihusdam
1665 4394 1756 4463 qui
1790 4404 1916 4450 ante
1947 4412 2150 4466 paucos

577 4487 772 4536 annos,
802 4475 940 4542 apud
972 4475 1334 4533 Silvaniaeum
1369 4479 1546 4536 locum
1581 4485 1880 4552 desertum,
1918 4487 1970 4540 in
2003 4488 2150 4543 Bitu-
2183 4514 2227 4568 ι)

580 4561 753 4630 rignm
785 4562 998 4629 ﬁnibus,
1045 4570 1431 4624 monasterium
1489 4582 1803 4630 construere
1850 4587 2145 4646 coeperant.

578 4649 695 4705 Duo
731 4669 793 4706 ex
844 4655 949 4709 illis
1010 4658 1077 4710 ad
1137 4659 1446 4727 pontiﬁcem
1507 4674 1853 4718 accesserant
1909 4667 2150 4724 tuitionis

577 4739 786 4799 litteras
821 4746 888 4798 ab
915 4763 979 4800 eo
1007 4748 1370 4817 impetraturi,
1406 4751 1502 4806 sed
1531 4768 1623 4807 eas
1659 4755 1869 4808 nonnisi
1910 4756 2148 4825 interpo-

579 4829 680 4883 sita
710 4837 1018 4893 conditione
1050 4839 1273 4893 indulsit
1313 4841 1552 4910 prudens
1580 4843 1844 4911 pontifex,
1883 4847 2023 4914 quod
2053 4861 2150 4902 nec

583 4922 780 4990 laetnn,
809 4943 906 4982 nec
935 4931 1378 4986 monachos-illos
1408 4914 1573 5001 probe
1600 4933 1857 4988 novisset.
1887 4934 1994 4989 llas
2021 4953 2150 4992 vero

579 5011 787 5068 litteras
819 5015 936 5071 idco
974 5023 1040 5074 ad
1087 5022 1232 5075 hunc
1283 5037 1512 5085 annum,
1564 5021 1689 5076 licet
1737 5023 1787 5076 in
1838 5026 2150 5096 apograpbo

581 5107 975 5170 prarcedentem
1025 5113 1337 5175 exhibeant,
1393 5111 1705 5179 referimus,
1737 5129 1844 5167 non
1874 5115 2048 5169 solum
2081 5116 2150 5171 ob

582 5195 930 5250 iudictionem
975 5215 1042 5252 xv
1090 5202 1159 5254 ibi
1210 5211 1547 5266 annotatam,
1605 5209 1660 5256 et
1708 5203 1850 5272 quod
1897 5204 2151 5273 Anagnia!

582 5284 721 5338 datm
749 5287 880 5352 sint,
912 5304 969 5341 nt
999 5289 1130 5344 Idus
1157 5293 1371 5355 Aprilis,
1414 5293 1504 5346 ubi
1540 5301 1666 5348 tunc
1699 5293 1947 5348 Urbanus
1970 5310 2151 5350 versa-

583 5379 769 5440 batur;
802 5379 895 5432 sed
923 5381 1084 5434 etiam
1112 5382 1251 5450 quod
1279 5393 1431 5438 vetus
1465 5384 1884 5438 instrumentum
1909 5385 2149 5456 ejusdem

582 5468 684 5522 loci
747 5471 799 5524 in
848 5487 955 5542 quo
1000 5473 1161 5527 iidem
1219 5475 1439 5543 omnino
1499 5477 1854 5532 characteres
1905 5479 2148 5533 chronici

581 5562 868 5631 leguntur,
923 5567 1137 5621 dicatur
1190 5568 1450 5637 scriptum
1504 5585 1647 5624 anno
1695 5570 1983 5634 bissextili,
2034 5585 2152 5638 quae

584 5664 708 5708 nota
737 5657 859 5711 huic
891 5673 1034 5712 anno
1070 5659 1204 5713 l09'2
1249 5677 1351 5713 non
1382 5675 1510 5715 vero
1544 5663 1894 5730 praecedenti,
1930 5679 2150 5730 compc-

583 5756 694 5800 ttrc
714 5755 908 5815 potest.
943 5747 1031 5801 Sic
1063 5758 1238 5803 autem
1269 5749 1433 5804 habet
1459 5769 1470 5804 :
1506 5752 1654 5805 Anno
1685 5752 1747 5803 ab
1777 5751 2150 5806 Incarnatione

2247 585 2443 628 sanctte
2481 573 2736 629 Romam:
2782 575 3031 631 Ecclesia:
3065 596 3205 648 papa
3255 578 3500 644 Urbano,
3532 585 3623 637 sub
3656 603 3798 654 perte.

2247 663 2454 716 cutione
2501 661 2722 717 Henrici
2775 667 3017 734 tyranni,
3069 665 3325 738 Philippo
3373 671 3432 722 in
3484 667 3704 728 Francia
3737 693 3798 731 rc-

2247 764 2458 822 gnante,
2501 755 2726 809 bisscxto
2774 753 3046 811 Kalendas
3095 756 3326 824 Martii,
3392 776 3491 828 eqo
3523 759 3800 832 Ragnandu

2249 860 2509 913 paganus,
2542 852 2651 899 etc.
2685 844 2952 901 Nonnulla
2994 847 3212 903 confert
3271 849 3510 903 Andreae
3536 854 3689 919 priori
3714 871 3800 908 mo-

2250 935 2536 988 nachorum
2583 935 2868 991 Siluaniaci
2896 939 3039 1008 infra
3067 940 3248 994 lucum
3276 957 3445 994 suum
3466 944 3604 1011 quod
3629 957 3802 998 rocatur

2248 1024 2624 1079 Corniliacum.
2681 1025 2732 1082 Is
2779 1027 2896 1097 ipse
2945 1037 3030 1083 est
3077 1030 3342 1086 Andreas
3379 1029 3576 1085 Sancti
3620 1030 3803 1090 Joannis

2249 1114 2530 1172 Gualberti
2564 1117 3164 1176 Wallumbrosanorum
3197 1122 3613 1177 monachorum
3648 1139 3804 1194 paren-

2250 1208 2320 1262 tis
2367 1208 2684 1279 discipulus,
2733 1210 2826 1280 qui
2877 1211 2930 1266 in
2975 1211 3270 1268 Franciam
3307 1229 3341 1267 a
3371 1214 3582 1269 comite
3610 1216 3807 1284 quodam

2248 1297 2615 1364 Cabilonensi,
2640 1305 2702 1353 ut
2721 1299 2896 1366 aiunt,
2931 1300 3216 1367 adductus,
3247 1301 3326 1355 ibi
3354 1302 3596 1371 primum
3625 1303 3804 1368 insedit,

2249 1405 2315 1446 ac
2347 1398 2534 1460 postea
2569 1389 2781 1446 Casalis
2811 1390 3088 1448 Benedicti
3123 1392 3369 1447 celebris
3398 1393 3544 1463 apud
3577 1392 3806 1462 Bituriges

2250 1482 2566 1538 monasterii
2618 1483 2828 1554 primus
2877 1484 3045 1539 abbas
3098 1499 3164 1541 ac
3213 1485 3489 1540 conditor
3532 1483 3652 1540 fuit.
3701 1485 3799 1553 Ejus

2250 1573 2498 1628 meminit
2549 1572 2844 1631 Ordericus
2903 1574 3097 1630 Vitalis
3149 1576 3252 1631 sub
3313 1574 3492 1630 ﬁnem
3544 1575 3665 1630 libri
3713 1591 3803 1629 vni.

2250 1662 2518 1718 Caeterum
2564 1665 2732 1722 abbas
2781 1664 2959 1720 factus
2997 1663 3588 1734 aliud'privilegium,
3637 1675 3693 1720 ut
3729 1681 3805 1721 suo

2253 1755 2372 1811 loco
2417 1756 2682 1822 dicemus,
2731 1771 2876 1812 anno
2916 1756 3056 1812 1099
3089 1757 3158 1812 ab
3204 1755 3448 1812 Urbano
3497 1757 3804 1827 impetravit;

2184 1821 2227 1877 Β
2257 1843 2626 1901 Silvaniacum
2648 1821 2799 1912 vero,
2815 1859 2911 1900 seu
2934 1846 3113 1917 potius
3131 1845 3528 1901 Corneliacum
3543 1821 3804 1918 (Bomilly),

2254 1938 2522 2007 hodieque
2561 1939 2661 1993 sub
2707 1937 2984 2009 prioratus
3027 1936 3184 1992 titulo
3224 1952 3254 1990 a
3294 1936 3520 1992 Casalis
3571 1936 3805 1990 Benedicti

2253 2030 2470 2085 abbatia
2494 2032 2711 2100 pendet,
2745 2030 2798 2085 in
2826 2029 3026 2085 ducatu
3059 2027 3244 2084 Sancti
3272 2029 3486 2084 Aniani
3514 2026 3803 2100 (S.Aignau)

2249 2121 2440 2175 situm.

2252 2232 2388 2288 CXI.
2429 2231 2680 2305 Pontifex?
2712 2233 3030 2305 Tarraconis
3065 2235 3462 2305 reparationem
3504 2239 3668 2303 urget.
3706 2227 3800 2282 Pri-

2612 2304 2856 2373 vilegium
2878 2304 2940 2360 S.
2965 2304 3235 2359 Laurentii
3250 2305 3491 2357 Avente.

2322 2391 2500 2448 Prima
2549 2394 2636 2449 die
2679 2394 2829 2460 Maii,
2874 2410 2989 2458 seu,
3037 2404 3099 2450 ut
3141 2394 3246 2448 alia
3294 2394 3478 2449 editio
3518 2393 3692 2455 habet,
3726 2386 3802 2443 sub

2253 2483 2415 2539 ﬁnem
2456 2485 2678 2553 Aprilis,
2731 2484 2984 2540 Urbanus
3019 2485 3086 2539 ad
3124 2483 3534 2554 Bcrengarium
3579 2479 3801 2536 Tarraco-

2252 2589 2472 2629 nensem
2502 2575 2961 2644 archiepiscopum
2991 2575 3231 2644 scripsit,
3261 2589 3509 2644 eumque
3555 2571 3798 2642 repreheie

2257 2665 2359 2730 dit,
2394 2665 2536 2734 quod
2561 2663 2987 2721 Tarraconensis
3014 2668 3164 2722 urbis
3193 2667 3537 2721 restauratio
3554 2662 3792 2733 negligere

2256 2763 2364 2819 tur,
2417 2755 2664 2822 quamvis
2711 2755 2761 2810 ei
2807 2769 2950 2810 anno
2997 2756 3327 2826 praecedenti
3380 2757 3491 2811 hac
3540 2751 3797 2809 conditione

2251 2846 2400 2916 pallii
2453 2847 2712 2902 honorem
2760 2848 3100 2913 contulisset,
3152 2856 3212 2902 ut
3259 2857 3375 2902 tam
3411 2847 3532 2918 ipse
3559 2858 3705 2914 quam
3731 2839 3797 2894 alii

2251 2937 2550 3008 provinciae
2601 2937 2891 3008 cptimates
2945 2939 3071 2993 huic
3126 2939 3276 3010 operi
3329 2934 3662 2993 absolvendo
3705 2928 3800 2984 totis

2251 3027 2460 3082 nis-ibus
2485 3027 2812 3082 insisterent.
2861 3027 2955 3083 Hae
3010 3027 3205 3083 littera:
3236 3028 3386 3082 data:
3411 3028 3663 3082 dicuntur
3690 3019 3797 3090 apud

2250 3117 2540 3174 Odoricum
2599 3109 2934 3188 Raynaldum
2981 3134 3055 3173 vn
3109 3116 3228 3171 Kal.
3277 3117 3413 3171 Maii
3450 3133 3466 3181 ;
3502 3115 3554 3168 in
3586 3106 3799 3166 Conciliis

2257 3221 2386 3262 vero
2432 3205 2708 3274 Hispania:
2751 3207 3046 3262 cardinalis
3097 3207 3354 3277 Aiguirii,
3417 3216 3564 3260 tonio
3595 3201 3635 3256 ll
3664 3208 3711 3255 et
3730 3195 3793 3257 Ill,

2257 3295 2387 3366 ipsis
2438 3295 2695 3349 Kalendis
2730 3293 2971 3363 ejusdem
3000 3297 3225 3350 mensis.
3253 3295 3366 3350 Sed
3397 3308 3590 3366 parum
3615 3291 3795 3344 interest

2256 3393 2381 3439 utra
2433 3383 2594 3439 lectio
2644 3384 2719 3438 sit
2773 3383 2930 3438 alteri
2985 3383 3350 3453 praeferenda.
3425 3381 3648 3437 Easdem
3700 3387 3794 3429 vero

2254 3475 2512 3546 Anagniae
2534 3475 2693 3530 datas
2714 3473 2906 3545 {fuisse
2947 3475 3070 3528 inde
3105 3473 3439 3544 colligimus,
3481 3471 3621 3543 quod
3657 3467 3794 3522 adhuc

2257 3565 2394 3630 iuZea
2427 3567 2559 3620 urbe
2604 3575 2718 3620 tum
2751 3563 2992 3634 pontifex
3026 3564 3322 3630 exstiterit,
3372 3565 3575 3637 quippe
3619 3557 3701 3628 qui
3729 3553 3792 3607 die

2256 3657 2482 3728 septima
2503 3656 2746 3727 ejusdem
2777 3656 2982 3710 mensis
3007 3656 3228 3726 insigne
3256 3657 3608 3726 privilegium
3633 3648 3794 3704 ibidem

2235 3748 2522 3814 _concessit
2565 3748 2895 3803 monasterio
2921 3746 3107 3802 Sancti
3153 3747 3438 3803 Laurentii
3473 3758 3633 3817 prope
3654 3741 3783 3794 Aver-

2256 3853 2370 3893 sam
2425 3837 2554 3902 sito,
2604 3838 2758 3908 cujus
2806 3837 2908 3893 loci
2963 3837 3129 3893 abbas
3178 3849 3232 3895 et
3285 3837 3546 3894 monachi
3597 3844 3707 3889 eum
3752 3826 3791 3878 iII

2255 3927 2563 3997 angustiis,
2629 3942 2766 3996 quas
2824 3927 3256 3996 descripsimus,
3321 3929 3562 3998 positum
3619 3915 3793 3991 egregie

2255 4014 2592 4085 adjuverant.
2625 4016 2756 4086 Ejus
2784 4002 3053 4088 privilegii
3100 4017 3410 4087 exemplum
3455 4013 3593 4086 quod
3618 4024 3676 4064 ex
3702 4006 3792 4074 eius

2256 4109 2355 4162 loci
2385 4109 2642 4163 archiviis
2668 4110 2735 4164 ab
2761 4109 2936 4163 amico
2967 4117 3152 4163 nostro
3182 4109 3247 4162 Il.
3279 4110 3339 4164 Ρ.
3376 4111 3576 4165 domno
3599 4103 3790 4158 Erasmo

2256 4212 2284 4250 a
2314 4197 2501 4253 Caieta
2538 4196 2725 4253 (ὶδεὶτή
2755 4198 2960 4253 decano
3001 4198 3333 4267 accepimus,
3374 4214 3476 4255 suo
3502 4197 3616 4252 loco
3641 4185 3789 4263 profe-

2254 4296 2427 4341 retur.

2283 4377 2438 4432 CXII.
2469 4377 2658 4446 Falco,
2683 4379 2842 4433 abbas
2867 4378 3122 4443 Divensis,
3152 4379 3220 4432 ad
3244 4377 3515 4434 Urbanum
3541 4369 3760 4441 confugi!-

2321 4470 2476 4525 Circa
2509 4470 2640 4524 illud
2691 4479 2901 4539 tempus
2949 4470 3242 4524 Fulcooex-
3266 4471 3534 4526 monacho
3563 4476 3613 4520 el
3641 4460 3788 4532 Ρῖίυνθ

2255 4562 2502 4619 Uticensi
2529 4563 2640 4632 jam
2687 4563 2752 4617 ab
2783 4562 2940 4617 annis
2983 4562 3172 4630 viginti
3205 4561 3424 4617 Sanctae
3458 4559 3630 4614 Maria:
3654 4561 3784 4618 supra

2253 4633 2441 4708 Divam
2495 4654 2548 4707 in
2588 4650 2956 4708 Nortmannia
3011 4653 3203 4715 abbas,
3263 4669 3386 4708 cum
3437 4642 3785 4708 monasterium

2252 4746 2354 4800 sibi
2380 4745 2748 4809 commissum,
2781 4753 2838 4798 ut
2861 4744 3023 4798 habet
3049 4744 3341 4800 Ordericus
3367 4744 3576 4804 Vitalis,
3607 4737 3725 4791 libro
3740 4743 3782 4788 ἰ.

2253 4837 2416 4906 rigide
2446 4835 2977 4905 rexisset,multisque
3000 4836 3167 4889 modis
3191 4836 3462 4891 ecclesiam
3488 4829 3782 4905 proverisset,

2252 4929 2510 4982 invidente
2540 4939 2586 4982 et
2618 4929 2896 4997 instigante
2927 4926 3151 4988 Satana,
3192 4927 3388 4997 injuste
3423 4925 3706 4982 criminatus
3743 4917 3780 4962 el

2251 5018 2535 5085 depositus,
2565 5018 2632 5072 ad
2658 5016 2934 5072 Urbanum
2965 5015 3209 5086 confugit
3234 5033 3249 5082 ;
3292 5019 3439 5088 quod
3474 5011 3673 5084 quidem
3701 5003 3782 5098 [ιοίξ

2254 5125 2393 5163 anno
2422 5111 2712 5179 contigisse
2749 5125 2812 5163 ex
2845 5109 3032 5163 eodem
3085 5119 3312 5164 auctore
3366 5108 3671 5178 colligimus.
3704 5103 3776 5160 (ιω

2252 5202 2544 5257 Fulconem
2583 5210 2704 5272 post
2749 5216 2922 5256 annos
2969 5209 3177 5271 septem
3223 5201 3424 5266 exsilii,
3484 5192 3777 5253 totidem‘lue

2254 5301 2371 5360 post
2402 5307 2551 5346 suam
2579 5291 2973 5345 restitutionem
3003 5298 3246 5356 exactos,
3283 5305 3428 5344 anno
3461 5284 3605 5346 H06,
3623 5277 3773 5372 ξίὶεοιιξ

2253 5383 2516 5439 Kalendas
2538 5382 2738 5452 Aprilis
2765 5397 2946 5438 senem
2968 5381 3168 5437 obiisse
3189 5383 3590 5436 commemorat.
3618 5368 3774 5422 SociiIs

2255 5475 2461 5529 itineris
2491 5477 2538 5530 ei
2572 5491 2601 5529 a
2631 5475 2864 5545 Roget-io
2916 5475 3111 5528 abbate
3160 5473 3401 5528 Uticensi
3446 5473 3592 5527 datus
3631 5455 3772 5513 fuerat

2253 5566 2495 5620 Joannes
2538 5565 2780 5634 ejusdem
2838 5567 2943 5621 loci
3001 5566 3324 5642 monachus,
3381 5566 3465 5618 vir
3512 5559 3686 5630 pietate
3729 5545 3770 5592 ει

2254 5658 2496 5712 doctrina
2531 5659 2780 5720 celebris,
2812 5673 2970 5726 quem
2999 5673 3154 5710 suum
3183 5655 3472 5711 Ordericus
3501 5642 3766 5714 magister

2256 5757 2309 5801 et
2345 5750 2397 5802 in
2429 5748 2628 5805 litteris
2660 5749 2833 5802 sacris
2867 5748 3227 5802 institutorem
3259 5745 3501 5816 appellat.
3545 5739 3586 5792 Is
3624 5731 3763 5785 tamen
