3962 6312
163 315 192 365 7
1165 352 1173 360 .
1669 293 1703 346 ν

1810 315 1840 346 ι.
2587 308 2590 311 ·
3310 289 3378 346 98

130 315 192 370 9⁷
1165 352 1173 360 1
1675 315 1698 346 1
1716 315 1728 346 Ι
1748 315 1764 347 Ι
1783 315 1840 346 ἢ·
3311 315 3376 346 νο

129 442 236 481 non
277 421 450 476 solum
496 416 566 471 ob
593 429 718 469 suas
758 411 926 480 ipsius
951 410 1242 481 praeclaras
1293 409 1446 465 dotes
1470 405 1693 462 Fulconi
1726 409 1775 467 Α
1803 401 2053 456 homines
2079 401 2257 456 facere
2279 399 2478 468 solent,
2506 401 2792 457 defendere
2813 403 3050 473 perrexit
3077 419 3088 430 ·
3135 404 3228 460 sed
3257 405 3376 476 ejus

128 513 343 571 itineris
393 523 574 564 comes
626 505 937 574 designatus
993 501 1130 568 fuit;
1182 516 1368 556 verum
1423 499 1612 564 etiam,
1652 497 1700 552 si

128 605 265 658 bene
303 596 561 666 conjicio,
607 593 753 664 quod
785 592 972 646 Remis
1002 599 1161 645 natus
1201 597 1258 643 et
1304 603 1334 643 e
1377 585 1702 642 scholastice

129 689 380 749 Remensi
429 687 727 743 monachus
790 685 987 748 lactus,
1040 682 1262 738 Urbano
1316 678 1704 749 notus'procul

130 783 294 838 dubio
320 789 379 835 et
421 787 610 849 gratus
647 790 767 831 esse
813 774 1106 840 sciebatur,
1138 781 1299 841 atque
1328 771 1463 827 adeo
1489 779 1702 840 poterat

129 871 243 940 ejus
281 869 524 922 animum
565 866 618 919 in
657 863 912 918 Fulconis
947 861 1192 918 favorem
1231 862 1517 928 inclinare,
1557 860 1700 930 quod

132 977 186 1016 re
221 963 335 1029 ipsa
375 956 583 1012 factum
642 954 810 1010 fuisse
855 953 1198 1022 conjicimus.
1256 952 1391 1008 Nam
1444 951 1533 1006 ille
1578 961 1702 1022 post

136 1051 339 1118 aliquot
403 1061 580 1100 annos
644 1045 700 1100 in
772 1044 1111 1099 monasterio
1178 1042 1460 1098 Casinensi
1527 1050 1702 1095 trans—

131 1153 299 1206 actos,
340 1154 486 1193 anno
517 1137 674 1202 1099,
717 1146 776 1191 ιιι
802 1137 875 1192 ibi
906 1136 1170 1200 dicemus,
1213 1134 1389 1189 locum
1426 1146 1582 1188 suum
1613 1146 1704 1186 re-

133 1231 287 1299 cepit.
348 1277 353 1284 .

135 1339 302 1395 CXIII.
366 1336 665 1394 Concilium
715 1335 1026 1404 Stampense
1067 1335 1121 1390 in
1163 1353 1327 1390 causa
1367 1333 1560 1388 leonis.
1596 1331 1702 1386 Pa-

200 1411 409 1464 risieuse
432 1425 526 1477 pro
550 1407 608 1462 S.
629 1406 868 1477 Cornelio
900 1407 1304 1475 compendiensi.
1334 1405 1580 1477 lienteria
1607 1419 1700 1471 pro

201 1480 331 1533 clero
347 1474 687 1532 Flandrensi.
705 1474 1076 1531 Suessionense
1087 1477 1334 1530 adversus
1345 1474 1700 1528 Roscelinum.

202 1565 289 1620 lvo
318 1565 524 1618 interea
564 1578 638 1640 ex
683 1561 858 1626 Italia,
898 1561 990 1615 ubi
1034 1560 1102 1614 ab
1142 1560 1363 1618 Urbano
1397 1558 1702 1615 Carnoten-

141 1654 268 1708 sium
303 1653 590 1722 episcopus
637 1651 926 1706 ordinatus
967 1649 1162 1716 fuerat,
1210 1649 1399 1715 redux,
1455 1648 1620 1703 multa
1671 1661 1700 1702 a

1804 499 2032 544 conatus
2053 491 2196 550 irriti
2219 491 2388 544 fuere.

1803 601 1986 660 CXIV.
2025 603 2269 658 Urbanus
2300 602 2525 674 Philippi
2550 605 2682 673 regis
2697 604 3022 660 adulterinas
3054 607 3258 674 nuptias
3283 607 3374 662 de-

1877 684 2119 744 testatur.
2145 674 2221 728 lis
2245 674 2562 738 resistitlvo,
2580 684 2626 728 et
2651 675 2762 727 alii.
2808 676 2846 727 Α
2873 692 2974 744 quo
3002 676 3309 730 celebrataz.’

1878 763 2128 820 Urbanus
2157 779 2311 831 vero,
2347 765 2476 820 licet
2503 765 2684 820 animo
2727 765 2865 820 leuis
2894 774 2947 819 et
2975 766 3124 837 pacis
3172 769 3374 822 studio-

1804 853 2053 909 sissimus
2083 852 2268 920 fuerit,
2320 863 2482 924 atque
2522 854 2576 906 in
2625 854 2834 923 magnis
2885 863 3012 909 tunc
3055 857 3379 913 constitutus

1802 946 2067 1017 angustiis
2110 947 2352 1016 indigere
2397 947 2673 1001 videretur
2719 945 2908 1001 favore
2951 949 3276 1018 principum,
3320 957 3376 1004 ut

1804 1041 2042 1109 seipsum
2078 1041 2342 1095 adversus
2381 1039 2600 1094 Henrici
2643 1039 2873 1108 Augusti
2916 1039 3140 1109 ejusque
3185 1055 3378 1110 sequa-

1804 1132 1945 1186 cium
1969 1130 2192 1185 insidias
2227 1136 2518 1193 tutaretur,
2549 1129 2691 1183 haud
2721 1137 2906 1183 tamen
2923 1144 3160 1198 unquam
3183 1146 3374 1184 eorum

1804 1219 1936 1273 vitia
1987 1217 2370 1283 dissimulavit,
2412 1225 2506 1270 aut
2544 1217 2833 1271 obsecutus
2861 1227 2944 1271 est
2973 1217 3156 1287 pravis
3188 1233 3376 1270 eorum

1803 1309 2200 1375 voluntatibus,
2242 1318 2302 1363 ut
2340 1309 2443 1364 sibi
2473 1307 2591 1362 illos
2623 1308 2938 1362 devinciret.
2978 1307 3112 1362 llinc
3134 1308 3380 1377 Philippo

1803 1400 2140 1456 Francorum
2198 1399 2352 1471 regi,
2412 1399 2502 1469 qui
2552 1399 2772 1452 dimissa
2827 1399 3044 1467 propria
3101 1413 3274 1452 uxore
3313 1399 3379 1452 ad

1807 1491 2029 1561 nuptias
2079 1490 2410 1545 adulterinas
2454 1488 2740 1545 convolare
2776 1489 3069 1552 nitebatur,
3101 1503 3379 1558 nunquam

1805 1590 2116 1637 assentatus
2139 1588 2221 1636 est
2255 1598 2269 1635 :
2319 1580 2627 1635 econtrario
2659 1579 2828 1633 vetuit
2869 1593 2935 1632 ne
2973 1578 3114 1633 ullus
3141 1591 3378 1647 unquam

1806 1674 2036 1729 antistes
2066 1673 2190 1728 huic
2213 1672 2449 1738 mulieri,
2479 1685 2641 1741 quam
2668 1671 2769 1725 sibi
2802 1683 2894 1724 rex
2915 1669 3168 1738 capulare
3195 1667 3380 1722 illicite

144 1743 250 1836 Ws
281 1741 483 1836 ³δ¹¹³ξ³¹ί³
525 1739 772 1836 Imma",
816 1739 1156 1836 I’°‘j§5i_m“f"
1181 1753 1234 1836 ha
1271 1738 1699 1836 ⁰⁰¹¹Ψνίξνί¹¹⁰ξίξ⁶
1735 1777 1777 1836 Β
1805 1763 2036 1830 volebat,
2068 1777 2326 1819 coronam
2364 1738 2640 1832 imponere
2671 1761 2886 1826 audeat,
2917 1761 3199 1830 ipsumque
3224 1759 3378 1829 prin-

147 1832 273 1886 libus
316 1831 580 1900 episcopis
609 1829 700 1899 qui
730 1845 854 1884 cum
895 1828 1153 1884 Richerio
1179 1827 1486 1884 Senonensi
1520 1828 1697 1884 archi-

150 1925 380 1994 episcopo
411 1921 548 1990 apud
579 1920 832 1990 Stampas
855 1934 1178 1984 convenere,
1213 1928 1270 1973 ut
1294 1935 1418 1974 eum
1451 1919 1696 1990 synodali

157 2011 342 2079 judicio
362 2017 778 2065 exauctorarent
803 2023 816 2062 :
850 2018 906 2063 at
930 2008 1018 2064 ille
1041 2009 1398 2079 appellatione
1425 2011 1491 2064 ad
1516 2009 1698 2064 sedem

162 2100 482 2169 apostolicam
530 2099 870 2170 interposita,
911 2114 1099 2154 eorum
1140 2112 1366 2156 conatus
1390 2142 1405 2168 ,
1463 2110 1524 2156 ut
1558 2117 1698 2155 anno

167 2191 466 2260 pmcedenti
493 2190 737 2256 diximus,
768 2191 954 2246 irritos
995 2190 1142 2246 fecit.
1192 2191 1273 2246 Ad
1312 2193 1454 2247 hunc
1483 2207 1698 2263 quoque

166 2296 344 2336 natium
384 2279 619 2336 Labbeus
679 2281 866 2336 laudat
923 2283 1214 2338 concilium
1268 2283 1603 2347 Parisiense,
1645 2293 1700 2337 et

158 2369 594 2424 continuationem
638 2371 691 2424 in
736 2385 802 2426 eo
836 2369 1036 2425 factam
1070 2371 1332 2441 privilegii
1369 2373 1538 2426 sancti
1569 2370 1698 2426 Cor-

151 2458 264 2512 nelii
304 2457 788 2528 Compendiensis;
831 2460 922 2515 sed
974 2462 1250 2516 chronica:
1292 2472 1451 2526 uotae,
1495 2477 1614 2531 qua:
1645 2462 1696 2514 in

150 2548 276 2618 regis
315 2546 547 2619 Philippi
606 2549 818 2614 charta,
869 2565 934 2604 ex
980 2564 1085 2619 qua
1132 2550 1242 2604 sola
1298 2550 1457 2622 hujus
1506 2550 1698 2621 synodi

145 2641 367 2697 notitiam
418 2643 711 2709 habemus,
756 2642 1092 2708 referuntur,
1136 2644 1279 2699 sicut
1317 2645 1697 2714 episcoporum

144 2733 439 2803 scriptiones
473 2735 546 2789 ibi
579 2735 863 2806 appositae,
910 2735 1103 2790 melius
1149 2751 1294 2792 anno
1329 2735 1464 2790 l072
1497 2751 1698 2790 convc-

142 2825 294 2890 niunt,
339 2834 394 2880 ut
428 2826 549 2896 jam
585 2827 895 2882 observavit
925 2825 1183 2881 Marlotus
1234 2835 1379 2880 tomo
1430 2826 1471 2880 II
1504 2826 1700 2880 Metro-

143 2919 259 2987 polis
291 2917 613 2983 Remensis;
648 2933 752 2975 nec
787 2918 1010 2973 dubium
1051 2919 1180 2988 quin
1228 2920 1331 2973 isto
1373 2934 1515 2973 anno
1560 2919 1700 2974 cele-

140 3010 325 3062 bratum
369 3008 547 3065 fuerit
588 3009 690 3064 hoc
733 3009 1026 3064 concilium
1059 3026 1072 3061 :
1103 3024 1271 3079 quare
1306 3009 1587 3064 dicendum
1617 3017 1700 3063 est

1803 1854 1978 1921 cipem
2021 1852 2379 1908 comminatus
2425 1859 2530 1915 est,
2579 1859 2715 1905 teste
2758 1851 2876 1920 ipso
2905 1850 3064 1904 lvone
3092 1850 3249 1920 epist.
3279 1848 3376 1913 28,

1803 1942 1942 2007 sibi,
1991 1941 2094 1996 nisi
2127 1956 2157 1996 a
2195 1941 2336 1996 malo
2363 1942 2638 2011 proposito
2678 1941 2974 2006 recederet,
3010 1941 3182 1994 sacris
3207 1941 3378 1993 inter-

1807 2032 2102 2087 dicturum.
2157 2032 2224 2087 Et
2275 2033 2513 2100 quidem,
2569 2045 2692 2085 eum
2739 2045 2831 2085 rex
2873 2029 3032 2086 nullis
3060 2030 3280 2084 monitis
3308 2043 3375 2083 ac

1803 2122 2056 2192 precibus
2082 2138 2110 2175 a
2137 2121 2303 2176 semel
2333 2130 2592 2190 concepto
2616 2120 2841 2176 consilio
2872 2120 3130 2176 dimoveri
3163 2120 3374 2189 potuis-

1798 2223 1901 2279 set,
1931 2214 1998 2269 ab
2049 2213 2274 2284 Hugone
2319 2213 2499 2283 legato
2550 2211 2867 2282 apostolico,
2909 2212 3050 2280 quod
3090 2211 3372 2281 repudiata

1798 2304 2018 2374 propria
2049 2303 2281 2375 conjuge
2314 2303 2496 2367 Berta,
2532 2303 2785 2368 alteram,
2816 2301 3025 2358 scilicet
3050 2302 3371 2357 Bertradam

1799 2395 2054 2451 Fulcanis
2090 2395 2500 2466 Andegavensis
2526 2395 2743 2450 comitis
2770 2409 3014 2459 uxorem,
3046 2395 3380 2452 assentanti~

1800 2483 1902 2537 bus
1945 2482 2216 2538 nonnullis
2259 2483 2547 2554 cpisc0pis,
2579 2483 2795 2552 publice
2830 2484 2932 2538 sibi
2983 2481 3378 2552 conjunxisset,

1801 2574 2186 2630 communione
2229 2575 2476 2643 privatus
2517 2583 2621 2629 est.
2678 2573 2951 2642 Quantum
2988 2588 3118 2630 vero
3151 2575 3381 2629 desuda-

1801 2664 1936 2718 verit
1963 2665 2249 2735 religiosus
2275 2665 2538 2734 pontifex,
2573 2682 2849 2736 quamque
2883 2666 3148 2721 sollicitus
3191 2665 3378 2731 fuerit,

1802 2764 1861 2808 ut
1906 2769 2087 2824 regem
2125 2770 2155 2808 a
2196 2765 2348 2810 tanto
2395 2754 2656 2818 facinore,
2693 2773 2816 2810 eum
2847 2757 2963 2811 sive
2990 2771 3087 2824 per
3117 2757 3381 2826 seipsum,

1802 2846 1915 2901 sive
1944 2862 2040 2916 per
2069 2847 2225 2914 alios,
2256 2847 2544 2910 mouendo,
2573 2848 2908 2908 obsecrando
2939 2857 2994 2902 et
3019 2849 3182 2902 etiam
3209 2848 3384 2903 minas

1804 2936 2119 2992 intentando
2147 2938 2471 3003 deterreret,
2523 2946 2688 2993 testes
2713 2946 2851 3000 sunt
2891 2938 3008 3008 ejus
3041 2938 3281 3007 epistolae
3317 2952 3394 3008 ea

1804 3031 1871 3084 de
1902 3045 1982 3096 re,
2009 3039 2068 3092 et
2093 3031 2455 3086 conciliorum
2494 3030 2710 3085 decreta
2735 3045 2855 3100 quae
2881 3039 3196 3100 supersunt.
3225 3029 3385 3085 Certe

139 3110 351 3156 erratqu
378 3117 448 3157 ex
486 3103 836 3157 amanuensis
859 3101 1150 3156 oscitantia
1174 3101 1511 3172 provenisse.
1536 3101 1696 3156 Aliud
1729 3130 1768 3187 ε
1808 3121 2082 3177 Urbanum
2117 3121 2186 3174 ad
2225 3136 2415 3176 omnes
2452 3120 2602 3191 regni
2635 3121 3076 3190 archiepiscopos
3099 3130 3153 3176 ει
3176 3120 3388 3190 ερίεοο-

141 3191 258 3245 idem
286 3190 570 3258 Labbeus,
608 3192 752 3248 sicut
789 3201 841 3247 et
875 3191 1083 3262 lperius
1123 3193 1175 3246 in
1212 3192 1487 3247 Chronico
1529 3193 1698 3248 sancti

140 3283 340 3350 Bertini,
374 3283 676 3338 concilium
707 3283 928 3338 exhibet
957 3284 1058 3339 hoc
1088 3300 1230 3339 anno
1249 3285 1435 3339 Remis
1457 3284 1698 3339 habitum

139 3373 183 3426 in
205 3388 352 3427 causa
381 3359 616 3430 Rbberti
646 3373 913 3429 Flandrize
943 3375 1180 3440 comitis,
1209 3376 1324 3445 qui,
1355 3385 1412 3430 ut
1442 3376 1699 3438 diximus,

140 3466 206 3518 sui
231 3465 453 3520 dominii
502 3464 718 3520 clericis
757 3464 1072 3520 facultatem
1107 3467 1370 3522 condendi
1413 3477 1703 3543 testamen-

140 3566 231 3608 tum
255 3556 475 3612 auferre
523 3556 866 3612 moliebatur.
898 3559 987 3623 At,
1030 3557 1158 3613 licet
1197 3569 1405 3614 certum
1452 3559 1524 3614 sit
1563 3560 1703 3612 hanc

138 3651 374 3717 synodum
417 3651 604 3720 reipsa
636 3650 819 3706 Remis
849 3660 1093 3706 coactam
1124 3648 1314 3715 fuisse.
1345 3652 1488 3706 haud
1519 3661 1698 3706 tamen

137 3742 332 3796 omnino
360 3749 589 3797 constat
626 3756 693 3796 an
736 3743 839 3796 hoc
882 3751 976 3796 aut
1020 3743 1270 3813 sequenti
1320 3759 1462 3798 anno
1507 3745 1702 3798 debeat

137 3835 450 3904 consignari.
523 3833 746 3904 Majoris
819 3835 1080 3890 momenti
1143 3835 1244 3889 fuit
1314 3835 1704 3891 Suessionense

137 3926 431 3994 concilium,
476 3927 624 3996 quod
653 3925 966 3998 Raynaldus
1001 3925 1291 3982 Remorum
1332 3928 1702 3998 metropolita-

138 4034 224 4074 nus
265 4022 368 4078 hoc
419 4038 571 4077 anno
619 4023 962 4088 convocavit,
1014 4023 1274 4078 adversus
1317 4011 1701 4089 Roscelinum,

139 4112 408 4175 quemdam
462 4113 951 4183 Compendiensem
1007 4113 1264 4169 clericum
1297 4156 1310 4181 ,
1376 4117 1468 4186 qui
1537 4132 1704 4172 novos

138 4217 338 4259 errores
379 4205 538 4260 circa
587 4198 944 4259 saneiissimm
995 4203 1280 4261 Trinitatis
1328 4223 1591 4279 personas
1639 4225 1703 4264 co

139 4304 360 4368 tempore
409 4284 831 4356 disseminabat.
888 4298 1043 4355 Hune
1079 4301 1411 4371 posteriores
1451 4311 1704 4356 auctores

138 4388 266 4447 Petri
317 4394 595 4450 Abaelardi
641 4395 962 4465 magistrum
1004 4394 1362 4466 appellavere,
1410 4395 1525 4474 sive
1561 4395 1704 4466 quod

1805 3228 1902 3282 pos
1929 3228 2125 3285 graves
2149 3215 2215 3268 de
2243 3215 2347 3269 hoc
2385 3214 2604 3285 negotio
2637 3212 2849 3269 litteras
2899 3214 3189 3284 scripsisse
3233 3215 3388 3268 testis

1803 3313 1887 3361 est
1920 3306 2022 3360 hac
2062 3305 2116 3359 in
2165 3320 2224 3360 re
2267 3305 2413 3360 onmi
2452 3305 2770 3374 exceptione
2816 3304 2989 3374 major
3016 3306 3104 3360 lvo
3133 3305 3388 3359 Carnem-

1807 3411 1925 3460 nus,
1955 3397 2044 3466 qui
2075 3411 2190 3462 eas,
2223 3404 2284 3450 ut
2309 3411 2373 3450 ex
2403 3396 2522 3466 ejus
2559 3395 2793 3465 epistola
2817 3395 2888 3450 25
2915 3396 2980 3449 ad
3013 3396 3186 3465 ipsum
3217 3393 3390 3448 Urba-

1805 3508 1931 3546 num
1972 3493 2097 3546 data
2136 3503 2347 3548 certum
2380 3501 2490 3558 est,
2526 3493 2738 3548 caeteris
2763 3493 3032 3563 episcopis
3056 3491 3388 3545 distribuen-

1805 3581 1903 3636 das
1974 3591 2280 3652 receperat.
2354 3582 2498 3636 Idem
2567 3591 2806 3637 testatur
2856 3583 3148 3638 Ordericus
3197 3580 3390 3636 Vitalis

1807 3670 1944 3724 libro
1970 3687 2064 3725 vin
2105 3670 2358 3726 Historiae
2394 3671 2804 3738 ecclesiasticas,
2845 3673 2934 3728 ubi
2984 3673 3204 3744 scripsit
3243 3673 3389 3742 pium

1807 3761 2122 3831 pontificem
2177 3777 2238 3816 ea
2289 3763 2579 3819 occasione
2627 3763 2825 3832 legatos
2882 3762 3188 3833 apostolica:
3251 3762 3390 3816 sedis

1807 3851 1862 3904 in
1895 3849 2131 3905 Galliam
2165 3851 2482 3917 destinasse,
2513 3865 2559 3907 et
2597 3869 2690 3922 per
2715 3853 2962 3922 epistolas
2991 3862 3039 3907 et
3061 3853 3392 3906 sacerdotum

1807 3943 2234 4010 pra’dicationem
2272 3961 2547 4000 erroneum
2584 3961 2751 4015 regem
2793 3945 3060 4016 arguisse,
3099 3945 3393 3998 obsecrasse

1809 4043 1857 4088 et
1889 4034 2205 4104 increpasse,
2245 4035 2334 4106 qui
2372 4035 2659 4105 legitimum
2707 4035 2977 4106 conjugem
3021 4036 3389 4105 repudiaret-it,

1813 4117 2212 4192 adulterumque
2245 4127 2345 4180 sibi
2372 4137 2552 4180 contra
2593 4128 2754 4196 legem
2782 4126 2876 4180 Dei
2905 4127 3202 4180 sociaverit.
3238 4125 3392 4178 Haud

1812 4229 1942 4269 vero
1983 4217 2250 4285 prmcipiti
2287 4217 2486 4286 impetu
2522 4232 2608 4270 res
2642 4217 2909 4272 tractabat
2939 4215 3394 4286 prudentissimus

1809 4304 2077 4372 pontifex,
2111 4307 2204 4379 sed
2239 4307 2418 4366 omnia
2459 4316 2670 4360 mature
2698 4307 3045 4376 ponderanth
3072 4305 3204 4360 nihil
3235 4306 3394 4360 omit-

1812 4395 1959 4450 tebat
1999 4412 2064 4450 ex
2104 4397 2189 4452 his
2229 4412 2348 4465 qua:
2379 4397 2445 4451 ad
2476 4413 2654 4453 causae
2695 4398 3062 4466 cognitionem
3089 4398 3393 4454 conducere

141 4483 303 4553 rcipsa
350 4485 476 4555 ejus
522 4485 818 4554 discipulus
863 4485 1028 4542 fuerit
1066 4486 1399 4550 Abaelardus,
1441 4497 1535 4541 aut
1560 4496 1707 4542 certe
1743 4503 1786 4558 ι)
1818 4486 2167 4544 videbantur.
2204 4485 2360 4542 Unde
2401 4488 2671 4556 susceptis
2707 4503 2735 4541 a
2775 4489 2976 4544 comite
3020 4487 3393 4557 Andcgavensi

143 4573 199 4629 )b
218 4577 421 4632 similes
446 4591 667 4632 errores
688 4579 754 4633 ab
778 4587 1007 4647 utroque
1032 4587 1416 4649 propugnatus.
1449 4577 1705 4645 Qutenam

148 4677 255 4719 vero
283 4664 494 4721 fuerint
533 4665 622 4720 illa
656 4665 792 4722 falsa
838 4665 955 4736 ejus
1002 4667 1276 4737 dogmata,
1324 4668 1545 4738 exponit
1586 4683 1710 4722 san-

147 4762 249 4810 :tus
283 4758 581 4814 Anselmus
605 4758 742 4814 libro
771 4774 829 4824 ll,
853 4759 1012 4830 epist.
1045 4759 1110 4814 II
1156 4759 1222 4814 ad
1263 4759 1552 4814 Fulconem
1597 4761 1712 4828 epi-

142 4857 346 4916 scopum
407 4848 886 4914 Bellovacensem,
937 4860 992 4904 et
1043 4851 1095 4904 in
1145 4850 1281 4905 libro
1331 4850 1408 4905 De
1460 4849 1714 4905 Incarua-

145 4936 276 4992 tioue
309 4955 473 5009 quem
511 4940 729 4996 Urbano
753 4943 991 5011 pontiﬁci
1027 4943 1376 5012 nuncupavit.
1410 4943 1464 4996 In
1491 4957 1557 4998 eo
1579 4943 1714 4998 libro

145 5027 422 5085 Anselmus
473 5031 824 5087 Rosceliuum
868 5043 976 5088 tres
1008 5035 1059 5088 in
1093 5035 1200 5090 Deo
1227 5050 1489 5104 personas
1523 5037 1712 5091 eodem

148 5119 293 5174 modo
340 5131 456 5178 tres
499 5137 587 5177 res
616 5137 740 5178 esse
769 5124 907 5178 sicut
955 5134 1064 5178 tres
1110 5125 1330 5195 angelos
1379 5136 1713 5180 asserentem

151 5207 360 5277 refellit;
419 5221 534 5266 tum
585 5213 886 5269 calumnias
933 5216 1195 5271 adversus
1235 5215 1620 5282 Laufrancum,
1663 5227 1714 5272 et

151 5297 299 5351 etiam
344 5301 399 5355 in
450 5303 688 5372 seipsqu
723 5305 790 5358 ab
820 5319 884 5358 eo
911 5305 1180 5360 nebulone
1218 5307 1472 5362 haeretico
1515 5317 1718 5362 temere

153 5386 531 5450 disseminatas
577 5396 844 5451 confutat.
871 5395 922 5449 ls
953 5412 1145 5467 nempe
1173 5398 1512 5468 impudenter
1539 5397 1717 5453 fuerat

155 5481 400 5536 mentitus
424 5492 604 5540 tantos
632 5485 776 5541 viros
801 5501 980 5541 causa:
1007 5501 1116 5542 sua:
1139 5489 1504 5556 patrocinatos
1526 5488 1714 5544 fuisse.

157 5566 216 5620 At
243 5571 487 5630 Ineresim
534 5593 688 5634 suam
739 5596 922 5635 coram
961 5582 1151 5652 synodi
1185 5581 1436 5639 Patribus
1465 5584 1717 5655 abjurare

158 5670 364 5718 coactus
395 5675 677 5737 est,quam
709 5679 887 5725 tamen
913 5660 1125 5726 δίἣνοηί
1157 5674 1445 5729 credamus
1481 5676 1641 5745 epist.
1661 5678 1714 5744 7,

161 5750 208 5802 in
237 5754 565 5814 clandestinis
595 5763 1035 5831 disputationibus
1079 5774 1261 5836 postea
1297 5776 1352 5820 ut
1380 5765 1496 5835 ejus
1527 5767 1714 5823 farina-

1816 4577 2032 4646 legatis,
2076 4578 2168 4648 qui
2213 4577 2531 4635 Det-tradam
2564 4580 2905 4648 repetebant,
2943 4579 3144 4650 gradus
3167 4593 3395 4632 consau-

1817 4668 2101 4740 guinitatis
2147 4685 2334 4724 coram
2375 4685 2433 4725 se
2467 4670 2771 4737 computari
2807 4685 2869 4724 ac
2894 4667 3108 4738 probari
3148 4667 3292 4730 fecit,
3335 4677 3396 4722 ut

1819 4761 1993 4816 refert
2018 4761 2109 4815 lvo
2145 4763 2306 4833 epist.
2353 4761 2451 4817 2H
2485 4761 2551 4818 ad
2597 4761 2886 4816 Radulium
2933 4760 3394 4830 archiepiscopum

1819 4851 2171 4918 Iletucnscm,
2199 4862 2488 4922 antequam
2520 4853 2813 4923 quidquam
2837 4851 3229 4921 pronuntiaret.
3279 4849 3394 4904 Non

1817 4948 1964 5002 enim
2023 4945 2111 5000 ille
2162 4945 2277 5001 ﬁeri
2337 4945 2636 5015 quidquam
2699 4953 2903 4998 temere
2939 4941 3182 5007 volebat,
3223 4941 3297 4996 ita
3339 4951 3400 4995 ut

1818 5039 1930 5103 lvo,
1983 5040 2098 5109 ipse
2155 5037 2396 5094 fortasse
2437 5037 2730 5106 aliquando
2765 5035 3064 5089 ferventior
3096 5050 3259 5104 quam
3301 5051 3398 5104 par

1820 5141 1991 5196 esset,
2015 5147 2082 5186 ac
2107 5146 2273 5186 morte
2301 5130 2607 5200 impatiens,
2649 5128 2768 5197 ejus
2791 5127 2894 5182 hac
2921 5126 2974 5181 in
3000 5143 3058 5182 re
3086 5128 3396 5182 tarditatem

1820 5231 2013 5276 notare
2043 5220 2295 5277 videatur
2321 5221 2478 5290 epist.
2513 5219 2602 5274 30.

1890 5312 2033 5367 ldem
2073 5311 2165 5366 lvo
2195 5329 2225 5366 a
2253 5326 2378 5381 rege
2405 5310 2473 5364 ad
2505 5309 2720 5378 nuptias
2752 5309 2988 5365 Parisios
3020 5309 3278 5376 invitatus
3305 5323 3396 5362 re-

1821 5404 1936 5458 nuit
1964 5402 2053 5458 illo
2084 5403 2184 5468 ire,
2237 5402 2343 5456 nisi
2366 5399 2580 5455 divortii
2613 5416 2774 5456 causa
2803 5411 2960 5457 antea
2985 5401 3173 5456 fuisset
3203 5415 3400 5469 appro-

1821 5495 1942 5549 bata
1991 5494 2058 5548 ab
2104 5491 2369 5561 episcopis
2416 5491 2470 5544 in
2512 5490 2742 5546 concilio
2771 5490 3027 5562 generali,
3077 5498 3137 5544 ut
3171 5489 3400 5558 ipsemet

1819 5585 2044 5656 epistola
2075 5584 2142 5638 I5
2170 5583 2236 5637 ad
2267 5583 2441 5652 ipsum
2473 5597 2652 5652 regem
2684 5582 2809 5636 data
2838 5579 3158 5643 declaravit;
3205 5578 3314 5632 imo
3342 5587 3398 5632 et

1821 5695 1931 5733 sua:
1961 5676 2200 5747 epistola:
2236 5691 2396 5745 quam
2428 5674 2540 5746 regi
2582 5675 2876 5744 scripserat
2925 5671 3228 5741 exemplum
3277 5671 3398 5726 aliis

1821 5766 2090 5839 episc0pis
2121 5766 2209 5836 qui
2253 5765 2316 5823 ad
2347 5765 2441 5820 has
2471 5781 2682 5837 quoque
2709 5765 2922 5836 nuptias
2957 5762 3234 5820 convocati
3276 5759 3394 5816 fue-
