  <div class='ocr_page' id='page_1' title='image "/cluster/home/n/w/nwhite01/storage/ocr_20150623/151/hvd.32044015473796/055.png"; bbox 0 0 3962 6312; ppageno 0'>
   <div class='ocr_carea' id='block_1_1' title="bbox 599 277 3764 353">
    <p class='ocr_par' dir='ltr' id='par_1_1' title="bbox 599 277 3764 353">
     <span class='ocr_line' id='line_1_1' title="bbox 599 277 3764 353; baseline 0.01 -34"><span class='ocrx_word' id='word_1_1' title='bbox 599 282 667 338; x_wconf 78' lang='lat'><strong>99</strong></span> <span class='ocrx_word' id='word_1_2' title='bbox 1298 297 1300 299; x_wconf 44' lang='grc'>&gt;</span> <span class='ocrx_word' id='word_1_3' title='bbox 1876 279 1935 333; x_wconf 88' lang='grc' dir='ltr'><strong>Β.</strong></span> <span class='ocrx_word' id='word_1_4' title='bbox 1976 277 2230 335; x_wconf 73' lang='grc' dir='ltr'>υΒΒΑΜ</span> <span class='ocrx_word' id='word_1_5' title='bbox 2270 278 2309 332; x_wconf 94' lang='grc'><strong>11</strong></span> <span class='ocrx_word' id='word_1_6' title='bbox 2348 278 2544 333; x_wconf 63' lang='grc' dir='ltr'><strong>ΡΑΡτΕ</strong></span> <span class='ocrx_word' id='word_1_7' title='bbox 2760 306 2763 311; x_wconf 60' lang='grc' dir='ltr'><em>ν</em></span> <span class='ocrx_word' id='word_1_8' title='bbox 3690 296 3764 353; x_wconf 81' lang='grc'><strong>100</strong></span> 
     </span>
    </p>
   </div>
   <div class='ocr_carea' id='block_1_2' title="bbox 599 393 3767 468">
    <p class='ocr_par' dir='ltr' id='par_1_2' title="bbox 599 393 3767 468">
     <span class='ocr_line' id='line_1_2' title="bbox 599 393 3767 468; baseline 0.002 -18"><span class='ocrx_word' id='word_1_9' title='bbox 599 404 723 451; x_wconf 88' lang='lat' dir='ltr'><strong>rant</strong></span> <span class='ocrx_word' id='word_1_10' title='bbox 760 395 927 463; x_wconf 94' lang='lat' dir='ltr'><strong>misit,</strong></span> <span class='ocrx_word' id='word_1_11' title='bbox 975 409 1100 452; x_wconf 91' lang='lat' dir='ltr'><strong>cum</strong></span> <span class='ocrx_word' id='word_1_12' title='bbox 1148 395 1268 451; x_wconf 86' lang='lat' dir='ltr'><strong>aliis</strong></span> <span class='ocrx_word' id='word_1_13' title='bbox 1300 395 1513 461; x_wconf 90' lang='lat' dir='ltr'><strong>litteris,</strong></span> <span class='ocrx_word' id='word_1_14' title='bbox 1558 395 1752 465; x_wconf 77' lang='lat' dir='ltr'><strong>quibus</strong></span> <span class='ocrx_word' id='word_1_15' title='bbox 1781 410 1875 451; x_wconf 90' lang='lat' dir='ltr'><strong>eos</strong></span> <span class='ocrx_word' id='word_1_16' title='bbox 1924 396 2175 450; x_wconf 84' lang='lat' dir='ltr'><strong>monebat</strong></span> <span class='ocrx_word' id='word_1_17' title='bbox 2201 401 2248 457; x_wconf 81' lang='grc' dir='ltr'><strong>Α</strong></span> <span class='ocrx_word' id='word_1_18' title='bbox 2277 395 2394 462; x_wconf 88' lang='lat' dir='ltr'><strong>ejus</strong></span> <span class='ocrx_word' id='word_1_19' title='bbox 2442 393 2781 464; x_wconf 78' lang='lat' dir='ltr'><strong>sull‘raganeo</strong></span> <span class='ocrx_word' id='word_1_20' title='bbox 2830 394 2947 451; x_wconf 86' lang='lat' dir='ltr'><strong>ﬂeri</strong></span> <span class='ocrx_word' id='word_1_21' title='bbox 3002 410 3109 452; x_wconf 91' lang='lat' dir='ltr'><strong>non</strong></span> <span class='ocrx_word' id='word_1_22' title='bbox 3162 397 3533 468; x_wconf 85' lang='lat' dir='ltr'><strong>prohibuisset.</strong></span> <span class='ocrx_word' id='word_1_23' title='bbox 3569 404 3638 460; x_wconf 81' lang='lat' dir='ltr'><strong>An</strong></span> <span class='ocrx_word' id='word_1_24' title='bbox 3683 408 3767 463; x_wconf 68' lang='lat' dir='ltr'><strong>ouo</strong></span> 
     </span>
    </p>
   </div>
   <div class='ocr_carea' id='block_1_3' title="bbox 601 485 2163 553">
    <p class='ocr_par' dir='ltr' id='par_1_3' title="bbox 601 485 2163 553">
     <span class='ocr_line' id='line_1_3' title="bbox 601 485 2163 553; baseline 0.001 -15"><span class='ocrx_word' id='word_1_25' title='bbox 601 496 661 538; x_wconf 82' lang='lat' dir='ltr'><strong>ut</strong></span> <span class='ocrx_word' id='word_1_26' title='bbox 699 501 763 539; x_wconf 89' lang='lat' dir='ltr'><strong>ne</strong></span> <span class='ocrx_word' id='word_1_27' title='bbox 787 485 966 553; x_wconf 78' lang='lat' dir='ltr'><strong>fierent</strong></span> <span class='ocrx_word' id='word_1_28' title='bbox 992 487 1125 539; x_wconf 86' lang='lat' dir='ltr'><strong>sicut</strong></span> <span class='ocrx_word' id='word_1_29' title='bbox 1168 501 1320 539; x_wconf 90' lang='lat' dir='ltr'><strong>canes</strong></span> <span class='ocrx_word' id='word_1_30' title='bbox 1368 485 1500 539; x_wconf 90' lang='lat' dir='ltr'><strong>muti</strong></span> <span class='ocrx_word' id='word_1_31' title='bbox 1537 485 1732 539; x_wconf 81' lang='lat' dir='ltr'><strong>latrare</strong></span> <span class='ocrx_word' id='word_1_32' title='bbox 1770 502 1873 540; x_wconf 89' lang='lat' dir='ltr'><strong>non</strong></span> <span class='ocrx_word' id='word_1_33' title='bbox 1917 486 2163 551; x_wconf 80' lang='lat' dir='ltr'><strong>valentes,</strong></span> 
     </span>
    </p>
   </div>
   <div class='ocr_carea' id='block_1_4' title="bbox 599 575 2169 645">
    <p class='ocr_par' dir='ltr' id='par_1_4' title="bbox 599 575 2169 645">
     <span class='ocr_line' id='line_1_4' title="bbox 599 575 2169 645; baseline -0.001 -14"><span class='ocrx_word' id='word_1_34' title='bbox 599 576 815 644; x_wconf 76' lang='lat' dir='ltr'><strong>scripsit</strong></span> <span class='ocrx_word' id='word_1_35' title='bbox 843 577 1005 630; x_wconf 91' lang='lat' dir='ltr'><strong>etiam</strong></span> <span class='ocrx_word' id='word_1_36' title='bbox 1034 576 1099 629; x_wconf 94' lang='lat' dir='ltr'><strong>de</strong></span> <span class='ocrx_word' id='word_1_37' title='bbox 1133 577 1321 633; x_wconf 88' lang='lat' dir='ltr'><strong>eadem</strong></span> <span class='ocrx_word' id='word_1_38' title='bbox 1359 591 1417 630; x_wconf 87' lang='lat' dir='ltr'><strong>re</strong></span> <span class='ocrx_word' id='word_1_39' title='bbox 1442 576 1509 630; x_wconf 91' lang='lat' dir='ltr'><strong>ad</strong></span> <span class='ocrx_word' id='word_1_40' title='bbox 1540 575 1873 645; x_wconf 78' lang='lat' dir='ltr'><strong>Raynoldum</strong></span> <span class='ocrx_word' id='word_1_41' title='bbox 1906 576 2169 645; x_wconf 88' lang='lat' dir='ltr'><strong>archiepi-</strong></span> 
     </span>
    </p>
   </div>
   <div class='ocr_carea' id='block_1_5' title="bbox 599 663 2167 733">
    <p class='ocr_par' dir='ltr' id='par_1_5' title="bbox 599 663 2167 733">
     <span class='ocr_line' id='line_1_5' title="bbox 599 663 2167 733; baseline 0.001 -16"><span class='ocrx_word' id='word_1_42' title='bbox 599 678 819 731; x_wconf 85' lang='lat' dir='ltr'><strong>scopum</strong></span> <span class='ocrx_word' id='word_1_43' title='bbox 872 663 1214 729; x_wconf 80' lang='lat' dir='ltr'><strong>Remensem,</strong></span> <span class='ocrx_word' id='word_1_44' title='bbox 1255 664 1339 718; x_wconf 91' lang='lat' dir='ltr'><strong>cui</strong></span> <span class='ocrx_word' id='word_1_45' title='bbox 1386 679 1507 719; x_wconf 90' lang='lat' dir='ltr'><strong>sese</strong></span> <span class='ocrx_word' id='word_1_46' title='bbox 1558 665 1626 719; x_wconf 94' lang='lat' dir='ltr'><strong>ad</strong></span> <span class='ocrx_word' id='word_1_47' title='bbox 1677 665 1773 720; x_wconf 88' lang='lat' dir='ltr'><strong>has</strong></span> <span class='ocrx_word' id='word_1_48' title='bbox 1811 666 2022 733; x_wconf 82' lang='lat' dir='ltr'><strong>nuptias</strong></span> <span class='ocrx_word' id='word_1_49' title='bbox 2062 681 2167 720; x_wconf 93' lang='lat' dir='ltr'><strong>non</strong></span> 
     </span>
    </p>
   </div>
   <div class='ocr_carea' id='block_1_6' title="bbox 601 754 2165 823">
    <p class='ocr_par' dir='ltr' id='par_1_6' title="bbox 601 754 2165 823">
     <span class='ocr_line' id='line_1_6' title="bbox 601 754 2165 823; baseline 0.001 -16"><span class='ocrx_word' id='word_1_50' title='bbox 601 756 798 808; x_wconf 89' lang='lat' dir='ltr'><strong>iturum</strong></span> <span class='ocrx_word' id='word_1_51' title='bbox 830 754 1138 823; x_wconf 89' lang='lat' dir='ltr'><strong>spopondit,</strong></span> <span class='ocrx_word' id='word_1_52' title='bbox 1162 754 1263 809; x_wconf 88' lang='lat' dir='ltr'><strong>nisi</strong></span> <span class='ocrx_word' id='word_1_53' title='bbox 1293 754 1382 809; x_wconf 91' lang='lat' dir='ltr'><strong>ille</strong></span> <span class='ocrx_word' id='word_1_54' title='bbox 1411 755 1522 823; x_wconf 88' lang='lat' dir='ltr'><strong>ipse</strong></span> <span class='ocrx_word' id='word_1_55' title='bbox 1552 769 1646 809; x_wconf 91' lang='lat' dir='ltr'><strong>cas</strong></span> <span class='ocrx_word' id='word_1_56' title='bbox 1678 764 1823 810; x_wconf 85' lang='lat' dir='ltr'><strong>esset</strong></span> <span class='ocrx_word' id='word_1_57' title='bbox 1862 755 2165 811; x_wconf 90' lang='lat' dir='ltr'><strong>celebratu-</strong></span> 
     </span>
    </p>
   </div>
   <div class='ocr_carea' id='block_1_7' title="bbox 600 843 2169 913">
    <p class='ocr_par' dir='ltr' id='par_1_7' title="bbox 600 843 2169 913">
     <span class='ocr_line' id='line_1_7' title="bbox 600 843 2169 913; baseline 0 -16"><span class='ocrx_word' id='word_1_58' title='bbox 600 859 715 908; x_wconf 91' lang='lat' dir='ltr'><strong>rus,</strong></span> <span class='ocrx_word' id='word_1_59' title='bbox 766 844 928 913; x_wconf 89' lang='lat' dir='ltr'><strong>quod,</strong></span> <span class='ocrx_word' id='word_1_60' title='bbox 982 859 1105 899; x_wconf 90' lang='lat' dir='ltr'><strong>cum</strong></span> <span class='ocrx_word' id='word_1_61' title='bbox 1153 844 1435 899; x_wconf 80' lang='lat' dir='ltr'><strong>Remeusis</strong></span> <span class='ocrx_word' id='word_1_62' title='bbox 1488 843 1744 909; x_wconf 77' lang='lat' dir='ltr'><strong>Ecclesia,</strong></span> <span class='ocrx_word' id='word_1_63' title='bbox 1799 845 1987 913; x_wconf 88' lang='lat' dir='ltr'><strong>inquit,</strong></span> <span class='ocrx_word' id='word_1_64' title='bbox 2025 844 2169 913; x_wconf 81' lang='lat' dir='ltr'><strong>regni</strong></span> 
     </span>
    </p>
   </div>
   <div class='ocr_carea' id='block_1_8' title="bbox 598 932 2169 1002">
    <p class='ocr_par' dir='ltr' id='par_1_8' title="bbox 598 932 2169 1002">
     <span class='ocr_line' id='line_1_8' title="bbox 598 932 2169 1002; baseline 0 -17"><span class='ocrx_word' id='word_1_65' title='bbox 598 933 835 987; x_wconf 80' lang='lat' dir='ltr'><strong>diadema</strong></span> <span class='ocrx_word' id='word_1_66' title='bbox 865 933 1071 996; x_wconf 84' lang='lat' dir='ltr'><strong>habeat,</strong></span> <span class='ocrx_word' id='word_1_67' title='bbox 1124 932 1259 986; x_wconf 88' lang='lat' dir='ltr'><strong>nihil</strong></span> <span class='ocrx_word' id='word_1_68' title='bbox 1306 933 1510 1002; x_wconf 87' lang='lat' dir='ltr'><strong>absque</strong></span> <span class='ocrx_word' id='word_1_69' title='bbox 1556 932 1697 987; x_wconf 88' lang='lat' dir='ltr'><strong>illius</strong></span> <span class='ocrx_word' id='word_1_70' title='bbox 1742 933 2002 988; x_wconf 79' lang='lat' dir='ltr'><strong>antistitis</strong></span> <span class='ocrx_word' id='word_1_71' title='bbox 2040 947 2169 986; x_wconf 87' lang='lat' dir='ltr'><strong>con-</strong></span> 
     </span>
    </p>
   </div>
   <div class='ocr_carea' id='block_1_9' title="bbox 596 1020 2168 1092">
    <p class='ocr_par' dir='ltr' id='par_1_9' title="bbox 596 1020 2168 1092">
     <span class='ocr_line' id='line_1_9' title="bbox 596 1020 2168 1092; baseline 0.001 -17"><span class='ocrx_word' id='word_1_72' title='bbox 596 1037 758 1077; x_wconf 90' lang='lat' dir='ltr'><strong>sensu</strong></span> <span class='ocrx_word' id='word_1_73' title='bbox 783 1023 1003 1077; x_wconf 79' lang='lat' dir='ltr'><strong>deberet</strong></span> <span class='ocrx_word' id='word_1_74' title='bbox 1028 1020 1465 1077; x_wconf 87' lang='lat' dir='ltr'><strong>lieri.Jactitabat</strong></span> <span class='ocrx_word' id='word_1_75' title='bbox 1494 1022 1709 1091; x_wconf 87' lang='lat' dir='ltr'><strong>quidem</strong></span> <span class='ocrx_word' id='word_1_76' title='bbox 1740 1022 2014 1092; x_wconf 85' lang='lat' dir='ltr'><strong>Philippus</strong></span> <span class='ocrx_word' id='word_1_77' title='bbox 2040 1037 2168 1077; x_wconf 83' lang='lat' dir='ltr'><strong>cau-</strong></span> 
     </span>
    </p>
   </div>
   <div class='ocr_carea' id='block_1_10' title="bbox 595 1110 2169 1183">
    <p class='ocr_par' dir='ltr' id='par_1_10' title="bbox 595 1110 2169 1183">
     <span class='ocr_line' id='line_1_10' title="bbox 595 1110 2169 1183; baseline -0.001 -14"><span class='ocrx_word' id='word_1_78' title='bbox 595 1130 709 1169; x_wconf 85' lang='lat' dir='ltr'><strong>sam</strong></span> <span class='ocrx_word' id='word_1_79' title='bbox 738 1115 804 1168; x_wconf 89' lang='lat' dir='ltr'><strong>ab</strong></span> <span class='ocrx_word' id='word_1_80' title='bbox 837 1110 1052 1177; x_wconf 84' lang='lat' dir='ltr'><strong>Urbano</strong></span> <span class='ocrx_word' id='word_1_81' title='bbox 1079 1128 1216 1183; x_wconf 90' lang='lat' dir='ltr'><strong>papa</strong></span> <span class='ocrx_word' id='word_1_82' title='bbox 1258 1114 1420 1168; x_wconf 85' lang='lat' dir='ltr'><strong>fuisse</strong></span> <span class='ocrx_word' id='word_1_83' title='bbox 1463 1113 1761 1178; x_wconf 79' lang='lat' dir='ltr'><strong>deﬁnitam,</strong></span> <span class='ocrx_word' id='word_1_84' title='bbox 1790 1114 2169 1183; x_wconf 85' lang='lat' dir='ltr'><strong>approbatam-</strong></span> 
     </span>
    </p>
   </div>
   <div class='ocr_carea' id='block_1_11' title="bbox 596 1201 2165 1273">
    <p class='ocr_par' dir='ltr' id='par_1_11' title="bbox 596 1201 2165 1273">
     <span class='ocr_line' id='line_1_11' title="bbox 596 1201 2165 1273; baseline -0.001 -16"><span class='ocrx_word' id='word_1_85' title='bbox 596 1218 701 1272; x_wconf 91' lang='lat' dir='ltr'><strong>que</strong></span> <span class='ocrx_word' id='word_1_86' title='bbox 727 1218 756 1257; x_wconf 90' lang='lat' dir='ltr'><strong>a</strong></span> <span class='ocrx_word' id='word_1_87' title='bbox 786 1202 1065 1273; x_wconf 85' lang='lat' dir='ltr'><strong>Raynoldo</strong></span> <span class='ocrx_word' id='word_1_88' title='bbox 1092 1203 1497 1273; x_wconf 82' lang='lat' dir='ltr'><strong>archiepiscopo</strong></span> <span class='ocrx_word' id='word_1_89' title='bbox 1540 1202 1761 1273; x_wconf 86' lang='lat' dir='ltr'><strong>ejusque</strong></span> <span class='ocrx_word' id='word_1_90' title='bbox 1792 1201 2165 1273; x_wconf 79' lang='lat' dir='ltr'><strong>suﬂ‘raganeis.</strong></span> 
     </span>
    </p>
   </div>
   <div class='ocr_carea' id='block_1_12' title="bbox 598 1292 2165 1364">
    <p class='ocr_par' dir='ltr' id='par_1_12' title="bbox 598 1292 2165 1364">
     <span class='ocr_line' id='line_1_12' title="bbox 598 1292 2165 1364; baseline 0.001 -18"><span class='ocrx_word' id='word_1_91' title='bbox 598 1294 664 1346; x_wconf 81' lang='lat' dir='ltr'><strong>At</strong></span> <span class='ocrx_word' id='word_1_92' title='bbox 700 1292 781 1346; x_wconf 90' lang='lat' dir='ltr'><strong>his</strong></span> <span class='ocrx_word' id='word_1_93' title='bbox 806 1292 962 1347; x_wconf 91' lang='lat' dir='ltr'><strong>dictis</strong></span> <span class='ocrx_word' id='word_1_94' title='bbox 989 1308 1093 1346; x_wconf 90' lang='lat' dir='ltr'><strong>non</strong></span> <span class='ocrx_word' id='word_1_95' title='bbox 1118 1293 1372 1347; x_wconf 87' lang='lat' dir='ltr'><strong>credebat</strong></span> <span class='ocrx_word' id='word_1_96' title='bbox 1409 1293 1518 1347; x_wconf 92' lang='lat' dir='ltr'><strong>lvo.</strong></span> <span class='ocrx_word' id='word_1_97' title='bbox 1552 1294 1619 1348; x_wconf 88' lang='lat' dir='ltr'><strong>Et</strong></span> <span class='ocrx_word' id='word_1_98' title='bbox 1652 1304 1799 1350; x_wconf 87' lang='lat' dir='ltr'><strong>certe</strong></span> <span class='ocrx_word' id='word_1_99' title='bbox 1829 1293 2165 1364; x_wconf 80' lang='lat' dir='ltr'><strong>Raynoldum</strong></span> 
     </span>
    </p>
   </div>
   <div class='ocr_carea' id='block_1_13' title="bbox 598 1382 2166 1456">
    <p class='ocr_par' dir='ltr' id='par_1_13' title="bbox 598 1382 2166 1456">
     <span class='ocr_line' id='line_1_13' title="bbox 598 1382 2166 1456; baseline 0.001 -20"><span class='ocrx_word' id='word_1_100' title='bbox 598 1399 872 1452; x_wconf 88' lang='lat' dir='ltr'><strong>nunquam</strong></span> <span class='ocrx_word' id='word_1_101' title='bbox 914 1382 1142 1453; x_wconf 87' lang='lat' dir='ltr'><strong>Philippi</strong></span> <span class='ocrx_word' id='word_1_102' title='bbox 1199 1386 1398 1454; x_wconf 86' lang='lat' dir='ltr'><strong>nuptiis</strong></span> <span class='ocrx_word' id='word_1_103' title='bbox 1454 1387 1791 1441; x_wconf 90' lang='lat' dir='ltr'><strong>consensisse</strong></span> <span class='ocrx_word' id='word_1_104' title='bbox 1846 1385 1965 1456; x_wconf 88' lang='lat' dir='ltr'><strong>plus</strong></span> <span class='ocrx_word' id='word_1_105' title='bbox 2006 1401 2166 1455; x_wconf 91' lang='lat' dir='ltr'><strong>quam</strong></span> 
     </span>
    </p>
   </div>
   <div class='ocr_carea' id='block_1_14' title="bbox 598 1477 2165 1548">
    <p class='ocr_par' dir='ltr' id='par_1_14' title="bbox 598 1477 2165 1548">
     <span class='ocr_line' id='line_1_14' title="bbox 598 1477 2165 1548; baseline 0.001 -18"><span class='ocrx_word' id='word_1_106' title='bbox 598 1477 873 1546; x_wconf 88' lang='lat' dir='ltr'><strong>probabile</strong></span> <span class='ocrx_word' id='word_1_107' title='bbox 915 1489 1015 1533; x_wconf 90' lang='lat' dir='ltr'><strong>est.</strong></span> <span class='ocrx_word' id='word_1_108' title='bbox 1064 1478 1119 1533; x_wconf 93' lang='lat' dir='ltr'><strong>ld</strong></span> <span class='ocrx_word' id='word_1_109' title='bbox 1160 1492 1292 1533; x_wconf 88' lang='lat' dir='ltr'><strong>sane</strong></span> <span class='ocrx_word' id='word_1_110' title='bbox 1342 1490 1550 1533; x_wconf 91' lang='lat' dir='ltr'><strong>certum</strong></span> <span class='ocrx_word' id='word_1_111' title='bbox 1589 1487 1691 1543; x_wconf 87' lang='lat' dir='ltr'><strong>est,</strong></span> <span class='ocrx_word' id='word_1_112' title='bbox 1736 1480 1836 1533; x_wconf 89' lang='lat' dir='ltr'><strong>has</strong></span> <span class='ocrx_word' id='word_1_113' title='bbox 1884 1479 2099 1548; x_wconf 87' lang='lat' dir='ltr'><strong>nuptias</strong></span> <span class='ocrx_word' id='word_1_114' title='bbox 2135 1493 2165 1532; x_wconf 91' lang='lat' dir='ltr'><strong>a</strong></span> 
     </span>
    </p>
   </div>
   <div class='ocr_carea' id='block_1_15' title="bbox 600 1567 2168 1639">
    <p class='ocr_par' dir='ltr' id='par_1_15' title="bbox 600 1567 2168 1639">
     <span class='ocr_line' id='line_1_15' title="bbox 600 1567 2168 1639; baseline 0.003 -20"><span class='ocrx_word' id='word_1_115' title='bbox 600 1567 893 1637; x_wconf 81' lang='lat' dir='ltr'><strong>Raynoldo,</strong></span> <span class='ocrx_word' id='word_1_116' title='bbox 917 1568 1057 1639; x_wconf 90' lang='lat' dir='ltr'><strong>quod</strong></span> <span class='ocrx_word' id='word_1_117' title='bbox 1088 1576 1263 1623; x_wconf 87' lang='lat' dir='ltr'><strong>tamen</strong></span> <span class='ocrx_word' id='word_1_118' title='bbox 1288 1568 1621 1638; x_wconf 81' lang='lat' dir='ltr'><strong>privilegium</strong></span> <span class='ocrx_word' id='word_1_119' title='bbox 1647 1577 1765 1624; x_wconf 91' lang='lat' dir='ltr'><strong>erat</strong></span> <span class='ocrx_word' id='word_1_120' title='bbox 1789 1584 1898 1623; x_wconf 82' lang='lat' dir='ltr'><strong>suae</strong></span> <span class='ocrx_word' id='word_1_121' title='bbox 1916 1568 2168 1624; x_wconf 64' lang='lat' dir='ltr'><strong>Ecclesiae</strong></span> 
     </span>
    </p>
   </div>
   <div class='ocr_carea' id='block_1_16' title="bbox 599 1656 2166 1726">
    <p class='ocr_par' dir='ltr' id='par_1_16' title="bbox 599 1656 2166 1726">
     <span class='ocr_line' id='line_1_16' title="bbox 599 1656 2166 1726; baseline 0.001 -17"><span class='ocrx_word' id='word_1_122' title='bbox 599 1656 895 1711; x_wconf 80' lang='lat' dir='ltr'><strong>antiStitum</strong></span> <span class='ocrx_word' id='word_1_123' title='bbox 930 1696 944 1721; x_wconf 96' lang='lat'><strong>,</strong></span> <span class='ocrx_word' id='word_1_124' title='bbox 995 1672 1268 1726; x_wconf 87' lang='lat' dir='ltr'><strong>nunquam</strong></span> <span class='ocrx_word' id='word_1_125' title='bbox 1316 1656 1481 1712; x_wconf 85' lang='lat' dir='ltr'><strong>fuisse</strong></span> <span class='ocrx_word' id='word_1_126' title='bbox 1533 1657 1863 1723; x_wconf 90' lang='lat' dir='ltr'><strong>celebratas;</strong></span> <span class='ocrx_word' id='word_1_127' title='bbox 1919 1656 2166 1712; x_wconf 88' lang='lat' dir='ltr'><strong>Urbanus</strong></span> 
     </span>
    </p>
   </div>
   <div class='ocr_carea' id='block_1_17' title="bbox 2271 480 3767 565">
    <p class='ocr_par' dir='ltr' id='par_1_17' title="bbox 2271 480 3767 565">
     <span class='ocr_line' id='line_1_17' title="bbox 2271 480 3767 565; baseline 0.011 -30"><span class='ocrx_word' id='word_1_128' title='bbox 2271 480 2549 549; x_wconf 87' lang='lat' dir='ltr'><strong>Bajocensi</strong></span> <span class='ocrx_word' id='word_1_129' title='bbox 2578 492 2671 538; x_wconf 88' lang='lat' dir='ltr'><strong>aut</strong></span> <span class='ocrx_word' id='word_1_130' title='bbox 2706 483 3005 539; x_wconf 86' lang='lat' dir='ltr'><strong>Willelmus</strong></span> <span class='ocrx_word' id='word_1_131' title='bbox 3035 486 3270 556; x_wconf 87' lang='lat' dir='ltr'><strong>primum</strong></span> <span class='ocrx_word' id='word_1_132' title='bbox 3300 489 3618 547; x_wconf 79' lang='lat' dir='ltr'><strong>interfueriut</strong></span> <span class='ocrx_word' id='word_1_133' title='bbox 3643 510 3767 565; x_wconf 86' lang='lat' dir='ltr'><strong>spon-</strong></span> 
     </span>
    </p>
   </div>
   <div class='ocr_carea' id='block_1_18' title="bbox 2270 572 3769 655">
    <p class='ocr_par' dir='ltr' id='par_1_18' title="bbox 2270 572 3769 655">
     <span class='ocr_line' id='line_1_18' title="bbox 2270 572 3769 655; baseline 0.009 -28"><span class='ocrx_word' id='word_1_134' title='bbox 2270 572 2471 627; x_wconf 86' lang='lat' dir='ltr'><strong>salibus</strong></span> <span class='ocrx_word' id='word_1_135' title='bbox 2500 572 2731 644; x_wconf 87' lang='lat' dir='ltr'><strong>Philippi</strong></span> <span class='ocrx_word' id='word_1_136' title='bbox 2763 585 2816 629; x_wconf 91' lang='lat' dir='ltr'><strong>et</strong></span> <span class='ocrx_word' id='word_1_137' title='bbox 2842 574 3384 647; x_wconf 83' lang='lat' dir='ltr'><strong>Bertradae,quorum</strong></span> <span class='ocrx_word' id='word_1_138' title='bbox 3413 590 3583 649; x_wconf 87' lang='lat' dir='ltr'><strong>postea</strong></span> <span class='ocrx_word' id='word_1_139' title='bbox 3604 587 3769 655; x_wconf 80' lang='lat' dir='ltr'><strong>nuptias</strong></span> 
     </span>
    </p>
   </div>
   <div class='ocr_carea' id='block_1_19' title="bbox 2272 665 3769 735">
    <p class='ocr_par' dir='ltr' id='par_1_19' title="bbox 2272 665 3769 735">
     <span class='ocr_line' id='line_1_19' title="bbox 2272 665 3769 735; baseline 0.007 -16"><span class='ocrx_word' id='word_1_140' title='bbox 2272 665 2692 720; x_wconf 90' lang='lat' dir='ltr'><strong>Silvanectensis</strong></span> <span class='ocrx_word' id='word_1_141' title='bbox 2758 666 3042 735; x_wconf 82' lang='lat' dir='ltr'><strong>episcOpus</strong></span> <span class='ocrx_word' id='word_1_142' title='bbox 3106 668 3484 735; x_wconf 82' lang='lat' dir='ltr'><strong>benedixerit,</strong></span> <span class='ocrx_word' id='word_1_143' title='bbox 3541 672 3769 731; x_wconf 89' lang='lat' dir='ltr'><strong>incertum.</strong></span> 
     </span>
    </p>
   </div>
   <div class='ocr_carea' id='block_1_20' title="bbox 2269 756 3771 829">
    <p class='ocr_par' dir='ltr' id='par_1_20' title="bbox 2269 756 3771 829">
     <span class='ocr_line' id='line_1_20' title="bbox 2269 756 3771 829; baseline 0.005 -16"><span class='ocrx_word' id='word_1_144' title='bbox 2269 757 2427 813; x_wconf 89' lang='lat' dir='ltr'><strong>Certe</strong></span> <span class='ocrx_word' id='word_1_145' title='bbox 2468 756 2600 810; x_wconf 88' lang='lat' dir='ltr'><strong>alios</strong></span> <span class='ocrx_word' id='word_1_146' title='bbox 2628 756 2791 811; x_wconf 89' lang='lat' dir='ltr'><strong>etiam</strong></span> <span class='ocrx_word' id='word_1_147' title='bbox 2835 758 3114 826; x_wconf 90' lang='lat' dir='ltr'><strong>episcopos</strong></span> <span class='ocrx_word' id='word_1_148' title='bbox 3140 760 3439 829; x_wconf 65' lang='lat' dir='ltr'><strong>praestingit</strong></span> <span class='ocrx_word' id='word_1_149' title='bbox 3476 762 3542 816; x_wconf 90' lang='lat' dir='ltr'><strong>ob</strong></span> <span class='ocrx_word' id='word_1_150' title='bbox 3582 766 3771 821; x_wconf 80' lang='lat' dir='ltr'><strong>eamdem</strong></span> 
     </span>
    </p>
   </div>
   <div class='ocr_carea' id='block_1_21' title="bbox 2270 846 3773 919">
    <p class='ocr_par' dir='ltr' id='par_1_21' title="bbox 2270 846 3773 919">
     <span class='ocr_line' id='line_1_21' title="bbox 2270 846 3773 919; baseline 0.003 -17"><span class='ocrx_word' id='word_1_151' title='bbox 2270 860 2383 902; x_wconf 89' lang='lat' dir='ltr'><strong>rem</strong></span> <span class='ocrx_word' id='word_1_152' title='bbox 2415 846 2565 917; x_wconf 81' lang='lat' dir='ltr'><strong>Hugo</strong></span> <span class='ocrx_word' id='word_1_153' title='bbox 2596 846 3040 911; x_wconf 86' lang='lat' dir='ltr'><strong>Flaviniacensis,</strong></span> <span class='ocrx_word' id='word_1_154' title='bbox 3074 847 3164 915; x_wconf 93' lang='lat' dir='ltr'><strong>qui</strong></span> <span class='ocrx_word' id='word_1_155' title='bbox 3194 849 3394 903; x_wconf 89' lang='lat' dir='ltr'><strong>asserit</strong></span> <span class='ocrx_word' id='word_1_156' title='bbox 3442 848 3705 919; x_wconf 83' lang='lat' dir='ltr'><strong>Philippum</strong></span> <span class='ocrx_word' id='word_1_157' title='bbox 3736 856 3773 906; x_wconf 87' lang='lat' dir='ltr'><strong>in</strong></span> 
     </span>
    </p>
   </div>
   <div class='ocr_carea' id='block_1_22' title="bbox 2269 936 3775 1012">
    <p class='ocr_par' dir='ltr' id='par_1_22' title="bbox 2269 936 3775 1012">
     <span class='ocr_line' id='line_1_22' title="bbox 2269 936 3775 1012; baseline 0.003 -20"><span class='ocrx_word' id='word_1_158' title='bbox 2269 938 2518 1007; x_wconf 77' lang='lat' dir='ltr'><strong>episcopis</strong></span> <span class='ocrx_word' id='word_1_159' title='bbox 2555 937 2707 1007; x_wconf 83' lang='lat' dir='ltr'><strong>regni</strong></span> <span class='ocrx_word' id='word_1_160' title='bbox 2751 936 2833 991; x_wconf 90' lang='lat' dir='ltr'><strong>sui</strong></span> <span class='ocrx_word' id='word_1_161' title='bbox 2860 938 3111 991; x_wconf 87' lang='lat' dir='ltr'><strong>invenisse</strong></span> <span class='ocrx_word' id='word_1_162' title='bbox 3132 955 3262 1007; x_wconf 86' lang='lat' dir='ltr'><strong>quos</strong></span> <span class='ocrx_word' id='word_1_163' title='bbox 3291 940 3390 992; x_wconf 89' lang='lat' dir='ltr'><strong>sibi</strong></span> <span class='ocrx_word' id='word_1_164' title='bbox 3420 942 3643 1005; x_wconf 85' lang='lat' dir='ltr'><strong>sociaret,</strong></span> <span class='ocrx_word' id='word_1_165' title='bbox 3662 962 3775 1012; x_wconf 80' lang='lat' dir='ltr'><strong>quos-</strong></span> 
     </span>
    </p>
   </div>
   <div class='ocr_carea' id='block_1_23' title="bbox 2268 1028 3774 1101">
    <p class='ocr_par' dir='ltr' id='par_1_23' title="bbox 2268 1028 3774 1101">
     <span class='ocr_line' id='line_1_23' title="bbox 2268 1028 3774 1101; baseline 0.001 -19"><span class='ocrx_word' id='word_1_166' title='bbox 2268 1046 2365 1101; x_wconf 85' lang='lat' dir='ltr'><strong>que</strong></span> <span class='ocrx_word' id='word_1_167' title='bbox 2390 1030 2521 1082; x_wconf 88' lang='lat' dir='ltr'><strong>tanti</strong></span> <span class='ocrx_word' id='word_1_168' title='bbox 2549 1028 2808 1099; x_wconf 81' lang='lat' dir='ltr'><strong>sacrilegii</strong></span> <span class='ocrx_word' id='word_1_169' title='bbox 2839 1030 3102 1083; x_wconf 88' lang='lat' dir='ltr'><strong>ministros</strong></span> <span class='ocrx_word' id='word_1_170' title='bbox 3130 1030 3379 1098; x_wconf 68' lang='lat' dir='ltr'><strong>efﬁceret;</strong></span> <span class='ocrx_word' id='word_1_171' title='bbox 3410 1045 3593 1098; x_wconf 87' lang='lat' dir='ltr'><strong>nempe</strong></span> <span class='ocrx_word' id='word_1_172' title='bbox 3622 1032 3774 1100; x_wconf 68' lang='lat' dir='ltr'><strong>Philip-</strong></span> 
     </span>
    </p>
   </div>
   <div class='ocr_carea' id='block_1_24' title="bbox 2267 1117 3775 1187">
    <p class='ocr_par' dir='ltr' id='par_1_24' title="bbox 2267 1117 3775 1187">
     <span class='ocr_line' id='line_1_24' title="bbox 2267 1117 3775 1187; baseline 0.001 -16"><span class='ocrx_word' id='word_1_173' title='bbox 2267 1135 2389 1186; x_wconf 87' lang='lat' dir='ltr'><strong>pum</strong></span> <span class='ocrx_word' id='word_1_174' title='bbox 2417 1117 2718 1172; x_wconf 85' lang='lat' dir='ltr'><strong>Trecensem</strong></span> <span class='ocrx_word' id='word_1_175' title='bbox 2752 1118 3049 1187; x_wconf 82' lang='lat' dir='ltr'><strong>episcopum</strong></span> <span class='ocrx_word' id='word_1_176' title='bbox 3075 1129 3123 1172; x_wconf 91' lang='lat' dir='ltr'><strong>et</strong></span> <span class='ocrx_word' id='word_1_177' title='bbox 3160 1118 3471 1172; x_wconf 86' lang='lat' dir='ltr'><strong>Walterium</strong></span> <span class='ocrx_word' id='word_1_178' title='bbox 3500 1119 3775 1182; x_wconf 73' lang='lat' dir='ltr'><strong>Meldensrm,</strong></span> 
     </span>
    </p>
   </div>
   <div class='ocr_carea' id='block_1_25' title="bbox 2269 1205 3777 1276">
    <p class='ocr_par' dir='ltr' id='par_1_25' title="bbox 2269 1205 3777 1276">
     <span class='ocr_line' id='line_1_25' title="bbox 2269 1205 3777 1276; baseline 0.001 -17"><span class='ocrx_word' id='word_1_179' title='bbox 2269 1206 2352 1259; x_wconf 88' lang='lat' dir='ltr'><strong>cui</strong></span> <span class='ocrx_word' id='word_1_180' title='bbox 2402 1205 2464 1261; x_wconf 83' lang='lat' dir='ltr'><strong>ob</strong></span> <span class='ocrx_word' id='word_1_181' title='bbox 2501 1206 2596 1260; x_wconf 86' lang='lat' dir='ltr'><strong>hoc</strong></span> <span class='ocrx_word' id='word_1_182' title='bbox 2630 1207 2981 1276; x_wconf 86' lang='lat' dir='ltr'><strong>episcopatum</strong></span> <span class='ocrx_word' id='word_1_183' title='bbox 3031 1206 3205 1273; x_wconf 84' lang='lat' dir='ltr'><strong>dedit,</strong></span> <span class='ocrx_word' id='word_1_184' title='bbox 3259 1218 3314 1260; x_wconf 89' lang='lat' dir='ltr'><strong>ut</strong></span> <span class='ocrx_word' id='word_1_185' title='bbox 3366 1209 3633 1261; x_wconf 84' lang='lat' dir='ltr'><strong>sacrationi</strong></span> <span class='ocrx_word' id='word_1_186' title='bbox 3667 1210 3777 1276; x_wconf 77' lang='lat' dir='ltr'><strong>cujus</strong></span> 
     </span>
    </p>
   </div>
   <div class='ocr_carea' id='block_1_26' title="bbox 2272 1298 3779 1367">
    <p class='ocr_par' dir='ltr' id='par_1_26' title="bbox 2272 1298 3779 1367">
     <span class='ocr_line' id='line_1_26' title="bbox 2272 1298 3779 1367; baseline -0.001 -15"><span class='ocrx_word' id='word_1_187' title='bbox 2272 1298 2535 1353; x_wconf 85' lang='lat' dir='ltr'><strong>Trecensis</strong></span> <span class='ocrx_word' id='word_1_188' title='bbox 2579 1308 2707 1352; x_wconf 85' lang='lat' dir='ltr'><strong>esset</strong></span> <span class='ocrx_word' id='word_1_189' title='bbox 2741 1307 3000 1367; x_wconf 87' lang='lat' dir='ltr'><strong>operator,</strong></span> <span class='ocrx_word' id='word_1_190' title='bbox 3040 1299 3123 1351; x_wconf 83' lang='lat' dir='ltr'><strong>hic</strong></span> <span class='ocrx_word' id='word_1_191' title='bbox 3178 1299 3316 1366; x_wconf 78' lang='lat' dir='ltr'><strong>foret</strong></span> <span class='ocrx_word' id='word_1_192' title='bbox 3371 1309 3709 1352; x_wconf 85' lang='lat' dir='ltr'><strong>consentaneus</strong></span> <span class='ocrx_word' id='word_1_193' title='bbox 3746 1310 3779 1352; x_wconf 72' lang='lat' dir='ltr'><strong>et</strong></span> 
     </span>
    </p>
   </div>
   <div class='ocr_carea' id='block_1_27' title="bbox 2267 1388 3780 1458">
    <p class='ocr_par' dir='ltr' id='par_1_27' title="bbox 2267 1388 3780 1458">
     <span class='ocr_line' id='line_1_27' title="bbox 2267 1388 3780 1458; baseline -0.001 -16"><span class='ocrx_word' id='word_1_194' title='bbox 2267 1389 2518 1442; x_wconf 86' lang='lat' dir='ltr'><strong>minister.</strong></span> <span class='ocrx_word' id='word_1_195' title='bbox 2544 1388 2610 1442; x_wconf 87' lang='lat' dir='ltr'><strong>Et</strong></span> <span class='ocrx_word' id='word_1_196' title='bbox 2634 1388 2849 1458; x_wconf 88' lang='lat' dir='ltr'><strong>quidem</strong></span> <span class='ocrx_word' id='word_1_197' title='bbox 2876 1388 3031 1442; x_wconf 90' lang='lat' dir='ltr'><strong>testis</strong></span> <span class='ocrx_word' id='word_1_198' title='bbox 3054 1397 3137 1442; x_wconf 92' lang='lat' dir='ltr'><strong>est</strong></span> <span class='ocrx_word' id='word_1_199' title='bbox 3159 1388 3250 1442; x_wconf 87' lang='lat' dir='ltr'><strong>lvo</strong></span> <span class='ocrx_word' id='word_1_200' title='bbox 3276 1388 3515 1457; x_wconf 86' lang='lat' dir='ltr'><strong>epist.66</strong></span> <span class='ocrx_word' id='word_1_201' title='bbox 3534 1398 3584 1441; x_wconf 90' lang='lat' dir='ltr'><strong>et</strong></span> <span class='ocrx_word' id='word_1_202' title='bbox 3603 1404 3780 1455; x_wconf 72' lang='lat' dir='ltr'><strong>sequen-</strong></span> 
     </span>
    </p>
   </div>
   <div class='ocr_carea' id='block_1_28' title="bbox 2268 1478 3781 1551">
    <p class='ocr_par' dir='ltr' id='par_1_28' title="bbox 2268 1478 3781 1551">
     <span class='ocr_line' id='line_1_28' title="bbox 2268 1478 3781 1551; baseline -0.001 -18"><span class='ocrx_word' id='word_1_203' title='bbox 2268 1479 2409 1536; x_wconf 88' lang='lat' dir='ltr'><strong>tibus</strong></span> <span class='ocrx_word' id='word_1_204' title='bbox 2438 1479 2741 1551; x_wconf 88' lang='lat' dir='ltr'><strong>Philippum</strong></span> <span class='ocrx_word' id='word_1_205' title='bbox 2771 1494 2835 1533; x_wconf 91' lang='lat' dir='ltr'><strong>ac</strong></span> <span class='ocrx_word' id='word_1_206' title='bbox 2861 1479 3103 1549; x_wconf 88' lang='lat' dir='ltr'><strong>pellicem</strong></span> <span class='ocrx_word' id='word_1_207' title='bbox 3132 1478 3249 1549; x_wconf 86' lang='lat' dir='ltr'><strong>ejus</strong></span> <span class='ocrx_word' id='word_1_208' title='bbox 3293 1478 3600 1533; x_wconf 86' lang='lat' dir='ltr'><strong>Bcrtradam</strong></span> <span class='ocrx_word' id='word_1_209' title='bbox 3626 1480 3781 1547; x_wconf 88' lang='lat' dir='ltr'><strong>episco-</strong></span> 
     </span>
    </p>
   </div>
   <div class='ocr_carea' id='block_1_29' title="bbox 2268 1565 3781 1640">
    <p class='ocr_par' dir='ltr' id='par_1_29' title="bbox 2268 1565 3781 1640">
     <span class='ocr_line' id='line_1_29' title="bbox 2268 1565 3781 1640; baseline -0.004 -17"><span class='ocrx_word' id='word_1_210' title='bbox 2268 1580 2426 1640; x_wconf 90' lang='lat' dir='ltr'><strong>patus</strong></span> <span class='ocrx_word' id='word_1_211' title='bbox 2453 1579 2508 1625; x_wconf 89' lang='lat' dir='ltr'><strong>et</strong></span> <span class='ocrx_word' id='word_1_212' title='bbox 2533 1568 2774 1625; x_wconf 89' lang='lat' dir='ltr'><strong>abbatias</strong></span> <span class='ocrx_word' id='word_1_213' title='bbox 2799 1568 3019 1624; x_wconf 80' lang='lat' dir='ltr'><strong>venales</strong></span> <span class='ocrx_word' id='word_1_214' title='bbox 3067 1569 3391 1623; x_wconf 87' lang='lat' dir='ltr'><strong>reddidisse.</strong></span> <span class='ocrx_word' id='word_1_215' title='bbox 3431 1570 3501 1623; x_wconf 82' lang='lat' dir='ltr'><strong>At</strong></span> <span class='ocrx_word' id='word_1_216' title='bbox 3542 1568 3667 1621; x_wconf 88' lang='lat' dir='ltr'><strong>idem</strong></span> <span class='ocrx_word' id='word_1_217' title='bbox 3702 1565 3781 1626; x_wconf 84' lang='lat' dir='ltr'><strong>lvo,</strong></span> 
     </span>
    </p>
   </div>
   <div class='ocr_carea' id='block_1_30' title="bbox 2268 1655 3782 1727">
    <p class='ocr_par' dir='ltr' id='par_1_30' title="bbox 2268 1655 3782 1727">
     <span class='ocr_line' id='line_1_30' title="bbox 2268 1655 3782 1727; baseline -0.005 -14"><span class='ocrx_word' id='word_1_218' title='bbox 2268 1668 2457 1714; x_wconf 90' lang='lat' dir='ltr'><strong>auctor</strong></span> <span class='ocrx_word' id='word_1_219' title='bbox 2482 1658 2704 1713; x_wconf 89' lang='lat' dir='ltr'><strong>minime</strong></span> <span class='ocrx_word' id='word_1_220' title='bbox 2746 1667 3047 1726; x_wconf 88' lang='lat' dir='ltr'><strong>suspectus,</strong></span> <span class='ocrx_word' id='word_1_221' title='bbox 3080 1657 3240 1727; x_wconf 90' lang='lat' dir='ltr'><strong>epist.</strong></span> <span class='ocrx_word' id='word_1_222' title='bbox 3279 1657 3347 1711; x_wconf 83' lang='grc'><strong>16</strong></span> <span class='ocrx_word' id='word_1_223' title='bbox 3378 1665 3596 1712; x_wconf 90' lang='lat' dir='ltr'><strong>testatur</strong></span> <span class='ocrx_word' id='word_1_224' title='bbox 3622 1655 3782 1709; x_wconf 77' lang='lat' dir='ltr'><strong>Walte-</strong></span> 
     </span>
    </p>
   </div>
   <div class='ocr_carea' id='block_1_31' title="bbox 598 1745 3781 1824">
    <p class='ocr_par' dir='ltr' id='par_1_31' title="bbox 598 1745 3781 1824">
     <span class='ocr_line' id='line_1_31' title="bbox 598 1745 3781 1824; baseline -0.001 -25"><span class='ocrx_word' id='word_1_225' title='bbox 598 1760 725 1800; x_wconf 91' lang='lat' dir='ltr'><strong>vero</strong></span> <span class='ocrx_word' id='word_1_226' title='bbox 748 1762 851 1801; x_wconf 93' lang='lat' dir='ltr'><strong>non</strong></span> <span class='ocrx_word' id='word_1_227' title='bbox 875 1746 1123 1812; x_wconf 88' lang='lat' dir='ltr'><strong>obscure,</strong></span> <span class='ocrx_word' id='word_1_228' title='bbox 1153 1756 1244 1800; x_wconf 92' lang='lat' dir='ltr'><strong>aut</strong></span> <span class='ocrx_word' id='word_1_229' title='bbox 1271 1748 1543 1817; x_wconf 88' lang='lat' dir='ltr'><strong>privatim,</strong></span> <span class='ocrx_word' id='word_1_230' title='bbox 1562 1749 1653 1802; x_wconf 90' lang='lat' dir='ltr'><strong>sed</strong></span> <span class='ocrx_word' id='word_1_231' title='bbox 1675 1748 1852 1818; x_wconf 88' lang='lat' dir='ltr'><strong>palam</strong></span> <span class='ocrx_word' id='word_1_232' title='bbox 1879 1757 1932 1802; x_wconf 89' lang='lat' dir='ltr'><strong>et</strong></span> <span class='ocrx_word' id='word_1_233' title='bbox 1954 1748 2165 1803; x_wconf 88' lang='lat' dir='ltr'><strong>disertis</strong></span> <span class='ocrx_word' id='word_1_234' title='bbox 2196 1764 2242 1824; x_wconf 76' lang='grc' dir='ltr'><strong>Β</strong></span> <span class='ocrx_word' id='word_1_235' title='bbox 2274 1752 2410 1804; x_wconf 90' lang='lat' dir='ltr'><strong>rium</strong></span> <span class='ocrx_word' id='word_1_236' title='bbox 2427 1750 2751 1805; x_wconf 86' lang='lat' dir='ltr'><strong>Mcldensem</strong></span> <span class='ocrx_word' id='word_1_237' title='bbox 2765 1750 3073 1819; x_wconf 90' lang='lat' dir='ltr'><strong>episcopum</strong></span> <span class='ocrx_word' id='word_1_238' title='bbox 3094 1748 3400 1803; x_wconf 88' lang='lat' dir='ltr'><strong>adulterino</strong></span> <span class='ocrx_word' id='word_1_239' title='bbox 3428 1748 3547 1801; x_wconf 90' lang='lat' dir='ltr'><strong>huic</strong></span> <span class='ocrx_word' id='word_1_240' title='bbox 3568 1745 3781 1813; x_wconf 76' lang='lat' dir='ltr'><strong>coniugio,</strong></span> 
     </span>
    </p>
   </div>
   <div class='ocr_carea' id='block_1_32' title="bbox 598 1835 2170 1908">
    <p class='ocr_par' dir='ltr' id='par_1_32' title="bbox 598 1835 2170 1908">
     <span class='ocr_line' id='line_1_32' title="bbox 598 1835 2170 1908; baseline 0.001 -19"><span class='ocrx_word' id='word_1_241' title='bbox 598 1835 775 1893; x_wconf 78' lang='lat' dir='ltr'><strong>verbis</strong></span> <span class='ocrx_word' id='word_1_242' title='bbox 802 1852 908 1891; x_wconf 93' lang='lat' dir='ltr'><strong>non</strong></span> <span class='ocrx_word' id='word_1_243' title='bbox 934 1838 1099 1892; x_wconf 92' lang='lat' dir='ltr'><strong>semel</strong></span> <span class='ocrx_word' id='word_1_244' title='bbox 1129 1852 1220 1892; x_wconf 91' lang='lat' dir='ltr'><strong>eas</strong></span> <span class='ocrx_word' id='word_1_245' title='bbox 1247 1838 1543 1893; x_wconf 86' lang='lat' dir='ltr'><strong>detestatus</strong></span> <span class='ocrx_word' id='word_1_246' title='bbox 1570 1846 1672 1904; x_wconf 92' lang='lat' dir='ltr'><strong>est,</strong></span> <span class='ocrx_word' id='word_1_247' title='bbox 1704 1847 1761 1891; x_wconf 94' lang='lat' dir='ltr'><strong>ut</strong></span> <span class='ocrx_word' id='word_1_248' title='bbox 1801 1853 1865 1892; x_wconf 77' lang='lat' dir='ltr'><strong>ex</strong></span> <span class='ocrx_word' id='word_1_249' title='bbox 1906 1838 2024 1908; x_wconf 85' lang='lat' dir='ltr'><strong>ejus</strong></span> <span class='ocrx_word' id='word_1_250' title='bbox 2057 1836 2170 1906; x_wconf 79' lang='lat' dir='ltr'><strong>epi-</strong></span> 
     </span>
    </p>
   </div>
   <div class='ocr_carea' id='block_1_33' title="bbox 595 1928 2165 1999">
    <p class='ocr_par' dir='ltr' id='par_1_33' title="bbox 595 1928 2165 1999">
     <span class='ocr_line' id='line_1_33' title="bbox 595 1928 2165 1999; baseline 0 -18"><span class='ocrx_word' id='word_1_251' title='bbox 595 1928 829 1983; x_wconf 79' lang='lat' dir='ltr'><strong>stolaad</strong></span> <span class='ocrx_word' id='word_1_252' title='bbox 855 1930 1104 1983; x_wconf 90' lang='lat' dir='ltr'><strong>eumdem</strong></span> <span class='ocrx_word' id='word_1_253' title='bbox 1137 1928 1473 1999; x_wconf 83' lang='lat' dir='ltr'><strong>Raynoldum</strong></span> <span class='ocrx_word' id='word_1_254' title='bbox 1512 1940 1842 1999; x_wconf 65' lang='lat' dir='ltr'><strong>caeterosque</strong></span> <span class='ocrx_word' id='word_1_255' title='bbox 1878 1928 2165 1998; x_wconf 66' lang='lat' dir='ltr'><strong>provinciae</strong></span> 
     </span>
    </p>
   </div>
   <div class='ocr_carea' id='block_1_34' title="bbox 596 2017 2164 2089">
    <p class='ocr_par' dir='ltr' id='par_1_34' title="bbox 596 2017 2164 2089">
     <span class='ocr_line' id='line_1_34' title="bbox 596 2017 2164 2089; baseline 0 -19"><span class='ocrx_word' id='word_1_256' title='bbox 596 2017 876 2073; x_wconf 75' lang='lat' dir='ltr'><strong>Bernensis</strong></span> <span class='ocrx_word' id='word_1_257' title='bbox 905 2019 1185 2089; x_wconf 89' lang='lat' dir='ltr'><strong>episcopos</strong></span> <span class='ocrx_word' id='word_1_258' title='bbox 1234 2019 1360 2073; x_wconf 86' lang='lat' dir='ltr'><strong>data</strong></span> <span class='ocrx_word' id='word_1_259' title='bbox 1406 2027 1639 2084; x_wconf 87' lang='lat' dir='ltr'><strong>constat,</strong></span> <span class='ocrx_word' id='word_1_260' title='bbox 1685 2020 1737 2073; x_wconf 91' lang='lat' dir='ltr'><strong>in</strong></span> <span class='ocrx_word' id='word_1_261' title='bbox 1767 2033 1873 2088; x_wconf 93' lang='lat' dir='ltr'><strong>qua</strong></span> <span class='ocrx_word' id='word_1_262' title='bbox 1920 2019 2164 2089; x_wconf 80' lang='lat' dir='ltr'><strong>graviter</strong></span> 
     </span>
    </p>
   </div>
   <div class='ocr_carea' id='block_1_35' title="bbox 592 2108 2162 2178">
    <p class='ocr_par' dir='ltr' id='par_1_35' title="bbox 592 2108 2162 2178">
     <span class='ocr_line' id='line_1_35' title="bbox 592 2108 2162 2178; baseline 0.001 -19"><span class='ocrx_word' id='word_1_263' title='bbox 592 2108 712 2162; x_wconf 89' lang='lat' dir='ltr'><strong>illos</strong></span> <span class='ocrx_word' id='word_1_264' title='bbox 752 2108 1096 2178; x_wconf 88' lang='lat' dir='ltr'><strong>reprehendit</strong></span> <span class='ocrx_word' id='word_1_265' title='bbox 1142 2109 1284 2178; x_wconf 90' lang='lat' dir='ltr'><strong>quod</strong></span> <span class='ocrx_word' id='word_1_266' title='bbox 1324 2116 1531 2163; x_wconf 91' lang='lat' dir='ltr'><strong>tantum</strong></span> <span class='ocrx_word' id='word_1_267' title='bbox 1570 2109 1884 2164; x_wconf 88' lang='lat' dir='ltr'><strong>scandalum</strong></span> <span class='ocrx_word' id='word_1_268' title='bbox 1936 2123 2033 2162; x_wconf 90' lang='lat' dir='ltr'><strong>sua</strong></span> <span class='ocrx_word' id='word_1_269' title='bbox 2065 2124 2162 2161; x_wconf 91' lang='lat' dir='ltr'><strong>au-</strong></span> 
     </span>
    </p>
   </div>
   <div class='ocr_carea' id='block_1_36' title="bbox 592 2198 2165 2265">
    <p class='ocr_par' dir='ltr' id='par_1_36' title="bbox 592 2198 2165 2265">
     <span class='ocr_line' id='line_1_36' title="bbox 592 2198 2165 2265; baseline -0.001 -13"><span class='ocrx_word' id='word_1_270' title='bbox 592 2198 842 2252; x_wconf 88' lang='lat' dir='ltr'><strong>ctoritate</strong></span> <span class='ocrx_word' id='word_1_271' title='bbox 866 2213 971 2252; x_wconf 94' lang='lat' dir='ltr'><strong>non</strong></span> <span class='ocrx_word' id='word_1_272' title='bbox 1001 2198 1424 2265; x_wconf 89' lang='lat' dir='ltr'><strong>impedivissent.</strong></span> <span class='ocrx_word' id='word_1_273' title='bbox 1458 2199 1591 2262; x_wconf 89' lang='lat' dir='ltr'><strong>lmo,</strong></span> <span class='ocrx_word' id='word_1_274' title='bbox 1626 2199 1671 2253; x_wconf 88' lang='lat' dir='ltr'><strong>si</strong></span> <span class='ocrx_word' id='word_1_275' title='bbox 1699 2198 1956 2252; x_wconf 89' lang='lat' dir='ltr'><strong>Ordcrico</strong></span> <span class='ocrx_word' id='word_1_276' title='bbox 2007 2198 2165 2251; x_wconf 77' lang='lat' dir='ltr'><strong>[idem</strong></span> 
     </span>
    </p>
   </div>
   <div class='ocr_carea' id='block_1_37' title="bbox 595 2286 2164 2355">
    <p class='ocr_par' dir='ltr' id='par_1_37' title="bbox 595 2286 2164 2355">
     <span class='ocr_line' id='line_1_37' title="bbox 595 2286 2164 2355; baseline -0.001 -15"><span class='ocrx_word' id='word_1_277' title='bbox 595 2286 791 2341; x_wconf 89' lang='lat' dir='ltr'><strong>habere</strong></span> <span class='ocrx_word' id='word_1_278' title='bbox 816 2286 961 2351; x_wconf 90' lang='lat' dir='ltr'><strong>licet,</strong></span> <span class='ocrx_word' id='word_1_279' title='bbox 990 2288 1168 2342; x_wconf 91' lang='lat' dir='ltr'><strong>nullus</strong></span> <span class='ocrx_word' id='word_1_280' title='bbox 1195 2286 1415 2341; x_wconf 84' lang='lat' dir='ltr'><strong>antistes</strong></span> <span class='ocrx_word' id='word_1_281' title='bbox 1462 2287 1515 2340; x_wconf 93' lang='lat' dir='ltr'><strong>in</strong></span> <span class='ocrx_word' id='word_1_282' title='bbox 1551 2286 1721 2341; x_wconf 88' lang='lat' dir='ltr'><strong>Gallia</strong></span> <span class='ocrx_word' id='word_1_283' title='bbox 1762 2286 1903 2355; x_wconf 80' lang='lat' dir='ltr'><strong>regis</strong></span> <span class='ocrx_word' id='word_1_284' title='bbox 1928 2286 2164 2353; x_wconf 90' lang='lat' dir='ltr'><strong>cupidini</strong></span> 
     </span>
    </p>
   </div>
   <div class='ocr_carea' id='block_1_38' title="bbox 595 2376 2166 2446">
    <p class='ocr_par' dir='ltr' id='par_1_38' title="bbox 595 2376 2166 2446">
     <span class='ocr_line' id='line_1_38' title="bbox 595 2376 2166 2446; baseline -0.001 -16"><span class='ocrx_word' id='word_1_285' title='bbox 595 2378 847 2433; x_wconf 90' lang='lat' dir='ltr'><strong>assensit.</strong></span> <span class='ocrx_word' id='word_1_286' title='bbox 884 2376 1023 2444; x_wconf 88' lang='lat' dir='ltr'><strong>Quin</strong></span> <span class='ocrx_word' id='word_1_287' title='bbox 1054 2387 1110 2432; x_wconf 86' lang='lat' dir='ltr'><strong>et</strong></span> <span class='ocrx_word' id='word_1_288' title='bbox 1142 2378 1280 2432; x_wconf 90' lang='lat' dir='ltr'><strong>idem</strong></span> <span class='ocrx_word' id='word_1_289' title='bbox 1308 2387 1497 2432; x_wconf 88' lang='lat' dir='ltr'><strong>auctor</strong></span> <span class='ocrx_word' id='word_1_290' title='bbox 1523 2386 1642 2446; x_wconf 89' lang='lat' dir='ltr'><strong>post</strong></span> <span class='ocrx_word' id='word_1_291' title='bbox 1672 2378 1834 2432; x_wconf 88' lang='lat' dir='ltr'><strong>verba</strong></span> <span class='ocrx_word' id='word_1_292' title='bbox 1865 2392 1985 2445; x_wconf 86' lang='lat' dir='ltr'><strong>quae</strong></span> <span class='ocrx_word' id='word_1_293' title='bbox 2008 2377 2166 2446; x_wconf 89' lang='lat' dir='ltr'><strong>paulo</strong></span> 
     </span>
    </p>
   </div>
   <div class='ocr_carea' id='block_1_39' title="bbox 593 2466 2168 2539">
    <p class='ocr_par' dir='ltr' id='par_1_39' title="bbox 593 2466 2168 2539">
     <span class='ocr_line' id='line_1_39' title="bbox 593 2466 2168 2539; baseline -0.003 -15"><span class='ocrx_word' id='word_1_294' title='bbox 593 2470 842 2539; x_wconf 89' lang='lat' dir='ltr'><strong>superius</strong></span> <span class='ocrx_word' id='word_1_295' title='bbox 876 2469 1235 2534; x_wconf 84' lang='lat' dir='ltr'><strong>laudavimus,</strong></span> <span class='ocrx_word' id='word_1_296' title='bbox 1272 2468 1671 2523; x_wconf 90' lang='lat' dir='ltr'><strong>Gallicanorum</strong></span> <span class='ocrx_word' id='word_1_297' title='bbox 1717 2466 2004 2536; x_wconf 75' lang='lat' dir='ltr'><strong>prtesulum</strong></span> <span class='ocrx_word' id='word_1_298' title='bbox 2043 2466 2168 2519; x_wconf 79' lang='lat' dir='ltr'><strong>reli-</strong></span> 
     </span>
    </p>
   </div>
   <div class='ocr_carea' id='block_1_40' title="bbox 593 2557 2163 2630">
    <p class='ocr_par' dir='ltr' id='par_1_40' title="bbox 593 2557 2163 2630">
     <span class='ocr_line' id='line_1_40' title="bbox 593 2557 2163 2630; baseline -0.002 -17"><span class='ocrx_word' id='word_1_299' title='bbox 593 2561 804 2630; x_wconf 81' lang='lat' dir='ltr'><strong>gionem</strong></span> <span class='ocrx_word' id='word_1_300' title='bbox 828 2559 1030 2625; x_wconf 88' lang='lat' dir='ltr'><strong>laudat,</strong></span> <span class='ocrx_word' id='word_1_301' title='bbox 1057 2561 1198 2629; x_wconf 86' lang='lat' dir='ltr'><strong>quod</strong></span> <span class='ocrx_word' id='word_1_302' title='bbox 1223 2561 1415 2623; x_wconf 82' lang='lat' dir='ltr'><strong>nutlus,</strong></span> <span class='ocrx_word' id='word_1_303' title='bbox 1451 2569 1508 2613; x_wconf 90' lang='lat' dir='ltr'><strong>ut</strong></span> <span class='ocrx_word' id='word_1_304' title='bbox 1539 2558 1757 2628; x_wconf 90' lang='lat' dir='ltr'><strong>quidem</strong></span> <span class='ocrx_word' id='word_1_305' title='bbox 1784 2558 1895 2627; x_wconf 88' lang='lat' dir='ltr'><strong>ipse</strong></span> <span class='ocrx_word' id='word_1_306' title='bbox 1919 2557 2163 2627; x_wconf 89' lang='lat' dir='ltr'><strong>putabat,</strong></span> 
     </span>
    </p>
   </div>
   <div class='ocr_carea' id='block_1_41' title="bbox 592 2648 2162 2720">
    <p class='ocr_par' dir='ltr' id='par_1_41' title="bbox 592 2648 2162 2720">
     <span class='ocr_line' id='line_1_41' title="bbox 592 2648 2162 2720; baseline -0.003 -15"><span class='ocrx_word' id='word_1_307' title='bbox 592 2652 960 2705; x_wconf 81' lang='lat' dir='ltr'><strong>exsecrabilem</strong></span> <span class='ocrx_word' id='word_1_308' title='bbox 990 2652 1131 2706; x_wconf 87' lang='lat' dir='ltr'><strong>hanc</strong></span> <span class='ocrx_word' id='word_1_309' title='bbox 1159 2651 1596 2704; x_wconf 84' lang='lat' dir='ltr'><strong>consecrationem</strong></span> <span class='ocrx_word' id='word_1_310' title='bbox 1616 2651 1860 2720; x_wconf 83' lang='lat' dir='ltr'><strong>dignatus</strong></span> <span class='ocrx_word' id='word_1_311' title='bbox 1882 2651 1946 2703; x_wconf 90' lang='lat' dir='ltr'><strong>sit</strong></span> <span class='ocrx_word' id='word_1_312' title='bbox 1972 2648 2162 2712; x_wconf 80' lang='lat' dir='ltr'><strong>facere.</strong></span> 
     </span>
    </p>
   </div>
   <div class='ocr_carea' id='block_1_42' title="bbox 595 2736 2165 2811">
    <p class='ocr_par' dir='ltr' id='par_1_42' title="bbox 595 2736 2165 2811">
     <span class='ocr_line' id='line_1_42' title="bbox 595 2736 2165 2811; baseline -0.002 -18"><span class='ocrx_word' id='word_1_313' title='bbox 595 2740 632 2793; x_wconf 90' lang='lat' dir='ltr'><strong>li</strong></span> <span class='ocrx_word' id='word_1_314' title='bbox 654 2742 817 2805; x_wconf 90' lang='lat' dir='ltr'><strong>enim,</strong></span> <span class='ocrx_word' id='word_1_315' title='bbox 846 2741 923 2794; x_wconf 89' lang='lat' dir='ltr'><strong>uti</strong></span> <span class='ocrx_word' id='word_1_316' title='bbox 944 2740 1305 2811; x_wconf 86' lang='lat' dir='ltr'><strong>prosequitur,</strong></span> <span class='ocrx_word' id='word_1_317' title='bbox 1334 2739 1388 2792; x_wconf 91' lang='lat' dir='ltr'><strong>in</strong></span> <span class='ocrx_word' id='word_1_318' title='bbox 1412 2738 1580 2809; x_wconf 87' lang='lat' dir='ltr'><strong>rigore</strong></span> <span class='ocrx_word' id='word_1_319' title='bbox 1599 2747 1791 2793; x_wconf 83' lang='lat' dir='ltr'><strong>stantes</strong></span> <span class='ocrx_word' id='word_1_320' title='bbox 1807 2736 2165 2791; x_wconf 81' lang='lat' dir='ltr'><strong>ecclesiastica:</strong></span> 
     </span>
    </p>
   </div>
   <div class='ocr_carea' id='block_1_43' title="bbox 592 2828 2164 2902">
    <p class='ocr_par' dir='ltr' id='par_1_43' title="bbox 592 2828 2164 2902">
     <span class='ocr_line' id='line_1_43' title="bbox 592 2828 2164 2902; baseline -0.004 -17"><span class='ocrx_word' id='word_1_321' title='bbox 592 2832 915 2887; x_wconf 81' lang='lat' dir='ltr'><strong>rectitudinis</strong></span> <span class='ocrx_word' id='word_1_322' title='bbox 951 2831 1059 2886; x_wconf 90' lang='lat' dir='ltr'><strong>Deo</strong></span> <span class='ocrx_word' id='word_1_323' title='bbox 1089 2832 1255 2902; x_wconf 87' lang='lat' dir='ltr'><strong>magis</strong></span> <span class='ocrx_word' id='word_1_324' title='bbox 1308 2846 1465 2902; x_wconf 89' lang='lat' dir='ltr'><strong>quam</strong></span> <span class='ocrx_word' id='word_1_325' title='bbox 1507 2828 1801 2883; x_wconf 84' lang='lat' dir='ltr'><strong>hominibus</strong></span> <span class='ocrx_word' id='word_1_326' title='bbox 1856 2828 2164 2882; x_wconf 87' lang='lat' dir='ltr'><strong>studuerunt</strong></span> 
     </span>
    </p>
   </div>
   <div class='ocr_carea' id='block_1_44' title="bbox 590 2919 2167 2991">
    <p class='ocr_par' dir='ltr' id='par_1_44' title="bbox 590 2919 2167 2991">
     <span class='ocr_line' id='line_1_44' title="bbox 590 2919 2167 2991; baseline -0.002 -16"><span class='ocrx_word' id='word_1_327' title='bbox 590 2922 825 2991; x_wconf 83' lang='lat' dir='ltr'><strong>placere;</strong></span> <span class='ocrx_word' id='word_1_328' title='bbox 877 2932 922 2976; x_wconf 92' lang='lat' dir='ltr'><strong>et</strong></span> <span class='ocrx_word' id='word_1_329' title='bbox 956 2939 1131 2977; x_wconf 87' lang='lat' dir='ltr'><strong>omnes</strong></span> <span class='ocrx_word' id='word_1_330' title='bbox 1177 2932 1378 2991; x_wconf 86' lang='lat' dir='ltr'><strong>turpem</strong></span> <span class='ocrx_word' id='word_1_331' title='bbox 1411 2919 1651 2990; x_wconf 79' lang='lat' dir='ltr'><strong>copulam</strong></span> <span class='ocrx_word' id='word_1_332' title='bbox 1683 2921 2000 2973; x_wconf 81' lang='lat' dir='ltr'><strong>unanimiter</strong></span> <span class='ocrx_word' id='word_1_333' title='bbox 2028 2920 2167 2972; x_wconf 85' lang='lat' dir='ltr'><strong>dele-</strong></span> 
     </span>
    </p>
   </div>
   <div class='ocr_carea' id='block_1_45' title="bbox 590 3010 2163 3084">
    <p class='ocr_par' dir='ltr' id='par_1_45' title="bbox 590 3010 2163 3084">
     <span class='ocr_line' id='line_1_45' title="bbox 590 3010 2163 3084; baseline -0.001 -17"><span class='ocrx_word' id='word_1_334' title='bbox 590 3016 715 3068; x_wconf 88' lang='lat' dir='ltr'><strong>stati</strong></span> <span class='ocrx_word' id='word_1_335' title='bbox 742 3025 863 3069; x_wconf 86' lang='lat' dir='ltr'><strong>sunt</strong></span> <span class='ocrx_word' id='word_1_336' title='bbox 892 3015 1009 3084; x_wconf 89' lang='lat' dir='ltr'><strong>pari</strong></span> <span class='ocrx_word' id='word_1_337' title='bbox 1056 3015 1406 3067; x_wconf 78' lang='lat' dir='ltr'><strong>anathemate.</strong></span> <span class='ocrx_word' id='word_1_338' title='bbox 1452 3012 1589 3067; x_wconf 88' lang='lat' dir='ltr'><strong>Tum</strong></span> <span class='ocrx_word' id='word_1_339' title='bbox 1629 3010 1901 3081; x_wconf 74' lang='lat' dir='ltr'><strong>subjungit</strong></span> <span class='ocrx_word' id='word_1_340' title='bbox 1947 3012 2089 3081; x_wconf 85' lang='lat' dir='ltr'><strong>quod</strong></span> <span class='ocrx_word' id='word_1_341' title='bbox 2119 3012 2163 3065; x_wconf 89' lang='lat' dir='ltr'><strong>si</strong></span> 
     </span>
    </p>
   </div>
   <div class='ocr_carea' id='block_1_46' title="bbox 2268 1832 3784 1908">
    <p class='ocr_par' dir='ltr' id='par_1_46' title="bbox 2268 1832 3784 1908">
     <span class='ocr_line' id='line_1_46' title="bbox 2268 1832 3784 1908; baseline -0.005 -14"><span class='ocrx_word' id='word_1_342' title='bbox 2268 1840 2455 1895; x_wconf 88' lang='lat' dir='ltr'><strong>saltem</strong></span> <span class='ocrx_word' id='word_1_343' title='bbox 2509 1839 2826 1908; x_wconf 89' lang='lat' dir='ltr'><strong>priusquam</strong></span> <span class='ocrx_word' id='word_1_344' title='bbox 2884 1838 3069 1902; x_wconf 86' lang='lat' dir='ltr'><strong>lierct,</strong></span> <span class='ocrx_word' id='word_1_345' title='bbox 3115 1852 3221 1891; x_wconf 92' lang='lat' dir='ltr'><strong>non</strong></span> <span class='ocrx_word' id='word_1_346' title='bbox 3281 1835 3633 1891; x_wconf 89' lang='lat' dir='ltr'><strong>consensisse.</strong></span> <span class='ocrx_word' id='word_1_347' title='bbox 3675 1832 3784 1889; x_wconf 82' lang='lat' dir='ltr'><strong>Unde</strong></span> 
     </span>
    </p>
   </div>
   <div class='ocr_carea' id='block_1_47' title="bbox 2266 1925 3783 2001">
    <p class='ocr_par' dir='ltr' id='par_1_47' title="bbox 2266 1925 3783 2001">
     <span class='ocr_line' id='line_1_47' title="bbox 2266 1925 3783 2001; baseline -0.007 -16"><span class='ocrx_word' id='word_1_348' title='bbox 2266 1931 2543 2001; x_wconf 79' lang='lat' dir='ltr'><strong>Hugonem</strong></span> <span class='ocrx_word' id='word_1_349' title='bbox 2578 1932 2643 1985; x_wconf 91' lang='lat' dir='ltr'><strong>de</strong></span> <span class='ocrx_word' id='word_1_350' title='bbox 2675 1930 2760 1984; x_wconf 92' lang='lat' dir='ltr'><strong>his</strong></span> <span class='ocrx_word' id='word_1_351' title='bbox 2792 1929 2953 1983; x_wconf 85' lang='lat' dir='ltr'><strong>rebus</strong></span> <span class='ocrx_word' id='word_1_352' title='bbox 2988 1943 3091 1982; x_wconf 92' lang='lat' dir='ltr'><strong>non</strong></span> <span class='ocrx_word' id='word_1_353' title='bbox 3125 1928 3259 1982; x_wconf 89' lang='lat' dir='ltr'><strong>satis</strong></span> <span class='ocrx_word' id='word_1_354' title='bbox 3281 1935 3534 1981; x_wconf 89' lang='lat' dir='ltr'><strong>accurate</strong></span> <span class='ocrx_word' id='word_1_355' title='bbox 3559 1925 3783 1993; x_wconf 85' lang='lat' dir='ltr'><strong>scripsisse</strong></span> 
     </span>
    </p>
   </div>
   <div class='ocr_carea' id='block_1_48' title="bbox 2267 2012 3783 2086">
    <p class='ocr_par' dir='ltr' id='par_1_48' title="bbox 2267 2012 3783 2086">
     <span class='ocr_line' id='line_1_48' title="bbox 2267 2012 3783 2086; baseline -0.009 -9"><span class='ocrx_word' id='word_1_356' title='bbox 2267 2021 2624 2085; x_wconf 83' lang='lat' dir='ltr'><strong>crediderim;</strong></span> <span class='ocrx_word' id='word_1_357' title='bbox 2658 2019 2893 2073; x_wconf 82' lang='lat' dir='ltr'><strong>maxime</strong></span> <span class='ocrx_word' id='word_1_358' title='bbox 2918 2034 3038 2073; x_wconf 91' lang='lat' dir='ltr'><strong>cum</strong></span> <span class='ocrx_word' id='word_1_359' title='bbox 3078 2018 3193 2086; x_wconf 90' lang='lat' dir='ltr'><strong>ipse</strong></span> <span class='ocrx_word' id='word_1_360' title='bbox 3239 2017 3492 2072; x_wconf 85' lang='lat' dir='ltr'><strong>Urbanus</strong></span> <span class='ocrx_word' id='word_1_361' title='bbox 3519 2017 3567 2070; x_wconf 89' lang='lat' dir='ltr'><strong>in</strong></span> <span class='ocrx_word' id='word_1_362' title='bbox 3608 2012 3783 2084; x_wconf 76' lang='lat' dir='ltr'><strong>epistola</strong></span> 
     </span>
    </p>
   </div>
   <div class='ocr_carea' id='block_1_49' title="bbox 2260 2107 3782 2183">
    <p class='ocr_par' dir='ltr' id='par_1_49' title="bbox 2260 2107 3782 2183">
     <span class='ocr_line' id='line_1_49' title="bbox 2260 2107 3782 2183; baseline -0.007 -17"><span class='ocrx_word' id='word_1_363' title='bbox 2260 2112 2370 2183; x_wconf 90' lang='lat' dir='ltr'><strong>jam</strong></span> <span class='ocrx_word' id='word_1_364' title='bbox 2422 2128 2527 2167; x_wconf 93' lang='lat' dir='ltr'><strong>non</strong></span> <span class='ocrx_word' id='word_1_365' title='bbox 2572 2110 2736 2166; x_wconf 87' lang='lat' dir='ltr'><strong>semel</strong></span> <span class='ocrx_word' id='word_1_366' title='bbox 2765 2110 2981 2164; x_wconf 90' lang='lat' dir='ltr'><strong>laudata</strong></span> <span class='ocrx_word' id='word_1_367' title='bbox 3033 2109 3096 2162; x_wconf 87' lang='lat' dir='ltr'><strong>ad</strong></span> <span class='ocrx_word' id='word_1_368' title='bbox 3147 2108 3489 2179; x_wconf 81' lang='lat' dir='ltr'><strong>Raynaldum</strong></span> <span class='ocrx_word' id='word_1_369' title='bbox 3522 2107 3782 2160; x_wconf 85' lang='lat' dir='ltr'><strong>Rcmeusem</strong></span> 
     </span>
    </p>
   </div>
   <div class='ocr_carea' id='block_1_50' title="bbox 2266 2195 3784 2275">
    <p class='ocr_par' dir='ltr' id='par_1_50' title="bbox 2266 2195 3784 2275">
     <span class='ocr_line' id='line_1_50' title="bbox 2266 2195 3784 2275; baseline -0.011 -14"><span class='ocrx_word' id='word_1_370' title='bbox 2266 2206 2732 2275; x_wconf 87' lang='lat' dir='ltr'><strong>archiepiscopum</strong></span> <span class='ocrx_word' id='word_1_371' title='bbox 2762 2203 2984 2273; x_wconf 88' lang='lat' dir='ltr'><strong>ejusque</strong></span> <span class='ocrx_word' id='word_1_372' title='bbox 3024 2200 3435 2269; x_wconf 79' lang='lat' dir='ltr'><strong>suﬂ&#39;raganeos,</strong></span> <span class='ocrx_word' id='word_1_373' title='bbox 3484 2199 3534 2253; x_wconf 91' lang='lat' dir='ltr'><strong>id</strong></span> <span class='ocrx_word' id='word_1_374' title='bbox 3582 2214 3609 2250; x_wconf 88' lang='lat' dir='ltr'><strong>a</strong></span> <span class='ocrx_word' id='word_1_375' title='bbox 3653 2195 3784 2249; x_wconf 77' lang='lat' dir='ltr'><strong>Silva-</strong></span> 
     </span>
    </p>
   </div>
   <div class='ocr_carea' id='block_1_51' title="bbox 2266 2284 3785 2364">
    <p class='ocr_par' dir='ltr' id='par_1_51' title="bbox 2266 2284 3785 2364">
     <span class='ocr_line' id='line_1_51' title="bbox 2266 2284 3785 2364; baseline -0.009 -14"><span class='ocrx_word' id='word_1_376' title='bbox 2266 2297 2507 2350; x_wconf 87' lang='lat' dir='ltr'><strong>nectcnsi</strong></span> <span class='ocrx_word' id='word_1_377' title='bbox 2549 2295 2802 2364; x_wconf 87' lang='lat' dir='ltr'><strong>episcopo</strong></span> <span class='ocrx_word' id='word_1_378' title='bbox 2863 2293 3159 2364; x_wconf 87' lang='lat' dir='ltr'><strong>praestitum</strong></span> <span class='ocrx_word' id='word_1_379' title='bbox 3193 2288 3609 2362; x_wconf 65' lang='lat' dir='ltr'><strong>fuisseﬁisertis</strong></span> <span class='ocrx_word' id='word_1_380' title='bbox 3651 2284 3785 2340; x_wconf 71' lang='lat' dir='ltr'><strong>veil-is</strong></span> 
     </span>
    </p>
   </div>
   <div class='ocr_carea' id='block_1_52' title="bbox 2266 2384 2515 2440">
    <p class='ocr_par' dir='ltr' id='par_1_52' title="bbox 2266 2384 2515 2440">
     <span class='ocr_line' id='line_1_52' title="bbox 2266 2384 2515 2440; baseline 0.008 -4"><span class='ocrx_word' id='word_1_381' title='bbox 2266 2384 2515 2440; x_wconf 82' lang='lat' dir='ltr'><strong>aﬂirmet.</strong></span> 
     </span>
    </p>
   </div>
   <div class='ocr_carea' id='block_1_53' title="bbox 2552 2472 3563 2531">
    <p class='ocr_par' dir='ltr' id='par_1_53' title="bbox 2552 2472 3563 2531">
     <span class='ocr_line' id='line_1_53' title="bbox 2552 2472 3563 2531; baseline -0.006 -1"><span class='ocrx_word' id='word_1_382' title='bbox 2552 2475 2711 2531; x_wconf 79' lang='lat' dir='ltr'><strong>CXV.</strong></span> <span class='ocrx_word' id='word_1_383' title='bbox 2754 2474 3025 2530; x_wconf 87' lang='lat' dir='ltr'><strong>Dedicatio</strong></span> <span class='ocrx_word' id='word_1_384' title='bbox 3052 2472 3279 2528; x_wconf 72' lang='lat' dir='ltr'><strong>ecclesia:</strong></span> <span class='ocrx_word' id='word_1_385' title='bbox 3302 2472 3563 2526; x_wconf 76' lang='lat' dir='ltr'><strong>Curensis.</strong></span> 
     </span>
    </p>
   </div>
   <div class='ocr_carea' id='block_1_54' title="bbox 2338 2555 3783 2634">
    <p class='ocr_par' dir='ltr' id='par_1_54' title="bbox 2338 2555 3783 2634">
     <span class='ocr_line' id='line_1_54' title="bbox 2338 2555 3783 2634; baseline -0.01 -13"><span class='ocrx_word' id='word_1_386' title='bbox 2338 2567 2415 2621; x_wconf 76' lang='lat' dir='ltr'><strong>Ex</strong></span> <span class='ocrx_word' id='word_1_387' title='bbox 2446 2566 2633 2622; x_wconf 90' lang='lat' dir='ltr'><strong>eadem</strong></span> <span class='ocrx_word' id='word_1_388' title='bbox 2672 2564 2871 2621; x_wconf 90' lang='lat' dir='ltr'><strong>Urbani</strong></span> <span class='ocrx_word' id='word_1_389' title='bbox 2905 2564 3157 2634; x_wconf 89' lang='lat' dir='ltr'><strong>epistola,</strong></span> <span class='ocrx_word' id='word_1_390' title='bbox 3210 2579 3337 2633; x_wconf 69' lang='lat' dir='ltr'><strong>quse</strong></span> <span class='ocrx_word' id='word_1_391' title='bbox 3385 2576 3567 2616; x_wconf 90' lang='lat' dir='ltr'><strong>mense</strong></span> <span class='ocrx_word' id='word_1_392' title='bbox 3615 2555 3783 2613; x_wconf 89' lang='lat' dir='ltr'><strong>Octobri</strong></span> 
     </span>
    </p>
   </div>
   <div class='ocr_carea' id='block_1_55' title="bbox 2267 2649 3777 2723">
    <p class='ocr_par' dir='ltr' id='par_1_55' title="bbox 2267 2649 3777 2723">
     <span class='ocr_line' id='line_1_55' title="bbox 2267 2649 3777 2723; baseline -0.007 -14"><span class='ocrx_word' id='word_1_393' title='bbox 2267 2656 2391 2709; x_wconf 90' lang='lat' dir='ltr'><strong>anni</strong></span> <span class='ocrx_word' id='word_1_394' title='bbox 2426 2656 2583 2723; x_wconf 88' lang='lat' dir='ltr'><strong>hujus</strong></span> <span class='ocrx_word' id='word_1_395' title='bbox 2610 2656 2745 2710; x_wconf 69' lang='grc'><strong>1092</strong></span> <span class='ocrx_word' id='word_1_396' title='bbox 2774 2657 2897 2711; x_wconf 88' lang='lat' dir='ltr'><strong>data</strong></span> <span class='ocrx_word' id='word_1_397' title='bbox 2929 2665 3030 2720; x_wconf 90' lang='lat' dir='ltr'><strong>est,</strong></span> <span class='ocrx_word' id='word_1_398' title='bbox 3062 2663 3209 2710; x_wconf 90' lang='lat' dir='ltr'><strong>certe</strong></span> <span class='ocrx_word' id='word_1_399' title='bbox 3256 2654 3530 2723; x_wconf 82' lang='lat' dir='ltr'><strong>colligitur</strong></span> <span class='ocrx_word' id='word_1_400' title='bbox 3556 2649 3777 2705; x_wconf 72' lang='lat' dir='ltr'><strong>divortium</strong></span> 
     </span>
    </p>
   </div>
   <div class='ocr_carea' id='block_1_56' title="bbox 2266 2735 3784 2815">
    <p class='ocr_par' dir='ltr' id='par_1_56' title="bbox 2266 2735 3784 2815">
     <span class='ocr_line' id='line_1_56' title="bbox 2266 2735 3784 2815; baseline -0.011 -16"><span class='ocrx_word' id='word_1_401' title='bbox 2266 2745 2495 2815; x_wconf 87' lang='lat' dir='ltr'><strong>Philippi</strong></span> <span class='ocrx_word' id='word_1_402' title='bbox 2540 2762 2662 2800; x_wconf 86' lang='lat' dir='ltr'><strong>curn</strong></span> <span class='ocrx_word' id='word_1_403' title='bbox 2699 2744 2859 2800; x_wconf 88' lang='lat' dir='ltr'><strong>Berta</strong></span> <span class='ocrx_word' id='word_1_404' title='bbox 2896 2742 3121 2813; x_wconf 84' lang='lat' dir='ltr'><strong>conjuge</strong></span> <span class='ocrx_word' id='word_1_405' title='bbox 3171 2743 3278 2798; x_wconf 88' lang='lat' dir='ltr'><strong>hoc</strong></span> <span class='ocrx_word' id='word_1_406' title='bbox 3317 2743 3434 2812; x_wconf 84' lang='lat' dir='ltr'><strong>ipso</strong></span> <span class='ocrx_word' id='word_1_407' title='bbox 3490 2754 3622 2793; x_wconf 90' lang='lat' dir='ltr'><strong>anno</strong></span> <span class='ocrx_word' id='word_1_408' title='bbox 3660 2735 3784 2790; x_wconf 72' lang='lat' dir='ltr'><strong>corti-</strong></span> 
     </span>
    </p>
   </div>
   <div class='ocr_carea' id='block_1_57' title="bbox 2265 2824 3783 2907">
    <p class='ocr_par' dir='ltr' id='par_1_57' title="bbox 2265 2824 3783 2907">
     <span class='ocr_line' id='line_1_57' title="bbox 2265 2824 3783 2907; baseline -0.01 -18"><span class='ocrx_word' id='word_1_409' title='bbox 2265 2837 2428 2907; x_wconf 74' lang='lat' dir='ltr'><strong>gisse,</strong></span> <span class='ocrx_word' id='word_1_410' title='bbox 2447 2836 2586 2906; x_wconf 91' lang='lat' dir='ltr'><strong>quod</strong></span> <span class='ocrx_word' id='word_1_411' title='bbox 2613 2845 2791 2890; x_wconf 92' lang='lat' dir='ltr'><strong>tamen</strong></span> <span class='ocrx_word' id='word_1_412' title='bbox 2817 2836 2905 2889; x_wconf 89' lang='lat' dir='ltr'><strong>alii</strong></span> <span class='ocrx_word' id='word_1_413' title='bbox 2930 2835 3130 2905; x_wconf 86' lang='lat' dir='ltr'><strong>passim</strong></span> <span class='ocrx_word' id='word_1_414' title='bbox 3152 2843 3409 2888; x_wconf 85' lang='lat' dir='ltr'><strong>auctores</strong></span> <span class='ocrx_word' id='word_1_415' title='bbox 3442 2840 3559 2901; x_wconf 89' lang='lat' dir='ltr'><strong>post</strong></span> <span class='ocrx_word' id='word_1_416' title='bbox 3587 2824 3783 2883; x_wconf 76' lang='lat' dir='ltr'><strong>Chronit‘i</strong></span> 
     </span>
    </p>
   </div>
   <div class='ocr_carea' id='block_1_58' title="bbox 2268 2914 3786 2996">
    <p class='ocr_par' dir='ltr' id='par_1_58' title="bbox 2268 2914 3786 2996">
     <span class='ocr_line' id='line_1_58' title="bbox 2268 2914 3786 2996; baseline -0.012 -14"><span class='ocrx_word' id='word_1_417' title='bbox 2268 2928 2600 2982; x_wconf 87' lang='lat' dir='ltr'><strong>Turonensis</strong></span> <span class='ocrx_word' id='word_1_418' title='bbox 2633 2928 2948 2996; x_wconf 89' lang='lat' dir='ltr'><strong>scriptorem</strong></span> <span class='ocrx_word' id='word_1_419' title='bbox 3000 2926 3139 2981; x_wconf 90' lang='lat' dir='ltr'><strong>male</strong></span> <span class='ocrx_word' id='word_1_420' title='bbox 3183 2941 3331 2980; x_wconf 90' lang='lat' dir='ltr'><strong>anno</strong></span> <span class='ocrx_word' id='word_1_421' title='bbox 3380 2922 3617 2993; x_wconf 86' lang='lat' dir='ltr'><strong>sequenti</strong></span> <span class='ocrx_word' id='word_1_422' title='bbox 3657 2914 3786 2971; x_wconf 82' lang='lat' dir='ltr'><strong>cousi-</strong></span> 
     </span>
    </p>
   </div>
   <div class='ocr_carea' id='block_1_59' title="bbox 2267 3007 3786 3089">
    <p class='ocr_par' dir='ltr' id='par_1_59' title="bbox 2267 3007 3786 3089">
     <span class='ocr_line' id='line_1_59' title="bbox 2267 3007 3786 3089; baseline -0.007 -17"><span class='ocrx_word' id='word_1_423' title='bbox 2267 3028 2520 3089; x_wconf 78' lang='lat' dir='ltr'><strong>gnarunt.</strong></span> <span class='ocrx_word' id='word_1_424' title='bbox 2570 3017 2851 3073; x_wconf 90' lang='lat' dir='ltr'><strong>Consentit</strong></span> <span class='ocrx_word' id='word_1_425' title='bbox 2894 3017 3110 3073; x_wconf 88' lang='lat' dir='ltr'><strong>Clarius</strong></span> <span class='ocrx_word' id='word_1_426' title='bbox 3159 3028 3354 3072; x_wconf 88' lang='lat' dir='ltr'><strong>auctor</strong></span> <span class='ocrx_word' id='word_1_427' title='bbox 3396 3015 3625 3085; x_wconf 83' lang='lat' dir='ltr'><strong>aequalis.</strong></span> <span class='ocrx_word' id='word_1_428' title='bbox 3672 3010 3710 3063; x_wconf 92' lang='lat' dir='ltr'><strong>ls</strong></span> <span class='ocrx_word' id='word_1_429' title='bbox 3751 3007 3786 3059; x_wconf 86' lang='lat' dir='ltr'><strong>in</strong></span> 
     </span>
    </p>
   </div>
   <div class='ocr_carea' id='block_1_60' title="bbox 594 3104 3786 3178">
    <p class='ocr_par' dir='ltr' id='par_1_60' title="bbox 594 3104 3786 3178">
     <span class='ocr_line' id='line_1_60' title="bbox 594 3104 3786 3178; baseline -0.001 -19"><span class='ocrx_word' id='word_1_430' title='bbox 594 3104 730 3162; x_wconf 80' lang='lat' dir='ltr'><strong>forte</strong></span> <span class='ocrx_word' id='word_1_431' title='bbox 759 3118 884 3163; x_wconf 90' lang='lat' dir='ltr'><strong>tunc</strong></span> <span class='ocrx_word' id='word_1_432' title='bbox 910 3106 1187 3178; x_wconf 85' lang='lat' dir='ltr'><strong>Philippus</strong></span> <span class='ocrx_word' id='word_1_433' title='bbox 1226 3107 1279 3161; x_wconf 89' lang='lat' dir='ltr'><strong>in</strong></span> <span class='ocrx_word' id='word_1_434' title='bbox 1319 3106 1537 3175; x_wconf 88' lang='lat' dir='ltr'><strong>aliquod</strong></span> <span class='ocrx_word' id='word_1_435' title='bbox 1567 3106 1811 3174; x_wconf 85' lang='lat' dir='ltr'><strong>oppidum</strong></span> <span class='ocrx_word' id='word_1_436' title='bbox 1857 3104 1932 3159; x_wconf 84' lang='lat' dir='ltr'><strong>vel</strong></span> <span class='ocrx_word' id='word_1_437' title='bbox 1983 3105 2159 3158; x_wconf 79' lang='lat' dir='ltr'><strong>urbem</strong></span> <span class='ocrx_word' id='word_1_438' title='bbox 2190 3116 2233 3177; x_wconf 82' lang='lat' dir='ltr'>C</span> <span class='ocrx_word' id='word_1_439' title='bbox 2266 3112 2532 3166; x_wconf 89' lang='lat' dir='ltr'><strong>Chronico</strong></span> <span class='ocrx_word' id='word_1_440' title='bbox 2555 3110 2737 3166; x_wconf 86' lang='lat' dir='ltr'><strong>Sancti</strong></span> <span class='ocrx_word' id='word_1_441' title='bbox 2768 3112 2911 3165; x_wconf 86' lang='lat' dir='ltr'><strong>Petri</strong></span> <span class='ocrx_word' id='word_1_442' title='bbox 2949 3110 3065 3165; x_wconf 82' lang='lat' dir='ltr'><strong>Vtvi</strong></span> <span class='ocrx_word' id='word_1_443' title='bbox 3093 3110 3426 3165; x_wconf 87' lang='lat' dir='ltr'><strong>Senonensis</strong></span> <span class='ocrx_word' id='word_1_444' title='bbox 3456 3111 3641 3163; x_wconf 83' lang='lat' dir='ltr'><strong>diserte</strong></span> <span class='ocrx_word' id='word_1_445' title='bbox 3667 3104 3786 3156; x_wconf 83' lang='lat' dir='ltr'><strong>tradit</strong></span> 
     </span>
    </p>
   </div>
   <div class='ocr_carea' id='block_1_61' title="bbox 591 3196 2159 3267">
    <p class='ocr_par' dir='ltr' id='par_1_61' title="bbox 591 3196 2159 3267">
     <span class='ocr_line' id='line_1_61' title="bbox 591 3196 2159 3267; baseline -0.001 -16"><span class='ocrx_word' id='word_1_446' title='bbox 591 3199 909 3265; x_wconf 84' lang='lat' dir='ltr'><strong>advenisset,</strong></span> <span class='ocrx_word' id='word_1_447' title='bbox 946 3200 1179 3253; x_wconf 85' lang='lat' dir='ltr'><strong>cessabat</strong></span> <span class='ocrx_word' id='word_1_448' title='bbox 1225 3198 1391 3253; x_wconf 81' lang='lat' dir='ltr'><strong>omnis</strong></span> <span class='ocrx_word' id='word_1_449' title='bbox 1442 3196 1658 3267; x_wconf 90' lang='lat' dir='ltr'><strong>clangor</strong></span> <span class='ocrx_word' id='word_1_450' title='bbox 1702 3213 2078 3267; x_wconf 86' lang='lat' dir='ltr'><strong>campanarum</strong></span> <span class='ocrx_word' id='word_1_451' title='bbox 2113 3206 2159 3250; x_wconf 92' lang='lat' dir='ltr'><strong>et</strong></span> 
     </span>
    </p>
   </div>
   <div class='ocr_carea' id='block_1_62' title="bbox 591 3286 2164 3358">
    <p class='ocr_par' dir='ltr' id='par_1_62' title="bbox 591 3286 2164 3358">
     <span class='ocr_line' id='line_1_62' title="bbox 591 3286 2164 3358; baseline 0.001 -19"><span class='ocrx_word' id='word_1_452' title='bbox 591 3287 849 3358; x_wconf 88' lang='lat' dir='ltr'><strong>generalis</strong></span> <span class='ocrx_word' id='word_1_453' title='bbox 874 3297 1059 3342; x_wconf 87' lang='lat' dir='ltr'><strong>cantus</strong></span> <span class='ocrx_word' id='word_1_454' title='bbox 1087 3287 1420 3353; x_wconf 89' lang='lat' dir='ltr'><strong>clericorum,</strong></span> <span class='ocrx_word' id='word_1_455' title='bbox 1450 3288 1592 3355; x_wconf 91' lang='lat' dir='ltr'><strong>quod</strong></span> <span class='ocrx_word' id='word_1_456' title='bbox 1620 3287 1760 3357; x_wconf 87' lang='lat' dir='ltr'><strong>apud</strong></span> <span class='ocrx_word' id='word_1_457' title='bbox 1794 3286 2036 3341; x_wconf 81' lang='lat' dir='ltr'><strong>Senonas</strong></span> <span class='ocrx_word' id='word_1_458' title='bbox 2070 3300 2164 3354; x_wconf 82' lang='lat' dir='ltr'><strong>per</strong></span> 
     </span>
    </p>
   </div>
   <div class='ocr_carea' id='block_1_63' title="bbox 590 3377 2164 3450">
    <p class='ocr_par' dir='ltr' id='par_1_63' title="bbox 590 3377 2164 3450">
     <span class='ocr_line' id='line_1_63' title="bbox 590 3377 2164 3450; baseline -0.001 -17"><span class='ocrx_word' id='word_1_459' title='bbox 590 3380 707 3435; x_wconf 91' lang='lat' dir='ltr'><strong>dies</strong></span> <span class='ocrx_word' id='word_1_460' title='bbox 734 3379 845 3435; x_wconf 83' lang='lat' dir='ltr'><strong>fere</strong></span> <span class='ocrx_word' id='word_1_461' title='bbox 868 3379 1175 3450; x_wconf 87' lang='lat' dir='ltr'><strong>quindecim</strong></span> <span class='ocrx_word' id='word_1_462' title='bbox 1202 3379 1405 3435; x_wconf 81' lang='lat' dir='ltr'><strong>factum</strong></span> <span class='ocrx_word' id='word_1_463' title='bbox 1438 3378 1605 3435; x_wconf 77' lang='lat' dir='ltr'><strong>fuisse</strong></span> <span class='ocrx_word' id='word_1_464' title='bbox 1639 3388 1827 3433; x_wconf 90' lang='lat' dir='ltr'><strong>narrat</strong></span> <span class='ocrx_word' id='word_1_465' title='bbox 1856 3377 2007 3448; x_wconf 82' lang='lat' dir='ltr'><strong>Hugo</strong></span> <span class='ocrx_word' id='word_1_466' title='bbox 2043 3378 2164 3431; x_wconf 81' lang='lat' dir='ltr'><strong>Fla-</strong></span> 
     </span>
    </p>
   </div>
   <div class='ocr_carea' id='block_1_64' title="bbox 590 3468 2164 3540">
    <p class='ocr_par' dir='ltr' id='par_1_64' title="bbox 590 3468 2164 3540">
     <span class='ocr_line' id='line_1_64' title="bbox 590 3468 2164 3540; baseline -0.002 -17"><span class='ocrx_word' id='word_1_467' title='bbox 590 3470 937 3535; x_wconf 89' lang='lat' dir='ltr'><strong>viniacensis,</strong></span> <span class='ocrx_word' id='word_1_468' title='bbox 975 3471 1069 3527; x_wconf 89' lang='lat' dir='ltr'><strong>sed</strong></span> <span class='ocrx_word' id='word_1_469' title='bbox 1108 3471 1196 3526; x_wconf 91' lang='lat' dir='ltr'><strong>hic</strong></span> <span class='ocrx_word' id='word_1_470' title='bbox 1220 3480 1410 3527; x_wconf 91' lang='lat' dir='ltr'><strong>auctor</strong></span> <span class='ocrx_word' id='word_1_471' title='bbox 1439 3486 1500 3527; x_wconf 90' lang='lat' dir='ltr'><strong>ea</strong></span> <span class='ocrx_word' id='word_1_472' title='bbox 1534 3484 1654 3540; x_wconf 64' lang='lat' dir='ltr'><strong>qua:</strong></span> <span class='ocrx_word' id='word_1_473' title='bbox 1682 3478 1807 3523; x_wconf 91' lang='lat' dir='ltr'><strong>ante</strong></span> <span class='ocrx_word' id='word_1_474' title='bbox 1839 3478 1893 3522; x_wconf 89' lang='lat' dir='ltr'><strong>et</strong></span> <span class='ocrx_word' id='word_1_475' title='bbox 1922 3478 2041 3538; x_wconf 90' lang='lat' dir='ltr'><strong>post</strong></span> <span class='ocrx_word' id='word_1_476' title='bbox 2067 3468 2164 3523; x_wconf 84' lang='lat' dir='ltr'><strong>Ur-</strong></span> 
     </span>
    </p>
   </div>
   <div class='ocr_carea' id='block_1_65' title="bbox 588 3561 2164 3635">
    <p class='ocr_par' dir='ltr' id='par_1_65' title="bbox 588 3561 2164 3635">
     <span class='ocr_line' id='line_1_65' title="bbox 588 3561 2164 3635; baseline 0.001 -18"><span class='ocrx_word' id='word_1_477' title='bbox 588 3563 713 3619; x_wconf 86' lang='lat' dir='ltr'><strong>bani</strong></span> <span class='ocrx_word' id='word_1_478' title='bbox 741 3565 947 3619; x_wconf 91' lang='lat' dir='ltr'><strong>obitum</strong></span> <span class='ocrx_word' id='word_1_479' title='bbox 973 3565 1273 3635; x_wconf 79' lang='lat' dir='ltr'><strong>contigere,</strong></span> <span class='ocrx_word' id='word_1_480' title='bbox 1295 3564 1455 3620; x_wconf 90' lang='lat' dir='ltr'><strong>simul</strong></span> <span class='ocrx_word' id='word_1_481' title='bbox 1491 3562 1791 3620; x_wconf 78' lang='lat' dir='ltr'><strong>confundit.</strong></span> <span class='ocrx_word' id='word_1_482' title='bbox 1830 3561 1943 3616; x_wconf 81' lang='lat' dir='ltr'><strong>Hoc</strong></span> <span class='ocrx_word' id='word_1_483' title='bbox 1968 3561 2164 3631; x_wconf 72' lang='lat' dir='ltr'><strong>Quippe</strong></span> 
     </span>
    </p>
   </div>
   <div class='ocr_carea' id='block_1_66' title="bbox 590 3660 2164 3731">
    <p class='ocr_par' dir='ltr' id='par_1_66' title="bbox 590 3660 2164 3731">
     <span class='ocr_line' id='line_1_66' title="bbox 590 3660 2164 3731; baseline -0.001 -16"><span class='ocrx_word' id='word_1_484' title='bbox 590 3662 790 3717; x_wconf 82' lang='lat' dir='ltr'><strong>factum</strong></span> <span class='ocrx_word' id='word_1_485' title='bbox 824 3669 908 3717; x_wconf 90' lang='lat' dir='ltr'><strong>est</strong></span> <span class='ocrx_word' id='word_1_486' title='bbox 934 3676 1057 3716; x_wconf 89' lang='lat' dir='ltr'><strong>cum</strong></span> <span class='ocrx_word' id='word_1_487' title='bbox 1079 3662 1358 3731; x_wconf 90' lang='lat' dir='ltr'><strong>Philippus</strong></span> <span class='ocrx_word' id='word_1_488' title='bbox 1390 3670 1603 3716; x_wconf 91' lang='lat' dir='ltr'><strong>mortuo</strong></span> <span class='ocrx_word' id='word_1_489' title='bbox 1630 3660 1872 3726; x_wconf 88' lang='lat' dir='ltr'><strong>Urbano,</strong></span> <span class='ocrx_word' id='word_1_490' title='bbox 1897 3661 1963 3714; x_wconf 92' lang='lat' dir='ltr'><strong>ad</strong></span> <span class='ocrx_word' id='word_1_491' title='bbox 1998 3660 2164 3713; x_wconf 83' lang='lat' dir='ltr'><strong>vomi-</strong></span> 
     </span>
    </p>
   </div>
   <div class='ocr_carea' id='block_1_67' title="bbox 592 3753 2160 3824">
    <p class='ocr_par' dir='ltr' id='par_1_67' title="bbox 592 3753 2160 3824">
     <span class='ocr_line' id='line_1_67' title="bbox 592 3753 2160 3824; baseline -0.002 -15"><span class='ocrx_word' id='word_1_492' title='bbox 592 3766 704 3809; x_wconf 93' lang='lat' dir='ltr'><strong>tum</strong></span> <span class='ocrx_word' id='word_1_493' title='bbox 734 3769 889 3809; x_wconf 91' lang='lat' dir='ltr'><strong>suum</strong></span> <span class='ocrx_word' id='word_1_494' title='bbox 940 3768 1209 3819; x_wconf 85' lang='lat' dir='ltr'><strong>reversus,</strong></span> <span class='ocrx_word' id='word_1_495' title='bbox 1260 3768 1290 3807; x_wconf 88' lang='lat' dir='ltr'><strong>a</strong></span> <span class='ocrx_word' id='word_1_496' title='bbox 1332 3754 1524 3824; x_wconf 77' lang='lat' dir='ltr'><strong>legatis</strong></span> <span class='ocrx_word' id='word_1_497' title='bbox 1567 3753 1848 3809; x_wconf 89' lang='lat' dir='ltr'><strong>Paschalis</strong></span> <span class='ocrx_word' id='word_1_498' title='bbox 1903 3768 2053 3822; x_wconf 84' lang='lat' dir='ltr'><strong>papae</strong></span> <span class='ocrx_word' id='word_1_499' title='bbox 2108 3754 2160 3807; x_wconf 93' lang='lat' dir='ltr'><strong>in</strong></span> 
     </span>
    </p>
   </div>
   <div class='ocr_carea' id='block_1_68' title="bbox 590 3841 2161 3898">
    <p class='ocr_par' dir='ltr' id='par_1_68' title="bbox 590 3841 2161 3898">
     <span class='ocr_line' id='line_1_68' title="bbox 590 3841 2161 3898; baseline -0.001 0"><span class='ocrx_word' id='word_1_500' title='bbox 590 3843 817 3898; x_wconf 92' lang='lat' dir='ltr'><strong>concilio</strong></span> <span class='ocrx_word' id='word_1_501' title='bbox 851 3842 1159 3897; x_wconf 87' lang='lat' dir='ltr'><strong>Pictavensi</strong></span> <span class='ocrx_word' id='word_1_502' title='bbox 1192 3843 1365 3897; x_wconf 90' lang='lat' dir='ltr'><strong>sacris</strong></span> <span class='ocrx_word' id='word_1_503' title='bbox 1408 3843 1729 3897; x_wconf 90' lang='lat' dir='ltr'><strong>interdictus</strong></span> <span class='ocrx_word' id='word_1_504' title='bbox 1772 3841 1980 3897; x_wconf 81' lang='lat' dir='ltr'><strong>fuisset.</strong></span> <span class='ocrx_word' id='word_1_505' title='bbox 2020 3843 2161 3898; x_wconf 87' lang='lat' dir='ltr'><strong>Nihil</strong></span> 
     </span>
    </p>
   </div>
   <div class='ocr_carea' id='block_1_69' title="bbox 595 3932 2163 4003">
    <p class='ocr_par' dir='ltr' id='par_1_69' title="bbox 595 3932 2163 4003">
     <span class='ocr_line' id='line_1_69' title="bbox 595 3932 2163 4003; baseline 0.003 -16"><span class='ocrx_word' id='word_1_506' title='bbox 595 3943 771 3987; x_wconf 89' lang='lat' dir='ltr'><strong>tamen</strong></span> <span class='ocrx_word' id='word_1_507' title='bbox 806 3932 1028 4003; x_wconf 92' lang='lat' dir='ltr'><strong>impedit</strong></span> <span class='ocrx_word' id='word_1_508' title='bbox 1078 3934 1364 4003; x_wconf 90' lang='lat' dir='ltr'><strong>quominus</strong></span> <span class='ocrx_word' id='word_1_509' title='bbox 1402 3933 1456 3987; x_wconf 89' lang='lat' dir='ltr'><strong>id</strong></span> <span class='ocrx_word' id='word_1_510' title='bbox 1507 3933 1607 3988; x_wconf 86' lang='lat' dir='ltr'><strong>sub</strong></span> <span class='ocrx_word' id='word_1_511' title='bbox 1654 3943 1881 4003; x_wconf 88' lang='lat' dir='ltr'><strong>utroque</strong></span> <span class='ocrx_word' id='word_1_512' title='bbox 1914 3936 2163 4003; x_wconf 82' lang='lat' dir='ltr'><strong>pontiﬁce</strong></span> 
     </span>
    </p>
   </div>
   <div class='ocr_carea' id='block_1_70' title="bbox 591 4023 2162 4079">
    <p class='ocr_par' dir='ltr' id='par_1_70' title="bbox 591 4023 2162 4079">
     <span class='ocr_line' id='line_1_70' title="bbox 591 4023 2162 4079; baseline 0.001 -1"><span class='ocrx_word' id='word_1_513' title='bbox 591 4025 851 4079; x_wconf 88' lang='lat' dir='ltr'><strong>evenerit.</strong></span> <span class='ocrx_word' id='word_1_514' title='bbox 891 4023 1025 4079; x_wconf 87' lang='lat' dir='ltr'><strong>Nam</strong></span> <span class='ocrx_word' id='word_1_515' title='bbox 1067 4024 1366 4079; x_wconf 89' lang='lat' dir='ltr'><strong>Willelmus</strong></span> <span class='ocrx_word' id='word_1_516' title='bbox 1394 4023 1885 4079; x_wconf 84' lang='lat' dir='ltr'><strong>Malmeshuriensis</strong></span> <span class='ocrx_word' id='word_1_517' title='bbox 1915 4026 2013 4079; x_wconf 92' lang='lat' dir='ltr'><strong>lib.</strong></span> <span class='ocrx_word' id='word_1_518' title='bbox 2038 4041 2069 4078; x_wconf 92' lang='lat' dir='ltr'><strong>v</strong></span> <span class='ocrx_word' id='word_1_519' title='bbox 2098 4029 2162 4079; x_wconf 89' lang='lat' dir='ltr'><strong>de</strong></span> 
     </span>
    </p>
   </div>
   <div class='ocr_carea' id='block_1_71' title="bbox 594 4115 2164 4189">
    <p class='ocr_par' dir='ltr' id='par_1_71' title="bbox 594 4115 2164 4189">
     <span class='ocr_line' id='line_1_71' title="bbox 594 4115 2164 4189; baseline 0.001 -19"><span class='ocrx_word' id='word_1_520' title='bbox 594 4116 827 4173; x_wconf 83' lang='lat' dir='ltr'><strong>Henrico</strong></span> <span class='ocrx_word' id='word_1_521' title='bbox 864 4131 1010 4189; x_wconf 76' lang='lat' dir='ltr'><strong>rege,</strong></span> <span class='ocrx_word' id='word_1_522' title='bbox 1034 4117 1110 4171; x_wconf 90' lang='lat' dir='ltr'><strong>ait</strong></span> <span class='ocrx_word' id='word_1_523' title='bbox 1138 4116 1281 4187; x_wconf 92' lang='lat' dir='ltr'><strong>quod</strong></span> <span class='ocrx_word' id='word_1_524' title='bbox 1304 4131 1428 4172; x_wconf 92' lang='lat' dir='ltr'><strong>cum</strong></span> <span class='ocrx_word' id='word_1_525' title='bbox 1456 4115 1735 4186; x_wconf 89' lang='lat' dir='ltr'><strong>Philippus</strong></span> <span class='ocrx_word' id='word_1_526' title='bbox 1764 4116 1831 4169; x_wconf 91' lang='lat' dir='ltr'><strong>ab</strong></span> <span class='ocrx_word' id='word_1_527' title='bbox 1860 4116 2164 4185; x_wconf 77' lang='lat' dir='ltr'><strong>ApostolicJ</strong></span> 
     </span>
    </p>
   </div>
   <div class='ocr_carea' id='block_1_72' title="bbox 592 4207 2163 4278">
    <p class='ocr_par' dir='ltr' id='par_1_72' title="bbox 592 4207 2163 4278">
     <span class='ocr_line' id='line_1_72' title="bbox 592 4207 2163 4278; baseline 0 -16"><span class='ocrx_word' id='word_1_528' title='bbox 592 4210 1089 4265; x_wconf 80' lang='lat' dir='ltr'><strong>excommunicatus</strong></span> <span class='ocrx_word' id='word_1_529' title='bbox 1121 4208 1333 4273; x_wconf 79' lang='lat' dir='ltr'><strong>fuisset,</strong></span> <span class='ocrx_word' id='word_1_530' title='bbox 1365 4209 1419 4262; x_wconf 90' lang='lat' dir='ltr'><strong>in</strong></span> <span class='ocrx_word' id='word_1_531' title='bbox 1446 4222 1829 4278; x_wconf 86' lang='lat' dir='ltr'><strong>quamcunque</strong></span> <span class='ocrx_word' id='word_1_532' title='bbox 1859 4207 2041 4261; x_wconf 88' lang='lat' dir='ltr'><strong>villam</strong></span> <span class='ocrx_word' id='word_1_533' title='bbox 2074 4222 2163 4262; x_wconf 80' lang='lat' dir='ltr'><strong>ve-</strong></span> 
     </span>
    </p>
   </div>
   <div class='ocr_carea' id='block_1_73' title="bbox 590 4300 1636 4370">
    <p class='ocr_par' dir='ltr' id='par_1_73' title="bbox 590 4300 1636 4370">
     <span class='ocr_line' id='line_1_73' title="bbox 590 4300 1636 4370; baseline -0.007 -10"><span class='ocrx_word' id='word_1_534' title='bbox 590 4305 754 4370; x_wconf 88' lang='lat' dir='ltr'><strong>niret,</strong></span> <span class='ocrx_word' id='word_1_535' title='bbox 780 4303 912 4359; x_wconf 91' lang='lat' dir='ltr'><strong>nihil</strong></span> <span class='ocrx_word' id='word_1_536' title='bbox 942 4303 1013 4359; x_wconf 90' lang='lat' dir='ltr'><strong>ibi</strong></span> <span class='ocrx_word' id='word_1_537' title='bbox 1039 4302 1191 4357; x_wconf 82' lang='lat' dir='ltr'><strong>ﬁeret</strong></span> <span class='ocrx_word' id='word_1_538' title='bbox 1212 4302 1376 4357; x_wconf 86' lang='lat' dir='ltr'><strong>divini</strong></span> <span class='ocrx_word' id='word_1_539' title='bbox 1405 4300 1636 4356; x_wconf 89' lang='lat' dir='ltr'><strong>servitii.</strong></span> 
     </span>
    </p>
   </div>
   <div class='ocr_carea' id='block_1_74' title="bbox 659 4389 2158 4460">
    <p class='ocr_par' dir='ltr' id='par_1_74' title="bbox 659 4389 2158 4460">
     <span class='ocr_line' id='line_1_74' title="bbox 659 4389 2158 4460; baseline -0.005 -7"><span class='ocrx_word' id='word_1_540' title='bbox 659 4397 817 4453; x_wconf 84' lang='lat' dir='ltr'><strong>Certe</strong></span> <span class='ocrx_word' id='word_1_541' title='bbox 843 4395 1131 4452; x_wconf 88' lang='lat' dir='ltr'><strong>Ordericus</strong></span> <span class='ocrx_word' id='word_1_542' title='bbox 1155 4394 1272 4448; x_wconf 93' lang='lat' dir='ltr'><strong>loco</strong></span> <span class='ocrx_word' id='word_1_543' title='bbox 1300 4393 1515 4448; x_wconf 88' lang='lat' dir='ltr'><strong>laudato</strong></span> <span class='ocrx_word' id='word_1_544' title='bbox 1541 4389 1781 4447; x_wconf 91' lang='lat' dir='ltr'><strong>Odonem</strong></span> <span class='ocrx_word' id='word_1_545' title='bbox 1811 4391 2158 4460; x_wconf 85' lang='lat' dir='ltr'><strong>Bajocensem</strong></span> 
     </span>
    </p>
   </div>
   <div class='ocr_carea' id='block_1_75' title="bbox 2266 3197 3785 3271">
    <p class='ocr_par' dir='ltr' id='par_1_75' title="bbox 2266 3197 3785 3271">
     <span class='ocr_line' id='line_1_75' title="bbox 2266 3197 3785 3271; baseline -0.008 -15"><span class='ocrx_word' id='word_1_546' title='bbox 2266 3201 2565 3271; x_wconf 85' lang='lat' dir='ltr'><strong>Philippum</strong></span> <span class='ocrx_word' id='word_1_547' title='bbox 2590 3218 2732 3257; x_wconf 89' lang='lat' dir='ltr'><strong>anno</strong></span> <span class='ocrx_word' id='word_1_548' title='bbox 2756 3202 2914 3265; x_wconf 74' lang='grc'><strong>1092,</strong></span> <span class='ocrx_word' id='word_1_549' title='bbox 2936 3202 3155 3256; x_wconf 86' lang='lat' dir='ltr'><strong>dimissa</strong></span> <span class='ocrx_word' id='word_1_550' title='bbox 3185 3218 3358 3257; x_wconf 80' lang='lat' dir='ltr'><strong>uxore</strong></span> <span class='ocrx_word' id='word_1_551' title='bbox 3380 3217 3474 3257; x_wconf 88' lang='lat' dir='ltr'><strong>sua</strong></span> <span class='ocrx_word' id='word_1_552' title='bbox 3508 3202 3668 3259; x_wconf 82' lang='lat' dir='ltr'><strong>Bcrta,</strong></span> <span class='ocrx_word' id='word_1_553' title='bbox 3690 3197 3785 3248; x_wconf 78' lang='lat' dir='ltr'><strong>llcr-</strong></span> 
     </span>
    </p>
   </div>
   <div class='ocr_carea' id='block_1_76' title="bbox 2268 3290 3785 3362">
    <p class='ocr_par' dir='ltr' id='par_1_76' title="bbox 2268 3290 3785 3362">
     <span class='ocr_line' id='line_1_76' title="bbox 2268 3290 3785 3362; baseline -0.01 -17"><span class='ocrx_word' id='word_1_554' title='bbox 2268 3294 2476 3346; x_wconf 86' lang='lat' dir='ltr'><strong>tradam</strong></span> <span class='ocrx_word' id='word_1_555' title='bbox 2509 3294 2803 3361; x_wconf 84' lang='lat' dir='ltr'><strong>accepisse,</strong></span> <span class='ocrx_word' id='word_1_556' title='bbox 2838 3308 3000 3362; x_wconf 90' lang='lat' dir='ltr'><strong>quam</strong></span> <span class='ocrx_word' id='word_1_557' title='bbox 3030 3292 3330 3361; x_wconf 75' lang='lat' dir='ltr'><strong>Philippus,</strong></span> <span class='ocrx_word' id='word_1_558' title='bbox 3360 3292 3435 3344; x_wconf 87' lang='lat' dir='ltr'><strong>uti</strong></span> <span class='ocrx_word' id='word_1_559' title='bbox 3471 3290 3668 3345; x_wconf 84' lang='lat' dir='ltr'><strong>tradunt</strong></span> <span class='ocrx_word' id='word_1_560' title='bbox 3688 3299 3785 3335; x_wconf 82' lang='lat' dir='ltr'><strong>nou-</strong></span> 
     </span>
    </p>
   </div>
   <div class='ocr_carea' id='block_1_77' title="bbox 2267 3373 3785 3456">
    <p class='ocr_par' dir='ltr' id='par_1_77' title="bbox 2267 3373 3785 3456">
     <span class='ocr_line' id='line_1_77' title="bbox 2267 3373 3785 3456; baseline -0.007 -15"><span class='ocrx_word' id='word_1_561' title='bbox 2267 3386 2421 3449; x_wconf 89' lang='lat' dir='ltr'><strong>nulli,</strong></span> <span class='ocrx_word' id='word_1_562' title='bbox 2474 3387 2653 3456; x_wconf 87' lang='lat' dir='ltr'><strong>rapuit</strong></span> <span class='ocrx_word' id='word_1_563' title='bbox 2711 3386 2761 3439; x_wconf 91' lang='lat' dir='ltr'><strong>in</strong></span> <span class='ocrx_word' id='word_1_564' title='bbox 2811 3384 3035 3439; x_wconf 77' lang='lat' dir='ltr'><strong>ecclesia</strong></span> <span class='ocrx_word' id='word_1_565' title='bbox 3079 3384 3262 3439; x_wconf 89' lang='lat' dir='ltr'><strong>Sancti</strong></span> <span class='ocrx_word' id='word_1_566' title='bbox 3315 3383 3553 3445; x_wconf 72' lang='lat' dir='ltr'><strong>Joannis,</strong></span> <span class='ocrx_word' id='word_1_567' title='bbox 3598 3394 3701 3432; x_wconf 73' lang='lat' dir='ltr'><strong>curn</strong></span> <span class='ocrx_word' id='word_1_568' title='bbox 3736 3373 3785 3424; x_wconf 79' lang='lat' dir='ltr'><strong>ibi</strong></span> 
     </span>
    </p>
   </div>
   <div class='ocr_carea' id='block_1_78' title="bbox 2265 3464 3786 3540">
    <p class='ocr_par' dir='ltr' id='par_1_78' title="bbox 2265 3464 3786 3540">
     <span class='ocr_line' id='line_1_78' title="bbox 2265 3464 3786 3540; baseline -0.011 -10"><span class='ocrx_word' id='word_1_569' title='bbox 2265 3476 2510 3531; x_wconf 89' lang='lat' dir='ltr'><strong>canonici</strong></span> <span class='ocrx_word' id='word_1_570' title='bbox 2553 3475 2738 3531; x_wconf 89' lang='lat' dir='ltr'><strong>Sancti</strong></span> <span class='ocrx_word' id='word_1_571' title='bbox 2782 3474 2995 3530; x_wconf 84' lang='lat' dir='ltr'><strong>Martini</strong></span> <span class='ocrx_word' id='word_1_572' title='bbox 3041 3475 3217 3529; x_wconf 80' lang='lat' dir='ltr'><strong>fontes</strong></span> <span class='ocrx_word' id='word_1_573' title='bbox 3245 3490 3433 3529; x_wconf 67' lang='lat' dir='ltr'><strong>sacros</strong></span> <span class='ocrx_word' id='word_1_574' title='bbox 3485 3474 3534 3525; x_wconf 93' lang='lat' dir='ltr'><strong>in</strong></span> <span class='ocrx_word' id='word_1_575' title='bbox 3564 3464 3786 3540; x_wconf 65' lang='lat' dir='ltr'><strong>pervigilio</strong></span> 
     </span>
    </p>
   </div>
   <div class='ocr_carea' id='block_1_79' title="bbox 2264 3563 3786 3637">
    <p class='ocr_par' dir='ltr' id='par_1_79' title="bbox 2264 3563 3786 3637">
     <span class='ocr_line' id='line_1_79' title="bbox 2264 3563 3786 3637; baseline -0.007 -17"><span class='ocrx_word' id='word_1_576' title='bbox 2264 3566 2606 3622; x_wconf 88' lang='lat' dir='ltr'><strong>Pentecostcs</strong></span> <span class='ocrx_word' id='word_1_577' title='bbox 2633 3567 3012 3633; x_wconf 83' lang='lat' dir='ltr'><strong>benedicerent</strong></span> <span class='ocrx_word' id='word_1_578' title='bbox 3047 3584 3060 3631; x_wconf 91' lang='lat'><strong>;</strong></span> <span class='ocrx_word' id='word_1_579' title='bbox 3116 3567 3258 3637; x_wconf 86' lang='lat' dir='ltr'><strong>quod</strong></span> <span class='ocrx_word' id='word_1_580' title='bbox 3306 3566 3520 3635; x_wconf 85' lang='lat' dir='ltr'><strong>quidem</strong></span> <span class='ocrx_word' id='word_1_581' title='bbox 3566 3563 3654 3615; x_wconf 80' lang='lat' dir='ltr'><strong>hoe</strong></span> <span class='ocrx_word' id='word_1_582' title='bbox 3681 3568 3786 3610; x_wconf 77' lang='lat' dir='ltr'><strong>anno</strong></span> 
     </span>
    </p>
   </div>
   <div class='ocr_carea' id='block_1_80' title="bbox 2263 3649 3785 3727">
    <p class='ocr_par' dir='ltr' id='par_1_80' title="bbox 2263 3649 3785 3727">
     <span class='ocr_line' id='line_1_80' title="bbox 2263 3649 3785 3727; baseline -0.001 -18"><span class='ocrx_word' id='word_1_583' title='bbox 2263 3656 2463 3711; x_wconf 80' lang='lat' dir='ltr'><strong>factum</strong></span> <span class='ocrx_word' id='word_1_584' title='bbox 2493 3657 2683 3722; x_wconf 81' lang='lat' dir='ltr'><strong>fuisse,</strong></span> <span class='ocrx_word' id='word_1_585' title='bbox 2730 3667 2991 3725; x_wconf 78' lang='lat' dir='ltr'><strong>praeterea</strong></span> <span class='ocrx_word' id='word_1_586' title='bbox 3033 3674 3154 3727; x_wconf 80' lang='lat' dir='ltr'><strong>quae</strong></span> <span class='ocrx_word' id='word_1_587' title='bbox 3209 3658 3471 3721; x_wconf 79' lang='lat' dir='ltr'><strong>diximus,</strong></span> <span class='ocrx_word' id='word_1_588' title='bbox 3521 3654 3618 3707; x_wconf 87' lang='lat' dir='ltr'><strong>alia</strong></span> <span class='ocrx_word' id='word_1_589' title='bbox 3662 3649 3785 3703; x_wconf 67' lang='lat' dir='ltr'><strong>etiam</strong></span> 
     </span>
    </p>
   </div>
   <div class='ocr_carea' id='block_1_81' title="bbox 2266 3750 2905 3819">
    <p class='ocr_par' dir='ltr' id='par_1_81' title="bbox 2266 3750 2905 3819">
     <span class='ocr_line' id='line_1_81' title="bbox 2266 3750 2905 3819; baseline -0.002 -16"><span class='ocrx_word' id='word_1_590' title='bbox 2266 3758 2613 3803; x_wconf 87' lang='lat' dir='ltr'><strong>monumenta</strong></span> <span class='ocrx_word' id='word_1_591' title='bbox 2654 3750 2905 3819; x_wconf 88' lang='lat' dir='ltr'><strong>probant.</strong></span> 
     </span>
    </p>
   </div>
   <div class='ocr_carea' id='block_1_82' title="bbox 2334 3838 3789 3897">
    <p class='ocr_par' dir='ltr' id='par_1_82' title="bbox 2334 3838 3789 3897">
     <span class='ocr_line' id='line_1_82' title="bbox 2334 3838 3789 3897; baseline -0.01 0"><span class='ocrx_word' id='word_1_592' title='bbox 2334 3841 2575 3897; x_wconf 82' lang='lat' dir='ltr'><strong>Celebris</strong></span> <span class='ocrx_word' id='word_1_593' title='bbox 2601 3840 2701 3895; x_wconf 81' lang='lat' dir='ltr'><strong>fuit</strong></span> <span class='ocrx_word' id='word_1_594' title='bbox 2749 3841 2851 3896; x_wconf 86' lang='lat' dir='ltr'><strong>hoc</strong></span> <span class='ocrx_word' id='word_1_595' title='bbox 2896 3857 3037 3896; x_wconf 88' lang='lat' dir='ltr'><strong>anno</strong></span> <span class='ocrx_word' id='word_1_596' title='bbox 3086 3841 3356 3897; x_wconf 90' lang='lat' dir='ltr'><strong>dedicatio</strong></span> <span class='ocrx_word' id='word_1_597' title='bbox 3384 3838 3618 3896; x_wconf 67' lang='lat' dir='ltr'><strong>ecclesia:</strong></span> <span class='ocrx_word' id='word_1_598' title='bbox 3646 3845 3789 3889; x_wconf 76' lang='lat' dir='ltr'><strong>mona-</strong></span> 
     </span>
    </p>
   </div>
   <div class='ocr_carea' id='block_1_83' title="bbox 2263 3918 3788 4002">
    <p class='ocr_par' dir='ltr' id='par_1_83' title="bbox 2263 3918 3788 4002">
     <span class='ocr_line' id='line_1_83' title="bbox 2263 3918 3788 4002; baseline -0.008 -14"><span class='ocrx_word' id='word_1_599' title='bbox 2263 3934 2413 3988; x_wconf 90' lang='lat' dir='ltr'><strong>sterii</strong></span> <span class='ocrx_word' id='word_1_600' title='bbox 2444 3931 2703 3987; x_wconf 84' lang='lat' dir='ltr'><strong>Cavcnsis</strong></span> <span class='ocrx_word' id='word_1_601' title='bbox 2740 3933 2805 3987; x_wconf 84' lang='lat' dir='ltr'><strong>ab</strong></span> <span class='ocrx_word' id='word_1_602' title='bbox 2860 3932 2974 4002; x_wconf 90' lang='lat' dir='ltr'><strong>ipso</strong></span> <span class='ocrx_word' id='word_1_603' title='bbox 3021 3932 3240 3987; x_wconf 89' lang='lat' dir='ltr'><strong>Urbano</strong></span> <span class='ocrx_word' id='word_1_604' title='bbox 3271 3933 3436 3987; x_wconf 82' lang='lat' dir='ltr'><strong>facta.</strong></span> <span class='ocrx_word' id='word_1_605' title='bbox 3470 3931 3646 3985; x_wconf 73' lang='lat' dir='ltr'><strong>Exstat</strong></span> <span class='ocrx_word' id='word_1_606' title='bbox 3682 3918 3788 3976; x_wconf 77' lang='lat' dir='ltr'><strong>haud</strong></span> 
     </span>
    </p>
   </div>
   <div class='ocr_carea' id='block_1_84' title="bbox 2263 4016 3791 4094">
    <p class='ocr_par' dir='ltr' id='par_1_84' title="bbox 2263 4016 3791 4094">
     <span class='ocr_line' id='line_1_84' title="bbox 2263 4016 3791 4094; baseline -0.01 -16"><span class='ocrx_word' id='word_1_607' title='bbox 2263 4025 2447 4094; x_wconf 91' lang='lat' dir='ltr'><strong>procul</strong></span> <span class='ocrx_word' id='word_1_608' title='bbox 2481 4040 2510 4079; x_wconf 88' lang='lat' dir='ltr'><strong>a</strong></span> <span class='ocrx_word' id='word_1_609' title='bbox 2540 4024 2767 4079; x_wconf 87' lang='lat' dir='ltr'><strong>Salerno</strong></span> <span class='ocrx_word' id='word_1_610' title='bbox 2797 4025 3112 4087; x_wconf 89' lang='lat' dir='ltr'><strong>oratorium,</strong></span> <span class='ocrx_word' id='word_1_611' title='bbox 3146 4024 3234 4077; x_wconf 90' lang='lat' dir='ltr'><strong>ubi</strong></span> <span class='ocrx_word' id='word_1_612' title='bbox 3259 4023 3501 4094; x_wconf 80' lang='lat' dir='ltr'><strong>pontifex</strong></span> <span class='ocrx_word' id='word_1_613' title='bbox 3532 4016 3791 4076; x_wconf 84' lang='lat' dir='ltr'><strong>substitisse</strong></span> 
     </span>
    </p>
   </div>
   <div class='ocr_carea' id='block_1_85' title="bbox 2264 4106 3790 4186">
    <p class='ocr_par' dir='ltr' id='par_1_85' title="bbox 2264 4106 3790 4186">
     <span class='ocr_line' id='line_1_85' title="bbox 2264 4106 3790 4186; baseline -0.011 -13"><span class='ocrx_word' id='word_1_614' title='bbox 2264 4118 2483 4177; x_wconf 87' lang='lat' dir='ltr'><strong>dicitur.</strong></span> <span class='ocrx_word' id='word_1_615' title='bbox 2514 4132 2637 4171; x_wconf 92' lang='lat' dir='ltr'><strong>cum</strong></span> <span class='ocrx_word' id='word_1_616' title='bbox 2673 4116 2871 4172; x_wconf 85' lang='lat' dir='ltr'><strong>Cavam</strong></span> <span class='ocrx_word' id='word_1_617' title='bbox 2924 4116 3116 4170; x_wconf 88' lang='lat' dir='ltr'><strong>adiret.</strong></span> <span class='ocrx_word' id='word_1_618' title='bbox 3174 4116 3299 4186; x_wconf 77' lang='lat' dir='ltr'><strong>Ejus</strong></span> <span class='ocrx_word' id='word_1_619' title='bbox 3336 4117 3437 4172; x_wconf 90' lang='lat' dir='ltr'><strong>loci</strong></span> <span class='ocrx_word' id='word_1_620' title='bbox 3488 4106 3790 4168; x_wconf 84' lang='lat' dir='ltr'><strong>dedicationis</strong></span> 
     </span>
    </p>
   </div>
   <div class='ocr_carea' id='block_1_86' title="bbox 2263 4203 3788 4281">
    <p class='ocr_par' dir='ltr' id='par_1_86' title="bbox 2263 4203 3788 4281">
     <span class='ocr_line' id='line_1_86' title="bbox 2263 4203 3788 4281; baseline -0.005 -16"><span class='ocrx_word' id='word_1_621' title='bbox 2263 4210 2547 4265; x_wconf 81' lang='lat' dir='ltr'><strong>historiam</strong></span> <span class='ocrx_word' id='word_1_622' title='bbox 2580 4209 2721 4279; x_wconf 84' lang='lat' dir='ltr'><strong>quod</strong></span> <span class='ocrx_word' id='word_1_623' title='bbox 2749 4208 2971 4262; x_wconf 90' lang='lat' dir='ltr'><strong>multum</strong></span> <span class='ocrx_word' id='word_1_624' title='bbox 3005 4209 3072 4263; x_wconf 89' lang='lat' dir='ltr'><strong>ad</strong></span> <span class='ocrx_word' id='word_1_625' title='bbox 3103 4209 3342 4277; x_wconf 87' lang='lat' dir='ltr'><strong>ejusdem</strong></span> <span class='ocrx_word' id='word_1_626' title='bbox 3380 4209 3640 4281; x_wconf 78' lang='lat' dir='ltr'><strong>pontiﬁcis</strong></span> <span class='ocrx_word' id='word_1_627' title='bbox 3661 4203 3788 4257; x_wconf 63' lang='lat' dir='ltr'><strong>Gt&#39;slﬂ</strong></span> 
     </span>
    </p>
   </div>
   <div class='ocr_carea' id='block_1_87' title="bbox 2263 4290 3789 4368">
    <p class='ocr_par' dir='ltr' id='par_1_87' title="bbox 2263 4290 3789 4368">
     <span class='ocr_line' id='line_1_87' title="bbox 2263 4290 3789 4368; baseline -0.007 -15"><span class='ocrx_word' id='word_1_628' title='bbox 2263 4299 2581 4353; x_wconf 86' lang='lat' dir='ltr'><strong>illustranda</strong></span> <span class='ocrx_word' id='word_1_629' title='bbox 2614 4298 2857 4353; x_wconf 78' lang='lat' dir='ltr'><strong>conferat</strong></span> <span class='ocrx_word' id='word_1_630' title='bbox 2882 4299 3145 4366; x_wconf 79' lang='lat' dir='ltr'><strong>integram</strong></span> <span class='ocrx_word' id='word_1_631' title='bbox 3185 4299 3236 4352; x_wconf 92' lang='lat' dir='ltr'><strong>in</strong></span> <span class='ocrx_word' id='word_1_632' title='bbox 3262 4298 3569 4368; x_wconf 85' lang='lat' dir='ltr'><strong>Appendice</strong></span> <span class='ocrx_word' id='word_1_633' title='bbox 3590 4290 3789 4365; x_wconf 77' lang='lat' dir='ltr'><strong>proferre</strong></span> 
     </span>
    </p>
   </div>
   <div class='ocr_carea' id='block_1_88' title="bbox 2263 4386 3789 4455">
    <p class='ocr_par' dir='ltr' id='par_1_88' title="bbox 2263 4386 3789 4455">
     <span class='ocr_line' id='line_1_88' title="bbox 2263 4386 3789 4455; baseline -0.01 -15"><span class='ocrx_word' id='word_1_634' title='bbox 2263 4389 2436 4442; x_wconf 89' lang='lat' dir='ltr'><strong>visum</strong></span> <span class='ocrx_word' id='word_1_635' title='bbox 2466 4396 2548 4441; x_wconf 90' lang='lat' dir='ltr'><strong>est</strong></span> <span class='ocrx_word' id='word_1_636' title='bbox 2588 4402 2654 4441; x_wconf 83' lang='lat' dir='ltr'><strong>ex</strong></span> <span class='ocrx_word' id='word_1_637' title='bbox 2689 4386 2910 4455; x_wconf 83' lang='lat' dir='ltr'><strong>Ughello</strong></span> <span class='ocrx_word' id='word_1_638' title='bbox 2958 4395 3101 4439; x_wconf 91' lang='lat' dir='ltr'><strong>tomo</strong></span> <span class='ocrx_word' id='word_1_639' title='bbox 3136 4386 3219 4440; x_wconf 86' lang='lat' dir='ltr'><strong>Vll</strong></span> <span class='ocrx_word' id='word_1_640' title='bbox 3250 4386 3417 4441; x_wconf 80' lang='lat' dir='ltr'><strong>Italia:</strong></span> <span class='ocrx_word' id='word_1_641' title='bbox 3454 4398 3631 4441; x_wconf 71' lang='lat' dir='ltr'><strong>sacrm,</strong></span> <span class='ocrx_word' id='word_1_642' title='bbox 3660 4387 3707 4430; x_wconf 91' lang='lat' dir='ltr'><strong>et</strong></span> <span class='ocrx_word' id='word_1_643' title='bbox 3741 4387 3789 4425; x_wconf 74' lang='lat' dir='ltr'><strong>et</strong></span> 
     </span>
    </p>
   </div>
   <div class='ocr_carea' id='block_1_89' title="bbox 588 4463 3786 4561">
    <p class='ocr_par' dir='ltr' id='par_1_89' title="bbox 588 4463 3786 4561">
     <span class='ocr_line' id='line_1_89' title="bbox 588 4463 3786 4561; baseline -0.006 -30"><span class='ocrx_word' id='word_1_644' title='bbox 588 4489 899 4561; x_wconf 77' lang='lat' dir='ltr'><strong>episcopum</strong></span> <span class='ocrx_word' id='word_1_645' title='bbox 950 4483 1414 4556; x_wconf 67' lang='lat' dir='ltr'><strong>pmvarjcatjonis</strong></span> <span class='ocrx_word' id='word_1_646' title='bbox 1467 4491 1709 4547; x_wconf 73' lang='lat' dir='ltr'><strong>accusat,</strong></span> <span class='ocrx_word' id='word_1_647' title='bbox 1741 4483 1883 4551; x_wconf 87' lang='lat' dir='ltr'><strong>quod</strong></span> <span class='ocrx_word' id='word_1_648' title='bbox 1927 4483 2162 4553; x_wconf 77' lang='lat' dir='ltr'><strong>acceptis</strong></span> <span class='ocrx_word' id='word_1_649' title='bbox 2192 4463 2241 4521; x_wconf 83' lang='lat' dir='ltr'><strong>D</strong></span> <span class='ocrx_word' id='word_1_650' title='bbox 2268 4476 2459 4531; x_wconf 86' lang='lat' dir='ltr'><strong>Martio</strong></span> <span class='ocrx_word' id='word_1_651' title='bbox 2516 4476 2902 4539; x_wconf 87' lang='lat' dir='ltr'><strong>Bollandiano,</strong></span> <span class='ocrx_word' id='word_1_652' title='bbox 2957 4474 3046 4528; x_wconf 91' lang='lat' dir='ltr'><strong>ubi</strong></span> <span class='ocrx_word' id='word_1_653' title='bbox 3114 4475 3343 4530; x_wconf 90' lang='lat' dir='ltr'><strong>habetur</strong></span> <span class='ocrx_word' id='word_1_654' title='bbox 3387 4490 3452 4529; x_wconf 77' lang='lat' dir='ltr'><strong>ex</strong></span> <span class='ocrx_word' id='word_1_655' title='bbox 3500 4470 3673 4561; x_wconf 75' lang='lat' dir='ltr'><strong>codice</strong></span> <span class='ocrx_word' id='word_1_656' title='bbox 3711 4476 3786 4557; x_wconf 56' lang='lat' dir='ltr'><strong>ms.</strong></span> 
     </span>
    </p>
   </div>
   <div class='ocr_carea' id='block_1_90' title="bbox 590 4574 2161 4649">
    <p class='ocr_par' dir='ltr' id='par_1_90' title="bbox 590 4574 2161 4649">
     <span class='ocr_line' id='line_1_90' title="bbox 590 4574 2161 4649; baseline -0.005 -14"><span class='ocrx_word' id='word_1_657' title='bbox 590 4582 644 4635; x_wconf 87' lang='lat' dir='ltr'><strong>in</strong></span> <span class='ocrx_word' id='word_1_658' title='bbox 673 4578 1088 4649; x_wconf 88' lang='lat' dir='ltr'><strong>compensatione</strong></span> <span class='ocrx_word' id='word_1_659' title='bbox 1115 4576 1336 4646; x_wconf 80' lang='lat' dir='ltr'><strong>infausti</strong></span> <span class='ocrx_word' id='word_1_660' title='bbox 1385 4576 1671 4645; x_wconf 77' lang='lat' dir='ltr'><strong>famulatus</strong></span> <span class='ocrx_word' id='word_1_661' title='bbox 1709 4574 1941 4630; x_wconf 86' lang='lat' dir='ltr'><strong>Madenti</strong></span> <span class='ocrx_word' id='word_1_662' title='bbox 1981 4574 2161 4644; x_wconf 89' lang='lat' dir='ltr'><strong>oppidi</strong></span> 
     </span>
    </p>
   </div>
   <div class='ocr_carea' id='block_1_91' title="bbox 588 4666 2159 4737">
    <p class='ocr_par' dir='ltr' id='par_1_91' title="bbox 588 4666 2159 4737">
     <span class='ocr_line' id='line_1_91' title="bbox 588 4666 2159 4737; baseline -0.004 -9"><span class='ocrx_word' id='word_1_663' title='bbox 588 4670 858 4734; x_wconf 89' lang='lat' dir='ltr'><strong>ecclesiis,</strong></span> <span class='ocrx_word' id='word_1_664' title='bbox 902 4669 1276 4724; x_wconf 74' lang='lat' dir='ltr'><strong>exsecrandum</strong></span> <span class='ocrx_word' id='word_1_665' title='bbox 1306 4667 1440 4722; x_wconf 82' lang='lat' dir='ltr'><strong>hanc</strong></span> <span class='ocrx_word' id='word_1_666' title='bbox 1479 4666 1706 4737; x_wconf 91' lang='lat' dir='ltr'><strong>Philippi</strong></span> <span class='ocrx_word' id='word_1_667' title='bbox 1740 4668 1882 4737; x_wconf 82' lang='lat' dir='ltr'><strong>regis</strong></span> <span class='ocrx_word' id='word_1_668' title='bbox 1927 4674 1981 4721; x_wconf 94' lang='lat' dir='ltr'><strong>et</strong></span> <span class='ocrx_word' id='word_1_669' title='bbox 2026 4666 2159 4721; x_wconf 87' lang='lat' dir='ltr'><strong>Ber-</strong></span> 
     </span>
    </p>
   </div>
   <div class='ocr_carea' id='block_1_92' title="bbox 591 4757 2160 4831">
    <p class='ocr_par' dir='ltr' id='par_1_92' title="bbox 591 4757 2160 4831">
     <span class='ocr_line' id='line_1_92' title="bbox 591 4757 2160 4831; baseline -0.003 -15"><span class='ocrx_word' id='word_1_670' title='bbox 591 4760 754 4816; x_wconf 65' lang='lat' dir='ltr'><strong>tradaa</strong></span> <span class='ocrx_word' id='word_1_671' title='bbox 780 4760 1254 4831; x_wconf 86' lang='lat' dir='ltr'><strong>desponsationem,</strong></span> <span class='ocrx_word' id='word_1_672' title='bbox 1281 4759 1423 4828; x_wconf 89' lang='lat' dir='ltr'><strong>quod</strong></span> <span class='ocrx_word' id='word_1_673' title='bbox 1457 4757 1634 4813; x_wconf 74' lang='lat' dir='ltr'><strong>facere</strong></span> <span class='ocrx_word' id='word_1_674' title='bbox 1664 4758 1963 4813; x_wconf 89' lang='lat' dir='ltr'><strong>renuebant</strong></span> <span class='ocrx_word' id='word_1_675' title='bbox 1993 4758 2160 4812; x_wconf 90' lang='lat' dir='ltr'><strong>Fran-</strong></span> 
     </span>
    </p>
   </div>
   <div class='ocr_carea' id='block_1_93' title="bbox 588 4846 2162 4916">
    <p class='ocr_par' dir='ltr' id='par_1_93' title="bbox 588 4846 2162 4916">
     <span class='ocr_line' id='line_1_93' title="bbox 588 4846 2162 4916; baseline -0.004 -10"><span class='ocrx_word' id='word_1_676' title='bbox 588 4852 686 4907; x_wconf 72' lang='lat' dir='ltr'><strong>cite</strong></span> <span class='ocrx_word' id='word_1_677' title='bbox 713 4851 1004 4916; x_wconf 86' lang='lat' dir='ltr'><strong>antistites,</strong></span> <span class='ocrx_word' id='word_1_678' title='bbox 1040 4848 1414 4905; x_wconf 88' lang='lat' dir='ltr'><strong>celebraverit.</strong></span> <span class='ocrx_word' id='word_1_679' title='bbox 1456 4847 1568 4903; x_wconf 89' lang='lat' dir='ltr'><strong>Hoc</strong></span> <span class='ocrx_word' id='word_1_680' title='bbox 1596 4862 1625 4901; x_wconf 91' lang='lat' dir='ltr'><strong>a</strong></span> <span class='ocrx_word' id='word_1_681' title='bbox 1654 4846 1924 4901; x_wconf 86' lang='lat' dir='ltr'><strong>Willehno</strong></span> <span class='ocrx_word' id='word_1_682' title='bbox 1978 4846 2162 4901; x_wconf 78' lang='lat' dir='ltr'><strong>archi-</strong></span> 
     </span>
    </p>
   </div>
   <div class='ocr_carea' id='block_1_94' title="bbox 588 4937 2156 5011">
    <p class='ocr_par' dir='ltr' id='par_1_94' title="bbox 588 4937 2156 5011">
     <span class='ocr_line' id='line_1_94' title="bbox 588 4937 2156 5011; baseline -0.001 -17"><span class='ocrx_word' id='word_1_683' title='bbox 588 4940 837 5010; x_wconf 83' lang='lat' dir='ltr'><strong>episcopo</strong></span> <span class='ocrx_word' id='word_1_684' title='bbox 855 4938 1238 5011; x_wconf 80' lang='lat' dir='ltr'><strong>Botomagensi</strong></span> <span class='ocrx_word' id='word_1_685' title='bbox 1257 4937 1455 4993; x_wconf 83' lang='lat' dir='ltr'><strong>factum</strong></span> <span class='ocrx_word' id='word_1_686' title='bbox 1473 4938 1639 4993; x_wconf 79' lang='lat' dir='ltr'><strong>fuisse</strong></span> <span class='ocrx_word' id='word_1_687' title='bbox 1663 4937 2156 5008; x_wconf 73' lang='lat' dir='ltr'><strong>traditMalmesbu-</strong></span> 
     </span>
    </p>
   </div>
   <div class='ocr_carea' id='block_1_95' title="bbox 588 5028 2157 5099">
    <p class='ocr_par' dir='ltr' id='par_1_95' title="bbox 588 5028 2157 5099">
     <span class='ocr_line' id='line_1_95' title="bbox 588 5028 2157 5099; baseline 0 -14"><span class='ocrx_word' id='word_1_688' title='bbox 588 5031 780 5086; x_wconf 89' lang='lat' dir='ltr'><strong>riensis</strong></span> <span class='ocrx_word' id='word_1_689' title='bbox 823 5032 976 5086; x_wconf 93' lang='lat' dir='ltr'><strong>modo</strong></span> <span class='ocrx_word' id='word_1_690' title='bbox 1007 5031 1272 5097; x_wconf 87' lang='lat' dir='ltr'><strong>laudatus,</strong></span> <span class='ocrx_word' id='word_1_691' title='bbox 1331 5029 1401 5084; x_wconf 92' lang='lat' dir='ltr'><strong>ob</strong></span> <span class='ocrx_word' id='word_1_692' title='bbox 1449 5030 1609 5099; x_wconf 83' lang='lat' dir='ltr'><strong>idque</strong></span> <span class='ocrx_word' id='word_1_693' title='bbox 1652 5044 1773 5084; x_wconf 91' lang='lat' dir='ltr'><strong>eum</strong></span> <span class='ocrx_word' id='word_1_694' title='bbox 1824 5031 1892 5085; x_wconf 91' lang='lat' dir='ltr'><strong>ab</strong></span> <span class='ocrx_word' id='word_1_695' title='bbox 1939 5028 2157 5085; x_wconf 84' lang='lat' dir='ltr'><strong>Urbano</strong></span> 
     </span>
    </p>
   </div>
   <div class='ocr_carea' id='block_1_96' title="bbox 587 5118 2153 5189">
    <p class='ocr_par' dir='ltr' id='par_1_96' title="bbox 587 5118 2153 5189">
     <span class='ocr_line' id='line_1_96' title="bbox 587 5118 2153 5189; baseline -0.002 -13"><span class='ocrx_word' id='word_1_696' title='bbox 587 5122 758 5176; x_wconf 86' lang='lat' dir='ltr'><strong>sacris</strong></span> <span class='ocrx_word' id='word_1_697' title='bbox 806 5120 1147 5175; x_wconf 80' lang='lat' dir='ltr'><strong>interdictum</strong></span> <span class='ocrx_word' id='word_1_698' title='bbox 1199 5136 1264 5175; x_wconf 90' lang='lat' dir='ltr'><strong>ac</strong></span> <span class='ocrx_word' id='word_1_699' title='bbox 1297 5120 1507 5174; x_wconf 90' lang='lat' dir='ltr'><strong>nonnisi</strong></span> <span class='ocrx_word' id='word_1_700' title='bbox 1554 5128 1675 5189; x_wconf 92' lang='lat' dir='ltr'><strong>post</strong></span> <span class='ocrx_word' id='word_1_701' title='bbox 1718 5118 1916 5174; x_wconf 92' lang='lat' dir='ltr'><strong>multos</strong></span> <span class='ocrx_word' id='word_1_702' title='bbox 1964 5134 2153 5183; x_wconf 89' lang='lat' dir='ltr'><strong>annos,</strong></span> 
     </span>
    </p>
   </div>
   <div class='ocr_carea' id='block_1_97' title="bbox 589 5207 2154 5275">
    <p class='ocr_par' dir='ltr' id='par_1_97' title="bbox 589 5207 2154 5275">
     <span class='ocr_line' id='line_1_97' title="bbox 589 5207 2154 5275; baseline -0.004 -8"><span class='ocrx_word' id='word_1_703' title='bbox 589 5210 956 5267; x_wconf 83' lang='lat' dir='ltr'><strong>intercedente</strong></span> <span class='ocrx_word' id='word_1_704' title='bbox 981 5211 1139 5266; x_wconf 90' lang='lat' dir='ltr'><strong>beato</strong></span> <span class='ocrx_word' id='word_1_705' title='bbox 1167 5210 1442 5275; x_wconf 85' lang='lat' dir='ltr'><strong>Anselmo,</strong></span> <span class='ocrx_word' id='word_1_706' title='bbox 1485 5209 1787 5265; x_wconf 87' lang='lat' dir='ltr'><strong>absolutum</strong></span> <span class='ocrx_word' id='word_1_707' title='bbox 1828 5207 1991 5263; x_wconf 79' lang='lat' dir='ltr'><strong>fuisse</strong></span> <span class='ocrx_word' id='word_1_708' title='bbox 2017 5210 2154 5263; x_wconf 86' lang='lat' dir='ltr'><strong>scri-</strong></span> 
     </span>
    </p>
   </div>
   <div class='ocr_carea' id='block_1_98' title="bbox 588 5300 2156 5371">
    <p class='ocr_par' dir='ltr' id='par_1_98' title="bbox 588 5300 2156 5371">
     <span class='ocr_line' id='line_1_98' title="bbox 588 5300 2156 5371; baseline -0.002 -13"><span class='ocrx_word' id='word_1_709' title='bbox 588 5305 684 5359; x_wconf 87' lang='lat' dir='ltr'><strong>bit.</strong></span> <span class='ocrx_word' id='word_1_710' title='bbox 708 5302 775 5358; x_wconf 88' lang='lat' dir='ltr'><strong>Et</strong></span> <span class='ocrx_word' id='word_1_711' title='bbox 813 5302 1028 5371; x_wconf 89' lang='lat' dir='ltr'><strong>quidem</strong></span> <span class='ocrx_word' id='word_1_712' title='bbox 1063 5314 1267 5357; x_wconf 89' lang='lat' dir='ltr'><strong>certum</strong></span> <span class='ocrx_word' id='word_1_713' title='bbox 1304 5311 1385 5357; x_wconf 89' lang='lat' dir='ltr'><strong>est</strong></span> <span class='ocrx_word' id='word_1_714' title='bbox 1428 5303 1525 5356; x_wconf 89' lang='lat' dir='ltr'><strong>has</strong></span> <span class='ocrx_word' id='word_1_715' title='bbox 1556 5301 1769 5370; x_wconf 84' lang='lat' dir='ltr'><strong>nuptias</strong></span> <span class='ocrx_word' id='word_1_716' title='bbox 1799 5316 1827 5353; x_wconf 86' lang='lat' dir='ltr'><strong>a</strong></span> <span class='ocrx_word' id='word_1_717' title='bbox 1875 5300 2156 5371; x_wconf 78' lang='lat' dir='ltr'><strong>Raynoldo</strong></span> 
     </span>
    </p>
   </div>
   <div class='ocr_carea' id='block_1_99' title="bbox 590 5391 2158 5461">
    <p class='ocr_par' dir='ltr' id='par_1_99' title="bbox 590 5391 2158 5461">
     <span class='ocr_line' id='line_1_99' title="bbox 590 5391 2158 5461; baseline -0.001 -15"><span class='ocrx_word' id='word_1_718' title='bbox 590 5392 839 5447; x_wconf 78' lang='lat' dir='ltr'><strong>llemensi</strong></span> <span class='ocrx_word' id='word_1_719' title='bbox 867 5392 1291 5461; x_wconf 88' lang='lat' dir='ltr'><strong>archiepiscopo,</strong></span> <span class='ocrx_word' id='word_1_720' title='bbox 1324 5392 1391 5446; x_wconf 86' lang='lat' dir='ltr'><strong>ad</strong></span> <span class='ocrx_word' id='word_1_721' title='bbox 1432 5406 1590 5461; x_wconf 89' lang='lat' dir='ltr'><strong>quem</strong></span> <span class='ocrx_word' id='word_1_722' title='bbox 1625 5406 1690 5445; x_wconf 78' lang='lat' dir='ltr'><strong>ex</strong></span> <span class='ocrx_word' id='word_1_723' title='bbox 1732 5391 1958 5460; x_wconf 85' lang='lat' dir='ltr'><strong>antiqua</strong></span> <span class='ocrx_word' id='word_1_724' title='bbox 2015 5391 2158 5445; x_wconf 90' lang='lat' dir='ltr'><strong>sedis</strong></span> 
     </span>
    </p>
   </div>
   <div class='ocr_carea' id='block_1_100' title="bbox 586 5479 2154 5551">
    <p class='ocr_par' dir='ltr' id='par_1_100' title="bbox 586 5479 2154 5551">
     <span class='ocr_line' id='line_1_100' title="bbox 586 5479 2154 5551; baseline -0.001 -14"><span class='ocrx_word' id='word_1_725' title='bbox 586 5497 697 5537; x_wconf 64' lang='lat' dir='ltr'><strong>sua:</strong></span> <span class='ocrx_word' id='word_1_726' title='bbox 722 5480 1073 5551; x_wconf 80' lang='lat' dir='ltr'><strong>praerogativa</strong></span> <span class='ocrx_word' id='word_1_727' title='bbox 1097 5480 1147 5534; x_wconf 90' lang='lat' dir='ltr'><strong>id</strong></span> <span class='ocrx_word' id='word_1_728' title='bbox 1171 5481 1431 5548; x_wconf 87' lang='lat' dir='ltr'><strong>muneris,</strong></span> <span class='ocrx_word' id='word_1_729' title='bbox 1478 5489 1538 5534; x_wconf 93' lang='lat' dir='ltr'><strong>ut</strong></span> <span class='ocrx_word' id='word_1_730' title='bbox 1580 5480 1742 5535; x_wconf 91' lang='lat' dir='ltr'><strong>habet</strong></span> <span class='ocrx_word' id='word_1_731' title='bbox 1772 5479 1883 5543; x_wconf 92' lang='lat' dir='ltr'><strong>lvo,</strong></span> <span class='ocrx_word' id='word_1_732' title='bbox 1915 5481 2154 5548; x_wconf 89' lang='lat' dir='ltr'><strong>pertine-</strong></span> 
     </span>
    </p>
   </div>
   <div class='ocr_carea' id='block_1_101' title="bbox 587 5572 2156 5645">
    <p class='ocr_par' dir='ltr' id='par_1_101' title="bbox 587 5572 2156 5645">
     <span class='ocr_line' id='line_1_101' title="bbox 587 5572 2156 5645; baseline -0.001 -17"><span class='ocrx_word' id='word_1_733' title='bbox 587 5575 702 5638; x_wconf 89' lang='lat' dir='ltr'><strong>bat,</strong></span> <span class='ocrx_word' id='word_1_734' title='bbox 732 5572 1030 5629; x_wconf 88' lang='lat' dir='ltr'><strong>celebratas</strong></span> <span class='ocrx_word' id='word_1_735' title='bbox 1051 5589 1155 5628; x_wconf 91' lang='lat' dir='ltr'><strong>non</strong></span> <span class='ocrx_word' id='word_1_736' title='bbox 1183 5572 1364 5628; x_wconf 78' lang='lat' dir='ltr'><strong>fuisse.</strong></span> <span class='ocrx_word' id='word_1_737' title='bbox 1390 5572 1757 5643; x_wconf 84' lang='lat' dir='ltr'><strong>Reprehendit</strong></span> <span class='ocrx_word' id='word_1_738' title='bbox 1801 5582 1978 5627; x_wconf 84' lang='lat' dir='ltr'><strong>tamen</strong></span> <span class='ocrx_word' id='word_1_739' title='bbox 2012 5574 2156 5645; x_wconf 77' lang='lat' dir='ltr'><strong>Bay-</strong></span> 
     </span>
    </p>
   </div>
   <div class='ocr_carea' id='block_1_102' title="bbox 587 5665 2150 5737">
    <p class='ocr_par' dir='ltr' id='par_1_102' title="bbox 587 5665 2150 5737">
     <span class='ocr_line' id='line_1_102' title="bbox 587 5665 2150 5737; baseline 0.001 -15"><span class='ocrx_word' id='word_1_740' title='bbox 587 5667 805 5723; x_wconf 88' lang='lat' dir='ltr'><strong>noldum</strong></span> <span class='ocrx_word' id='word_1_741' title='bbox 843 5665 1109 5734; x_wconf 88' lang='lat' dir='ltr'><strong>Urbanus,</strong></span> <span class='ocrx_word' id='word_1_742' title='bbox 1149 5666 1290 5735; x_wconf 88' lang='lat' dir='ltr'><strong>quod</strong></span> <span class='ocrx_word' id='word_1_743' title='bbox 1333 5666 1383 5720; x_wconf 88' lang='lat' dir='ltr'><strong>id</strong></span> <span class='ocrx_word' id='word_1_744' title='bbox 1422 5682 1449 5720; x_wconf 88' lang='lat' dir='ltr'><strong>a</strong></span> <span class='ocrx_word' id='word_1_745' title='bbox 1484 5665 1870 5723; x_wconf 80' lang='lat' dir='ltr'><strong>Silvaucctcusi</strong></span> <span class='ocrx_word' id='word_1_746' title='bbox 1899 5668 2150 5737; x_wconf 75' lang='lat' dir='ltr'><strong>episcopo</strong></span> 
     </span>
    </p>
   </div>
   <div class='ocr_carea' id='block_1_103' title="bbox 2263 4548 3787 4637">
    <p class='ocr_par' dir='ltr' id='par_1_103' title="bbox 2263 4548 3787 4637">
     <span class='ocr_line' id='line_1_103' title="bbox 2263 4548 3787 4637; baseline -0.009 -16"><span class='ocrx_word' id='word_1_747' title='bbox 2263 4568 2499 4637; x_wconf 91' lang='lat' dir='ltr'><strong>ejusdem</strong></span> <span class='ocrx_word' id='word_1_748' title='bbox 2532 4566 2635 4621; x_wconf 92' lang='lat' dir='ltr'><strong>loci</strong></span> <span class='ocrx_word' id='word_1_749' title='bbox 2658 4566 2923 4633; x_wconf 89' lang='lat' dir='ltr'><strong>descripta</strong></span> <span class='ocrx_word' id='word_1_750' title='bbox 2950 4564 3015 4619; x_wconf 90' lang='lat' dir='ltr'><strong>ad</strong></span> <span class='ocrx_word' id='word_1_751' title='bbox 3046 4564 3249 4619; x_wconf 86' lang='lat' dir='ltr'><strong>calcem</strong></span> <span class='ocrx_word' id='word_1_752' title='bbox 3286 4566 3420 4618; x_wconf 71' lang='lat' dir='ltr'><strong>Vita:</strong></span> <span class='ocrx_word' id='word_1_753' title='bbox 3456 4562 3509 4616; x_wconf 90' lang='lat' dir='ltr'><strong>S.</strong></span> <span class='ocrx_word' id='word_1_754' title='bbox 3538 4557 3690 4617; x_wconf 89' lang='lat' dir='ltr'><strong>Petri,</strong></span> <span class='ocrx_word' id='word_1_755' title='bbox 3721 4548 3787 4618; x_wconf 80' lang='lat' dir='ltr'><strong>qni</strong></span> 
     </span>
    </p>
   </div>
   <div class='ocr_carea' id='block_1_104' title="bbox 2263 4646 3790 4723">
    <p class='ocr_par' dir='ltr' id='par_1_104' title="bbox 2263 4646 3790 4723">
     <span class='ocr_line' id='line_1_104' title="bbox 2263 4646 3790 4723; baseline -0.012 -13"><span class='ocrx_word' id='word_1_756' title='bbox 2263 4666 2391 4711; x_wconf 90' lang='lat' dir='ltr'><strong>tunc</strong></span> <span class='ocrx_word' id='word_1_757' title='bbox 2444 4656 2571 4710; x_wconf 92' lang='lat' dir='ltr'><strong>illud</strong></span> <span class='ocrx_word' id='word_1_758' title='bbox 2630 4656 3016 4710; x_wconf 80' lang='lat' dir='ltr'><strong>monasterium</strong></span> <span class='ocrx_word' id='word_1_759' title='bbox 3056 4655 3291 4723; x_wconf 77' lang='lat' dir='ltr'><strong>regebat.</strong></span> <span class='ocrx_word' id='word_1_760' title='bbox 3320 4654 3524 4709; x_wconf 78' lang='lat' dir='ltr'><strong>Visitur</strong></span> <span class='ocrx_word' id='word_1_761' title='bbox 3568 4646 3790 4709; x_wconf 79' lang='lat' dir='ltr'><strong>hodieque</strong></span> 
     </span>
    </p>
   </div>
   <div class='ocr_carea' id='block_1_105' title="bbox 2264 4739 3790 4816">
    <p class='ocr_par' dir='ltr' id='par_1_105' title="bbox 2264 4739 3790 4816">
     <span class='ocr_line' id='line_1_105' title="bbox 2264 4739 3790 4816; baseline -0.011 -14"><span class='ocrx_word' id='word_1_762' title='bbox 2264 4749 2315 4803; x_wconf 91' lang='lat' dir='ltr'><strong>in</strong></span> <span class='ocrx_word' id='word_1_763' title='bbox 2346 4749 2448 4802; x_wconf 91' lang='lat' dir='ltr'><strong>hac</strong></span> <span class='ocrx_word' id='word_1_764' title='bbox 2473 4748 2583 4816; x_wconf 87' lang='lat' dir='ltr'><strong>ipsa</strong></span> <span class='ocrx_word' id='word_1_765' title='bbox 2614 4747 2835 4801; x_wconf 88' lang='lat' dir='ltr'><strong>basilica</strong></span> <span class='ocrx_word' id='word_1_766' title='bbox 2867 4745 3147 4813; x_wconf 87' lang='lat' dir='ltr'><strong>inscriptio</strong></span> <span class='ocrx_word' id='word_1_767' title='bbox 3171 4745 3337 4798; x_wconf 89' lang='lat' dir='ltr'><strong>incisa</strong></span> <span class='ocrx_word' id='word_1_768' title='bbox 3373 4742 3548 4812; x_wconf 90' lang='lat' dir='ltr'><strong>lapidi,</strong></span> <span class='ocrx_word' id='word_1_769' title='bbox 3582 4740 3627 4790; x_wconf 91' lang='lat' dir='ltr'><strong>in</strong></span> <span class='ocrx_word' id='word_1_770' title='bbox 3658 4739 3790 4786; x_wconf 66' lang='lat' dir='ltr'><strong>tanta:</strong></span> 
     </span>
    </p>
   </div>
   <div class='ocr_carea' id='block_1_106' title="bbox 2265 4822 3790 4915">
    <p class='ocr_par' dir='ltr' id='par_1_106' title="bbox 2265 4822 3790 4915">
     <span class='ocr_line' id='line_1_106' title="bbox 2265 4822 3790 4915; baseline -0.014 -19"><span class='ocrx_word' id='word_1_771' title='bbox 2265 4840 2621 4896; x_wconf 83' lang='lat' dir='ltr'><strong>solemnitatis</strong></span> <span class='ocrx_word' id='word_1_772' title='bbox 2672 4839 2984 4893; x_wconf 90' lang='lat' dir='ltr'><strong>memoriam</strong></span> <span class='ocrx_word' id='word_1_773' title='bbox 3034 4838 3226 4907; x_wconf 80' lang='lat' dir='ltr'><strong>posita,</strong></span> <span class='ocrx_word' id='word_1_774' title='bbox 3268 4851 3388 4906; x_wconf 66' lang='lat' dir='ltr'><strong>qua!</strong></span> <span class='ocrx_word' id='word_1_775' title='bbox 3437 4835 3486 4887; x_wconf 93' lang='lat' dir='ltr'><strong>in</strong></span> <span class='ocrx_word' id='word_1_776' title='bbox 3533 4822 3790 4915; x_wconf 74' lang='lat' dir='ltr'><strong>Annalibus</strong></span> 
     </span>
    </p>
   </div>
   <div class='ocr_carea' id='block_1_107' title="bbox 2261 4916 3791 4999">
    <p class='ocr_par' dir='ltr' id='par_1_107' title="bbox 2261 4916 3791 4999">
     <span class='ocr_line' id='line_1_107' title="bbox 2261 4916 3791 4999; baseline -0.013 -12"><span class='ocrx_word' id='word_1_777' title='bbox 2261 4932 2499 4995; x_wconf 87' lang='lat' dir='ltr'><strong>Baronii,</strong></span> <span class='ocrx_word' id='word_1_778' title='bbox 2532 4940 2585 4985; x_wconf 90' lang='lat' dir='ltr'><strong>et</strong></span> <span class='ocrx_word' id='word_1_779' title='bbox 2616 4930 2754 4999; x_wconf 90' lang='lat' dir='ltr'><strong>apud</strong></span> <span class='ocrx_word' id='word_1_780' title='bbox 2784 4930 3075 4984; x_wconf 85' lang='lat' dir='ltr'><strong>Chesuium</strong></span> <span class='ocrx_word' id='word_1_781' title='bbox 3114 4929 3165 4981; x_wconf 93' lang='lat' dir='ltr'><strong>iu</strong></span> <span class='ocrx_word' id='word_1_782' title='bbox 3207 4927 3516 4997; x_wconf 82' lang='lat' dir='ltr'><strong>pontiﬁcum</strong></span> <span class='ocrx_word' id='word_1_783' title='bbox 3565 4916 3685 4972; x_wconf 72' lang='lat' dir='ltr'><strong>Vitis</strong></span> <span class='ocrx_word' id='word_1_784' title='bbox 3728 4920 3791 4961; x_wconf 76' lang='lat' dir='ltr'><strong>SIC</strong></span> 
     </span>
    </p>
   </div>
   <div class='ocr_carea' id='block_1_108' title="bbox 2258 5026 2528 5080">
    <p class='ocr_par' dir='ltr' id='par_1_108' title="bbox 2258 5026 2528 5080">
     <span class='ocr_line' id='line_1_108' title="bbox 2258 5026 2528 5080; baseline -0.004 -1"><span class='ocrx_word' id='word_1_785' title='bbox 2258 5026 2485 5080; x_wconf 86' lang='lat' dir='ltr'><strong>habetur</strong></span> <span class='ocrx_word' id='word_1_786' title='bbox 2514 5038 2528 5078; x_wconf 91' lang='lat'><strong>:</strong></span> 
     </span>
    </p>
   </div>
   <div class='ocr_carea' id='block_1_109' title="bbox 2366 5112 3707 5175">
    <p class='ocr_par' dir='ltr' id='par_1_109' title="bbox 2366 5112 3707 5175">
     <span class='ocr_line' id='line_1_109' title="bbox 2366 5112 3707 5175; baseline -0.016 -4"><span class='ocrx_word' id='word_1_787' title='bbox 2366 5116 2581 5172; x_wconf 74' lang='lat' dir='ltr'><strong>CRUCEII</strong></span> <span class='ocrx_word' id='word_1_788' title='bbox 2614 5130 2713 5170; x_wconf 75' lang='lat' dir='ltr'><strong>HOC</strong></span> <span class='ocrx_word' id='word_1_789' title='bbox 2748 5130 2800 5168; x_wconf 77' lang='lat' dir='ltr'><strong>IN</strong></span> <span class='ocrx_word' id='word_1_790' title='bbox 2838 5130 3023 5167; x_wconf 77' lang='lat' dir='ltr'><strong>LAPIDE</strong></span> <span class='ocrx_word' id='word_1_791' title='bbox 3051 5128 3324 5169; x_wconf 73' lang='lat' dir='ltr'><strong>SCULPTAII</strong></span> <span class='ocrx_word' id='word_1_792' title='bbox 3357 5125 3495 5175; x_wconf 71' lang='lat' dir='ltr'><strong>QUAM</strong></span> <span class='ocrx_word' id='word_1_793' title='bbox 3538 5112 3707 5160; x_wconf 70' lang='lat' dir='ltr'><strong>CERNIS</strong></span> 
     </span>
    </p>
   </div>
   <div class='ocr_carea' id='block_1_110' title="bbox 2368 5200 3705 5263">
    <p class='ocr_par' dir='ltr' id='par_1_110' title="bbox 2368 5200 3705 5263">
     <span class='ocr_line' id='line_1_110' title="bbox 2368 5200 3705 5263; baseline -0.015 -1"><span class='ocrx_word' id='word_1_794' title='bbox 2368 5222 2737 5263; x_wconf 72' lang='lat' dir='ltr'><strong>SANCTISSIIUS</strong></span> <span class='ocrx_word' id='word_1_795' title='bbox 2784 5204 3111 5260; x_wconf 75' lang='lat' dir='ltr'><strong>URBANUS</strong></span> <span class='ocrx_word' id='word_1_796' title='bbox 3154 5218 3417 5259; x_wconf 70' lang='lat' dir='ltr'><strong>sscusnus</strong></span> <span class='ocrx_word' id='word_1_797' title='bbox 3472 5200 3705 5253; x_wconf 65' lang='lat' dir='ltr'><strong>Ronanos</strong></span> 
     </span>
    </p>
   </div>
   <div class='ocr_carea' id='block_1_111' title="bbox 2368 5289 3703 5353">
    <p class='ocr_par' dir='ltr' id='par_1_111' title="bbox 2368 5289 3703 5353">
     <span class='ocr_line' id='line_1_111' title="bbox 2368 5289 3703 5353; baseline -0.013 -1"><span class='ocrx_word' id='word_1_798' title='bbox 2368 5313 2630 5353; x_wconf 72' lang='lat' dir='ltr'><strong>PONTIFEX</strong></span> <span class='ocrx_word' id='word_1_799' title='bbox 2682 5312 2733 5350; x_wconf 79' lang='lat' dir='ltr'><strong>IN</strong></span> <span class='ocrx_word' id='word_1_800' title='bbox 2777 5311 2942 5350; x_wconf 66' lang='lat' dir='ltr'><strong>saeua</strong></span> <span class='ocrx_word' id='word_1_801' title='bbox 2983 5311 3143 5349; x_wconf 71' lang='lat' dir='ltr'><strong>trusus</strong></span> <span class='ocrx_word' id='word_1_802' title='bbox 3197 5295 3466 5349; x_wconf 70' lang='lat' dir='ltr'><strong>ECCLESIA“.</strong></span> <span class='ocrx_word' id='word_1_803' title='bbox 3511 5289 3703 5341; x_wconf 74' lang='lat' dir='ltr'><strong>DEblCA-</strong></span> 
     </span>
    </p>
   </div>
   <div class='ocr_carea' id='block_1_112' title="bbox 2371 5385 3702 5444">
    <p class='ocr_par' dir='ltr' id='par_1_112' title="bbox 2371 5385 3702 5444">
     <span class='ocr_line' id='line_1_112' title="bbox 2371 5385 3702 5444; baseline -0.012 0"><span class='ocrx_word' id='word_1_804' title='bbox 2371 5404 2527 5444; x_wconf 80' lang='grc' dir='ltr'><strong>’ῘΙΟΝΕ</strong></span> <span class='ocrx_word' id='word_1_805' title='bbox 2559 5404 2798 5444; x_wconf 75' lang='lat' dir='ltr'><strong>PROPRIIS</strong></span> <span class='ocrx_word' id='word_1_806' title='bbox 2837 5403 3062 5442; x_wconf 73' lang='lat' dir='ltr'><strong>MANIBUS</strong></span> <span class='ocrx_word' id='word_1_807' title='bbox 3107 5404 3156 5441; x_wconf 79' lang='lat' dir='ltr'><strong>IN</strong></span> <span class='ocrx_word' id='word_1_808' title='bbox 3192 5402 3372 5441; x_wconf 59' lang='lat' dir='ltr'><strong>SACRE</strong></span> <span class='ocrx_word' id='word_1_809' title='bbox 3418 5399 3500 5436; x_wconf 78' lang='lat' dir='ltr'><strong>REI</strong></span> <span class='ocrx_word' id='word_1_810' title='bbox 3535 5385 3702 5433; x_wconf 64' lang='lat' dir='ltr'><strong>SIGNC&#39;</strong></span> 
     </span>
    </p>
   </div>
   <div class='ocr_carea' id='block_1_113' title="bbox 2365 5472 3699 5535">
    <p class='ocr_par' dir='ltr' id='par_1_113' title="bbox 2365 5472 3699 5535">
     <span class='ocr_line' id='line_1_113' title="bbox 2365 5472 3699 5535; baseline -0.009 -1"><span class='ocrx_word' id='word_1_811' title='bbox 2365 5497 2499 5535; x_wconf 76' lang='lat' dir='ltr'><strong>OLEO</strong></span> <span class='ocrx_word' id='word_1_812' title='bbox 2522 5496 2722 5535; x_wconf 75' lang='lat' dir='ltr'><strong>LINIVIT</strong></span> <span class='ocrx_word' id='word_1_813' title='bbox 2738 5496 2874 5535; x_wconf 73' lang='lat' dir='ltr'><strong>ANNO</strong></span> <span class='ocrx_word' id='word_1_814' title='bbox 2895 5495 3116 5535; x_wconf 73' lang='lat' dir='ltr'><strong>SALUTIS</strong></span> <span class='ocrx_word' id='word_1_815' title='bbox 3138 5494 3286 5535; x_wconf 65' lang='lat' dir='ltr'><strong>“XCII</strong></span> <span class='ocrx_word' id='word_1_816' title='bbox 3305 5477 3463 5533; x_wconf 76' lang='lat' dir='ltr'><strong>NONIS</strong></span> <span class='ocrx_word' id='word_1_817' title='bbox 3477 5472 3699 5527; x_wconf 63' lang='grc' dir='ltr'><strong>δευτειι·</strong></span> 
     </span>
    </p>
   </div>
   <div class='ocr_carea' id='block_1_114' title="bbox 2367 5587 3696 5651">
    <p class='ocr_par' dir='ltr' id='par_1_114' title="bbox 2367 5587 3696 5651">
     <span class='ocr_line' id='line_1_114' title="bbox 2367 5587 3696 5651; baseline 0.002 -26"><span class='ocrx_word' id='word_1_818' title='bbox 2367 5588 2483 5627; x_wconf 75' lang='lat' dir='ltr'><strong>BRIS</strong></span> <span class='ocrx_word' id='word_1_819' title='bbox 2511 5587 2814 5627; x_wconf 68' lang='lat' dir='ltr'><strong>INDICTIONE</strong></span> <span class='ocrx_word' id='word_1_820' title='bbox 2844 5588 2930 5626; x_wconf 70' lang='lat' dir='ltr'><strong>XV.</strong></span> <span class='ocrx_word' id='word_1_821' title='bbox 3688 5640 3696 5651; x_wconf 48' lang='lat'><strong><em>.</em></strong></span> 
     </span>
    </p>
   </div>
   <div class='ocr_carea' id='block_1_115' title="bbox 2332 5648 3780 5733">
    <p class='ocr_par' dir='ltr' id='par_1_115' title="bbox 2332 5648 3780 5733">
     <span class='ocr_line' id='line_1_115' title="bbox 2332 5648 3780 5733; baseline -0.02 -15"><span class='ocrx_word' id='word_1_822' title='bbox 2332 5664 2499 5733; x_wconf 89' lang='lat' dir='ltr'><strong>llujus</strong></span> <span class='ocrx_word' id='word_1_823' title='bbox 2530 5665 2879 5720; x_wconf 81' lang='lat' dir='ltr'><strong>dediCationis</strong></span> <span class='ocrx_word' id='word_1_824' title='bbox 2931 5660 3243 5718; x_wconf 75' lang='lat' dir='ltr'><strong>memoriam</strong></span> <span class='ocrx_word' id='word_1_825' title='bbox 3292 5669 3480 5731; x_wconf 69' lang='lat' dir='ltr'><strong>prmtcr</strong></span> <span class='ocrx_word' id='word_1_826' title='bbox 3521 5648 3780 5707; x_wconf 86' lang='lat' dir='ltr'><strong>Chronicou</strong></span> 
     </span>
    </p>
   </div>
  </div>
