3962 6312
134 332 232 387 {Ol

130 449 303 497 breve
323 433 580 494 Cavensis
616 428 930 487 monasterii
967 427 1034 482 ad
1066 425 1246 498 cyclos
1273 419 1587 486 Paschales,
1623 434 1714 474 ce-

133 532 356 586 lebrant
407 526 528 580 fasti
582 520 918 578 Benedictini
962 519 1029 573 ad
1075 518 1216 572 diem
1272 515 1305 570 5
1361 511 1715 582 Septembris,

132 623 275 678 sicut
303 631 361 676 et
397 616 681 673 Ferrarius
716 615 773 668 in
811 611 1068 680 Catalogo
1119 607 1357 681 generali
1410 614 1719 660 sanctormn

133 715 222 782 qui
247 728 358 766 non
392 716 516 763 sunt
552 707 606 760 in
644 702 1025 773 Martyrologio
1054 701 1320 755 Romano.
1355 697 1500 752 ldem
1529 695 1723 750 Ferra-

135 808 246 860 rius
273 805 328 858 in
358 798 801 855 adnotationibus
829 795 896 848 ad
937 793 1180 847 eamdem
1210 791 1349 846 dietn
1395 787 1578 842 laudat
1619 787 1723 840 duo

135 895 338 952 Urbani
391 891 684 961 diplomata
726 888 779 941 in
830 885 975 940 illius
1005 883 1264 938 Ecclesiae
1294 880 1524 952 gratiam
1568 892 1721 932 occa-

136 990 285 1043 sione
309 982 668 1038 dedicationis
689 977 806 1044 ejus
826 991 1108 1039 concessa,
1133 974 1226 1029 sed
1255 972 1509 1027 mendose
1533 984 1718 1023 eorum

137 1089 291 1135 notas
321 1077 614 1132 chronicas
643 1072 827 1127 relert.
858 1069 1166 1136 Utrumque
1215 1081 1326 1135 pra:
1357 1063 1606 1117 manibus
1635 1061 1724 1115 ha-

140 1175 343 1225 bemus.
396 1166 640 1221 Primum
695 1161 990 1230 ipsummet
1040 1165 1124 1212 est
1173 1154 1531 1225 privilegium,
1581 1149 1721 1218 quod

142 1263 406 1322 Urbanus,
457 1264 677 1329 peracta
727 1251 1084 1314 dedicatione,
1135 1247 1422 1302 Salernum
1470 1256 1721 1297 reversus

143 1351 474 1409 concessisse
503 1348 630 1403 huic
660 1345 777 1400 loco
809 1342 1028 1406 dicitur,
1057 1339 1126 1393 ab
1156 1353 1220 1393 eo
1250 1337 1572 1404 caeterisque
1604 1333 1721 1402 cpi-

146 1447 313 1516 scopis
335 1455 390 1498 et
417 1438 806 1500 cardinalibus,
852 1435 943 1504 qui
983 1433 1156 1502 ipsum
1199 1427 1439 1485 comitati
1483 1425 1720 1488 fuerant,

149 1515 522 1604 subscriptum.
573 1533 768 1585 Datum
819 1534 904 1580 est
956 1527 1060 1579 hoc
1103 1536 1247 1576 anno
1279 1535 1410 1573 xvut
1455 1515 1722 1571 Kalendas

149 1624 718 1691 Octobris,imlictione
743 1636 832 1684 xv,
865 1617 1209 1688 pontiﬁcatus
1235 1627 1377 1667 anno
1401 1628 1455 1674 ν,
1489 1619 1541 1665 et
1573 1611 1624 1663 in
1657 1624 1721 1663 eo

151 1719 390 1776 Pontifex
417 1709 834 1787 privilegiajam
868 1708 993 1762 huic
1025 1704 1356 1759 monasterio
1391 1716 1421 1754 a
1457 1699 1721 1769 Gregorio

157 1811 242 1865 Vll
287 1823 537 1864 concessa
589 1801 879 1858 conﬁrmat
937 1813 1060 1852 cum
1104 1795 1260 1848 bonis
1308 1790 1558 1846 omnibus
1603 1803 1720 1856 quae

158 1903 405 1972 Rogerius
426 1901 530 1952 dux
564 1895 763 1963 aliique
807 1891 908 1944 viri
943 1887 1150 1943 nobiles
1184 1885 1358 1940 cidem
1391 1884 1507 1938 loco
1533 1891 1725 1937 contu-

163 1992 346 2045 lerunt.
375 1989 612 2043 Alterum
644 1981 843 2038 Urbani
886 1979 1144 2050 diploma,
1186 1975 1326 2045 quod
1355 1973 1542 2028 eadem
1567 1987 1723 2026 oet-a-

169 2086 310 2138 sione
369 2080 620 2135 indultum
672 2076 834 2146 vulgo
902 2067 1588 2146 circumferturgeditum
1644 2073 1726 2118 cst

183 2184 318 2228 tomo
358 2172 376 2226 l
415 2170 621 2225 Bullarii
671 2145 1025 2228 Casinensis;
1076 2170 1267 2230 estque
1310 2145 1475 2212 veluti
1528 2155 1724 2226 prioris

179 2262 757 2324 Breviarum,autcerte
783 2255 934 2326 prius
963 2251 1097 2307 nihil
1120 2249 1264 2304 aliud
1287 2256 1369 2302 est
1389 2261 1552 2316 quam
1583 2245 1724 2299 istud

169 2354 552 2424 ampliﬁcatam.
581 2353 650 2404 At
687 2358 829 2404 nota:
857 2343 1279 2412 clironologiem,
1308 2354 1428 2410 qum
1469 2339 1522 2392 in
1558 2336 1724 2407 priori

163 2447 302 2500 bona:
323 2452 461 2508 sunt,
494 2443 547 2496 in
575 2443 681 2496 isto
705 2455 804 2496 nec
831 2438 933 2493 sibi
959 2442 1231 2496 constant,
1267 2447 1369 2486 nec
1413 2429 1542 2484 huic
1585 2443 1726 2482 anno

161 2535 490 2590 conveniunt.
525 2534 721 2587 Datum
762 2530 960 2585 dicitur
1005 2525 1216 2581 Salerni
1253 2524 1357 2579 hoc
1388 2537 1530 2575 anno
1565 2519 1724 2586 1092,

161 2626 241 2681 die
269 2641 318 2679 ix
353 2624 476 2679 Kal.
523 2620 831 2684 Februarii,
887 2617 1184 2672 indictione
1231 2630 1331 2678 xv,
1384 2610 1728 2682 pontiﬁcatus

159 2717 341 2772 Urbani
364 2731 512 2771 anno
527 2730 703 2785 v,quo
731 2721 994 2781 tempore,
1040 2721 1233 2777 nempe
1257 2718 1444 2760 mense
1469 2702 1728 2757 Januario

156 2820 236 2862 aut
266 2807 568 2863 Februario
606 2805 767 2876 hujus
796 2803 948 2869 anni,
997 2799 1244 2854 dedicata
1294 2795 1532 2850 nondum
1555 2791 1732 2847 fuerat

156 2898 357 2952 basilica
394 2897 687 2952 Cavensis.
742 2892 799 2948 Si
852 2901 1030 2946 tamen
1086 2891 1169 2944 ha:
1220 2898 1362 2943 noue
1411 2886 1481 2941 ad
1525 2900 1728 2939 annum

155 2997 447 3057 sequentem
477 2985 808 3045 referantur,
836 2981 1147 3052 repetendo,
1177 2988 1234 3034 ut
1263 2981 1323 3032 ﬁt
1356 2977 1576 3046 passim,
1604 2975 1728 3027 anni

155 3080 346 3133 initium
372 3095 400 3132 a
430 3076 684 3148 paschali
713 3073 1075 3136 solemnitate,
1113 3071 1274 3126 modo
1315 3076 1530 3125 constet
1559 3065 1730 3123 Urba-

1694 302 1846 361 ἮΤΑ
1859 343 1870 359 .

3296 297 3396 355 1οὶ

1823 413 1959 467 Hinc
1989 410 2173 465 mirari
2217 410 2382 476 subit,
2417 409 2717 474 Urbanum,
2772 408 2815 462 si
2867 407 3082 478 quidem
3136 406 3251 474 ejus
3310 423 3398 462 re-

1821 503 2045 572 scripto,
2075 502 2218 572 quod
2247 501 2486 572 vulgavit
2509 515 2572 554 ea
2609 503 2674 554 de
2701 514 2760 553 re
2794 498 3068 568 Ughellus,
3117 497 3394 561 credatur,

1820 595 1921 649 sub
1959 609 2068 647 suae
2091 593 2212 647 vita:
2235 592 2416 658 linem,
2450 593 2563 646 haec
2589 591 2851 645 Cavensis
2886 589 3196 644 monasterii
3241 590 3399 658 privi-

1820 686 1959 755 legia
2009 685 2317 750 rescidisse,
2350 692 2444 736 aut
2487 682 2677 737 saltem
2713 682 3060 736 restrinxisse
3118 682 3170 735 in
3221 681 3398 734 Alfeni

1821 778 2212 845 archiepiscopi
2237 775 2564 830 Salernitani
2596 775 2849 842 gratiam.
2875 773 3078 828 Tamen
3111 789 3232 828 cum
3276 789 3399 842 age-

1824 877 1972 921 retur
2000 868 2066 921 de
2109 865 2468 920 concedend‘is
2509 864 2708 918 nostris
2735 862 3077 917 Casinatibns
3113 864 3397 931 pontiﬁca-

1823 957 1964 1011 libus
1987 957 2346 1021 ornamentis,
2374 957 2648 1009 laudatum
2673 956 2813 1009 hanc
2839 957 2890 1009 in
2926 971 3036 1008 rem
3074 955 3169 1008 fuit
3194 955 3403 1022 prii-ile-

1822 1049 1965 1116 gium
1987 1048 2228 1102 Cavense
2253 1047 2305 1100 in
2330 1045 2749 1114 congregatione
2784 1044 3138 1100 cardinali-nm
3183 1044 3399 1099 concilii

1823 1138 2123 1192 Tridentini
2157 1139 2534 1207 interpretum,
2583 1147 2641 1192 ut
2679 1145 2908 1191 testatur
2947 1135 3308 1189 Tatnburinus
3339 1137 3406 1187 de

1817 1231 1940 1300 jure
1967 1231 2221 1286 abbatum
2250 1231 2388 1299 disp.
2420 1229 2514 1296 25,
2546 1238 2737 1300 quaest.
2773 1245 2810 1284 ι.
2844 1229 2958 1283 lmo
2977 1229 3404 1297 quotiescunque

1824 1323 1952 1377 illud
1980 1322 2118 1377 idem
2149 1322 2490 1394 privilegium
2525 1322 2831 1390 impetitum
2860 1321 2980 1384 fuit,
3014 1320 3165 1373 stetit
3190 1333 3406 1386 semper

1823 1423 2036 1484 statque
2055 1416 2216 1469 etiam
2261 1429 2404 1469 nunc
2440 1416 2822 1468 inconcussum
2872 1427 2936 1466 ac
2976 1410 3312 1471 inviolatum,
3349 1418 3408 1462 ut

1823 1514 1969 1574 patet
1998 1521 2064 1559 ex
2092 1505 2259 1559 variis
2304 1505 2681 1559 instrumentis
2731 1503 3076 1566 authentieis,
3129 1515 3247 1570 qua:
3277 1514 3404 1554 cum

1822 1596 2112 1666 pontiﬁciis
2167 1595 2553 1664 diplomatibus
2609 1610 2674 1648 ac
2721 1594 3248 1664 congregationum,
3311 1606 3407 1645 seu

1825 1688 2319 1743 commissariorum
2373 1687 2606 1741 decretis
2659 1687 2710 1739 in
2761 1687 3001 1754 ejusdem
3054 1684 3156 1738 loci
3186 1683 3407 1737 archivo

1756 1788 2236 1864 Bconservantur.
2301 1777 2642 1845 Rescriptum
2697 1770 2841 1830 ivero
2908 1775 3160 1840 Urbani,
3223 1775 3410 1843 quale-

1825 1885 2037 1938 cunque
2085 1873 2301 1923 tandem
2344 1868 2476 1922 illud
2524 1868 2616 1932 sit,
2649 1883 2748 1921 suo
2777 1868 2968 1921 ordine
2997 1867 3124 1920 olim
3174 1867 3408 1930 dabitur,

1825 1975 1892 2013 ne
1921 1959 2124 2029 aliquid
2183 1959 2236 2012 in
2290 1967 2598 2013 nostrorum
2649 1957 2876 2026 gratiam
2925 1955 3299 2011 dissimulasse
3325 1952 3410 2009 vi-

1825 2050 2068 2104 deamur.

1860 2160 2063 2217 CXVII.
2108 2160 2309 2215 Urbani
2341 2161 2607 2230 judicium
2654 2161 2716 2212 de
2764 2157 3002 2212 Ecclesia
3061 2156 3378 2212 Credonensi

2397 2230 2656 2284 Mauram
2684 2231 2839 2282 venit.

1900 2322 2176 2378 Urbanum
2207 2336 2337 2376 vero
2377 2323 2479 2375 hoc
2503 2335 2686 2374 mense
2716 2328 2771 2372 et
2801 2317 3046 2387 sequenti
3077 2317 3130 2371 in
3161 2315 3410 2372 Calabria

1827 2416 2101 2469 exstitisse
2160 2413 2390 2483 probant
2441 2410 2694 2465 nonnulla
2755 2411 3112 2464 instrumenta
3165 2408 3410 2476 antiqua.

1829 2504 1922 2558 Elis
1945 2503 2218 2559 accenseri
2249 2502 2408 2556 debet
2429 2499 2546 2568 ejus
2573 2502 2875 2564 decretum,
2905 2498 3046 2567 quod
3071 2505 3192 2567 post
3214 2504 3413 2551 multas

1831 2599 2113 2667 utriusque
2161 2596 2331 2666 partis
2383 2595 2768 2648 altercationes
2819 2591 3050 2647 sancivit
3095 2590 3149 2644 in
3193 2589 3411 2660 negotio

1830 2689 2219 2744 monachorum
2281 2684 2760 2740 Vindocinensium
2818 2690 2874 2736 et
2935 2679 3408 2750 Andegaveusium

1831 2777 2013 2834 Sancti
2041 2776 2256 2841 Albani,
2296 2775 2387 2844 qui
2417 2788 2515 2844 pro
2545 2771 2877 2828 Credonensi
2908 2770 3093 2826 Sancti
3117 2770 3414 2825 Clementis

1830 2867 2058 2924 ecclesia
2105 2865 2425 2936 jamdudum
2476 2865 2740 2920 interesse
2788 2864 3090 2933 litigabant.
3135 2862 3209 2917 Ea
3258 2863 3324 2917 de
3355 2879 3416 2919 re

1825 2960 1935 3030 jam
1967 2959 2290 3014 sententiam
2316 2956 2510 3011 tulerat
2536 2957 2763 3010 Amatus
2790 2953 3203 3024 Burdegalensis
3237 2954 3417 3009 archi-

1831 3053 2116 3122 episcopus
2171 3049 2376 3105 Urbani
2426 3048 2670 3111 nomine,
2724 3046 2878 3114 cujus
2937 3045 3148 3115 legatus
3201 3044 3416 3099 eratin

156 3189 268 3226 num
294 3182 417 3227 tunc
443 3170 664 3225 Salerni
686 3178 902 3223 exstare
937 3166 1196 3236 potuisse,
1221 3163 1350 3218 nihil
1376 3164 1428 3216 in
1456 3162 1540 3216 his
1563 3159 1728 3223 notis,

1835 3143 2152 3214 Aquitania,
2185 3141 2278 3196 sed
2330 3155 2453 3195 cum
2497 3138 2614 3206 ejus
2642 3136 2846 3207 judicio
2885 3137 3100 3206 utrique
3145 3143 3292 3190 stare
3323 3149 3420 3188 no-

155 3266 249 3320 imo
298 3264 348 3318 in
400 3272 526 3318 tcto
578 3261 668 3315 illo
723 3259 1080 3313 instrumento
1128 3263 1327 3326 praeter
1377 3251 1727 3308 indictionem

154 3359 544 3412 emendandum
573 3353 830 3409 occurrit.
875 3351 939 3405 Et
977 3348 1219 3418 quidem,
1263 3347 1308 3402 si
1341 3346 1480 3401 bene
1519 3343 1726 3413 judico,

156 3450 280 3502 istud
325 3459 671 3518 postremum
713 3441 1156 3514 probabiliorem,
1185 3453 1346 3508 quam
1393 3435 1729 3506 praecedens,

156 3539 422 3592 sinceritas
468 3535 710 3604 speciem
741 3531 994 3603 prazfert;
1027 3537 1122 3584 aut
1150 3537 1316 3594 certe,
1359 3527 1404 3581 si
1441 3535 1732 3594 utrumque

156 3629 490 3691 admittatur,
538 3626 679 3679 istud
706 3623 804 3677 fuit
832 3622 1028 3692 prioris
1063 3619 1330 3689 privilegii
1375 3617 1566 3672 iisdem
1598 3629 1732 3684 pene

155 3721 334 3785 verbis,
385 3731 446 3774 ut
481 3731 871 3785 nonnunquam
903 3715 1038 3769 alias
1070 3712 1273 3768 factum
1310 3720 1415 3775 est,
1451 3709 1578 3763 data
1602 3723 1732 3763 cou-

157 3810 398 3874 ﬁrmatio,
431 3822 613 3878 quare
658 3807 892 3875 primum
941 3804 1044 3857 hoc
1074 3815 1236 3866 anno,
1267 3797 1562 3854 secundum
1606 3810 1734 3850 vero

153 3915 280 3955 anno
305 3900 443 3954 1095
476 3912 604 3952 cum
625 3895 742 3949 aliae
770 3893 888 3964 ejus
911 3902 1052 3946 noue
1079 3889 1355 3945 chronica:
1383 3885 1728 3947 conveniunt,

154 3994 320 4048 datum
346 3991 543 4047 fuerit.
569 3986 899 4044 Porroillius
924 3986 1173 4040 secundae
1191 3981 1348 4038 bulla:
1377 3979 1521 4035 aliud
1544 3994 1732 4034 exem-

152 4081 281 4150 plum
308 4097 492 4151 nuper
522 4076 831 4147 accepimus
857 4090 924 4129 ex
972 4073 1199 4129 arehivo
1245 4069 1499 4134 Cavensi,
1541 4069 1594 4122 in
1627 4083 1735 4137 quo

156 4171 284 4226 nulla
316 4172 420 4227 loci
452 4179 556 4225 aut
599 4168 858 4238 temporis
897 4176 1023 4220 nota
1050 4163 1311 4230 habetur';
1364 4162 1506 4216 unde
1542 4159 1734 4230 conjici

153 4274 338 4332 potest,
363 4273 534 4319 notas
556 4261 675 4316 illas
700 4276 822 4329 qum
855 4259 906 4313 in
932 4257 1166 4313 laudatis
1200 4253 1600 4324 exemplaribus
1645 4253 1737 4306 ba-

155 4359 359 4423 bentur,
395 4357 616 4412 additas
648 4363 742 4408 aut
767 4353 983 4408 vitiatas
1019 4352 1085 4406 ab
1117 4350 1298 4418 aliquo
1329 4347 1515 4402 fuisse.
1565 4343 1737 4400 Cmte-

156 4463 264 4501 rum
291 4457 500 4518 praeter
530 4448 663 4500 duas
686 4444 774 4498 hic
797 4452 1127 4497 memoratas
1155 4439 1351 4503 bullas,
1383 4452 1548 4504 unam
1573 4449 1733 4504 supra

1833 3235 2080 3299 luissent,
2138 3247 2298 3287 causa
2349 3231 2417 3286 ad
2461 3231 2634 3300 ipsum
2692 3228 3005 3298 pontiﬁcem
3058 3227 3237 3283 delata
3296 3226 3416 3292 fuit,

1835 3325 2092 3395 missique
2119 3339 2185 3378 ex
2211 3331 2439 3391 utraque
2461 3328 2613 3390 parte
2638 3319 2794 3390 legati
2823 3319 2913 3390 qui
2939 3318 3128 3372 cumin
3148 3316 3418 3387 provincia

1833 3415 2094 3474 Calabria:
2119 3418 2258 3486 apud
2282 3416 2656 3469 monasterium
2693 3413 2904 3469 Sancta:
2930 3412 2984 3465 M
2991 3413 3119 3464 aria:
3149 3426 3267 3479 quae
3286 3410 3423 3462 dici-

1835 3520 1922 3564 tur
1944 3511 2006 3563 de
2033 3509 2257 3570 Matina,
2291 3514 2683 3561 convenerunt.
2715 3505 2931 3574 Agitata
2964 3502 3192 3556 multum
3225 3501 3296 3555 ibi
3334 3501 3423 3555 die

1835 3604 2008 3673 primo
2039 3601 2152 3655 haec
2180 3615 2340 3653 causa
2372 3598 2472 3652 fuit
2499 3613 2682 3652 coram
2721 3593 2998 3667 pontiﬁce,
3054 3592 3147 3648 sed
3194 3592 3420 3647 minime

1837 3693 2080 3748 absoluta
2110 3709 2121 3744 :
2151 3692 2289 3745 idem
2328 3689 2532 3745 factum
2568 3690 2652 3744 die
2699 3689 2968 3755 sequenti.
3013 3687 3083 3740 At
3123 3686 3210 3741 die
3235 3685 3419 3750 tertia,

1836 3801 1956 3855 quae
1987 3793 2104 3839 erat
2136 3801 2208 3838 xu
2238 3783 2510 3837 Kalendas
2533 3781 2866 3845 Decembris,
2894 3797 2948 3834 re
2974 3779 3062 3832 diu
3099 3783 3422 3835 muitumaue

1837 3878 2112 3946 inquisita,
2167 3877 2438 3932 residente
2491 3875 2750 3944 pontiﬁce
2795 3875 2848 3927 in
2903 3873 3150 3943 Anglone
3203 3872 3423 3926 civitate

1838 3969 2046 4040 Apulia:
2070 3985 2193 4024 cum
2217 3968 2401 4022 multis
2417 3967 2704 4037 episcopis,
2730 3962 3426 4029 cardinalibus,comitibus
3512 3979 3523 3992 ί

1839 4073 1893 4118 et
1922 4063 2041 4117 aliis
2076 4071 2182 4116 tam
2229 4060 2614 4116 ecclesiasticis
2652 4075 2812 4128 quant
2845 4056 3196 4113 saecularibus
3227 4070 3421 4126 perso-
3452 4058 3462 4068 ‘

1844 4155 1947 4218 nis,
1977 4154 2348 4208 controversia
2392 4151 2480 4206 illa
2512 4152 2685 4206 amice
2709 4150 2922 4204 tandem
2953 4148 3248 4218 composita
3292 4147 3426 4211 fuit;

1840 4261 1905 4300 eo
1933 4255 2113 4315 pacto,
2157 4254 2214 4298 ut
2261 4244 2444 4299 Sancti
2470 4242 2763 4298 Clementis
2787 4241 3016 4295 ecclesia
3069 4238 3428 4293 Credonensis

1843 4350 2006 4406 penes
2057 4333 2484 4388 \‘indocincnses
2547 4331 2844 4386 monachos
2893 4339 3243 4391 remaneret,
3298 4342 3422 4382 cum

1842 4441 2008 4480 onere
2046 4441 2206 4479 unam
2238 4440 2268 4478 e
2303 4424 2476 4478 tribus
2517 4421 2801 4477 ecclesiam
2838 4421 2891 4474 in
2922 4419 3419 4488 compensationem

156 4508 576 4594 memoravimus
602 4551 725 4592 cum
757 4535 976 4590 decreto
1009 4531 1210 4588 Urbani
1255 4531 1306 4584 in
1352 4529 1582 4599 gratiam
1635 4527 1735 4581 Ca-
1772 4508 1814 4565 υ
1844 4518 2146 4574 Albinianis
2171 4515 2418 4573 cedendi.
2443 4515 2510 4570 Et
2535 4514 2707 4584 reipsa
2733 4511 3274 4581 a,\’indocinensibus
3298 4509 3424 4561 data

155 4631 414 4696 vensium,
439 4643 568 4700 qua:
594 4629 701 4682 duo
730 4627 1092 4681 instrumenta
1124 4621 1292 4677 multo
1321 4620 1585 4684 melioris,
1631 4619 1740 4673 imo

158 4723 468 4777 certissimae
492 4729 634 4775 nota:
659 4719 930 4774 videntur.

277 4813 465 4869 CXVI.
512 4811 846 4880 Rescriptura
867 4825 961 4879 pro
991 4806 1273 4862 Carthasia
1301 4802 1628 4860 Calabrensi.

221 4902 468 4957 Tradunt
527 4901 772 4971 plerique
842 4907 1092 4953 auctores
1154 4895 1352 4965 vulgati
1434 4893 1737 4946 Brunoncm

161 4992 500 5049 Cartbusiani
528 4993 736 5048 ordinis
758 4991 1122 5046 institutorem
1148 5004 1296 5046 anno
1329 4987 1465 5042 1092
1520 4987 1586 5040 ab
1637 4984 1738 5040 Ur-

163 5083 295 5137 bano
322 5086 374 5138 in
401 5085 616 5138 Italiam
647 5085 970 5138 accersitum
1002 5082 1197 5136 fuisse:
1222 5080 1364 5151 quod
1385 5078 1556 5135 multo
1584 5087 1737 5132 antea

165 5169 448 5240 contigisse
503 5169 750 5239 superius
797 5169 1226 5223 demonstratum
1269 5174 1372 5220 est.
1405 5164 1472 5219 Et
1521 5164 1737 5234 quidem

166 5260 396 5324 pontifex
422 5261 526 5315 hoc
545 5273 709 5322 anno,
732 5273 854 5314 eum
881 5258 934 5312 in
961 5257 1207 5312 Calabria
1232 5265 1396 5321 esset,
1419 5254 1742 5309 donationes

171 5365 196 5400 a
221 5348 466 5422 Rogerio.
501 5350 702 5407 comite
730 5349 990 5414 Brunoni,
1044 5347 1134 5416 qui
1173 5355 1298 5401 tunc
1351 5345 1740 5400 monasterium

171 5437 352 5494 Turris
387 5441 443 5494 in
479 5438 833 5510 Squillacensi
882 5437 1101 5492 dioecesi
1141 5436 1427 5502 incolebat,
1466 5434 1656 5498 factas,
1689 5441 1741 5487 et

176 5541 203 5579 a
224 5527 509 5584 Theodoro
535 5531 789 5600 episcopo
811 5529 1139 5598 approbatas
1168 5526 1512 5583 conﬁrmavit
1537 5534 1593 5578 et
1627 5525 1741 5577 lau-

178 5618 334 5683 davit,
367 5619 567 5675 additis
595 5618 864 5673 nonnullis
905 5617 1202 5688 privilegiis
1245 5633 1364 5686 quae
1389 5617 1440 5670 in
1495 5615 1612 5685 ejus
1664 5631 1746 5669 re-

181 5709 370 5779 scripto
401 5727 465 5764 ea
509 5711 571 5765 de
625 5727 680 5767 re
723 5727 758 5765 ll
797 5711 918 5766 ldus
947 5711 1196 5766 Octobris
1227 5711 1350 5764 dato
1410 5707 1741 5762 referuntur.

1846 4619 1929 4664 est
1959 4610 2196 4663 adversae
2225 4608 2364 4676 parti
2396 4604 2625 4660 ecclesia
2660 4603 2843 4658 Sancti
2875 4600 3098 4656 Joannis
3143 4613 3302 4665 supra
3341 4597 3429 4652 LE-

1846 4701 2033 4769 gerim,
2055 4716 2216 4770 quam
2252 4698 2518 4767 hodieque
2542 4696 2813 4751 Albiuiani
2845 4693 3093 4750 monachi
3133 4690 3425 4762 possident.

1848 4791 2041 4845 ll-‘lirum
2072 4799 2157 4845 est
2186 4788 2507 4852 Goﬁ‘ridum,
2562 4789 2651 4858 qui
2685 4787 2846 4858 paulo
2883 4796 3007 4856 post
3049 4800 3112 4840 ea
3144 4783 3426 4842 Vindociui

1850 4883 2017 4938 abbas
2044 4881 2163 4948 fuit,
2203 4889 2391 4936 contra
2426 4881 2566 4935 hanc
2594 4888 2702 4934 tam
2743 4877 3034 4934 solemnem
3081 4877 3427 4932 concordiam

1850 4974 2195 5029 reclamasse.
2247 4973 2302 5026 ld
2335 4982 2510 5026 tamen
2555 4972 2622 5026 ab
2652 4985 2716 5025 eo
2754 4969 2952 5023 factum
2995 4982 3114 5022 esse
3168 4976 3315 5038 patet
3363 4983 3430 5021 ex

1846 5062 1987 5117 illius
2009 5063 2233 5132 epistola
2255 5061 2318 5115 ad
2341 5060 2661 5116 Paschalem
2693 5060 2888 5128 ll,qu:e
2909 5066 3099 5112 octava
3128 5066 3210 5114 est
3241 5057 3359 5112 libri
3386 5073 3427 5119 ι,

1847 5156 1899 5209 in
1933 5171 2037 5223 qua
2071 5155 2146 5209 ait
2175 5153 2449 5209 Urbanum
2495 5153 2563 5206 ab
2610 5149 2932 5206 Albini-anis
2962 5149 3066 5204 hoc
3103 5148 3156 5202 in
3212 5147 3430 5217 negotio

1847 5246 2126 5315 deceptum
2155 5245 2352 5310 fuisse;
2389 5253 2497 5298 tum
2520 5242 2667 5296 addit
2692 5241 2955 5310 judicium
2980 5248 3137 5297 antea
3161 5239 3327 5293 latum
3359 5239 3428 5293 ab

1848 5340 2038 5392 eodem
2080 5337 2357 5407 pontiﬁce,
2398 5319 3056 5389 visisWindocinensibus
3107 5328 3428 5402 privilegiis,

1851 5440 2186 5484 retractatum
2214 5426 2574 5482 fuis‘se.Stetit
2592 5425 2942 5482 nihilominus
2963 5425 3194 5496 primum
3224 5423 3428 5478 Urbani

1851 5523 2151 5586 decretum,
2200 5520 2343 5589 quod
2392 5518 2672 5574 Paschalis
2719 5517 2836 5588 ejus
2896 5531 3176 5573 successor
3227 5513 3430 5569 habitis

1852 5615 2072 5682 insuper
2115 5611 2390 5667 Godel‘ridt
2431 5612 2665 5681 querelis
2692 5652 2706 5678 ,
2756 5626 2896 5667 novo
2947 5610 3234 5680 diplomate
3292 5621 3433 5661 anno

1856 5704 1992 5760 illi}
2050 5704 2426 5771 conﬁrmavit,
2482 5714 2539 5758 ut
2593 5705 2775 5760 videre
2834 5712 2916 5758 est
2972 5700 3110 5771 apud
3159 5700 3432 5754 Baluzutu
