3962 6312
528 229 532 234 ’
610 263 711 318 tos

1918 268 1976 321 Β.
2022 269 2157 324 UllB

2260 271 2274 328 I
2297 273 2338 327 ll
2365 272 2566 330 ΡΑΡίΕ
3027 276 3032 284 ’
3711 305 3784 360 θοι

608 383 754 429 tomo
775 373 817 429 ll
847 373 1329 440 Miseellaneorum,
1358 375 1448 430 ubi
1481 375 1611 430 illud
1639 376 1870 448 diploma
1901 395 2024 435 cum
2055 382 2177 437 aliis
2207 389 2254 444 Α
2281 386 2555 455 preprium
2587 387 2803 444 tandem
2832 390 3143 462 episcopum
3175 396 3469 455 obtinuere.
3496 401 3649 462 Multae
3681 414 3786 470 ultro

606 466 844 535 ejusdem
874 467 1255 526 controversiae
1272 468 1406 522 actis
1427 468 1722 538 profertur.
1740 469 1996 526 Videndte
2015 475 2086 528 eti
2125 491 2178 529 m

607 559 674 613 de
709 559 811 613 hoc
854 560 1067 629 negotio
1101 559 1339 629 epistola:
1369 559 1613 628 Goll'ridi,
1647 563 1852 618 scilicet
1902 564 1935 619 8
1977 565 2096 620 libri
2137 584 2177 634 ι,

603 660 658 705 et
711 651 780 706 Η
821 651 942 706 libri
982 668 1069 716 IV,
1115 668 1235 706 cum
1274 652 1546 709 Sirmondi
1594 657 1751 711 notis.
1813 656 2016 712 Przeter
2064 660 2180 714 haec

604 741 861 797 habemus
905 742 1082 796 Amati
1139 742 1298 814 legati
1360 745 1638 813 apostolici
1682 746 1985 816 judicium,
2035 750 2176 819 quod

603 833 816 888 nomine
846 834 1069 900 Urbani,
1093 845 1378 906 antequam
1405 837 1643 907 pontifex
1674 840 1964 908 quidquam
2010 857 2074 896 ea
2112 844 2178 897 de

601 937 661 976 re
691 922 1040 990 decrevisset,
1068 925 1366 995 Burdigala:
1394 926 1546 981 initio
1573 926 1730 996 hujus
1753 929 1898 991 anni,
1936 938 1994 984 ut
2030 931 2176 985 dixi-

601 1028 739 1079 mus,
769 1014 1036 1083 prolatum
1062 1029 1165 1071 est.
1187 1017 1254 1069 At
1284 1019 1452 1086 ipsius
1488 1019 1686 1074 Urbani
1715 1023 1990 1077 decretum
2031 1024 2175 1092 quod

600 1104 866 1158 referetur
934 1105 1075 1159 inter
1127 1106 1240 1175 ejus
1303 1108 1593 1176 epistolas,
1649 1109 1868 1167 Tarenti
1911 1128 2008 1169 vm
2067 1114 2174 1168 Ka-

598 1192 782 1250 lendas
847 1195 1159 1256 Decembris
1199 1236 1214 1263 ,
1289 1198 1344 1253 in
1413 1201 1686 1258 nonnullis
1744 1206 2175 1275 exemplaribus,

598 1298 739 1337 anno
762 1283 930 1349 I092;
965 1285 1018 1348 in
1061 1287 1182 1341 aliis
1210 1303 1337 1343 vero
1362 1304 1504 1344 anno
1536 1294 1782 1361 sequenti
1825 1295 2011 1350 datum
2045 1296 2173 1352 dici-

597 1378 703 1434 tur,
729 1373 822 1426 sed
852 1374 1076 1442 perinde
1112 1386 1196 1430 est
1227 1381 1713 1452 quomodocunque
1744 1383 1911 1455 legas.
1954 1385 2172 1442 Certum

597 1462 794 1532 quippe
819 1473 901 1518 est
926 1481 990 1520 ex
1021 1482 1162 1523 anno
1201 1471 1543 1539 pontificatus
1585 1474 1811 1540 Urbani,
1844 1479 1935 1546 qui
1974 1479 2028 1533 in
2059 1495 2175 1534 om-

597 1554 754 1610 nibus
774 1559 1035 1626 exemplis
1059 1561 1346 1628 indicatur,
1371 1567 1582 1634 quinto,
1613 1577 1667 1622 et
1693 1585 1758 1625 ex
1793 1585 1973 1626 rerum
1997 1582 2173 1642 gesta-

598 1658 715 1698 rum
747 1645 907 1712 serie,
935 1647 1060 1703 illud
1091 1665 1232 1706 anno
1259 1654 1395 1708 1092
1423 1657 1846 1728 consignandum
1896 1676 2038 1728 esse,
2079 1665 2168 1732 qui

2283 477 2525 548 citroque
2551 494 2616 534 ea
2659 481 2726 536 de
2761 498 2821 538 re
2849 486 3063 554 scriptae
3095 485 3310 544 fuerunt
3359 493 3582 562 epistola)
3603 539 3615 561 ,
3659 503 3785 566 habiti

2281 578 2408 622 sunt
2441 569 2604 624 etiam
2631 586 2695 627 ea
2734 575 3022 630 occasione
3067 584 3178 631 tum
3213 579 3397 636 Remis
3446 598 3558 639 cum
3597 590 3784 650 Atrebati

2282 657 2418 714 Varii
2447 661 2775 726 conventus,
2829 663 2938 718 imo
2961 673 3014 719 et
3044 666 3299 722 nonnulla
3333 673 3550 728 concilia
3574 678 3784 736 celebrata

2278 745 2516 816 fuerunt,
2567 751 2977 824 legationesque
3023 757 3246 812 Romam
3301 761 3495 828 missae,
3541 781 3599 820 ex
3638 771 3786 838 quibus

2277 839 2530 893 omnibus
2559 855 2623 894 ea
2677 858 2798 912 qua:
2843 845 2910 898 ad
2957 855 3200 901 nostrum
3249 847 3543 906 institutum
3593 869 3786 925 spectant

2277 930 2389 984 suis
2418 929 2550 986 locis
2575 932 2892 989 referemus.
2927 935 3032 990 Sed
3073 938 3162 1006 qui
3205 938 3356 1006 plura
3387 956 3449 996 ea
3477 944 3539 998 de
3577 959 3646 1010 re,
3666 963 3784 1016 quam

2277 1035 2395 1087 quae
2423 1036 2454 1075 a
2483 1024 2635 1078 nobis
2661 1034 2753 1078 aut
2797 1040 2827 1079 a
2874 1026 3086 1091 Locrio,
3118 1029 3350 1085 Acberio
3384 1042 3561 1088 nostro
3580 1044 3659 1088 aut
3679 1049 3785 1092 certe

2275 1126 2304 1166 a
2331 1111 2902 1183 Labbeoreferuntur,
2937 1119 3105 1187 cupit,
3133 1120 3290 1175 adeat
3316 1131 3515 1178 tomum
3547 1123 3583 1178 V
3623 1127 3785 1182 Miscel-

2273 1203 2551 1260 laneorum
2581 1206 3024 1274 Baluzianorum,
3055 1211 3144 1266 ubi
3176 1223 3484 1268 accuratam
3510 1218 3653 1272 totius
3671 1219 3788 1287 hujus

2273 1296 2476 1364 negotii
2510 1299 2875 1353 narrationem
2916 1301 3174 1368 inveniet,
3209 1304 3371 1358 simul
3413 1320 3530 1360 cum
3573 1310 3785 1364 variorum

2273 1386 2518 1458 epistolis
2552 1398 2607 1444 et
2632 1389 2751 1444 aliis
2781 1393 3165 1458 monumentis,
3215 1411 3337 1464 quae
3383 1399 3553 1453 omnia
3580 1414 3636 1453 ex
3662 1406 3785 1456 veteri

2272 1476 2459 1532 codice
2526 1494 2629 1535 ms.
2700 1481 2957 1538 Ecclesiae
3021 1485 3398 1541 Atrebatensis
3465 1489 3546 1542 vir
3597 1491 3785 1544 eruditus

2273 1569 2579 1638 descripsit.

2342 1659 2593 1716 Urbanus
2615 1661 2820 1732 itaque,
2835 1673 3083 1734 suscepta
3103 1667 3533 1725 Atrebatensium
3557 1670 3785 1739 legatione,

598 1741 774 1787 tamen
822 1746 968 1791 recte
1021 1739 1073 1793 in
1110 1740 1198 1796 illo
1245 1743 1606 1800 instrumento
1634 1747 1770 1810 1095
1815 1751 1918 1806 dici
1976 1755 2166 1822 potuit,
2199 1741 2243 1801 Β
2271 1751 2486 1820 scripsit
2514 1752 2698 1808 statim
2741 1755 2808 1810 ad
2835 1747 2970 1826 ejus'
2998 1757 3236 1814 civitatis
3285 1760 3485 1816 clerum
3519 1774 3568 1817 et
3590 1763 3784 1833 populum

595 1837 745 1898 more
785 1825 1168 1900 plerorumqne
1209 1831 1326 1900 ejus
1363 1837 1461 1889 aevi
1501 1847 1554 1890 et
1599 1840 1832 1909 regionis
1868 1852 2168 1909 auctorum,

590 1918 705 1984 qui,
730 1927 788 1971 ut
819 1918 932 1987 jam
963 1938 1065 1982 non
1095 1926 1258 1981 semel
1290 1927 1722 1996 observavimus,
1770 1949 1973 1990 annum
2007 1938 2170 1991 simul

591 2022 712 2060 cum
746 2007 1039 2066 indictione
1064 2027 1093 2066 a
1119 2030 1303 2070 mense
1336 2018 1637 2086 Septembri
1678 2022 1730 2076 in
1761 2024 1866 2079 illis
1902 2024 2170 2080 ulteriori-

587 2095 690 2150 bus
714 2097 875 2153 Italia:
905 2101 1074 2172 plagis
1105 2105 1450 2162 inchoabant.

663 2209 736 2262 Eo
763 2211 990 2280 calculo,
1026 2217 1103 2269 uti
1127 2232 1192 2270 ex
1225 2219 1343 2273 aliis
1371 2221 1502 2276 locis
1536 2232 1701 2292 patet,
1731 2239 1858 2280 usus
1883 2236 1961 2282 est
1991 2228 2169 2300 Lupus

591 2297 932 2370 Protospata,
962 2320 1082 2360 cum
1134 2310 1387 2379 scripsit:
1434 2313 1586 2367 Anno
1618 2317 1775 2383 1095,
1825 2297 2166 2388 indictionel,

589 2389 982 2463 obiit'Engeuia
1025 2400 1286 2456 abbatissa
1343 2404 1524 2458 Sancti
1562 2408 1830 2464 Benedicti
1870 2416 2167 2469 monasterii

588 2482 942 2550 Materiensis,
973 2507 1146 2546 mense
1177 2493 1414 2550 Octobris
1439 2513 1459 2551 :
1499 2511 1544 2552 et
1583 2501 1760 2554 eodem
1804 2518 1975 2557 mense
1999 2502 2166 2560 Urba-

588 2591 684 2627 nus
709 2593 844 2644 papa
870 2582 1004 2633 venit
1034 2583 1088 2635 in
1121 2583 1399 2652 Maternm,
1425 2598 1472 2642 et
1501 2589 1751 2658 applicuit
1776 2593 1843 2645 ad
1881 2595 2164 2649 coenobium

585 2663 768 2722 Sancti
791 2669 1064 2726 Eustachii
1101 2691 1218 2728 cum
1241 2680 1430 2746 grandi
1471 2681 1614 2747 plebe
1656 2683 1945 2740 hominum.
1977 2687 2052 2743 De
2080 2688 2164 2742 bis

589 2764 935 2818 monasteriis
972 2781 1140 2834 pauca
1169 2785 1489 2838 supersunt,
1541 2785 1598 2829 ut
1655 2777 1835 2832 videre
1893 2789 1974 2833 est
2023 2779 2164 2850 apud

585 2849 866 2920 Ughellum
902 2865 1044 2911 tomo
1092 2856 1175 2912 VII
1227 2861 1390 2916 Italiae
1438 2879 1628 2932 sacrm,
1688 2877 1740 2922 et
1799 2849 2069 2926 Lubinum
2108 2871 2162 2926 in

584 2944 794 3000 Nutizia
851 2948 1186 3006 abbatiarum
1243 2954 1438 3021 Italia};
1492 2957 1880 3018 Materanensis
1943 2975 2070 3019 vero
2109 2975 2164 3020 et

581 3037 952 3095 Acheruntina
983 3043 1237 3101 ditecesis
1271 3048 1428 3103 simul
1467 3048 1670 3119 juncta:
1699 3054 1914 3110 unicum
1963 3056 2161 3111 habent
2189 3087 2233 3149 Ο

582 3130 824 3201 archiep.

579 3261 804 3318 CXVIII.
853 3265 1212 3324 Atrabatensis
1273 3269 1510 3327 Ecclesia
1568 3292 1601 3328 a
1650 3273 2012 3332 Cameracensi
2080 3296 2161 3334 se-

1256 3352 1496 3411 paratur.

653 3423 917 3480 Defuncto
982 3443 1041 3482 Ill
1095 3429 1220 3485 ldus
1265 3432 1488 3504 Augusti
1540 3433 1700 3504 hujus
1748 3437 1872 3491 anni
1921 3437 2159 3494 Gerardo

577 3513 1052 3572 Catneracensium
1085 3521 1358 3591 episcopo,
1397 3523 1782 3582 Atrebatenses
1829 3531 1893 3583 de
1933 3530 2156 3586 ecclesia

576 3619 695 3667 sua,
725 3621 867 3674 quae,
897 3607 1156 3665 Atrebalo
1177 3627 1204 3664 a
1236 3611 1514 3671 Wandalis
1529 3617 1727 3682 diruto,
1754 3617 2158 3677 Cameracensis

575 3693 854 3758 antistitis,
896 3707 1078 3767 utpote
1103 3701 1399 3766 vicinioris,
1420 3713 1579 3762 cura},
1602 3709 1923 3765 demandata
1957 3713 2154 3781 fuerat,

576 3783 629 3834 in
659 3783 941 3851 pristinam
1002 3786 1303 3844 libertatem
1357 3796 1688 3851 restituenda
1737 3801 2056 3870 cogitarunt.
2090 3805 2156 3858 Et

575 3873 833 3940 quidem,
893 3875 1018 3930 licet
1067 3893 1152 3933 res
1201 3881 1429 3937 difﬁcilis
1490 3885 1797 3954 videretur,
1851 3900 2153 3959 Opportuna

575 3972 758 4016 tamen
790 3972 935 4029 tunc,
969 3968 1015 4021 si
1043 3983 1275 4038 unquam
1306 3972 1488 4039 fuerit,
1518 3975 1584 4029 ad
1611 3975 1662 4030 id
1699 3979 2001 4033 audendum
2037 3991 2155 4037 erat

573 4058 809 4125 occasio,
852 4059 1066 4116 Urbano
1094 4079 1304 4134 nempe,
1349 4068 1437 4136 qui
1491 4069 1544 4122 in
1586 4069 1838 4126 Remensi
1879 4075 2151 4144 provincia

573 4160 735 4204 natus
768 4163 821 4206 et
850 4154 1106 4210 educatus
1154 4155 1351 4224 fuerat,
1400 4163 1564 4230 probe
1600 4175 1725 4218 nota
1770 4176 1888 4219 erat
1928 4167 2150 4238 antiqua

571 4242 950 4299 Atrebatcnsis
975 4245 1228 4303 Ecclesiae
1255 4259 1308 4304 et
1342 4251 1503 4307 Urbis
1533 4255 1784 4324 dignitas,
1819 4272 1915 4312 nec
1939 4258 2151 4327 ignora-

569 4335 662 4389 bat
695 4347 956 4404 qnantum
1004 4339 1387 4397 Atrebatcnses
1412 4358 1442 4398 a
1470 4344 1968 4415 Cameracensibus,
2002 4350 2145 4405 lien-

570 4425 685 4479 rico
710 4425 1048 4496 imperatori,
1077 4431 1164 4498 qui
1213 4434 1293 4486 sui
1333 4433 1498 4504 ipsius
1529 4436 1698 4491 hostis
1730 4439 1970 4496 infensus
2003 4454 2140 4508 erat,
2179 4443 2222 4496 Ι)

570 4516 798 4570 addictis
824 4519 968 4586 passi
993 4519 1234 4576 fuissent.
1255 4523 1491 4580 Favebat
1513 4529 1939 4587 Atrebatensium
1966 4550 2141 4591 causa:

568 4607 892 4662 miserabilis
921 4609 1174 4667 Ecclesiae
1193 4612 1600 4675 Cameracensis
1641 4631 1845 4689 status,
1877 4640 1994 4694 quae
2030 4636 2138 4682 tum

568 4701 621 4754 in
647 4702 823 4757 varias
854 4702 1118 4761 factiones
1163 4708 1332 4764 divisa
1387 4721 1504 4766 erat
1540 4712 1610 4768 ob
1646 4719 1977 4773 successoris
2027 4721 2136 4775 cle-

569 4793 820 4848 ctiouem.
857 4794 964 4852 Has
995 4797 1182 4854 turbas
1231 4803 1458 4872 augebat
1489 4803 1777 4872 Henricus,
1821 4825 2134 4879 persuasum

568 4881 771 4938 habens
799 4901 894 4939 sua
941 4888 1168 4943 multum
1215 4891 1499 4962 interesse,
1548 4905 1605 4951 ut
1643 4898 1835 4969 aliquis
1894 4903 1977 4956 cui
2023 4912 2136 4958 tuto

566 4971 733 5028 fidere
768 4987 948 5043 posset
979 4993 1044 5034 ea
1075 4981 1127 5035 in
1160 4983 1290 5038 sede
1317 4983 1604 5042 locaretur.
1635 4990 1701 5044 Et
1727 4993 1940 5061 quidem
1979 4994 2136 5050 Atre-

563 5063 816 5122 batenses
841 5083 937 5123 sua
976 5071 1213 5140 ipsorum
1272 5091 1375 5130 non
1421 5077 1618 5134 fefellit
1662 5084 1827 5137 semel
1876 5096 2132 5154 concepta

562 5155 762 5222 epinio.
797 5156 1044 5214 Urbanus
1074 5178 1264 5235 nempe
1294 5167 1434 5221 hanc
1456 5171 1794 5226 occasionem
1835 5174 2134 5232 relevanda:

562 5245 823 5312 pristinze,
864 5256 920 5301 ut
949 5247 1254 5319 frequenter
1283 5256 1334 5310 in
1370 5259 1481 5316 suis
1510 5261 1747 5329 epistolis
1779 5273 2000 5321 testatus
2027 5277 2130 5334 est,

560 5337 848 5393 Remorum
881 5342 1134 5398 Ecclesiae
1161 5349 1455 5417 dignitatis,
1494 5365 1705 5418 nactus,
1756 5362 1995 5427 exceptis
2041 5363 2134 5416 be-

559 5429 719 5496 nigne
755 5431 1188 5489 Atrebatensium
1213 5441 1414 5507 missis,
1446 5445 1578 5498 nihil
1625 5447 1809 5501 omisit
1843 5458 1900 5502 ut
1945 5465 2129 5506 eorum

556 5519 827 5576 desiderio
848 5523 1203 5582 satisfaceret.
1227 5529 1326 5594 Qui
1355 5534 1528 5602 reipsa
1559 5546 1677 5604 post
1708 5537 1899 5594 multas
1927 5541 2049 5596 hinc
2079 5552 2131 5597 et

555 5607 680 5663 inde
707 5617 1160 5684 concertationes,
1215 5630 1335 5690 post
1391 5626 1567 5680 varios
1613 5627 1826 5685 labores
1864 5640 1912 5685 ct
1951 5648 2129 5698 curas,

2273 1850 2354 1906 ut,
2391 1841 2869 1900 Cameracensium
2927 1861 3155 1904 excusso
3198 1851 3369 1921 jugo,
3424 1852 3523 1907 sibi
3568 1853 3783 1923 propriqu

2271 1934 2582 2005 episcopum
2630 1936 2848 2009 eligant,
2907 1939 3246 2013 electumque
3293 1943 3682 2014 metropolitano
3717 1959 3784 1997 suo

2271 2029 2697 2082 consecrandum
2729 2038 3073 2100 praesentem.
3118 2033 3196 2088 Ne
3226 2049 3359 2089 vero
3406 2036 3514 2102 ipsc
3537 2035 3784 2103 metropoli-

2268 2124 2427 2171 tanus
2473 2116 2786 2174 difﬁcultate
2840 2120 3018 2191 aliqua
3069 2123 3137 2178 ab
3187 2125 3290 2180 hac
3333 2125 3654 2180 ordinatione
3682 2126 3784 2178 cele-

2267 2207 2475 2262 branda
2538 2208 2948 2280 dimoveretur,
2993 2215 3060 2269 ad
3115 2232 3237 2270 eum
3310 2218 3540 2288 pariter,
3600 2216 3642 2271 is
3696 2225 3784 2268 tunc

2268 2311 2386 2356 erat
2409 2301 2716 2374 Raynaldus
2755 2305 3046 2362 Remorum
3096 2308 3352 2365 Ecclesiae
3410 2321 3528 2380 post
3575 2309 3782 2363 Manassis

2269 2396 2768 2450 exauctorationcm
2799 2397 3106 2467 prmfectus,
3146 2401 3394 2470 pontifex
3433 2401 3636 2470 scripsit
3667 2399 3780 2456 velle.

2269 2493 2327 2539 ut
2350 2486 2600 2542 restituto
2645 2487 2899 2544 Ecclesiae
2944 2490 3288 2565 Atrebatensi
3339 2492 3552 2563 proprio
3595 2505 3676 2545 suo
3700 2490 3779 2559 epi-

2267 2590 2428 2644 scopo
2453 2575 2738 2648 Bernensis
2763 2580 3076 2650 metropolis
3104 2581 3154 2635 in
3179 2583 3458 2652 antiquam
3485 2597 3626 2637 suam
3648 2581 3776 2650 digii-

2267 2674 2430 2721 tatem
2459 2667 2949 2738 redintegraretur;
2998 2671 3051 2726 id
3097 2681 3182 2727 est
3221 2683 3284 2728 ut
3331 2673 3602 2728 duodecim
3625 2673 3772 2742 cpisco-

2265 2755 2467 2825 palium
2497 2757 2704 2814 sedinm
2735 2775 2958 2816 numero
2978 2773 3259 2827 exornata,
3296 2765 3349 2819 in
3374 2763 3598 2819 ferendis
3614 2760 3776 2833 judiciis

2265 2849 2542 2906 canonicis
2594 2852 2661 2906 ad
2705 2853 3009 2921 provincias
3052 2863 3343 2911 extraneas
3399 2869 3659 2912 recurrere
3681 2866 3776 2920 opus

2263 2956 2370 2996 non
2399 2941 2640 2997 haberet.
2666 2943 2813 3010 Qure,
2844 2953 2903 2998 ut
2924 2943 3036 3012 jam
3063 2945 3322 3013 diximus,
3366 2947 3526 3004 solius
3554 2943 3778 3000 Remeusis

2265 3035 2555 3105 provincia:
2582 3037 2634 3091 in
2662 3038 2850 3094 Galliis
2879 3041 3232 3110 praerogativa
3281 3042 3407 3097 olim
3441 3038 3664 3118 specialis
3689 3034 3773 3091 fuit.

2266 3128 2341 3182 uti
2371 3127 2554 3184 videre
2589 3137 2676 3184 est
2719 3131 2770 3184 in
2822 3132 3220 3200 antiquioribus
3255 3135 3483 3188 notitiis.
3530 3133 3670 3186 Bitias
3703 3128 3775 3182 hac

2264 3218 2332 3274 de
2361 3219 2652 3280 relitteras
2681 3221 2900 3292 scripsit
2927 3223 3196 3290 Urbanus,
3222 3225 3276 3279 in
3304 3226 3495 3295 quibus
3519 3225 3631 3278 licet
3647 3233 3775 3273 anuus

2261 3311 2461 3365 diserte
2490 3325 2595 3365 non
2625 3312 2905 3378 indicetur,
2937 3315 3095 3370 facile
3135 3326 3318 3370 tamen
3360 3331 3426 3372 ex
3472 3329 3634 3370 rerum
3675 3309 3774 3363 serie

2262 3400 2485 3472 intelligi
2509 3412 2706 3472 potest.
2735 3403 2874 3470 Quin
2905 3415 2960 3461 et
2999 3406 3171 3462 nullas
3199 3407 3300 3463 loci
3329 3417 3421 3462 aut
3461 3403 3689 3474 temporis
3706 3415 3771 3454 uo-

2260 3503 2342 3547 tas
2369 3493 2528 3548 habet
2556 3510 2617 3548 ea
2647 3510 2766 3564 quae
2803 3495 3080 3568 Raynaldo
3121 3499 3526 3570 archiepiscopo
3570 3493 3772 3561 inscripta

2257 3596 2364 3649 est;
2407 3585 2574 3640 altera
2601 3602 2751 3652 vero,
2788 3602 2908 3657 quae
2949 3598 3032 3644 est
3075 3591 3140 3644 ad
3169 3592 3570 3654 Atrebatenses,
3604 3588 3650 3641 in
3675 3597 3773 3638 nou-

2257 3677 2416 3731 nullis
2443 3678 2719 3733 codicibus
2747 3679 2964 3746 dicitur,
2996 3682 3119 3735 data
3163 3699 3216 3737 ιν
3287 3684 3469 3738 Nonas
3517 3675 3770 3735 Decembris.

2255 3767 2459 3837 absque
2485 3767 2662 3838 aliqua
2691 3769 2791 3824 loci
2817 3772 3205 3841 designatione.
3229 3774 3432 3829 Tamen
3455 3783 3596 3829 vetus
3623 3767 3770 3825 codex,

2255 3870 2412 3925 quem
2450 3855 2710 3912 habemus
2737 3873 2846 3927 pra:
2888 3862 3132 3916 manibus
3160 3863 3334 3918 locum
3382 3865 3550 3934 ipsum
3593 3856 3770 3914 indicab

2255 3960 2448 4014 nempe
2469 3944 2789 4013 Castraneti,
2818 3948 2907 4003 alii
2940 3965 3068 4005 mss.
3114 3961 3167 4006 et
3202 3953 3333 4008 editi
3378 3953 3570 4032 habent
3611 3945 3768 3999 Roma.

2253 4034 2503 4091 Fortasse
2523 4035 2896 4094 Castranetum
2925 4040 3078 4096 locus
3109 4053 3228 4098 erat
3273 4059 3438 4114 pr0pe
3481 4041 3709 4096 Romam,
3731 4032 3769 4083 in

2253 4139 2360 4193 quo
2389 4134 2518 4181 tunc
2539 4128 2855 4183 versabatur
2877 4131 3134 4200 pontifex,
3174 4149 3304 4189 cum
3351 4135 3578 4189 nondum
3602 4130 3644 4182 ei
3677 4124 3770 4220 litte-

2253 4226 2334 4270 ret
2372 4217 2441 4271 ob
2470 4217 2713 4273 Guiberti
2763 4219 3032 4293 factiones
3081 4223 3278 4279 Urbem
3331 4223 3552 4296 ingredi.
3599 4217 3766 4272 Etenim

2253 4305 2498 4361 Urbanus
2518 4324 2676 4378 papa,
2709 4311 2786 4364 uti
2811 4312 2999 4366 scribit
3023 4312 3341 4381 Bertoldus,
3383 4316 3484 4369 hoc
3530 4321 3657 4364 anno
3684 4299 3769 4354 Να-

2250 4396 2353 4450 tale
2380 4396 2588 4451 Doani
2615 4410 2761 4452 extra
2790 4400 3008 4456 Romam
3034 4405 3086 4457 in
3115 4414 3253 4458 terra
3282 4406 3466 4461 Sancti
3501 4399 3628 4456 Petri
3667 4391 3766 4446 σείεο

2250 4487 2435 4554 bravit,
2463 4506 2520 4543 eo
2539 4493 2677 4560 quod
2699 4493 2930 4548 nondum
2963 4495 3178 4549 Romam
3206 4498 3398 4569 absque
3422 4503 3613 4550 armata
3641 4496 3766 4582 manu

2247 4580 2446 4634 intrare
2467 4583 2656 4650 potuit,
2683 4583 3015 4641 Guibertistis
3039 4589 3257 4662 quidem.
3279 4601 3332 4645 et
3362 4580 3764 4644 excommunicatit

2247 4671 2468 4724 multum
2499 4674 2671 4728 adhuc
2720 4677 2792 4729 ibi
2847 4679 3263 4748 praevalentibus,
3317 4699 3406 4738 uec
3447 4677 3592 4750 facile
3612 4672 3765 4737 alii?“

2245 4760 2484 4814 violentia
2505 4762 2625 4817 inde
2653 4766 2830 4834 repelli
2858 4770 3288 4836 permittentibus.

2312 4851 2494 4907 CXIX.
2518 4853 2936 4914 Coustantienses
2957 4863 3446 4937 pseudoepiscopum
3475 4860 3706 4932 reficiunt.

2310 4944 2476 4999 Paulo
2524 4957 2702 5002 autem
2761 4962 2885 5007 ante
2936 4955 3062 5010 illud
3110 4957 3307 5015 festum
3360 4959 3653 5016 Udalricus.
3689 4942 3760 5012 (Ιηῖ

2243 5033 2497 5102 Aquileize
2530 5036 2897 5107 episcopatum
2929 5044 2995 5099 ab
3025 5045 3259 5104 Henrico
3298 5052 3603 5122 imperatore
3627 5032 3754 5095 simul

2239 5137 2361 5176 cum
2386 5125 2601 5179 abbatia
2656 5127 2714 5182 δ.
2764 5129 2902 5186 Galli
2945 5133 3056 5204 jam
3107 5151 3403 5209 acceperat,
3449 5145 3652 5194 conatus
3691 5130 3755 5178 εει

2239 5211 2402 5266 etiam
2452 5213 2820 5285 episcopatum
2861 5222 3362 5295 Coustantienscm,
3413 5224 3620 5297 expulso
3668 5214 3752 5269 ϐε·

2237 5302 2462 5369 beardo,
2501 5319 2599 5373 per
2641 5312 2930 5377 quemdam
2975 5329 3005 5369 e
3055 5318 3169 5374 suis
3213 5320 3484 5376 monachis
3516 5312 3608 5371 sibi
3636 5301 3754 5361 addi-

2235 5400 2408 5459 ctum,
2454 5397 2672 5453 nomine
2700 5401 3015 5472 Arnoldum,
3065 5422 3356 5481 occupare;
3409 5419 3460 5464 at
3515 5403 3750 5462 utriuﬁflue

2235 5492 2461 5538 conatus
2493 5485 2644 5544 fuere
2669 5489 2826 5546 irriti.
2875 5494 3087 5552 Etenim
3117 5499 3442 5558 Constantia:
3467 5499 3598 5554 cives
3627 5489 3749 5542 inva-

2234 5589 2412 5629 sorem
2441 5577 2612 5645 illum,
2645 5581 2771 5638 licet
2793 5583 2903 5653 jam
2943 5589 3011 5644 ab
3035 5590 3374 5661 imperatore
3425 5583 3745 5646 investituram

2237 5664 2548 5734 recepisset,
2583 5671 2809 5740 turpiter
2837 5689 2956 5729 cum
2987 5679 3102 5750 ejus
3129 5685 3294 5752 socio,
3323 5684 3408 5754 qui
3439 5680 3550 5735 illuc
3571 5676 3744 5740 posses-
