3962 6312
164 345 265 403 N5

1690 343 1863 399 VITA.

3324 368 3423 426 106

156 461 328 520 sionis
356 456 599 515 ineunda:
628 470 793 513 causa
845 457 1007 514 simul
1047 458 1399 526 advenerant,
1441 474 1471 515 e
1520 460 1742 516 civitate
1768 460 1818 519 Δ
1845 471 1985 524 mus,
2019 474 2269 532 magnam
2310 467 2549 533 pecuniae
2575 484 2841 527 summam
2865 475 3113 530 contulit.
3135 475 3294 534 Certe
3316 482 3420 539 hoc

158 550 316 622 paulo
352 556 473 603 ante
506 546 753 603 Natalem
787 547 993 602 Domini
1021 548 1315 615 eiecerunt.

182 642 341 701 CXX.
368 641 577 702 Huqom'
597 639 935 710 Lugdunensi
956 641 1161 698 reddita
1184 643 1471 712 apostolica
1495 643 1704 713 legatio.

225 733 425 787 Eodem
456 747 598 786 anno
627 732 923 796 desinente,
958 741 1052 786 aut
1072 744 1220 789 certe
1247 735 1527 804 sequentis
1556 735 1733 800 initio,

156 826 312 879 lvone
336 824 662 887 Carnoteno,
702 832 761 877 ut
787 838 853 876 ex
885 822 999 891 ejus
1026 824 1251 894 epistola
1276 827 1340 879 12
1361 826 1429 880 ad
1457 825 1734 880 Urbanum

154 923 205 970 et
232 914 335 970 109
380 914 445 967 ad
482 913 796 969 Paschalem
852 914 970 985 ejus
1015 930 1383 971 successorem
1428 917 1731 987 colligitur,

156 1006 540 1071 intercedente,
585 1005 793 1059 reddita
834 1014 916 1060 est
965 1005 1173 1077 Hugoni
1221 1007 1600 1078 Lugdunensis
1647 1026 1732 1063 ar-

156 1097 496 1167 chiepiscopo
527 1096 808 1167 apostolici
847 1099 898 1152 in
938 1097 1124 1153 Galliis
1163 1100 1323 1170 legati
1371 1102 1602 1173 dignitas
1627 1118 1731 1171 qna

158 1188 241 1242 diu
270 1195 539 1241 caruerat.
574 1187 701 1242 Haec
742 1187 789 1241 ei
841 1188 1019 1242 ablata
1053 1190 1226 1243 fuerat
1274 1201 1515 1260 tempore
1549 1191 1731 1248 Victo-

158 1281 229 1335 ris
254 1279 338 1348 lll,
359 1280 505 1348 quod
527 1290 651 1349 post
680 1280 961 1350 probatura
987 1291 1040 1335 et
1070 1280 1338 1336 laudatam
1371 1298 1493 1337 cum
1520 1285 1731 1340 caeteris

160 1374 413 1443 episcopis
460 1371 744 1427 catholicis
772 1373 1014 1442 ejusdem
1066 1375 1334 1443 pontiﬁcis
1386 1376 1728 1445 electionem,

160 1478 271 1518 eam
298 1474 475 1519 tamen
504 1474 690 1532 postea
714 1462 984 1518 Ricbardo
1009 1464 1189 1518 abbati
1236 1465 1559 1521 Massiliensi
1603 1466 1731 1533 jun-

162 1567 270 1613 ctus
293 1557 501 1612 irritam
526 1556 711 1611 facere
745 1565 970 1612 conatus
1015 1556 1236 1621 fuisset,
1292 1557 1400 1611 imo
1427 1567 1482 1611 et
1524 1559 1591 1613 ab
1613 1558 1730 1626 ejus

161 1648 447 1705 obedientia
482 1649 816 1703 recessisset.
862 1646 1043 1713 Quare
1080 1648 1241 1702 simul
1275 1651 1728 1705 excommunicati

163 1751 213 1797 et
239 1740 520 1810 apostolica
542 1738 809 1810 legatione
822 1739 1017 1808 privati
1042 1739 1094 1793 in
1115 1739 1345 1795 concilio
1358 1740 1729 1796 Beneventano

167 1834 229 1888 ab
254 1832 429 1888 eodem
461 1831 680 1886 Victore
695 1831 759 1885 lll
786 1832 1230 1886 fuerant.Vernm
1257 1833 1355 1886 etsi
1386 1842 1534 1887 tanta
1566 1832 1728 1888 fuerit

168 1926 423 1993 utriusque
471 1923 720 1987 audacia,
776 1938 938 1992 quam
1000 1922 1164 1977 etiam
1210 1922 1364 1991 llugo
1415 1923 1610 1977 litteris
1662 1925 1728 1979 ad

172 2015 455 2069 Mathildem
480 2015 622 2069 datis
669 2016 969 2083 approbare
1014 2024 1241 2069 conatus
1290 2014 1481 2077 fuerat,
1526 2024 1585 2069 ut
1615 2017 1727 2085 jam

180 2122 267 2162 suo
304 2108 412 2160 loco
468 2106 722 2169 diximus,
761 2116 952 2161 neuter
1000 2116 1183 2160 tamen
1239 2107 1305 2160 ad
1354 2107 1729 2163 sebismaticos

185 2195 395 2261 defecit;
419 2196 509 2250 sed
534 2196 689 2264 paulo
716 2206 855 2265 post,
882 2196 1101 2251 Urbano
1124 2206 1243 2266 post
1270 2197 1501 2252 Victoris
1522 2200 1725 2253 obitum

183 2283 228 2336 in
265 2285 543 2353 pontiﬁcem
587 2296 889 2354 assumpto,
930 2285 1306 2339 inviolabiliter
1342 2287 1391 2340 ei
1430 2287 1723 2343 adhaesere.

176 2375 373 2445 linguai,
396 2377 462 2431 ob
491 2378 739 2431 restituta
758 2377 860 2431 mei
890 2375 957 2431 ab
986 2376 1208 2431 Urbano
1234 2376 1577 2445 legationem,
1604 2394 1728 2448 gra-

170 2468 346 2521 tulatur
378 2469 465 2524 lvo
501 2468 729 2537 epistola
753 2467 824 2521 24
853 2467 919 2523 ad
940 2482 1065 2523 eum
1101 2468 1256 2532 data;
1290 2469 1377 2522 ubi
1423 2468 1620 2532 eidem,
1657 2471 1726 2524 ob

166 2572 436 2633 temporum
491 2562 836 2619 dimcultates
890 2562 1033 2617 hanc
1075 2563 1391 2634 dignitatern
1452 2563 1725 2632 suscipere

164 2652 378 2706 nonnihil
407 2652 759 2726 repugnanti,
787 2652 1083 2729 parendum
1112 2666 1231 2706 esse
1253 2650 1489 2720 pontiﬁci
1512 2651 1725 2721 probat,

162 2742 368 2812 Tempus
404 2752 597 2798 autem
638 2758 744 2817 quo
774 2745 826 2799 id
854 2744 1054 2799 factum
1078 2743 1177 2798 fuit
1209 2745 1411 2798 indicat
1443 2744 1583 2798 idem
1615 2744 1727 2811 lvo,

157 2846 265 2884 cum
296 2832 367 2885 ait
400 2840 535 2887 tunc
570 2831 625 2886 in
657 2831 805 2886 italia
832 2833 1055 2887 alterum
1079 2831 1279 2898 Achab,
1313 2833 1366 2887 id
1416 2842 1497 2888 est
1540 2833 1728 2887 llenri-

157 2939 286 2989 cnm,
323 2934 375 2978 et
405 2925 462 2978 in
498 2923 688 2979 Galliis
720 2941 905 2979 novam
926 2923 1248 2989 Jezabelem,
1290 2940 1481 2994 nempe
1504 2925 1726 2981 Bertra-

156 3014 282 3078 dam,
311 3026 366 3069 ut
407 3032 538 3071 eam
581 3017 741 3071 etiam
787 3016 1018 3087 appellat
1072 3015 1223 3087 ilugo
1276 3016 1725 3084 Flaviniacensis,

155 3106 455 3161 surrexisse.
504 3105 653 3159 lianc
692 3116 872 3160 autem
922 3107 1204 3177 epistolam
1232 3107 1335 3162 sub
1363 3109 1487 3163 anni
1539 3108 1722 3173 ﬁnem,

154 3205 232 3249 aut
259 3196 540 3267 sequentis
595 3196 749 3251 initio
806 3198 1065 3267 scriptam
1130 3198 1298 3254 fuisse
1347 3217 1413 3254 cx
1478 3214 1543 3255 eo
1580 3209 1726 3270 patet

152 3287 275 3355 quod
306 3288 355 3342 in
383 3304 447 3343 ea
485 3287 767 3358 llngonem
821 3297 976 3360 rogat
1006 3289 1095 3345 lvo
1142 3301 1200 3345 ut
1228 3292 1275 3345 ei
1322 3292 1590 3361 signiﬁcet
1617 3308 1727 3362 quo

152 3374 253 3429 loco
290 3394 409 3431 cum
461 3378 615 3433 circa
683 3376 1118 3447 Quadragesimze
1176 3380 1389 3436 initium
1438 3384 1727 3438 convenire

151 3469 408 3525 commode
437 3471 637 3542 possit.

150 3556 315 3614 CXXI.
343 3558 635 3615 στήθει-τηε
663 3562 717 3616 in
742 3561 1126 3625 Longobardia.
1160 3563 1337 3619 Romre
1379 3584 1448 3619 an
1482 3563 1725 3620 Urbanus

213 3634 529 3685 concesserit
558 3632 793 3701 privileg.
837 3620 1064 3703 Figiadi.
1109 3634 1359 3705 Pririleg.
1402 3636 1648 3691 Cavense.

180 3704 297 3776 illis
334 3724 701 3792 temporibus,
748 3734 808 3778 ut
856 3734 1044 3779 narrat
1084 3725 1389 3789 Bertoldus,
1443 3724 1722 3779 Guibertus

148 3827 250 3867 tum
272 3816 596 3885 imperatore
625 3832 720 3869 suo
757 3814 1008 3870 Heinrico
1052 3818 1105 3871 in
1138 3816 1505 3886 Longobardia
1554 3833 1726 3870 mora-

148 3906 302 3970 batur,
322 3917 371 3961 et
391 3906 657 3977 quidquid
688 3909 853 3977 potuit
881 3924 1001 3963 cum
1022 3909 1135 3978 ipso
1168 3918 1353 3962 contra
1382 3906 1721 3977 Weiphonem

145 4006 186 4049 et
204 3998 310 4068 ejus
339 4014 567 4057 uxorem
592 3997 925 4061 Matltildam,
960 4000 1130 4054 sancti
1159 3998 1305 4054 Petri
1328 3999 1497 4067 ﬁliam
1518 4000 1719 4053 machi-

145 4089 372 4154 nabatur,
402 4098 467 4143 nt
495 4088 742 4157 pluribus
762 4098 950 4144 narrat
974 4091 1254 4155 Domnizo,
1284 4090 1437 4161 cujus
1464 4100 1719 4159 excerpta

146 4174 191 4228 in
221 4177 540 4248 Appendice
572 4177 895 4233 referentur.
927 4180 1211 4235 Consentit
1234 4180 1488 4251 Sigonius
1514 4181 1719 4236 librorx

147 4270 393 4344 Deregno
426 4273 627 4341 italiae,
662 4274 752 4329 ubi
783 4290 872 4329 res
918 4274 1075 4341 huius
1118 4277 1377 4346 temporis
1406 4292 1475 4331 ex
1510 4277 1596 4331 bis
1627 4293 1720 4331 au-

142 4365 365 4421 ctoribus
390 4366 708 4435 descripsit.

204 4452 453 4512 Urbanus
478 4473 613 4511 vero
642 4458 815 4513 adbnc
846 4457 1030 4514 Romae
1059 4467 1177 4514 erat
1207 4474 1391 4515 mense
1419 4460 1718 4516 Februario

142 4560 268 4602 anno
294 4549 455 4615 1095,
502 4549 548 4604 si
581 4548 875 4619 legitimum
904 4551 973 4604 sit
998 4550 1312 4621 Figiacense
1354 4552 1715 4622 privilegium,

141 4643 270 4707 quod
293 4658 321 4695 a
345 4642 562 4697 Cruceo
598 4641 826 4695 relatum
850 4650 932 4696 est
978 4643 1029 4695 in
1074 4642 1310 4697 Historia
1341 4643 1716 4713 episcoporum

142 4729 651 4797 Catureensium,et
700 4731 878 4786 nullus
933 4747 1091 4786 error
1141 4733 1422 4802 irrepserit
1464 4732 1519 4787 in
1560 4741 1718 4787 notas

142 4822 246 4889 ejus
278 4826 595 4880 chronicas.
623 4824 818 4878 Datum
849 4841 1038 4895 nempe
1068 4824 1270 4879 dicitur
1301 4824 1579 4880 Lateranis
1611 4827 1715 4880 hoc

144 4928 271 4968 anno
298 4916 461 4978 1093,
494 4916 841 4986 pontiﬁcatus
872 4916 1074 4971 Urbani
1106 4917 1317 4986 quinto,
1366 4917 1453 4970 die
1515 4932 1547 4969 v
1597 4916 1718 4969 ldus

144 5004 434 5062 Februarii.
471 5009 604 5071 Sed,
626 5008 728 5062 etsi
759 5007 859 5061 illze
882 5017 1020 5061 nota:
1045 5009 1200 5061 bonae
1230 5008 1360 5071 sint,
1412 5008 1562 5061 locus
1607 5006 1714 5059 dati

145 5098 393 5170 privilegii
427 5101 661 5155 vitiosus
706 5109 819 5163 est,
858 5116 978 5154 cum
1029 5100 1262 5153 nomium
1310 5108 1434 5153 tunc
1464 5098 1717 5153 Urbanus

147 5188 504 5248 Lateranense
548 5192 803 5263 palatium
834 5192 1145 5253 obtinuerit,
1193 5200 1434 5253 coactus,
1468 5199 1525 5244 ut
1558 5191 1716 5247 modo

146 5295 202 5333 ex
224 5281 480 5338 Bertoldo
504 5283 834 5346 dicebamus,
860 5280 1336 5335 NataliumChristi
1371 5281 1713 5335 festivitatem

148 5379 286 5425 extra
317 5373 511 5427 urbem
533 5372 833 5435 celebrare,
864 5375 1061 5440 quippe
1084 5371 1171 5440 qui
1207 5372 1410 5439 absque
1440 5371 1715 5440 sanguinis

149 5459 417 5526 effusione,
448 5464 593 5532 quod
618 5476 829 5532 semper
864 5461 1144 5515 abhorruit
1188 5461 1308 5530 pius
1357 5446 1593 5531 pontifex
1614 5503 1628 5525 ,
1660 5461 1713 5515 in

152 5563 255 5603 eam
283 5550 493 5622 ingredi
540 5565 646 5607 non
694 5550 975 5620 potuisset.
1029 5548 1093 5602 Et
1122 5551 1339 5618 quidem
1389 5549 1712 5604 Lateranum

153 5644 348 5698 nonnisi
396 5659 544 5698 anno
595 5644 841 5711 sequenti
903 5644 1239 5712 recuperavit
1294 5642 1567 5710 Urbanus,
1615 5660 1714 5716 ope

154 5728 342 5789 Gofridi
369 5732 788 5790 Vindocinensis
815 5732 1044 5798 abbatis,
1089 5732 1181 5802 qui
1219 5732 1286 5786 ad
1334 5731 1409 5798 id,
1460 5734 1536 5788 uti
1566 5735 1712 5789 dice-

460 5845 735 5906 Pnnon.
782 5842 933 5905 CLI.

1736 1904 1741 1907 Α
1761 1813 1801 1871 B

1753 3162 1797 3223 C

1746 4508 1798 4569 Ι)

1842 548 2074 617 diploma
2107 552 2282 608 dubiae
2327 557 2549 611 oinnino
2603 560 2724 616 ﬁdei
2776 562 2986 618 videtur
3016 581 3167 631 esse;
3212 568 3266 622 in
3310 585 3418 640 quo

1840 654 2054 710 nempe,
2084 655 2279 712 praeter
2300 661 2361 699 ea
2399 664 2518 717 qua:
2542 651 2785 707 continet
2830 655 2915 709 bis
2951 659 3285 727 temporibus
3317 677 3416 731 pa-

1840 745 1958 785 rum
1988 746 2371 801 consentanea,
2411 740 2648 797 maxime
2692 744 2938 814 displicet
2966 753 3109 818 quod
3139 749 3417 820 Stephano

1838 824 2091 895 episcopo
2119 827 2470 895 Cadurcensi,
2503 832 2636 888 alias
2662 838 2876 903 penitus
2921 840 3123 909 ignoto,
3151 842 3415 900 inscriba-

1838 919 1945 967 tur.
2005 915 2162 970 Plura
2192 919 2259 973 de
2286 933 2350 974 eo
2377 922 2544 976 refert
2565 923 2804 985 Crucens
2850 928 2904 981 in
2944 929 3179 986 Historia
3207 934 3413 1002 episco-

1836 1015 2024 1068 porum
2080 1004 2534 1077 Cadurcensium;
2587 1029 2789 1083 quem,
2840 1017 2885 1071 si
2938 1018 3109 1087 lubet,
3141 1024 3411 1080 consulas.

1839 1092 2007 1147 Paulo
2034 1094 2256 1163 majoris
2284 1108 2367 1153 est
2394 1104 2738 1159 auctoritatis
2786 1107 3125 1180 privilegium
3151 1112 3410 1182 Cavense,

1834 1182 1899 1237 de
1927 1198 2033 1253 quo
2059 1188 2122 1238 ad
2149 1200 2350 1243 annum
2384 1194 2772 1259 praecedentem
2822 1198 3051 1268 egimus,
3085 1202 3267 1259 datum
3309 1204 3412 1260 Sa-

1833 1270 1966 1327 lerni
2019 1290 2110 1329 th
2138 1276 2403 1333 Kalendas
2453 1280 2733 1340 Februarii
2763 1303 2904 1344 anno
2934 1306 2963 1343 ν
2991 1290 3216 1362 Urbani,
3269 1296 3412 1351 indi-

1832 1364 2009 1420 ctione
2032 1383 2082 1431 v,
2114 1384 2254 1423 anno
2279 1370 2437 1437 1092,
2468 1377 2713 1442 quamvis
2735 1378 2836 1434 loci
2867 1392 2919 1434 et
2949 1391 3248 1453 temporum
3275 1396 3413 1442 natm

1833 1454 1974 1513 haud
2006 1459 2108 1513 sibi
2159 1471 2471 1518 constantes
2507 1467 2717 1524 admitti
2763 1487 2869 1525 non
2923 1476 3156 1540 possint.
3194 1476 3411 1531 Utrum-

1830 1563 1935 1618 que
1976 1549 2239 1608 lectorum
2296 1556 2632 1615 eruditorum
2677 1562 2882 1631 judicio
2922 1574 2975 1621 et
3004 1582 3249 1624 censurae
3292 1584 3415 1639 per-

1830 1638 2116 1696 mittimus.

1901 1727 2070 1787 Porro
2093 1732 2197 1787 etsi
2243 1743 2356 1790 toto
2384 1751 2450 1791 eo
2503 1746 2745 1808 tempore
2773 1757 2878 1810 quo
2924 1744 3291 1805 Lateranense
3322 1766 3414 1819 pa-

1830 1819 2039 1887 latium,
2092 1824 2183 1878 nbi
2233 1827 2501 1897 praecipua
2533 1838 2653 1884 erat
2680 1834 2995 1901 pontiﬁcum
3043 1836 3410 1893 Romanorum

1834 1911 2013 1977 sedes,
2045 1914 2096 1968 in
2146 1914 2593 1975 Guibcrtinorum
2641 1931 2909 1990 potestate
2964 1925 3084 1991 fuit,
3134 1944 3411 1998 nunquam

1834 2003 2050 2057 licuerit
2075 2004 2291 2061 Urbano
2315 2007 2456 2064 intra
2485 2009 2741 2068 Romanm
2765 2015 2914 2070 urbis
2940 2020 3137 2072 moenia
3165 2020 3408 2089 ingredi:

1830 2102 2165 2149 cumtamen
2208 2095 2260 2149 in
2290 2097 2636 2165 suburbanis,
2676 2101 2807 2168 sive,
2837 2114 2893 2157 ut
2925 2107 3122 2174 passim
3177 2107 3413 2178 loquitur

1829 2187 2135 2255 Bertoldus,
2195 2191 2250 2245 in
2299 2202 2439 2248 terra
2494 2193 2675 2250 Sancti
2726 2196 2875 2252 Petri
2928 2198 3244 2270 frequenter
3286 2213 3413 2260 tunc

1831 2292 2155 2346 moraretur,
2181 2283 2504 2338 censebatur
2526 2284 2711 2341 Romae
2739 2303 2978 2356 praesens
3001 2292 3212 2347 adesse.
3237 2292 3415 2359 Quare

1830 2370 1907 2425 nil
1931 2386 2127 2426 mirum
2152 2380 2234 2428 est
2262 2375 2307 2429 si
2343 2376 2587 2446 quaedam
2627 2377 2743 2446 ejus
2770 2378 2962 2437 litterm
2996 2384 3195 2453 passim
3223 2400 3416 2441 occur-

1831 2471 1953 2516 rant
2007 2479 2128 2532 qua:
2196 2464 2372 2521 Roma:
2426 2468 2509 2524 bis
2564 2472 2894 2541 temporibus
2940 2476 3080 2530 datw
3129 2478 3414 2548 dicuntur,

1831 2555 2281 2621 quemadmodum
2308 2558 2550 2628 plerique
2592 2559 2710 2629 ejus
2757 2564 2859 2618 aevi
2899 2576 3149 2623 auctores
3177 2568 3419 2623 scribunt

1831 2645 2113 2716 episcopos
2135 2656 2190 2701 et
2218 2648 2443 2702 abbates
2473 2649 2697 2704 Romam
2730 2660 2860 2707 tunc
2888 2653 3109 2720 adiisse,
3153 2666 3210 2711 ut
3244 2656 3417 2713 Urba-

1832 2750 1957 2789 num
1989 2745 2083 2791 aut
2107 2737 2469 2806 apostolorum
2494 2739 2680 2795 limina
2716 2741 3027 2798 inviserent.

1832 2845 2041 2900 CXXII.
2090 2846 2260 2902 Falco
2307 2847 2694 2924 Bellovacensis
2742 2854 3012 2924 episcopus
3053 2856 3107 2909 in
3139 2857 3259 2912 sede
3294 2875 3421 2913 con-

2492 2920 2755 2977 ﬁrmatus.

1900 3006 2179 3077 Ejusmodi
2244 3009 2462 3067 fuerunt
2512 3011 2705 3067 littera:
2752 3012 2951 3071 Urbani
3006 3017 3072 3071 ad
3122 3018 3417 3076 Fuiconem

1830 3099 2139 3168 episcopum
2203 3098 2634 3163 Bellovaceusem
2664 3142 2679 3166 ,
2737 3113 2793 3156 et
2840 3104 2957 3159 alia:
3005 3107 3070 3160 ad
3122 3107 3323 3168 clerum
3363 3121 3421 3166 ct

1830 3191 2085 3259 populum
2116 3191 2357 3261 ejusdem
2388 3193 2554 3256 urbis,
2608 3208 2727 3263 quae
2755 3193 2935 3249 Ronne
2964 3213 3014 3251 vi
3043 3208 3136 3253 aut
3172 3216 3261 3263 xvi
3304 3200 3421 3255 Ka-

1831 3279 2013 3334 lendas
2038 3279 2223 3339 Martii
2254 3281 2392 3337 dataa
2441 3282 2717 3338 dicuntur.
2766 3284 2863 3339 llis
2910 3285 3104 3342 litteris
3133 3291 3422 3345 conﬁrmat

1830 3381 1988 3427 antea
2013 3374 2254 3441 pontifex
2285 3389 2314 3427 a
2341 3375 2606 3446 Gregorio
2653 3377 2739 3431 Vll
2794 3378 2956 3433 latam
2989 3384 3313 3438 sententiam
3353 3386 3421 3441 de

1828 3462 2154 3518 Castellania
2206 3464 2615 3531 Beliovacensi,
2666 3481 2802 3536 quas
2849 3469 3063 3536 quidem
3131 3473 3231 3527 hoc
3275 3488 3420 3529 anno

1828 3554 2056 3622 scriptas
2077 3554 2245 3609 fuisse
2270 3557 2464 3624 probat
2486 3573 2664 3612 rerum
2694 3568 2965 3628 gestarum
2992 3563 3184 3619 series.
3204 3565 3420 3625 Etenim

1826 3643 2011 3709 Fulco,
2042 3644 2107 3699 de
2152 3660 2260 3714 quo
2303 3644 2414 3713 jam
2467 3661 2629 3716 supra
2665 3650 2893 3719 egimus,
2949 3653 3089 3721 apud
3138 3644 3435 3714 Urbanum

1828 3745 2113 3791 accusatus
2140 3737 2280 3807 quod
2306 3739 2445 3791 male
2467 3753 2553 3794 res
2572 3740 2655 3794 sui
2680 3743 3018 3811 episcopatus
3040 3748 3417 3806 administras-

1827 3835 1934 3889 set,
1963 3830 2214 3897 quodque
2238 3829 2669 3885 facinorosorum
2701 3832 2905 3901 aliquot
2926 3835 3204 3892 hominum
3232 3840 3418 3894 crimi-

1828 3921 1986 3977 nibus
2008 3937 2129 3977 sese
2152 3920 2556 3988 immiscuisset,
2608 3923 2814 3979 litteras
2844 3926 2962 3982 illas
2992 3931 3201 4000 accepit
3229 3949 3416 3989 mense

1823 4011 2141 4067 Februario.
2176 4013 2477 4083 Statimque
2526 4014 2752 4072 Romam
2784 4019 2914 4073 adiit
2953 4036 3105 4075 suam
3149 4027 3419 4093 approba-

1827 4112 1979 4157 turus
2014 4118 2197 4157 coram
2248 4105 2502 4172 pontiﬁce
2548 4106 2935 4171 innocentiam,
2983 4120 3036 4166 et
3091 4130 3417 4185 quocunque

1823 4192 1983 4245 modo
2011 4206 2172 4245 causa
2196 4202 2456 4256 verteret,
2482 4194 2660 4248 sedem
2690 4210 2841 4249 suam
2868 4197 3148 4257 dimittere
3170 4215 3409 4270 paratus.

1824 4283 1889 4336 Et
1922 4282 2136 4350 quidem
2171 4298 2233 4335 ea
2273 4294 2389 4335 erat
2437 4285 2606 4336 sancti
2656 4286 2921 4352 Anselmi,
2979 4289 3094 4357 ejus
3136 4292 3261 4346 olim
3303 4312 3413 4349 ma-

1822 4374 1973 4441 gistri
2014 4383 2069 4428 et
2105 4374 2317 4427 abbatis
2347 4378 2484 4442 apud
2530 4375 2794 4442 Beccum,
2834 4384 3122 4446 sententia,
3157 4386 3297 4453 quod
3328 4387 3411 4441 l'a-

1826 4465 1925 4519 cile
1951 4480 2017 4518 ex
2047 4465 2163 4533 ejus
2191 4464 2419 4531 cpistola
2454 4465 2518 4518 5i
2577 4468 2697 4520 libri
2731 4485 2767 4521 ιι
2808 4471 2871 4522 ad
2921 4472 3095 4540 ipsum
3131 4475 3407 4530 Urbanum

1825 4555 2049 4623 scripta,
2082 4553 2419 4623 intelligitur,
2468 4557 2714 4623 quamvis
2768 4560 2925 4627 paulo
2974 4573 3172 4629 antea,
3220 4580 3411 4636 nempe

1825 4643 2047 4713 epistola
2095 4645 2444 4713 praecedenti,
2477 4660 2600 4699 cum
2654 4649 2891 4716 pontiﬁci
2956 4656 3409 4710 commendasset.

1826 4737 1969 4789 Idem
1994 4735 2281 4789 Anselmus
2306 4734 2480 4790 lactus
2528 4746 2651 4806 post
2710 4741 2924 4795 modum
2973 4746 3410 4817 archiepiscopus

1824 4824 2150 4889 Cantuarios,
2186 4824 2381 4879 iterum
2425 4827 2645 4896 supplex
2672 4844 2769 4897 pro
2799 4830 3033 4886 Fulcone
3077 4836 3243 4888 oravit
3270 4840 3409 4907 apud

1824 4916 2151 4984 pontiﬁcem,
2186 4916 2325 4971 libro
2355 4933 2439 4981 nr,
2472 4920 2632 4987 epist.
2654 4920 2742 4985 57,
2771 4930 2827 4975 ut
2855 4923 2903 4975 ei
2936 4937 3409 4995 succurral,prout

1824 5007 2212 5077 ejusjudicabit
2233 5010 2532 5078 prudentia.
2562 5010 2669 5066 Nec
2691 5028 2827 5065 vana
2852 5013 2951 5067 fuit
2979 5017 3108 5070 tanti
3138 5019 3235 5072 viri
3265 5036 3411 5075 com-

1827 5098 2121 5153 rneudatio.
2155 5098 2404 5153 Urbanus
2427 5101 2622 5169 quippe
2658 5114 2938 5171 perspecta
2968 5105 3220 5164 Fulconis
3257 5112 3411 5165 inno-

1825 5189 2021 5249 centia,
2055 5203 2160 5241 non
2190 5186 2367 5241 ferens
2410 5188 2717 5258 episcopum
2763 5190 2957 5256 injuste
2992 5199 3243 5266 opprimi,
3285 5215 3407 5254 curn

1825 5277 2131 5331 Simoniaca
2167 5276 2357 5331 lneresi
2387 5318 2400 5340 ,
2454 5293 2571 5344 quae
2611 5279 2708 5347 ipsi
2748 5294 2776 5331 a
2815 5284 3082 5340 nonnullis
3122 5286 3410 5360 afﬁngeba-

1827 5379 1929 5431 tur,
1960 5380 2243 5439 purgatum
2271 5372 2320 5424 in
2362 5373 2489 5425 sede
2536 5372 2896 5430 Bellovacensi
2939 5380 3301 5447 conﬁrmavit,
3343 5402 3407 5440 ac

1826 5465 2306 5531 remanerejnssit.
2350 5464 2461 5517 lmo
2505 5480 2627 5518 cum
2684 5467 2823 5522 idem
2871 5472 3097 5527 antistes
3124 5474 3175 5528 in
3206 5475 3407 5533 Gallias

1825 5568 2078 5608 reversus
2108 5569 2249 5607 anno
2285 5555 2532 5623 sequenti
2559 5570 2588 5608 a
2618 5561 3160 5627 comprovincialibus
3202 5568 3408 5637 episco-

1824 5646 1905 5713 pis
1928 5644 1980 5697 in
2005 5643 2266 5711 judicium
2299 5660 2363 5699 ea
2391 5645 2456 5698 de
2497 5661 2554 5701 re
2582 5660 2804 5704 vocatus
2829 5651 3039 5718 fuisset,
3074 5656 3194 5715 illos
3217 5659 3404 5730 objur-

1824 5736 1969 5803 gavit
1998 5735 2264 5806 pontifex,
2289 5741 2433 5808 quod
2464 5754 2681 5794 causam
2712 5756 2741 5794 a
2780 5742 2909 5798 sede
2945 5748 3237 5815 apostolica
3262 5749 3405 5819 judi-

2875 5854 2913 5913 ἡ
