3962 6312
592 307 692 361 107
1866 301 1922 356 Β.
1964 296 2219 356 URBANI

2254 296 2296 353 ιι
2326 296 2527 353 parm
3678 314 3757 373 ιω

587 427 765 473 catam
794 419 912 474 ausi
936 417 1171 473 afuissent
1200 424 1516 471 retractare.
1564 414 1757 469 Exstat
1782 429 1844 468 ea
1873 414 1940 470 de
1982 428 2038 467 re
2067 411 2163 468 Ur-
2188 414 2238 474 Α
2268 410 2574 466 institutum
2620 410 3069 483 amplectendam,
3126 412 3346 472 excitari
3392 430 3537 487 posse
3580 422 3757 481 arbitra.

589 509 710 564 bani
735 509 957 578 epistola
985 510 1051 562 ad
1076 507 1414 579 Raynoldum
1443 506 1906 575 archiepiscopum
1939 505 2158 574 ejusque

582 598 968 668 sulfraganeos,
991 614 1111 667 quae
1148 612 1269 653 cum
1296 597 1437 650 anni
1455 595 1591 651 1094
1621 596 1775 649 initio
1802 593 1950 658 Maii,
1979 601 2039 647 ut
2061 606 2159 646 suo

580 690 702 744 loco
757 689 1269 753 demonstrabimus,
1330 687 1529 756 scripta
1580 686 1672 749 sit,
1722 684 1927 738 invicte
1972 680 2161 752 probat

578 778 731 832 binas
760 779 857 833 has
889 778 1119 840 litteras,
1151 778 1217 831 de
1251 776 1445 845 quibus
1470 775 1555 828 hic
1592 775 1786 843 agitur,
1812 787 1940 826 cum
1970 770 2160 825 Fulco-

577 868 663 920 nis
693 868 1011 938 purgatione
1036 867 1219 920 Roma:
1256 875 1493 935 peracta,
1518 865 1586 919 ad
1612 870 1932 933 praesentem
1957 875 2156 914 annum

579 960 601 1011 l
621 959 715 1013 115
745 960 941 1013 debere
964 958 1223 1013 revocari.

751 1069 983 1125 CXXIII.
1031 1067 1320 1122 Concilium
1372 1066 1679 1136 Trojanum.
1720 1054 1974 1118 Canoncs.

650 1181 790 1235 Vere
824 1180 1043 1233 ineunte
1066 1166 1226 1246 hujus
1257 1178 1404 1241 anni,
1438 1177 1691 1230 Dominus
1721 1190 1856 1244 papa
1888 1172 2151 1236 Urbanus,

577 1271 817 1326 Bcrtoldi
848 1272 1010 1325 verba
1040 1270 1155 1340 ipsa
1184 1270 1383 1332 refero,
1425 1267 1712 1337 generalem
1754 1265 2009 1334 synodum
2037 1280 2159 1317 cen-

577 1373 688 1416 tum
734 1379 859 1431 pene
886 1361 1240 1430 episcoporum
1269 1361 1324 1413 in
1363 1358 1777 1427 Quadragesima
1828 1372 1891 1410 ex
1939 1355 2153 1409 diversis

575 1451 851 1519 provinciis
868 1452 921 1504 in
935 1449 1123 1520 Apulia
1145 1449 1491 1518 congregavit,
1504 1458 1549 1501 et
1564 1447 1779 1500 diversis
1803 1444 2153 1497 Ecclesiarum

576 1542 966 1596 necessitatibus
998 1538 1237 1610 synodali
1257 1537 1546 1608 provisione
1572 1545 1914 1605 competenter
1938 1548 2153 1587 succur-

576 1648 690 1686 rere
713 1632 933 1687 curavit.
954 1631 1103 1685 Hanc
1126 1632 1386 1701 synodum
1405 1628 1543 1698 apud
1556 1627 1797 1695 Trojam,
1813 1640 1931 1695 qua:
1952 1623 2153 1693 Apulia:

573 1723 769 1777 civitas
791 1732 874 1778 εει
905 1723 1251 1793 episcopalis,
1303 1722 1544 1776 habitam
1600 1719 1766 1774 fuisse
1813 1717 2003 1773 scribit
2050 1715 2152 1771 Ilo-

572 1813 823 1867 mualdus
851 1812 1229 1867 Salernitanus
1273 1811 1708 1880 archiepiscopus
1760 1807 1814 1861 in
1856 1806 2147 1868 Chronico,

572 1901 655 1954 cui
687 1902 1038 1956 consentiunt
1063 1902 1304 1971 plerique
1340 1916 1561 1965 omnes;
1611 1898 1705 1955 sed
1757 1914 1876 1953 eam
1908 1895 2149 1951 nonnulli

566 1994 898 2049 recentiores
932 1993 1222 2048 secundam
1263 1999 1682 2060 nuncuparunt,
1727 1988 1870 2059 quod
1920 1988 2147 2041 alteram

565 2084 836 2138 eademin
868 2084 1001 2138 urbe
1037 2083 1352 2139 ab'Urbano
1388 2090 1766 2153 congregatum
1823 2069 1965 2134 anno
2012 2077 2149 2133 1089

569 2172 907 2226 admiserint.
941 2173 1011 2225 At
1036 2172 1250 2226 unicam
1283 2171 1641 2236 solummodo,
1667 2179 1725 2224 ut
1749 2168 1858 2237 jam
1891 2168 2147 2233 diximus,

570 2243 636 2314 ad
667 2276 868 2314 annum
901 2259 1365 2330 l089'agnoseunt
1399 2267 1609 2314 veteres
1656 2266 1939 2322 auctores,
1987 2272 2148 2325 quam

568 2367 710 2405 anno
740 2351 878 2406 1095
907 2352 1230 2407 celebratam
1268 2351 1432 2408 luisse
1458 2367 1524 2407 ex
1550 2351 1787 2407 Bertoldi
1818 2351 2148 2418 testimonio,

568 2438 798 2507 aliisque
842 2439 1006 2493 certis
1037 2448 1091 2494 et
1122 2438 1439 2493 indubitatis
1485 2440 1851 2494 monumentis
1902 2448 2150 2495 constare

568 2526 746 2580 debet.
790 2526 916 2595 Ejus
971 2527 1182 2582 concilii
1234 2528 1449 2582 titulum
1504 2542 1572 2582 ex
1619 2528 1896 2583 codicibus
1952 2543 2148 2583 manu-

566 2617 785 2686 scriptis
833 2618 1162 2688 descriptum
1209 2618 1429 2673 exhibet
1473 2618 1725 2674 Labbeus
1757 2613 1903 2674 torno
1929 2618 1977 2673 X
2010 2620 2148 2674 Con-

566 2705 816 2759 ciliorum
848 2706 931 2761 his
966 2708 1147 2763 verbis
1174 2726 1187 2761 :
1257 2707 1408 2761 Anno
1438 2707 1727 2763 Dominica:
1755 2707 2147 2763 Incarnationis

566 2795 728 2861 {095,
755 2811 787 2849 v
815 2794 947 2851 Idus
974 2794 1158 2851 Martii
1188 2798 1419 2852 convenit
1463 2795 1635 2866 Trojaz
1668 2798 1744 2851 .in
1787 2796 1977 2865 Apulia
2024 2814 2147 2851 con-

563 2885 743 2940 cilium
804 2888 1161 2956 episcoporum
1190 2888 1300 2958 fere
1359 2889 1449 2955 7'5,
1489 2890 1734 2943 abbatum
1778 2890 1864 2945 I2.
1898 2889 2143 2945 Totidem

564 2970 861 3045 episcopos
877 2986 931 3031 et
970 2978 1197 3033 abbates
1224 2979 1274 3033 ei
1303 2976 1611 3033 interfuisse
1642 2978 1838 3049 legitur
1864 2980 2003 3049 apud
2035 2978 2145 3034 Ivo-

564 3081 690 3121 nem
733 3066 786 3120 in
826 3065 987 3121 editis
1032 3068 1451 3137 exemplaribus,
1511 3069 1760 3138 quamvis
1806 3070 2065 3139 scriptum
2105 3082 2135 3123 a
2170 3094 2213 3154 ε

559 3158 781 3215 Lahbeo
810 3159 1086 3215 laudatum
1118 3162 1378 3231 octoginta
1407 3162 1679 3230 praeferat.
1708 3162 1965 3217 Eamdem
2014 3176 2143 3233 syn-

564 3249 730 3302 odum
777 3260 1042 3305 memorat
1072 3250 1281 3306 Petrus
1312 3252 1580 3308 Diaconos
1611 3252 1749 3308 libro
1795 3266 1847 3307 tv
1889 3251 2145 3307 Chronici

564 3341 885 3399 Casinensis
914 3356 1031 3412 cap.
1054 3342 1105 3409 7;
1125 3351 1180 3397 at
1207 3358 1488 3398 numerum
1512 3342 1828 3414 pontificum
1860 3350 1954 3398 aut
1981 3342 2146 3397 abba-

565 3440 706 3497 tum,
731 3433 822 3502 qui
845 3431 917 3488 ad
934 3446 1059 3488 eam
1091 3443 1475 3498 convenerant,
1524 3447 1787 3503 nusquam
1816 3432 1998 3488 habet.
2030 3431 2145 3487 Duo

456 3575 463 3581 .
561 3522 1031 3594 superSunt‘hujus
1060 3522 1271 3580 concilii
1308 3538 1566 3591 canones,
1616 3538 1752 3594 quos
1788 3531 1909 3594 post
1938 3521 2142 3579 Urbani

561 3613 818 3682 epistolas
857 3613 1096 3683 proferet
1140 3614 1541 3683 pontificiarum
1582 3614 1933 3684 epistolarum
1978 3612 2141 3668 colle-

563 3712 702 3758 ctor.
724 3703 970 3768 Primus,
1001 3706 1092 3774 qui
1119 3704 1187 3760 de
1225 3705 1578 3760 dissolvendis
1604 3705 1745 3760 intra
1769 3716 1969 3761 certam
2009 3720 2139 3760 con-

563 3790 944 3860 sanguinitatis
1000 3791 1197 3846 lineam
1244 3792 1394 3847 initis
1451 3792 1813 3849 matrimoniis
1875 3795 2015 3864 agit,
2072 3795 2139 3848 ab

559 3885 723 3940 Ivone
749 3884 1076 3952 Carnoteno,
1106 3885 1392 3951 Gratiano,
1438 3885 1697 3957 Magistro
1736 3885 2135 3942 Sententiarum

558 3984 617 4031 et
644 3973 763 4030 aliis
790 3974 989 4045 passim
1018 3977 1325 4032 auctoribus
1351 3976 1604 4032 laudatur
1626 3988 1681 4032 et
1709 3977 1969 4045 refertur;
2001 3978 2149 4034 alter

557 4078 710 4130 vero,
763 4064 1051 4119 occasione
1095 4063 1290 4120 Trevir:
1326 4065 1609 4129 conditus,
1659 4065 1773 4134 ejus
1818 4067 2137 4123 infractores

557 4156 1121 4214 excommunicatione
1149 4157 1457 4213 multandos
1487 4158 1748 4214 decernit.

607 4291 841 4357 CXXIV.
886 4289 1157 4365 Urbanus_
1176 4294 1409 4365 concedit
1459 4295 1786 4365 privilegium
1844 4296 2071 4352 ecclesice

1013 4361 1072 4417 S.
1117 4361 1278 4417 Pauli
1305 4361 1682 4419 Narbonensis.

2160 4434 2208 4495 D

623 4472 813 4529 Soluto
847 4473 1094 4540 concilio,
1112 4473 1358 4530 Urbanus
1394 4474 1618 4530 Romam
1650 4470 1899 4531 reversus
1924 4485 2026 4541 est,
2053 4479 2129 4532 uti

550 4562 856 4633 colligimus
911 4580 980 4619 ex
1035 4564 1318 4635 privilegio
1365 4566 1504 4635 quod
1553 4564 1627 4619 ibi
1661 4567 1993 4622 Narbonensi
2025 4568 2128 4624 Ec-

547 4655 728 4712 clesire
754 4657 926 4713 sancti
949 4656 1100 4711 Pauli
1130 4658 1397 4712 concessit
1434 4658 1537 4713 hoc
1568 4672 1733 4723 anno,
1787 4661 2128 4727 pontificatus

553 4748 755 4804 Urbani
805 4767 880 4814 vt,
920 4749 1008 4805 die
1054 4764 1144 4803 xw
1184 4748 1453 4804 Kalendas
1504 4750 1722 4819 Aprilis,
1756 4750 2050 4825 indictione
2084 4769 2122 4819 r,

549 4851 670 4908 quae
714 4849 853 4895 nota:
878 4841 1076 4894 nullam
1103 4839 1300 4894 habent
1334 4838 1722 4895 difﬁcultatem.
1771 4841 1826 4894 In
1860 4857 1925 4896 eo
1952 4842 2122 4911 diplo-

548 4937 716 4993 mate,
746 4930 1033 4985 canonicos
1057 4928 1243 4984 Sancti
1277 4927 1429 4982 Pauli
1461 4928 1641 4983 laudat
1661 4930 1902 4999 pontifex
1929 4931 1997 4984 ob
2037 4944 2122 4984 re-

546 5020 787 5089 gularem
845 5020 1055 5075 vivendi
1107 5019 1381 5084 formam,
1435 5034 1597 5088 quam
1650 5035 1838 5075 recens
1887 5020 2119 5090 amplexi

542 5108 780 5164 fuerant.
806 5108 959 5174 Quod
988 5111 1202 5179 quidem
1247 5110 1371 5164 vita:
1419 5124 1587 5179 genus
1612 5111 1882 5173 suscitare,
1924 5110 2117 5181 inquit,

542 5215 647 5252 non
688 5198 881 5251 minori
931 5215 1057 5265 pene
1102 5200 1466 5255 wstimandum
1525 5209 1600 5253 est
1657 5199 1914 5254 meriti....
1960 5218 2117 5270 quam

540 5292 807 5358 ﬂorentem
835 5290 1204 5344 monachorum
1244 5291 1544 5360 religionem
1591 5292 1871 5347 custodire.
1906 5292 2115 5350 Similia

462 5379 465 5383 ‘
541 5378 741 5449 passim
772 5377 945 5449 elogia
968 5388 1259 5432 occurrunt
1304 5380 1358 5434 in
1390 5379 1511 5435 aliis
1537 5381 1918 5435 canonicorum
1953 5397 2112 5452 regu-

542 5469 732 5521 larium
786 5467 1080 5539 privilegiis
1106 5470 1172 5523 ab
1202 5468 1419 5525 Urbano
1456 5471 1708 5534 indultis,
1753 5473 1930 5543 quieo
1956 5484 2113 5545 pacto

539 5558 709 5611 bonos
735 5557 788 5612 in
819 5557 1094 5628 proposito
1125 5555 1402 5613 retinendo
1432 5559 1775 5623 confirmari;
1806 5562 1936 5618 alios
1959 5577 2108 5629 vero,

539 5660 767 5716 quorum
798 5648 904 5702 vita
932 5662 1035 5703 non
1062 5646 1195 5702 adeo
1234 5644 1428 5717 regulae
1454 5649 1675 5704 astricta
1703 5661 1843 5718 erat,
1871 5653 1935 5708 ad
1969 5653 2109 5711 idem

2258 501 2419 555 batur

2293 614 2502 673 CXXV.
2541 616 2815 672 Conradus
2855 619 3183 701 imperatoris

2292 738 2295 743 ,
2973 698 3121 743 serit.

2327 772 2535 828 Interea
2558 774 2776 829 Henrici
2815 775 3040 855 Augusti
3069 778 3284 847 negotia
3322 779 3372 834 in
3405 780 3545 850 pejus
3571 782 3756 852 abibant,

2258 862 2528 933 plerisque
2556 866 2608 919 in
2649 865 2762 921 dies
2805 867 2873 922 ab
2926 866 3044 937 ejus
3091 876 3146 923 et
3190 868 3428 926 Guiberti
3473 873 3759 945 pseudopape

2255 954 2558 1008 obedientia
2630 955 3026 1013 deficientibus.
3081 958 3232 1012 Tunc
3286 960 3506 1030 quippe,
3555 962 3760 1019 referente

2258 1042 2530 1107 Bertoldo,
2546 1045 2599 1099 in
2620 1045 2987 1116 Longobardia
3013 1051 3403 1119 prudentissimi
3429 1034 3597 1107 milites
3623 1053 3760 1109 Sancti

2262 1130 2404 1187 Petri
2426 1133 2644 1203 Welplto
2667 1135 2794 1199 dux,
2823 1145 2870 1192 et
2899 1153 3034 1191 uxor
3056 1138 3169 1207 ejus
3184 1138 3457 1205 Mathilda,
3464 1142 3571 1211 jam
3592 1143 3761 1199 triennio

2255 1236 2435 1281 contra
2478 1228 2837 1284 schismaticos
2867 1230 3084 1285 viriliter
3112 1232 3437 1299 dimicantes,
3463 1235 3646 1289 tandem
3666 1236 3762 1289 ntul-

2255 1324 2365 1369 tum
2415 1327 2599 1371 contra
2634 1319 2796 1386 ipsos,
2851 1319 2960 1375 Deo
2999 1322 3305 1391 opitulante,
3359 1325 3632 1392 conﬁrmati
3658 1336 3760 1381 sunt.

2256 1406 2362 1463 Sed
2400 1409 2533 1464 nihil
2572 1411 2707 1465 adeo
2752 1412 3147 1469 catholicorum
3184 1425 3365 1486 partes
3412 1416 3601 1487 adjuvit
3643 1434 3763 1489 quam

2253 1495 2511 1563 Conradi,
2563 1499 2733 1568 ipsius
2784 1500 3001 1557 Henrici
3054 1502 3172 1569 filii,
3220 1520 3251 1559 a
3298 1513 3450 1575 patre
3492 1505 3692 1577 defectio
3715 1506 3763 1561 ad

2255 1588 2609 1659 Welphonem
2641 1592 2855 1657 ducem,
2890 1595 2979 1663 cui
3006 1595 3259 1666 deinceps
3291 1596 3538 1652 inviolate
3570 1597 3762 1651 adhaesit.

2254 1679 2465 1734 Nullam
2522 1690 2631 1736 tam
2680 1683 2967 1752 insperatae
3026 1686 3345 1742 mutationis
3407 1701 3608 1743 causam
3650 1686 3765 1741 adert

3211 621 3374 691 patris
3406 623 3482 676 sui
3505 634 3651 719 partes
3668 628 3734 682 de-

2179 1738 2226 1799 B
2253 1768 2564 1837 Bertoldus;
2615 1780 2670 1826 at
2695 1738 3093 1830 ex-Dodechino
3115 1776 3377 1831 discimus
3402 1791 3516 1831 eam
3541 1777 3765 1832 occasione

2250 1858 2531 1925 Praxedis,
2581 1861 2895 1917 Adelaidem
2950 1861 3182 1933 appellat
3234 1862 3325 1920 ille
3377 1873 3575 1930 auctor,
3616 1862 3765 1934 regina

2250 1953 2437 2007 uxoris
2464 1953 2680 2008 Henrici
2711 1955 3031 2025 contigisse;
3062 1971 3227 2026 quam
3265 1971 3332 2012 eo
3359 1972 3525 2027 usque
3543 1956 3652 2012 odio
3674 1964 3764 2010 tunc

2252 2045 2508 2099 habuisse
2532 2046 2827 2115 imperator
2861 2047 3075 2111 dicitur,
3102 2057 3163 2103 ut
3191 2063 3311 2104 eam
3334 2048 3517 2105 aulicis
3544 2048 3656 2114 suis,
3682 2048 3761 2102 imo

2250 2145 2303 2188 et
2329 2134 2427 2204 ipsi
2455 2133 2720 2197 Conrado.
2751 2136 3210 2194 dehonestandam
3246 2139 3557 2210 prodiderit.
3580 2139 3762 2194 Tantum

2249 2224 2461 2279 facinus
2485 2226 2767 2281 exhorruit
2820 2228 2939 2298 pius
2989 2228 3260 2300 princeps,
3300 2230 3419 2301 qui,
3453 2239 3512 2286 ut
3550 2230 3616 2285 ait
3661 2229 3763 2285 idem

2251 2328 2460 2382 aucmr,
2486 2328 2595 2371 erat
2634 2320 2688 2373 in
2718 2320 2857 2374 omni
2882 2321 3108 2378 bonitate
3140 2331 3189 2377 et
3215 2322 3471 2393 probitate
3495 2323 3764 2394 conspicuus.

2250 2410 2461 2465 humilis
2484 2421 2530 2464 et
2566 2411 2849 2466 modestus.
2895 2413 2966 2467 At
2996 2414 3098 2469 hac
3128 2415 3339 2484 repulsa
3367 2424 3648 2471 commotus
3672 2412 3765 2467 furi-

2250 2502 2462 2558 bundus
2484 2512 2657 2573 pater,
2684 2504 2756 2558 ita
2780 2504 3042 2562 adversus
3064 2521 3185 2562 eum
3213 2508 3522 2574 excanduit,
3542 2518 3598 2562 ut
3617 2505 3765 2563 exinde

2250 2605 2371 2646 eum
2398 2608 2496 2662 pro
2528 2593 2638 2646 tilio
2672 2583 2875 2650 habere
2924 2593 3277 2664 recusaverit,
3318 2610 3377 2653 se
3420 2609 3650 2652 asserens
3689 2606 3765 2648 non

2247 2695 2367 2737 esse
2391 2681 2531 2736 illius
2551 2693 2781 2753 patrem.
2821 2683 2973 2740 Tunc
2996 2686 3301 2754 Conradus,
3340 2686 3527 2743 relicto
3552 2695 3697 2757 patre,
3718 2681 3765 2735 ad

2246 2773 2549 2842 pontiﬁcios
2581 2789 2703 2829 cum
2754 2774 2819 2830 iis
2862 2776 2954 2845 qui
3002 2776 3105 2833 sibi
3142 2777 3347 2833 addicti
3384 2786 3537 2835 erant
3557 2772 3763 2839 confugit.

2247 2862 2384 2930 Quin
2413 2871 2466 2918 et
2504 2864 2659 2918 multi
2684 2863 2799 2933 alii,
2830 2866 2910 2920 uti
2936 2865 3099 2921 habet
3125 2867 3412 2935 Domnizo,
3443 2876 3544 2923 tam
3570 2861 3765 2921 immanis

2246 2952 2469 3008 sceleris
2517 2954 2746 3010 horrore
2792 2954 3047 3026 perculsi,
3077 2956 3252 3027 primo
3282 2956 3573 3013 Henricum
3601 2965 3649 3011 et
3670 2951 3763 3007 Gui-

2246 3042 2457 3097 hertum
2487 3057 2767 3113 spernere,
2817 3053 2929 3099 tum
2967 3045 3133 3101 etiam
3163 3048 3388 3103 omnino
3414 3049 3647 3104 deserere
3682 3042 3765 3112 ejus

2248 3141 2431 3202 partes
2485 3133 2901 3201 constituerunt,
2957 3151 3063 3206 qua
3109 3137 3399 3194 occasione
3427 3136 3765 3194 Catholicorum

2245 3226 2389 3279 vires
2436 3224 2626 3296 ingens
2676 3227 3066 3283 incrementum
3123 3229 3401 3300 accepisse
3468 3235 3763 3285 memoratur.

2246 3314 2424 3369 Testis
2455 3325 2542 3369 est
2561 3314 2844 3371 Bertoldus
2871 3317 3160 3374 nobiliores
3174 3300 3558 3391 Longobardia:
3569 3316 3765 3373 civitates

2244 3406 2602 3463 Mediolanum
2627 3410 2972 3476 Cremonam,
3002 3412 3239 3469 Laudam
3282 3423 3341 3470 et
3386 3414 3686 3471 Placentiam
3720 3419 3766 3463 eo

2246 3508 2485 3570 tempore
2504 3513 2685 3557 contra
2710 3503 2999 3559 Henricum
3020 3506 3074 3561 in
3096 3508 3276 3578 viginti
3297 3524 3464 3563 annos
3485 3506 3765 3576 conjurasse.‘

2242 3606 2350 3661 quo
2392 3602 2551 3661 pacto
2606 3594 2890 3662 Catholici,
2943 3599 3222 3668 occupatis
3271 3599 3486 3672 Alpium
3549 3594 3763 3653 faucibus,

2243 3682 2635 3752 impediverunt
2678 3702 2746 3742 ne
2794 3688 3014 3745 Henrici
3064 3689 3303 3748 fautores
3357 3708 3389 3749 e
3432 3689 3697 3749 Germania
3726 3682 3764 3736 in

2238 3772 2669 3846 Langobardiam
2697 3778 2763 3833 ad
2786 3795 2909 3835 eum
2936 3782 3273 3838 accederent.
3301 3783 3483 3853 Quare
3508 3784 3765 3852 Augusten-

2240 3882 2348 3932 ses,
2398 3868 2700 3925 vicinarum
2747 3871 2963 3927 urbium
3006 3874 3251 3944 exemplo
3305 3874 3560 3940 excitati,
3602 3867 3767 3937 αωθθίθ

2238 3961 2712 4031 pseudoepiscopo,
2782 3978 2943 4033 quem
3000 3965 3082 4020 eis
3145 3964 3414 4022 Henricus
3479 3962 3763 4037 prtefeceral.

2236 4051 2548 4107 catholicum
2573 4054 2672 4109 sibi
2700 4064 2961 4124 pastorem
2989 4054 3288 4128 elegerunt.

2499 4188 2729 4245 CXXVI.
2770 4188 3078 4261 Lotlraringi
3101 4189 3316 4246 Urbano
3341 4191 3556 4247 addicti.

2306 4304 2457 4359 Haud
2490 4304 2686 4359 minori
2716 4306 2896 4360 studio
2929 4304 3208 4361 Urbanum
3238 4306 3493 4363 colebant
3520 4297 3763 4360 Lotharin-

2235 4394 2335 4464 giae
2363 4394 2576 4449 urbium
2626 4396 2830 4466 pepuli,
2861 4396 3127 4453 Metenses
3155 4398 3426 4466 videlicet,
3458 4397 3711 4455 Tullenses
3726 4396 3765 4442 el

2238 4485 2621 4552 Virdunenses,
2683 4489 2777 4558 qui
2846 4488 3120 4560 Egilberto
3176 4489 3522 4548 Trevirorum
3564 4478 3763 4561 pontiﬁci

2233 4574 2523 4643 provincias
2548 4590 2659 4629 suae
2705 4576 3117 4647 metmpolitano
3146 4576 3506 4634 obedientiam
3548 4580 3764 4648 praestare

2231 4664 2452 4718 omnino
2483 4665 2809 4730 abnuerunt,
2840 4668 2981 4735 quod
3029 4668 3119 4723 ille
3164 4669 3521 4725 schismaticis
3558 4676 3764 4722 commu-

2229 4752 2389 4807 nione
2430 4752 2769 4824 jungeretur.
2820 4755 2945 4810 Plus
2972 4757 3089 4811 ausi
3131 4766 3257 4812 sunt
3285 4758 3566 4821 Metenses.
3594 4754 3673 4825 qui
3699 4763 3765 4804 r0-

2220 4842 2366 4911 jecto
2391 4844 2500 4908 illo,
2525 4845 2898 4914 proculdubio
2925 4848 3287 4915 Adalberone,
3329 4851 3408 4905 sic
3443 4849 3629 4920 quippe
3663 4853 3762 4895 eum

2227 4931 2543 4987 Meurissins
2596 4933 2648 4987 in
2703 4933 2935 4988 Historia
2987 4935 3302 4992 Metensium
3347 4939 3697 5007 episcoporum
3719 4935 3763 4981 ει

2225 5021 2314 5076 alii
2346 5022 2634 5091 appellant,
2653 5037 2744 5077 seu
2770 5024 3069 5090 Alhcrtum,
3100 5036 3157 5080 ut
3188 5028 3431 5083 dicemus
3455 5026 3607 5089 infra,
3630 5032 3759 5091 quem

2224 5110 2305 5166 eis
2334 5112 2531 5179 praefici
2588 5113 2802 5167 volebat
2830 5115 3146 5183 imperator,
3186 5117 3491 5188 Popponem
3517 5133 3578 5173 ex
3612 5107 3757 5169 archi-

2225 5205 2454 5261 diacono
2484 5206 2819 5269 Trevirensi,
2855 5209 3027 5261 virum
3059 5210 3384 5264 catholicum
3437 5219 3491 5265 et
3528 5206 3631 5264 sedi
3656 5214 3756 5271 apo-

2224 5294 2429 5350 stolicae
2480 5296 2905 5351 addictissimum
2937 5297 2987 5350 in
3032 5298 3327 5353 antistitem
3358 5299 3457 5354 sibi
3493 5296 3753 5365 elegerunt.

2221 5399 2473 5454 eumque,
2506 5386 2584 5440 uti
2614 5385 2900 5442 Bertoldus
2929 5387 3109 5450 habet,
3143 5406 3173 5442 a
3195 5388 3495 5445 Gebehardo
3529 5386 3751 5440 Constan-

2221 5475 2381 5530 tiensi
2432 5478 2694 5547 episcopo,
2742 5478 2880 5532 sedis
2924 5478 3223 5549 apostolica:
3261 5479 3448 5551 legato,
3494 5466 3752 5532 consecrari

2221 5566 2452 5634 fecerunt
2482 5576 2627 5624 sexto
2660 5567 2931 5626 Kalendas
2957 5569 3151 5640 Aprilis
3190 5572 3244 5627 in
3291 5574 3457 5628 medio
3485 5567 3753 5638 Quadrati"

2218 5672 2383 5712 simae.
