3962 6312
209 351 310 408 I09

317 459 701 518 CXXVII-VIII.
745 461 1018 520 Conradus
1042 466 1102 535 ﬁt
1127 482 1217 522 rea:
1243 467 1638 538 Longobardiw.

274 552 389 607 Una
415 560 592 607 tamen
619 554 836 610 occasio
880 556 1152 626 inopinata
1190 567 1268 612 tot
1296 553 1582 631 prosperos
1609 577 1769 620 even-

199 621 286 697 tus
331 643 501 696 ferme
547 642 916 710 labefactavit,
966 621 1250 715 captivitas
1296 621 1488 719 nempe
1534 650 1768 708 Conradi

194 735 470 805 principis,
519 752 679 806 quem
708 737 967 794 Henricus
989 739 1111 795 dolo
1139 741 1569 800 circumventum
1601 762 1766 818 cepe-

193 824 297 879 rat.
332 827 404 879 At
432 827 524 882 ille
549 827 710 896 paulo
737 839 876 898 post,
906 838 964 883 ut
1009 831 1291 887 Bertoldus
1317 835 1528 902 scribit,
1557 839 1758 892 miseri-

190 916 373 968 cordia
401 916 499 970 Dei
545 926 782 987 ereptus,
815 918 1015 972 luctum
1045 921 1190 975 illum
1221 923 1272 976 in
1307 926 1559 994 gaudium
1584 931 1761 984 vertit.

189 1004 356 1058 Paulo
381 997 523 1075 post,
551 1019 822 1064 annuente
852 1009 1149 1081 Welphone
1179 1016 1314 1070 duce
1348 1014 1530 1083 Italiae,
1565 1035 1628 1074 ac
1657 1020 1768 1076 Ma-

121 1121 125 1125 -
189 1096 358 1150 thilda
389 1100 506 1168 ejus
536 1099 783 1172 conjuge.
819 1101 1061 1158 elevatus
1092 1106 1143 1159 in
1177 1122 1380 1176 regem,
1405 1125 1764 1170 concurrente

188 1189 252 1242 ad
281 1190 394 1244 haec
439 1190 839 1248 solemnitatem
875 1211 1068 1265 magna
1119 1197 1358 1270 fidelium
1405 1194 1585 1256 sancti
1618 1202 1761 1259 Petri

187 1278 508 1349 frequentia,
535 1297 565 1336 a
615 1283 995 1340 Mediolanensi
1046 1272 1298 1358 episcopo
1323 1290 1638 1348 solemniter
1665 1311 1760 1350 co-

189 1378 406 1424 ronatus
428 1369 551 1425 fuit.
575 1371 780 1428 Interea
806 1374 1036 1446 Welpho
1062 1377 1322 1445 Bajoariae
1344 1382 1451 1436 dux
1474 1383 1526 1436 in
1550 1383 1761 1455 Lango-

185 1457 424 1513 bardism
455 1461 692 1528 advenit,
723 1465 812 1518 ubi
843 1480 964 1519 cum
997 1481 1117 1522 sese
1156 1469 1360 1524 Urbani
1414 1475 1640 1530 asseclis
1667 1477 1760 1531 ad-

182 1549 469 1619 junxisset,
523 1554 595 1608 ita
644 1559 926 1626 repentino
956 1559 1047 1613 illo
1081 1575 1204 1616 casu
1257 1562 1474 1619 Henrici
1520 1567 1755 1623 animum

187 1641 389 1711 dejecit,
442 1653 504 1699 ut
554 1647 608 1700 in
659 1642 938 1717 quamdam
997 1653 1360 1718 munitionem,
1408 1657 1568 1710 verba
1632 1670 1756 1716 sunt

187 1732 436 1799 Bertoldi,
464 1751 519 1788 se
549 1738 844 1802 contulerit,
869 1740 956 1793 ubi
985 1741 1075 1794 diu
1098 1743 1290 1813 absque
1327 1749 1467 1815 regia
1503 1748 1752 1820 dignitate

190 1834 433 1890 moratus,
463 1827 724 1896 nimioque
751 1829 930 1884 dolore
954 1832 1192 1900 affectus,
1217 1850 1270 1888 se
1298 1836 1553 1904 ipsum,ut
1585 1841 1752 1906 aiunt,
1789 1808 1831 1861 Β

191 1916 335 1968 morti
359 1916 566 1970 tradere
602 1916 819 1972 coluerit
835 1936 854 1984 ;
878 1921 1036 1987 sed,a
1064 1925 1173 1976 suis
1207 1936 1518 1996 prati-cutus,
1547 1930 1614 1982 ad
1635 1932 1757 1999 c/fe-

195 2014 324 2057 ctum
374 1997 540 2059 venire
584 2022 686 2059 non
717 2008 900 2076 potuit.
946 2010 1080 2064 Eum
1114 2021 1240 2066 tunc
1283 2014 1510 2070 Veronae
1538 2017 1755 2085 aliquod

201 2102 396 2163 tempus
423 2095 663 2166 exegisse
686 2097 944 2153 discimus
967 2115 1030 2154 ex
1065 2100 1376 2158 Udalscalco
1410 2104 1460 2158 in
1477 2107 1595 2160 Vita
1628 2107 1754 2177 Egi-

209 2187 352 2238 nonis
379 2189 510 2255 apud
537 2187 806 2244 Canisium
850 2199 992 2245 tomo
1018 2192 1060 2246 ll
1097 2191 1344 2250 lectionis
1374 2197 1633 2265 antiquae,
1661 2183 1780 2255 sed}

206 2274 254 2327 in
283 2276 431 2330 tantis
458 2278 740 2347 angustiis,
771 2289 830 2334 ut
858 2280 905 2334 ei
933 2296 998 2336 ex
1027 2275 1174 2338 omni
1204 2294 1357 2353 parte
1386 2287 1754 2345 circumvento

193 2380 286 2419 nec
308 2365 728 2438 Langobardiam
755 2371 982 2440 ingredi,
1000 2373 1234 2428 obstante
1257 2376 1448 2430 damna
1474 2377 1750 2447 Mat/tilde,

187 2455 376 2527 liceret,
419 2474 523 2514 nec
554 2460 708 2514 Italia
732 2464 1016 2530 excedere,
1051 2467 1193 2534 quod
1241 2465 1523 2523 Teutonici
1550 2470 1751 2537 princi-

183 2562 268 2615 pes
289 2549 336 2603 ei
359 2550 408 2604 in
436 2549 789 2608 Germaniam
821 2555 1050 2610 reditum
1079 2557 1301 2612 omnino
1330 2560 1772 2636 prteclnsissent;

182 2625 320 2692 "and
350 2641 502 2694 enim
536 2643 714 2699 minus
745 2643 798 2698 in
839 2644 946 2699 illis
991 2646 1239 2714 partibus
1286 2636 1448 2717 quam
1503 2649 1555 2704 in
1602 2651 1752 2706 Italia

177 2725 571 2783 Catholicorum
603 2746 691 2786 res
715 2733 1126 2802 prosperabant.
1240 2803 1244 2806 Ι

237 2815 467 2870 CXXIX.
498 2817 719 2888 Welpho
745 2831 894 2889 pater
912 2821 967 2889 ﬁt
995 2823 1160 2878 miles.
1189 2821 1479 2881 Conventus
1509 2826 1697 2883 Ulmte.
1745 2843 1751 2850 ‘

235 2905 391 2962 Paulo
452 2919 582 2977 post
624 2909 980 2979 Welphonem
1029 2923 1234 2982 patrem
1293 2916 1345 2970 in
1403 2917 1749 2974 Germaniam

172 3011 460 3064 reversum,
487 2996 840 3054 Gebehardus
865 3001 1108 3068 antistes,
1131 3005 1205 3057 uti
1231 2994 1420 3060 narrat
1445 3007 1748 3076 Bcrtoldus,

171 3105 251 3152 per
278 3107 497 3143 manum
531 3090 582 3142 in
610 3091 825 3145 militem
854 3093 1072 3161 accepit,
1098 3095 1233 3148 sicut
1265 3108 1310 3150 et
1337 3101 1608 3168 proprium
1637 3101 1749 3169 fra-

1728 349 1899 407 VITA.

1791 469 1841 526 Α
1869 461 2006 529 loco,
2050 479 2156 536 quo
2183 468 2454 531 Danubius
2494 487 2550 534 et
2577 480 2731 541 Ilaris
2757 503 2940 549 amnes
2977 496 3032 552 in
3062 513 3227 560 unum
3251 520 3449 567 conve—
3477 526 3479 528 ·

3343 384 3446 439 “0

1872 557 2078 666 niunt.‘
2104 562 2220 666 Quo
2251 566 2390 666 item
2446 580 2684 644 tempore
2737 585 2956 643 tertium
2995 591 3137 650 haud
3190 557 3374 666 procul
3394 557 3442 660 va

1869 651 2192 721 praecedenti
2230 656 2476 716 dissitum
2521 668 2622 722 sub
2659 675 2831 728 sancti
2857 675 3075 750 Georgii
3125 651 3354 746 nomine
3372 651 3442 751 ab

1869 740 2056 794 eodem
2094 746 2351 811 pontiﬁce
2381 766 2752 816 consecratum
2785 777 2889 832 est,
2921 770 2973 824 in
3001 740 3108 842 quo
3136 779 3276 834 sicut
3306 791 3360 837 et
3386 784 3440 838 in

1868 831 2189 936 praecedenti
2251 834 2377 893 Otto
2451 842 2633 900 Sancti
2683 831 2882 908 Blasiir
2914 831 3082 916 abbas
3138 831 3438 936 regularem

1869 918 2207 1027 disciplinam
2237 927 2488 1027 instituit.
2521 934 2724 993 Praeter
2760 955 2821 996 ea
2852 943 3150 1018 Sigefridus

1867 1021 1941 1090 sae
1975 1009 2162 1077 abbas,
2202 1017 2410 1074 veritus
2451 1037 2516 1077 ne
2540 1038 2776 1105 pr0pter
2803 1009 3273 1100 schismaticorum
3297 1009 3441 1105 rinfe-

1866 1098 2127 1153 stationes
2147 1101 2263 1158 loco
2294 1108 2484 1164 cedere
2505 1103 2808 1185 cogeretur,
2834 1121 3143 1194 impetravit
3171 1133 3273 1189 hoc
3299 1153 3440 1195 anno

1865 1186 2184 1282 aliicliardo
2211 1191 2529 1254 Massiliensi
2555 1200 2738 1260 Sancti
2765 1186 3001 1272 Victoris
3029 1186 3438 1282 abbate

1864 1271 2194 1333 Nobiliacum
2224 1283 2447 1353 dictam,
2481 1292 2568 1346 uni
2611 1309 2732 1351 cum
2779 1303 2911 1370 suis,
2955 1308 2999 1362 si
3044 1311 3329 1381 aliquando
3359 1319 3441 1372 in-

1863 1374 2030 1479 staret
2060 1377 2369 1430 monasterii
2413 1383 2492 1436 sui
2543 1385 2823 1446 deserendi
2853 1374 3168 1468 necessitas,
3207 1406 3439 1479 perfugii

1861 1457 2035 1559 locum
2066 1463 2308 1523 haberet.
2350 1472 2414 1526 Et
2448 1475 2646 1536 idcirco
2677 1483 2814 1542 banc
2842 1490 3061 1548 domum
3092 1457 3342 1556 omnibus
3364 1457 3438 1559 2d

1861 1550 2162 1648 regularem
2236 1559 2574 1633 disciplinam
2662 1573 3057 1636 observandam
3117 1593 3440 1648 necessariis

1859 1640 2132 1701 instruxit.
2513 1651 2515 1653 ’
2695 1652 2697 1654 ’

1897 1731 2130 1794 CXXXI.
2174 1739 2462 1800 Concilium
2511 1748 2774 1837 Remisde
2818 1767 3162 1821 restaurando
3186 1768 3407 1826 Atreba-

2568 1833 2721 1878 tensi.

1927 1895 1984 1948 In
2017 1898 2204 1956 Galliis
2233 1905 2617 1968 Atrehatcnses
2646 1930 2864 1988 accepta
2896 1924 2962 1979 ab
3005 1925 3222 1984 Urbano
3263 1934 3436 2002 ponti-

1858 1985 1976 2049 fice,
2013 1992 2088 2044 uti
2124 2008 2266 2048 anno
2316 2003 2593 2068 superiore
2640 2007 2903 2077 diximus,
2953 2015 3182 2086 eligendi
3233 1985 3433 2094 proprii

1855 2081 2093 2149 episcopi
2126 2080 2401 2154 facultate,
2431 2093 2495 2145 ad
2527 2093 2861 2165 Ilaynaldum
2903 2080 3195 2172 provinciae
3230 2080 3430 2170 inefre.

1855 2169 2150 2236 politanum
2178 2178 2464 2247 scripsere,
2491 2186 2792 2256 utaliquem
2816 2192 3366 2257 clericumaiscretum
3388 2217 3434 2259 et

1855 2259 2097 2329 nobilem,
2129 2281 2219 2318 seu
2249 2269 2483 2325 abbatem
2508 2289 2537 2328 e
2568 2291 2663 2332 suo
2688 2279 2857 2337 latere
2883 2284 3202 2345 Atrebatum
3234 2295 3433 2361 mittat,

1854 2351 1946 2420 qui
2003 2353 2250 2410 electioni
2303 2360 2637 2421 celebrandae
2676 2385 2771 2438 pro
2823 2388 2880 2429 se
2928 2378 3153 2435 vicarius
3199 2383 3431 2440 intersit.

1854 2443 1925 2496 At
1956 2444 2045 2499 ille
2079 2451 2359 2520 rescripsit
2401 2470 2459 2510 se
2499 2456 3003 2540 Cameracensibus,
3035 2473 3124 2540 qui
3167 2474 3304 2531 hanc
3327 2477 3424 2532 eleo

1853 2535 2086 2592 ctionem
2119 2539 2378 2611 impedire
2423 2536 2778 2619 conabantur,
2804 2559 2870 2611 ad
2909 2535 3246 2618 Dominicam
3281 2565 3432 2622 Oculi

1853 2631 1954 2683 mei
1981 2647 2202 2699 semper,
2232 2635 2284 2689 id
2319 2647 2402 2692 est
2433 2641 2646 2696 tertiam
2680 2629 3136 2720 Quadragesimse,
3168 2672 3286 2724 quae
3309 2660 3433 2715 .hoc

1854 2732 1996 2773 anno
2047 2721 2099 2775 in
2132 2723 2272 2778 diem
2301 2725 2372 2779 eo
2402 2727 2578 2785 Martii
2614 2733 2908 2803 incidebat,
2942 2742 3081 2798 diem
3123 2721 3342 2814 iniisse,
3374 2723 3461 2803 ιη’

1853 2810 1906 2863 ἱιι
1938 2813 2172 2868 concilio
2199 2816 2365 2871 totius
2388 2822 2697 2890 provincia},
2732 2828 2872 2896 quod
2904 2846 2968 2885 eo
2994 2841 3233 2903 tempore
3250 2837 3433 2894 Remis

1853 2901 2230 2960 celebrandum
2266 2907 2556 2978 indixerat,
2609 2915 3016 2977 intercessionis
3055 2942 3164 2981 sua:
3196 2929 3455 3002 rationes,

1851 2991 2172 3060 proferrent.
2209 2997 2460 3068 Adeoque
2485 3002 2586 3058 hac
2607 3007 2770 3062 etiam
2797 3014 3082 3070 occasione
3102 3017 3397 3078 Atrebaten
3411 3054 3431 3064 -

1852 3099 1937 3139 ses
1977 3096 2158 3142 monet
2186 3100 2242 3144 ut
2273 3101 2328 3146 et
2367 3093 2464 3162 ipsi
2500 3099 2714 3167 quoque
2737 3103 2800 3156 ad
2829 3105 3025 3160 dictam
3061 3109 3202 3165 diem
3225 3113 3429 3181 adsint,

169 3189 286 3234 trem
311 3180 665 3236 Bertholdum
698 3183 882 3237 ducem
904 3183 1230 3242 Alamannica
1246 3165 1567 3257 jamdudum
1613 3165 1746 3260 fece-

1852 3191 2067 3232 causam
2097 3196 2246 3235 suam
2267 3199 2448 3267 coram
2472 3191 2682 3268 concilii
2707 3191 3225 3258 Patribnsadversus
3241 3202 3431 3263 Came-

170 3283 273 3338 rat;
301 3283 409 3327 tum
462 3273 638 3329 Ulnue
682 3274 734 3328 in
775 3273 1043 3346 frequenti
1079 3271 1744 3355 Alemanniae‘principum

168 3373 441 3427 conivente,
513 3364 603 3418 ubi
660 3365 798 3419 idem
850 3368 1076 3422 antistes
1128 3357 1597 3428 cumuBertlioldo
1649 3391 1748 3430 suo

167 3452 322 3508 fratre
351 3464 403 3509 et
426 3453 952 3525 eodem‘Welphone
979 3473 1216 3528 praesens
1238 3452 1447 3528 aderat,
1474 3465 1746 3521 communi

166 3549 394 3601 omnium
441 3562 676 3602 assensu
703 3549 980 3613 decretum
1031 3551 1151 3618 fuit,
1204 3563 1264 3607 ut
1293 3568 1486 3610 omnes
1523 3546 1746 3612 omnino

166 3635 482 3693 Gehehardo
513 3638 726 3706 praesuli
763 3640 1056 3694 omnimode
1101 3643 1385 3698 secundum
1425 3655 1622 3699 statuta
1653 3663 1767 3710 ca-q

167 3743 365 3794 nonum,
399 3729 707 3784 Bertholdo
752 3744 881 3784 vero
915 3730 1036 3784 duci
1069 3740 1122 3785 et
1149 3733 1440 3788 comitibus
1462 3737 1746 3790 secundum

165 3822 310 3892 legem
341 3809 763 3878 Alemannorum
793 3822 1014 3878 obedire
1057 3833 1390 3879 tenerentur.
1437 3817 1666 3894 Deinde,
1689 3837 1748 3883 ut

165 3914 289 3970 idem
338 3924 542 3970 auctor
581 3915 943 3984 prosequitur,
981 3915 1191 3984 ﬁrmam
1241 3934 1420 3986 pacem
1449 3929 1556 3973 tam
1590 3921 1745 3976 duces

163 4021 305 4073 quam
320 4007 565 4070 comites,
598 4015 702 4058 tam
726 4005 952 4074 majores
975 4024 1131 4077 quam
1160 4010 1405 4076 minores,
1433 4029 1486 4067 se
1509 4012 1748 4068 observa-

164 4105 293 4149 turos
323 4114 354 4150 α
381 4097 612 4166 septimo
637 4095 904 4151 Kalendas
929 4097 1224 4153 Decembris
1250 4117 1408 4171 usque
1431 4103 1486 4174 in
1516 4104 1742 4170 Pascha,

163 4197 204 4240 et
228 4207 258 4242 ιι
286 4187 504 4243 Pascha
534 4187 586 4240 in
613 4187 744 4242 duos
771 4205 936 4242 annos
951 4190 1287 4259 juraverunt.
1323 4191 1388 4247 Ut
1410 4209 1538 4249 vero
1568 4181 1746 4252 Omnis

165 4275 518 4348 infringenda:
548 4277 689 4331 illius
717 4279 1019 4333 concordia:
1069 4281 1230 4335 timor
1268 4297 1297 4336 a
1333 4283 1568 4338 fidelium
1602 4301 1748 4341 men-

165 4365 296 4419 tibus
321 4367 660 4431 auferretur,
689 4367 983 4436 principes,
1023 4369 1112 4438 qui
1148 4372 1436 4425 conventui
1469 4371 1542 4426 illi
1574 4375 1756 4451 inter-g

162 4454 488 4529 fuerant,_ad
534 4459 750 4526 propria
797 4461 1018 4524 reversi,
1068 4475 1254 4530 pacem
1295 4450 1450 4518 hanc
1494 4467 1745 4523 omnibus

1850 3270 2154 3324 racensium
2170 3284 2396 3330 conatus
2412 3285 2819 3350 propugnaturi.
2836 3277 3453 3364 Adfueruntitaquedie

1848 3362 2389 3437 cundictoutrinsque
2423 3368 2678 3428 Ecclesiae
2704 3375 2884 3447 legati.
2926 3380 3164 3438 Primum
3199 3362 3429 3445 Atreba-

1851 3461 2027 3509 tenses
2053 3450 2292 3514 laudatis.
2309 3463 2546 3532 antiquis
2562 3466 2746 3543 Gallia:
2767 3474 3168 3546 provinciarum
3195 3481 3426 3550 notitiis,

1848 3545 2184 3618 prolatisque
2225 3552 2406 3608 multis
2436 3565 2675 3611 veterum
2711 3562 3052 3631 testimoniis,
3083 3571 3446 3638 potissimum

1848 3651 1915 3691 ex
1973 3637 2092 3692 Vita
2141 3649 2196 3694 et
2243 3651 2561 3701 testamento
2613 3653 2784 3706 sancti
2832 3639 3060 3728 Remigii
3105 3661 3447 3734 desumptis,.

1849 3739 2196 3783 asserucruut
2237 3748 2388 3786 suam
2427 3735 2636 3804 urbem,
2665 3756 2825 3797 unam
2863 3745 3042 3812 olime
3076 3751 3446 3812 nobilioribus,

1847 3819 2074 3891 Belgica:
2103 3826 2351 3880 secundae
2399 3828 2729 3900 civitatibus,
2773 3889 2776 3893 _
2800 3840 3076 3908 proprium
3115 3847 3424 3918 episcopum

1847 3915 2115 3982 quondam
2141 3915 2394 3974 habuisse
2443 3928 2606 3990 atque
2655 3925 2787 3982 adeo
2821 3928 2975 3997 juxta
3005 3915 3314 4002 pontificum
3369 3952 3426 3998 et

1848 4006 2202 4062 conciliorum
2246 4010 2484 4077 decreta,
2523 4014 2625 4069 boc
2662 4015 2770 4083 jus,
2795 4020 2843 4073 ei
2883 4021 2995 4090 jam
3031 4025 3094 4096 in
3133 4029 3420 4096 pristinum

1848 4095 2188 4164 splendorem
2227 4113 2514 4170 revocatae,
2545 4106 2740 4164 debere
2761 4112 2991 4180 restitui,
3020 4095 3253 4175 maxime
3279 4124 3422 4192 quod

1849 4185 1899 4240 id
1934 4187 2103 4253 ipsum
2137 4188 2386 4245 Urbanus
2412 4195 2648 4269 p:.ntifex
2671 4199 2820 4272 [datis
2849 4202 3041 4261 litteris
3087 4192 3199 4265 fieri
3234 4185 3422 4268 decre-

1847 4275 2032 4331 visset.
2064 4277 2205 4332 Nihil
2236 4282 2302 4334 ad
2349 4297 2410 4334 ca
2462 4290 2909 4352 respondentibus
2945 4295 3420 4359 Cameracensibus

1847 4369 2058 4440 legatis,
2105 4389 2205 4428 nec
2235 4375 2526 4445 quidquam
2582 4380 2636 4433 in
2685 4397 2798 4438 sua:
2840 4401 3017 4443 causa:
3059 4394 3416 4459 patrocinium

1848 4458 2276 4528 proferentibus,
2335 4467 2772 4543 archiepiscopus
2847 4477 2979 4532 dixit
3049 4458 3170 4536 eam
3243 4487 3418 4556 reipsa

91 4616 95 4619 _
162 4548 348 4618 quique
380 4549 488 4603 sub
521 4563 615 4602 sua
669 4557 938 4618 potestate
973 4553 1278 4608 constitutis
1324 4555 1518 4608 viritim
1554 4557 1741 4625 jura“
1769 4535 1820 4596 D
1845 4547 2216 4606 Atrebatensis
2256 4541 2596 4626 episcOpatus
2638 4562 3030 4639 restitutionem
3089 4585 3118 4624 a
3164 4575 3418 4642 pontifice

163 4636 400 4703 fecerunt.

307 4728 532 4784 CXXX.
571 4727 894 4783 Monasteria
920 4731 972 4784 in
997 4730 1306 4787 Alemannia
1334 4722 1575 4791 condita.

224 4818 492 4874 Nonnulla
524 4818 688 4873 etiam
721 4819 806 4874 his
837 4822 1168 4889 temporibus
1203 4824 1268 4877 de
1312 4840 1450 4879 novo
1503 4827 1735 4882 excitata

163 4921 278 4962 sunt
305 4915 359 4963 in
389 4909 478 4964 his
509 4909 819 4978 regionibus
858 4913 1208 4975 monasteria,
1241 4927 1378 4982 quat,
1411 4915 1487 4968 uti
1528 4913 1735 4971 Bertol-

164 5000 253 5054 dus
279 5001 474 5066 refert,
496 5017 523 5054 a
539 4999 860 5056 Gebehardo
888 5003 1199 5071 apostolica:
1231 5005 1373 5059 sedis
1399 5004 1572 5074 legato
1594 5008 1740 5063 dedi-

164 5102 276 5144 cata
316 5095 564 5146 fnemnt.
593 5091 832 5145 Primum
866 5092 917 5145 in
950 5092 1093 5146 Silva
1124 5091 1287 5163 Nigra
1316 5110 1344 5148 a
1377 5095 1739 5154 fundamentis

165 5186 326 5238 erexit
349 5183 595 5257 ejusdem
627 5183 884 5238 antistitis
915 5182 1082 5240 frater
1104 5186 1209 5239 dux
1233 5177 1573 5254 Bertholdus,
1597 5191 1739 5260 quod

165 5276 414 5330 abbatiali
444 5277 704 5345 dignitate
728 5287 967 5340 aucttnu,
991 5285 1043 5331 et
1073 5279 1171 5331 sub
1192 5279 1406 5348 speciali
1432 5281 1740 5348 apostolicae

165 5371 300 5424 sedis
352 5371 584 5425 tuitione
621 5371 970 5424 constitutum
1021 5372 1287 5427 dedicavit
1317 5374 1430 5443 ipse
1460 5375 1738 5430 Gebehar-

168 5462 257 5514 dus
283 5462 387 5517 hoc
418 5478 586 5530 anno,
623 5462 709 5516 die
755 5463 926 5531 prima
976 5462 1222 5534 Augusti.
1259 5466 1438 5523 Mense
1490 5469 1736 5538 sequenti

166 5546 296 5605 Idem
347 5552 633 5622 episcopus
679 5550 906 5608 alterum
965 5558 1300 5612 consecravit
1357 5559 1410 5613 in
1475 5561 1735 5616 honorem

169 5643 329 5698 sancti
355 5643 597 5707 Martini,
649 5645 790 5713 quod
839 5644 1205 5704 Ilartmannus
1243 5665 1427 5706 comes
1467 5662 1522 5706 ct
1566 5653 1736 5709 frater

172 5730 277 5800 eius
323 5726 441 5791 Οιιο
500 5733 551 5787 in
601 5736 819 5806 proprio
862 5736 1058 5794 allodio
1108 5741 1478 5810 condiderant,
1517 5759 1580 5799 eo
1617 5743 1731 5814 ipso

1843 4639 2010 4696 fuisse
2041 4642 2378 4712 imperatam.
2413 4649 2715 4721 Statimque
2744 4655 2954 4713 litteras
2980 4639 3181 4716 Urbani
3213 4674 3320 4720 tum
3348 4671 3416 4724 ad

1845 4745 1925 4796 se,
1959 4739 2068 4785 tum
2099 4734 2165 4787 ad
2195 4735 2581 4795 Atrebatenses
2610 4757 2671 4795 ea
2712 4746 2776 4799 de
2825 4763 2986 4802 causa
3028 4753 3260 4823 scriptas
3289 4774 3416 4828 pro-

1840 4822 2149 4892 ferrijussit
2172 4827 2223 4881 in
2259 4830 2513 4900 medium,
2546 4848 2665 4903 quae
2693 4838 2870 4908 omnia
2903 4840 2976 4894 ita
3003 4858 3122 4898 esse
3143 4822 3417 4906 Burchar-

1842 4913 1941 4967 dus
1967 4913 2151 4970 Sancti
2184 4917 2356 4974 Basoli
2390 4922 2557 4978 abbas
2583 4934 2636 4979 et
2678 4926 2826 4982 Dudo
2856 4923 3182 5003 capellanus,
3228 4956 3432 4998 recenst

1837 5004 2030 5056 ecuria
2057 5003 2296 5063 Romana
2346 5015 2568 5079 reversi,
2595 5016 2772 5084 palam
2801 5021 2978 5074 testati
3017 5035 3165 5079 sunt.
3185 5078 3192 5084 _
3213 5029 3416 5088 Deinde

1837 5092 2296 5166 archiepiscopus,
2330 5105 2530 5172 rogatis
2561 5105 2934 5175 episcoporum
2966 5121 3021 5166 et
3044 5115 3296 5185 aliorum,
3320 5124 3427 5189 qui;

1836 5183 1907 5238 ibi
1930 5193 2226 5253 pt'aasentes
2248 5189 2492 5256 aderant,
2520 5196 2778 5261 consiliis,
2807 5204 3052 5268 quamvis
3073 5205 3148 5259 illi
3168 5183 3424 5266 inducias.

1837 5277 2188 5345 postularent,
2217 5279 2652 5338 Atrebatensium
2683 5289 2820 5345 votis
2847 5307 3128 5352 assensum
3170 5302 3412 5368 praebere

1838 5378 2058 5434 paratus
2084 5381 2220 5437 erat,
2237 5373 3101 5455 cumCameracenses,desperata
3136 5406 3318 5458 causa,
3340 5397 3430 5450 ad'

1838 5463 2188 5531 apostolicam
2213 5467 2391 5519 sedem
2420 5470 2774 5536 appellarunt.
2821 5476 2970 5534 Ilauc
2995 5484 3425 5551 appellationem.

1794 5569 1798 5575 ’
1836 5558 2041 5621 statim,
2073 5565 2342 5613 annuente
2384 5559 2634 5618 universo
2683 5567 2933 5635 concilio,
2971 5572 3189 5628 admisit
3229 5580 3407 5635 archi-

1835 5651 2138 5726 episcopus,
2187 5665 2252 5703 ac
2301 5651 2514 5720 utrique
2570 5657 2709 5725 parti
2764 5658 2906 5714 diem
2959 5662 3114 5731 dixit,
3166 5667 3232 5720 ad
3263 5669 3403 5724 diem

1836 5742 2169 5798 Dominicam
2202 5755 2325 5802 ante
2355 5747 2759 5818 Ascensionem,
2793 5763 2882 5808 aut
2913 5764 3057 5810 certe
3081 5756 3147 5812 ad
3177 5772 3394 5828 sequen-
