3962 6312
516 348 621 403 ’1η

502 471 637 514 ~tem
686 459 1099 523 hebdomadam,
1142 473 1245 529 qua
1305 473 1487 512 coram
1546 458 1800 529 pontifice
1837 458 2107 523 Romano,

528 553 611 604 tui
637 562 698 605 ea
727 551 794 605 de
833 565 889 605 re
921 551 1127 606 litteras
1171 551 1473 619 scripturus
1509 560 1674 617 esset,
1706 566 1924 607 causam
1955 564 2105 605 suam

514 650 954 708 apt-upugnarent,
982 648 1143 709 atque
1173 639 1562 694 itaaconcilium
1589 639 1823 694 solutum
1861 650 1963 694 est.

703 750 958 806 CXXXII.
978 750 1078 805 Res
1106 768 1281 805 coram
1309 752 1552 821 pontiﬁce
1564 732 1742 822 agitu‘r
1762 752 1917 821 episc.

588 840 729 893 “Post
766 840 882 893 dies
903 854 1105 910 paucos
1125 840 1360 895 Joannes
1393 848 1449 894 et
1474 840 1652 911 Drogo
1681 840 1749 895 ab
1776 842 2099 897 Atrebaten-

529 929 679 981 Slblls
707 927 771 981 ad
803 943 954 982 suam
985 942 1171 982 eorum
1205 942 1423 983 causam
1450 943 1633 983 coram
1668 928 1921 999 pontiﬁce
1942 946 2107 1000 agen-

530 1017 649 1070 dam
694 1017 855 1071 electi
908 1017 1137 1072 Romam
1186 1018 1625 1087 proficiscuntur,
1673 1034 1809 1088 quos
1858 1018 2111 1074 Urbanus

532 1108 759 1175 benigne
775 1117 1053 1176 exceptos,
1072 1109 1396 1178 exspectatis
1419 1109 1619 1164 frustra
1640 1109 2107 1165 Cameracensium

532 1197 737 1266 legatis,
763 1210 887 1267 post
914 1199 1154 1270 elapsum
1184 1216 1212 1254 a
1241 1201 1471 1255 concilio
1497 1200 1748 1256 Rcmcnsi
1784 1201 2109 1271 praeﬁnitum

533 1295 764 1357 tempus,
791 1289 855 1343 ad
883 1289 1218 1360 Raynaldum
1244 1291 1964 1363 archiepiscopum-remisit,
1988 1309 2109 1349 cum

520 1376 751 1444 litteris,
797 1380 992 1446 quibus
1046 1380 1095 1434 ei
1130 1382 1477 1451 prmcipiebat
1507 1393 1563 1436 ut
1589 1384 1825 1439 electum
1857 1385 1925 1440 ab
1951 1386 2112 1440 Atre-

536 1467 853 1524 batensibus
908 1471 1220 1542 episcopum
1244 1482 1633 1540 'consecraret;
1682 1484 1774 1530 aut
1805 1487 1951 1532 certe
1981 1480 2024 1533 si
2058 1481 2111 1534 id

535 1561 724 1625 nollet,
778 1563 952 1630 ipsum
990 1566 1056 1619 ad
1090 1567 1435 1637 apostolicam
1482 1571 1663 1624 sedem
1700 1572 2107 1639 transmitteret,

534 1668 562 1705 a
592 1668 668 1716 se,
695 1653 843 1709 salvo
886 1655 1171 1713 Remensis
1209 1658 1461 1714 Ecclesiae
1490 1661 1634 1730 jure,
1665 1664 2107 1720 consecrandum.

534 1741 627 1795 Ila:
649 1742 863 1806 litterze,
886 1746 1024 1799 sicut
1052 1756 1105 1801 et
1130 1747 1268 1815 alite,
1298 1765 1433 1818 quas
1454 1752 1640 1806 eadem
1671 1754 1956 1809 occasione
1979 1770 2110 1825 pon-

534 1829 662 1884 tifex
711 1836 776 1887 ad
810 1835 1194 1892 Atrebatenses
1228 1838 1463 1909 scripsit,
1516 1841 1687 1897 nullas
1726 1844 1921 1898 habent
1953 1846 2108 1900 chro-

531 1920 682 1975 uicas
701 1934 885 1988 notas;
910 1933 964 1978 at
990 1941 1056 1981 ex
1084 1928 1244 1982 rebus
1264 1930 1431 1999 gestis
1459 1930 1613 1987 facile
1628 1933 1917 2004 colligitur,
1934 1944 2108 1991 utras-

530 2026 633 2081 que
681 2029 783 2067 una
817 2023 905 2069 aut
940 2016 1112 2072 altera
1152 2019 1241 2074 die
1270 2032 1393 2089 post
1424 2021 1758 2079 Dominicam
1788 2024 1928 2081 infra
1955 2036 2108 2081 oeta—

528 2119 649 2157 vam
677 2106 1047 2176 Ascensionis,
1072 2109 1220 2165 idest
1245 2112 1432 2168 ultima
1457 2124 1550 2168 aut
1578 2116 1874 2185 penultitna
1907 2120 2110 2175 mensis

530 2190 652 2249 Maii
697 2197 849 2252 datas
898 2198 1083 2254 fuisse.
1136 2200 1321 2272 Legati
1355 2204 1541 2274 itaque
1566 2207 1618 2260 in
1650 2206 1852 2263 Gallias
1882 2210 2106 2276 reversi,

529 2284 729 2341 Remos
754 2289 932 2341 statim
952 2290 1202 2346 adierunt
1228 2294 1497 2362 pontiﬁcis
1526 2295 1735 2351 litteras
1762 2299 1827 2352 ad
1841 2300 2109 2369 archiepi—

528 2386 751 2445 scopum
804 2378 1057 2446 delaturi,
1110 2383 1305 2451 quibus
1331 2384 1418 2439 ille
1464 2388 1724 2456 acceptis,
1756 2387 1947 2460 legatis
1980 2390 2109 2462 ipsis

527 2467 801 2522 consuluit
832 2479 909 2534 ut,
940 2472 1082 2527 nulla
1132 2473 1448 2545 interposrta
1475 2493 1645 2544 mora,
1674 2481 1989 2537 Atrebatum
2019 2499 2105 2539 re-

527 2560 673 2615 versi
702 2561 1018 2620 electionem
1067 2578 1354 2637 urgerent;
1386 2572 1479 2627 sed
1508 2572 1736 2641 litteras,
1768 2592 1903 2651 quas
1932 2578 2009 2633 illi
2040 2579 2107 2635 ab

527 2663 592 2703 eo
609 2650 992 2722 elilagitabaut,
1010 2658 1074 2712 ad
1102 2660 1304 2715 clerum
1326 2671 1378 2716 et
1398 2663 1649 2732 populum
1668 2666 2104 2737 Atrebatensem,

530 2744 733 2801 veritus
782 2750 967 2815 precul
993 2751 1161 2821 .dubio
1190 2767 1257 2808 ne
1312 2754 1414 2810 hoc
1443 2754 1588 2812 facto
1627 2756 2103 2818 Cameracensium

529 2835 740 2893 animos
787 2839 839 2893 in
892 2856 951 2897 se
992 2853 1381 2913 commoveret,
1427 2849 1667 2907 scribere
1720 2855 2010 2919 recusavit,
2043 2870 2105 2910 ea

527 2926 723 2994 specie-
742 2929 883 2996 quod
912 2934 1260 2988 necessarium
1289 2921 1395 2991 non
1423 2948 1586 3005 esset,
1630 2955 1731 2995 nec
1749 2941 2016 3010 idoneum,
2048 2954 2107 3000 ut

527 3015 712 3072 litteris
740 3035 891 3089 papre
944 3019 1260 3079 electionem
1298 3027 1422 3083 novi
1454 3028 1691 3099 episcopi
1722 3029 1831 3099 jam
1858 3034 2028 3088 semel
2054 3044 2109 3090 et

526 3105 725 3161 iterum
747 3111 1186 3180 pm’cipt'entibtts,
1210 3131 1336 3172 suas
1350 3132 1584 3189 quoque,
1609 3121 1750 3191 quod
1772 3130 1951 3179 tamen
1968 3140 2109 3195 pnn-

526 3203 747 3264 eeperat
774 3200 1040 3269 pontifex,
1067 3205 1324 3273 epistolas
1347 3207 1684 3280 adjungeret.

526 3285 807 3346 CXXXIII.
840 3289 1147 3376 Lamobertuj
1169 3297 1396 3367 eligitur.
1432 3302 1866 3376 Areltiepiscopus
1890 3305 2112 3364 Remen-

939 3364 1010 3417 sis
1033 3366 1209 3435 diﬂ'ert
1235 3364 1700 3428 consecrationem.

598 3450 741 3508 Solis
767 3453 950 3524 itaque
981 3453 1182 3511 Urbani
1240 3456 1438 3515 litteris
1469 3464 1707 3519 contenti
1746 3464 1909 3536 legati
1943 3468 2107 3524 Atre-

529 3542 712 3597 batum
736 3545 1040 3612 redierunt,
1068 3549 1358 3620 statimque
1386 3550 1589 3609 indicta
1621 3564 1705 3611 est
1725 3556 2006 3616 electionis
2031 3559 2109 3615 fa-

527 3632 736 3689 ciendae
763 3636 882 3691 dies
911 3637 978 3691 ad
1005 3653 1055 3692 vt
1085 3638 1209 3696 Idus
1232 3639 1378 3705 Julii,
1411 3658 1531 3713 quae
1558 3647 1837 3705 Dominica
1860 3660 1996 3706 erat.
2024 3653 2106 3707 Ad

530 3737 691 3791 quam
721 3739 827 3778 non
858 3725 1021 3781 modo
1067 3728 1461 3800 Atrebatensis,
1490 3733 1585 3790 sed
1612 3738 1775 3793 etiam
1806 3740 2106 3796 vicinarum

528 3814 734 3882 aliquot
779 3814 1145 3871 Eeclesiarum
1196 3819 1405 3888 clerici,
1433 3833 1594 3894 atque
1630 3827 1773 3884 inter
1798 3830 1935 3885 alios
1958 3832 2108 3888 Insu-

531 3904 694 3959 lensis
725 3905 982 3962 Ecclesiae
1009 3908 1307 3980 collegiatm
1348 3916 1613 3983 canonici,
1639 3919 1723 3973 vel
1750 3921 1820 3975 ob
1849 3922 2107 3991 majorem

531 3992 952 4062 solemnitatem,
1000 3998 1084 4053 vel
1124 4000 1192 4054 ob
1219 4002 1496 4073 antiquam
1525 4009 1988 4077 consuetudinem,
2017 4022 2108 4068 aut

532 4084 676 4139 inter
696 4092 955 4155 utrosque
988 4088 1305 4145 societatem
1343 4095 1625 4149 convocati
1670 4107 1813 4153 sunt.
1845 4098 2109 4156 Convenit

529 4190 592 4229 ea
626 4175 714 4231 die
748 4176 803 4229 in
834 4175 1091 4245 majorem
1123 4177 1337 4235 Sancta:
1370 4181 1551 4238 Mariae
1575 4185 1858 4242 ecclesiam
1895 4188 2106 4245 inﬁnita

528 4267 923 4335 propemodum
981 4266 1301 4326 clericorum
1350 4282 1407 4328 et
1463 4273 1722 4330 Iaicorum
1777 4277 2105 4349 multitudo,

528 4360 713 4429 ibique
742 4359 1030 4416 celebratis
1061 4364 1350 4420 missarum
1399 4366 1701 4436 solemniis,
1737 4385 1801 4427 ac
1825 4376 2107 4443 prmmissa

529 4452 704 4508 sancti
738 4452 975 4523 Spiritus
1005 4455 1368 4527 invocatione,
1414 4461 1627 4531 publice
1664 4480 1695 4520 e
1722 4466 1928 4537 pulpito
1954 4468 2106 4525 lectae

527 4554 654 4600 sunt
684 4545 888 4602 Urbani
917 4548 1186 4618 pontiﬁcis
1215 4552 1409 4609 littera:
1430 4556 1495 4610 de
1519 4558 1848 4614 restituenda
1869 4560 2101 4618 Atreba~

529 4639 697 4694 tensis
726 4640 987 4696 Ecclesiae
1018 4644 1305 4713 dignitate,
1354 4658 1407 4703 et
1457 4649 1722 4707 electione
1746 4654 1984 4725 episcOpi
2026 4656 2108 4710 fa-

530 4727 745 4781 cienda.
800 4728 1045 4799 Cumque
1075 4748 1104 4786 a
1138 4733 1432 4791 Gualberto
1485 4742 1795 4811 praeposito,
1843 4743 2105 4802 Guiberto

529 4817 734 4870 decano
791 4822 1109 4891 cteterisque
1152 4825 1405 4879 omnibus
1457 4830 1733 4887 canonicis
1784 4832 1837 4888 in
1869 4836 2105 4906 capitulo

532 4919 642 4960 uno
661 4920 930 4965 consensu
959 4910 1283 4969 Lambertus
1309 4914 1605 4974 Insulensis
1632 4920 1891 4979 Ecclesiae
1916 4936 2105 4982 cautor

529 4998 585 5054 in
607 4999 920 5070 episcopum
950 5004 1263 5074 designatus
1298 5004 1509 5073 fuisset,
1538 5012 1719 5065 statim
1743 5013 1796 5067 in
1828 5028 2104 5086 conspectu

456 5099 460 5103 ’
531 5091 696 5147 totius
724 5092 959 5147 ecclesia!
987 5097 1358 5166 manifestatus
1391 5108 1484 5163 est,
1511 5117 1572 5155 ac
1592 5103 1667 5159 sic
1695 5120 1728 5155 a
1754 5104 1889 5159 clero
1914 5109 2105 5164 electus

524 5189 576 5236 et
602 5181 756 5235 tertio
787 5180 1107 5238 acclamatus
1134 5201 1199 5240 ac
1227 5186 1473 5242 laudatus
1499 5206 1530 5242 α
1550 5190 1758 5259 populo,
1776 5192 1893 5248 licet
1915 5196 2104 5253 invitus

527 5271 765 5343 eligitur,
803 5273 1026 5344 capitur,
1057 5285 1105 5330 et
1140 5278 1197 5332 in
1224 5280 1346 5334 sede
1376 5281 1665 5351 pontiﬁcali
1694 5283 2104 5347 inthronizatur.

526 5362 651 5434 Ipso
688 5380 845 5432 vero,
902 5382 1025 5421 cum
1054 5366 1173 5424 aliis
1208 5369 1476 5427 Insulanae
1504 5373 1762 5433 Ecclesiae
1806 5384 2100 5454 canonicis,

528 5456 620 5527 qui
665 5466 875 5514 tantum
924 5459 1102 5516 virum
1157 5462 1259 5519 sibi
1290 5466 1425 5535 eripi
1455 5482 1598 5537 aegre
1642 5467 1904 5542 ferebant,
1936 5479 2106 5533 recla-

526 5556 732 5615 mante,
762 5550 975 5620 publice
1009 5550 1147 5607 lecta
1179 5561 1263 5609 est
1302 5554 1506 5612 Urbani
1540 5563 1808 5618 sententia
1833 5580 1901 5621 ex
1926 5569 2106 5638 prima

527 5641 645 5713 ejus
666 5642 914 5714 epistola,
942 5660 1064 5716 qua:
1112 5646 1191 5703 sic
1221 5646 1381 5704 habet
1411 5666 1425 5705 :
1456 5649 1521 5705 Ei
1560 5670 1700 5720 vero,
1728 5658 1821 5728 qui
1849 5661 2101 5715 canonico

526 5748 781 5790 consensu
812 5734 938 5792 cieri
973 5746 1020 5793 et
1043 5737 1224 5808 populi
1257 5738 1450 5832 electus
1479 5742 1656 5811 fuerit,
1686 5748 1975 5811 apostolica
2002 5768 2101 5807 au-

1830 346 1888 398 Β.
1937 308 2185 400 ualeam
2226 345 2266 399 ιι
2308 347 2504 405 eam

3636 370 3716 424 II!

2138 460 2183 515 A
2210 466 2448 519 claritate
2498 469 2881 539 interdicimus,
2911 490 2973 528 ne
3022 476 3315 545 impositam
3336 480 3429 534 sibi
3473 482 3717 541 electionem
3762 524 3763 527 η

2208 557 2625 615 dissimulatione
2670 562 2847 634 aliqua
2897 567 3054 636 hujus
3101 585 3245 624 nocte
3270 572 3592 630 ordinationis
3630 581 3721 632 sub-

2207 648 2452 720 terfugiat
2483 663 2501 702 :
2530 666 2593 706 ac
2623 653 2700 708 sic
2748 669 2936 712 omnes
2994 658 3245 715 clectioni
3298 660 3447 718 factis
3485 668 3720 734 acquieve-

2208 749 2355 795 ῐιιηι.

2280 832 2554 904 Scriptum
2603 838 2786 893 statim
2814 849 2896 895 est
2941 843 3007 896 ad
3042 843 3373 915 Rayualdum
3405 849 3723 919 metropolitac

2210 941 2357 990 num,
2390 935 2447 981 ut
2477 927 2621 983 diem
2648 945 2755 999 qua
2780 942 2925 987 esset
2975 936 3096 989 novi
3128 938 3362 1007 episcopi
3390 938 3608 993 facienda
3628 956 3725 994 con-

2208 1018 2440 1073 secratio
2464 1020 2759 1088 indicaret;
2785 1031 2839 1077 at
2869 1023 2980 1092 ille,
3015 1027 3156 1081 nulla
3187 1028 3271 1082 die
3310 1036 3526 1094 statuta,
3555 1045 3726 1101 respon-

2210 1106 2286 1161 dit
2336 1123 2396 1162 se
2424 1124 2534 1163 rem
2568 1125 2689 1166 cum
2718 1114 2931 1169 caeteris
2966 1117 3502 1187 comprovincialibus
3533 1134 3727 1172 commu-

2210 1197 2511 1254 nicaturum
2535 1200 2588 1255 in
2621 1219 2809 1273 magno
2862 1207 3222 1275 episc0porum
3250 1219 3297 1263 et
3328 1208 3613 1264 clericorum
3638 1226 3728 1263 con-

2209 1297 2378 1352 ventu,
2403 1307 2554 1360 quem
2577 1292 2632 1345 in
2656 1291 2787 1361 festo
2802 1306 2997 1350 sancta:
3020 1296 3226 1361 Maria’,
3247 1298 3500 1352 mediante
3518 1298 3726 1368 Augusto,

2210 1375 2383 1431 Remis
2422 1378 2652 1433 haberet.
2699 1378 2901 1436 Verum
2960 1399 3081 1438 eum
3111 1385 3196 1440 die
3236 1385 3436 1441 indicto
3459 1387 3730 1441 Atrebaten—

2210 1470 2349 1523 sium
2382 1469 2541 1541 legati
2569 1475 3001 1543 eomparuissent
3044 1492 3108 1532 ea
3137 1478 3202 1533 de
3233 1494 3292 1533 re
3332 1480 3578 1550 rogaturi,
3607 1480 3730 1534 indu-

2211 1560 2325 1615 cias
2353 1561 2548 1616 iterum
2573 1565 2867 1633 postulavit
2895 1569 3335 1640 archiepiscopus
3364 1573 3428 1625 ad
3454 1571 3628 1627 festum
3646 1587 3732 1625 om-

2212 1651 2357 1705 nium
2385 1653 2730 1710 Sanctorum.
2764 1656 2868 1712 Tot
2889 1661 3295 1715 cunctationum
3318 1662 3527 1731 perlaasi
3552 1662 3734 1717 Atreba-

2215 1753 2417 1809 tenses,
2466 1745 2671 1816 legatos
2729 1746 2841 1817 jam
2895 1750 3055 1805 tertia
3085 1750 3203 1806 vice
3234 1751 3459 1806 Romam
3481 1752 3735 1806 mittuntad

2216 1835 2512 1899 Urbanum,
2557 1835 2800 1893 Odonem
2838 1840 3047 1896 scilicet
3080 1850 3382 1907 cautorem,
3430 1852 3482 1896 et
3520 1841 3735 1897 Joannem

2213 1927 2526 1993 diaconum,
2577 1929 2669 2000 qui
2724 1931 2967 2000 pontiﬁci
3018 1946 3198 1987 rerum
3243 1934 3483 1990 omnium
3518 1933 3736 1987 rationem

2213 2018 2525 2082 redderent,
2548 2018 2768 2090 ejusque
2795 2036 2950 2091 opem
2994 2022 3187 2077 iterum
3217 2024 3563 2093 implorarent
3588 2024 3740 2076 adver-

2213 2124 2306 2163 sus
2341 2109 2828 2181 archiepiscOpum,
2853 2112 2943 2182 qui
2963 2110 3226 2180 ejusmodi
3256 2113 3739 2181 tergiversationibus

2213 2200 2465 2255 mandata
2497 2203 2789 2271 apostolica
2839 2204 2978 2259 velle
2995 2205 3218 2261 eludere
3238 2206 3537 2264 videbatur.
3564 2205 3739 2261 Littera:

2212 2304 2347 2360 quas
2378 2305 2440 2345 ea
2472 2292 2762 2349 occasione
2808 2293 3192 2353 Atrebatenses
3219 2300 3286 2353 ad
3309 2297 3606 2368 pontiﬁcem
3633 2296 3737 2351 scri-

2211 2390 2459 2450 pscrunt,
2514 2381 2786 2439 dabuntur
2806 2401 2905 2441 suo
2936 2395 3196 2457 tempore,
3239 2388 3384 2443 sicut
3412 2397 3465 2442 et
3502 2387 3596 2443 illas
3637 2398 3739 2457 quas

2213 2470 2325 2539 ipse
2364 2471 2628 2539 pontifex,
2662 2475 2903 2544 exceptis
2928 2474 3179 2548 benigne,
3222 2489 3281 2533 ut
3310 2477 3532 2545 solebat,
3560 2477 3740 2533 Atreba-

2213 2564 2442 2618 tensium
2495 2564 2712 2637 legatis,
2758 2569 2825 2622 ad
2883 2568 3222 2642 Raynaldum
3273 2587 3338 2627 ea
3370 2573 3518 2630 dere
3542 2570 3740 2643 scripsit,

2211 2654 2406 2723 quibus
2435 2654 2512 2710 illi
2537 2658 2886 2729 prmcipiebal
2910 2668 2967 2715 ut
3018 2663 3160 2733 infra
3188 2665 3410 2734 triginta
3438 2666 3626 2721 dierum
3650 2680 3741 2733 spa-

2211 2746 2362 2810 tium,
2403 2756 2690 2819 postquam
2738 2766 2865 2807 suas
2914 2753 3082 2822 ipsius
3111 2755 3324 2812 litteras
3366 2758 3640 2829 receperit,
3673 2764 3741 2810 aut

2209 2834 2559 2891 Lambertum
2586 2837 2703 2907 ipse
2731 2852 3097 2908 consecraret,
3122 2854 3215 2900 aut
3244 2853 3395 2902 certe
3414 2862 3532 2902 eum
3554 2844 3741 2901 Romam

2211 2927 2607 2985 transmitteret
2635 2929 2688 2985 in
2745 2930 2984 2987 Romana
3026 2935 3173 2990 curia
3208 2937 3641 2993 consecrandum.
3664 2935 3743 2990 Ea-

2210 3016 2333 3073 dem
2372 3016 2547 3075 ferme
2586 3021 2784 3091 repetit
2835 3022 2888 3077 in
2930 3022 3034 3077 alia
3088 3025 3338 3095 epistola,
3392 3042 3549 3098 quam
3591 3024 3742 3082 eadem

2210 3109 2497 3165 occasione
2522 3110 2622 3179 ipsi
2642 3110 2932 3168 Lamberto
2955 3114 3128 3170 electo
3150 3116 3495 3187 conscripsit,
3518 3131 3625 3187 qua:
3650 3128 3743 3170 cum

2213 3215 2243 3252 v
2272 3198 2405 3253 ldus
2438 3198 2679 3255 Octobris
2710 3188 2831 3256 data
2863 3203 3095 3269 dicatur,
3155 3204 3279 3261 inde
3319 3207 3612 3277 colligimus
3636 3216 3745 3274 prte-

2209 3290 2513 3356 cedentem,
2536 3307 2656 3361 qua:
2684 3292 2888 3348 nullam
2918 3293 3135 3365 prarfert
3164 3306 3372 3364 notam,
3400 3297 3552 3353 initio
3570 3304 3744 3367 quoque

2210 3379 2459 3436 Octobris
2490 3382 2748 3452 scriptam
2781 3382 2969 3441 fuisse.

2277 3470 2737 3542 Archiepiscopus
2768 3473 2971 3545 itaque,
3014 3476 3249 3546 receptis
3280 3478 3429 3534 eirea
3471 3472 3744 3534 Nm'embris

2211 3564 2449 3619 medium
2478 3564 2678 3620 Urbani
2707 3566 2925 3633 litteris,
2945 3567 3236 3625 Lamberto
3256 3564 3742 3627 electoAtrebatensi

2210 3654 2447 3725 scripsit,
2473 3664 2529 3709 ut
2561 3656 2627 3709 ad
2659 3671 2717 3710 se
2741 3656 2967 3727 legatum
2992 3658 3225 3729 aliquem
3255 3662 3400 3731 infra
3425 3673 3625 3716 octavas
3644 3671 3743 3711 san-

2211 3746 2280 3797 cti
2306 3743 2532 3800 Andreae
2555 3747 2816 3813 mitteret,
2872 3764 2971 3818 per
2997 3766 3158 3820 quem
3186 3753 3317 3822 quid
3346 3755 3413 3809 de
3438 3754 3572 3809 illius
3595 3762 3745 3807 conse-

2210 3834 2457 3890 oratione
2512 3848 2636 3890 cum
2664 3835 2787 3891 aliis
2815 3838 3106 3907 provincia:
3147 3856 3260 3895 suae
3293 3840 3638 3914 suﬁragaueis
3661 3846 3745 3892 Sla-

2214 3924 2376 3977 tuerit
2411 3924 2461 3978 ei
2491 3926 2900 3982 renuntiaturus
2947 3938 3109 3985 esset.
3162 3930 3229 3986 Et
3248 3933 3468 4001 quidem
3515 3930 3745 3999 assignato

2213 4022 2454 4083 tempore
2486 4015 2775 4070 adfuerunt
2803 4016 2962 4088 legati
2990 4019 3451 4088 Atrebatensium,
3493 4021 3580 4077 sed
3605 4026 3745 4085 neque

2213 4114 2339 4159 tunc
2370 4114 2578 4161 certum
2606 4122 2919 4177 responsum
2945 4111 3013 4165 ab
3038 4112 3449 4185 archiepiscopo
3468 4114 3655 4169 habere
3672 4122 3744 4180 p0-

2212 4207 2452 4254 tuerunt.
2504 4198 2685 4267 Quare
2719 4201 3247 4271 Atrebatenses,‘tot
3304 4222 3576 4263 morarum
3604 4205 3745 4273 impa-

2209 4289 2427 4357 tientes,
2478 4291 2710 4348 electum
2751 4293 2924 4364 ipsum
2972 4296 3167 4352 Remos
3207 4298 3424 4353 tandem
3463 4295 3744 4354 mittendum

2210 4391 2333 4433 esse
2358 4390 2686 4437 censuerunt
2710 4383 2777 4437 ad
2800 4384 3289 4456 archiepiscopum,
3322 4400 3385 4445 ut
3415 4404 3535 4445 eum
3562 4385 3746 4453 aut‘pse

2139 4504 2187 4561 Β
2211 4467 2433 4539 praeﬁxo
2468 4487 2566 4541 per
2591 4474 2765 4544 ipsum
2795 4477 3106 4545 pontiﬁcem
3148 4487 3391 4550 tempore
3417 4480 3743 4538 consecraret.

2211 4570 2269 4616 ut
2291 4560 2404 4632 jam
2432 4564 2628 4633 saepius
2661 4566 2729 4621 ab
2774 4581 2839 4622 eo
2883 4567 3331 4639 elllagitaverant,
3365 4582 3457 4627 aut
3481 4579 3619 4627 certe
3646 4577 3744 4623 cum

2207 4654 2403 4711 litteris
2467 4660 2923 4722 commendatitiis
2962 4663 3191 4719 Romam
3217 4665 3374 4732 juxta
3426 4664 3743 4736 apostolicum

2207 4746 2521 4800 mandatum
2553 4749 2814 4813 mitteret,
2844 4751 2931 4806 ubi
2973 4753 3040 4805 ab
3075 4752 3194 4822 ipso
3216 4755 3472 4822 pontiﬁce
3497 4762 3745 4811 consecra-

2210 4847 2377 4894 retur.
2408 4839 2733 4898 Lambertus
2796 4844 2978 4915 itaque
3009 4846 3209 4902 Remos
3248 4848 3541 4919 profectus,
3579 4847 3641 4901 ibi
3675 4843 3746 4897 die

2212 4931 2513 4997 Dominica,
2540 4948 2660 5003 qua:
2710 4951 2780 4988 xv
2808 4952 2900 4991 seu
2926 4938 3104 5007 potius
3146 4954 3215 4993 xv
3250 4940 3522 4996 Kalendas
3552 4940 3743 4993 Decem-

2206 5021 2321 5077 bris
2349 5032 2490 5087 erat,
2531 5035 2584 5079 et
2624 5025 2845 5084 ultimus
2874 5027 3125 5100 pratﬁniti
3161 5046 3191 5084 a
3236 5033 3491 5100 pontiﬁce
3534 5029 3743 5084 Romano

2207 5112 2275 5166 ad
2318 5112 2434 5180 ejus
2492 5119 2959 5173 consecrationem
3013 5120 3273 5191 temporis
3331 5121 3606 5182 terminus.
3663 5125 3743 5169 δυο

2206 5205 2579 5261 Atrebatensis
2602 5209 2729 5264 eleri
2754 5225 2816 5265 ac
2836 5210 3015 5281 populi
3042 5212 3258 5268 nomine
3278 5213 3484 5269 litteras
3511 5203 3742 5276 archiepi'

2206 5313 2371 5368 scopo
2398 5303 2752 5367 praesentavit,
2785 5301 2983 5370 quibus
3014 5302 3181 5367 illum,
3204 5314 3263 5359 ut
3295 5307 3507 5360 tandem
3532 5302 3647 5359 huic
3666 5310 3742 5352 ne-

2206 5389 2353 5456 gotio
2400 5388 2664 5446 alterutro
2710 5392 2891 5456 modo,
2936 5400 2995 5449 ut
3023 5394 3266 5463 pontifex
3299 5401 3577 5456 statuerat,
3606 5389 3739 5446 ﬁnem

2209 5479 2542 5548 imponeret:
2573 5499 2590 5532 ι
2620 5478 2851 5547 Vestrae,
2878 5481 3129 5552 inquiunt
3153 5483 3206 5541 in
3230 5488 3334 5541 hoc
3352 5483 3568 5555 supplici
3590 5473 3741 5536 libello

2204 5570 2616 5637 Atrebatenses,
2672 5573 3012 5629 excellentiae
3048 5574 3303 5646 dignitati
3342 5572 3646 5646 multiplices
3670 5580 3738 5622 re-

2208 5660 2431 5717 ferimus
2486 5662 2715 5733 gratias,
2768 5664 2895 5735 quia
2923 5663 3188 5724 hactenus
3216 5674 3490 5740 gratanter
3508 5664 3666 5725 nobis,
3689 5663 3738 5719 lli

2209 5755 2328 5824 pius
2368 5764 2522 5823 pater
2564 5755 2820 5823 juvamen
2861 5757 3186 5815 exhibuistis
3220 5801 3232 5812 .
3263 5800 3277 5814 .
3314 5801 3329 5815 .
3361 5799 3375 5817 .
3406 5758 3496 5817 sed
3530 5748 3733 5827 palemi-

2128 3159 2181 3225 ϐ
