3962 6312
281 354 390 411 113

1843 344 2022 399 νιΤΑ.

3432 352 3529 406 ιιι

284 477 453 523 tatem
507 472 743 521 vestram
784 448 1044 517 miramur
1087 460 1376 531 plurimum
1407 462 1459 515 iu
1511 462 1660 515 calce
1689 460 1858 515 nostri
1888 460 1939 518 A
1964 457 2455 525 praedecessoribus
2495 461 2608 531 jam
2655 460 2975 529 habuerant,
3026 462 3100 517 ab
3130 477 3195 518 eo
3224 464 3528 532 impetrare.

284 559 489 631 negotii
524 556 887 627 infrigidatam
923 554 1179 621 existere,
1226 569 1351 611 cum
1401 553 1540 609 infra
1569 555 1857 609 terminum

283 635 358 703 ab
409 646 709 717 apostolico
765 652 959 700 vestrae
1009 642 1425 716 magniﬁcentia:
1480 642 1637 698 electi
1689 641 1860 697 nostri

281 736 718 794 consecrationis
760 732 1097 801 iniunctum,
1154 748 1254 788 nec
1300 732 1616 787 solemniter
1665 731 1862 787 litteris

284 829 508 893 vestris,
538 836 597 881 ut
618 825 1027 884 arbitrabamur,
1046 824 1114 879 ad
1134 823 1597 878 consecrationem
1625 822 1857 878 electum

287 927 537 972 nostrum
564 915 833 980 vocastis;
861 928 959 967 nec
987 911 1129 969 diem
1160 922 1368 967 certqu
1400 911 1537 966 infra
1572 912 1860 967 terminum

286 1004 639 1076 designastis.
674 1001 827 1056 Nunc
850 1010 1031 1055 autem
1078 1016 1199 1055 cum
1241 1001 1584 1055 consecratio
1612 1001 1864 1071 deinceps

286 1096 433 1152 infra
472 1093 792 1149 triennalem
820 1101 1019 1147 metam
1060 1092 1246 1161 nequit
1276 1092 1415 1157 ﬁeri,
1438 1090 1625 1145 saltem
1655 1091 1862 1145 litteras

284 1197 489 1243 vestrm
539 1184 884 1240 auctoritatis
934 1198 1053 1252 quae
1103 1183 1399 1254 apostolico
1439 1181 1769 1245 deferantur,
1808 1192 1865 1237 ut

288 1278 411 1348 ipse
457 1275 645 1347 jussit,
700 1288 800 1345 pro
853 1273 1261 1329 consecratione
1305 1273 1475 1328 nostri
1523 1273 1678 1327 electi
1712 1272 1865 1327 nobis

284 1370 421 1422 dare
467 1366 646 1422 velitis
693 1365 921 1437 plurima
966 1380 1099 1435 pace
1128 1380 1433 1435 precamur.
1475 1383 1493 1417 ›
1524 1363 1655 1419 Cum
1687 1364 1864 1435 itaque

282 1458 470 1514 nullus
522 1466 829 1529 superesset
853 1456 1279 1526 subterfugiendi
1322 1457 1490 1522 locus,
1521 1456 1851 1527 Raynaldus,

279 1551 583 1606 Lamberto
606 1550 802 1614 electo,
842 1548 1067 1603 [inritam
1099 1547 1328 1603 adeundi
1363 1555 1686 1618 potestatem
1716 1545 1863 1609 fecit,

278 1641 433 1695 datis
451 1640 498 1695 ei
527 1641 594 1694 ad
628 1639 906 1697 Urbanum
932 1640 1149 1705 litteris,
1179 1640 1375 1709 quibus
1400 1639 1488 1695 ille
1516 1637 1775 1707 acceptis,
1808 1636 1861 1691 in

280 1730 404 1799 ipso
459 1728 667 1783 Natalis
712 1728 913 1784 Christi
949 1730 1231 1800 pervigilio
1266 1729 1452 1784 Remis
1476 1743 1727 1799 egressus
1748 1735 1858 1791 est;

1965 546 2291 616 Apostolica:
2336 550 2481 605 sedis
2528 552 2917 620 protectionem
2964 555 3221 607 adversus
3273 554 3533 608 bonorum

1964 635 2221 691 Ecclesiae
2252 637 2530 693 invasores
2576 638 2715 696 ultro
2761 642 3033 697 concessit
3073 641 3345 705 Urbanus,
3395 643 3535 697 datis

1962 742 2027 782 ea
2056 729 2123 782 de
2152 743 2211 783 re
2239 728 2434 784 litteris
2470 729 2535 783 ad
2582 732 2878 801 principem
2915 741 2969 787 et
3002 734 3255 802 populum
3293 735 3537 790 Dolensis

1962 819 2140 885 urbis;
2191 831 2247 873 at
2297 820 2349 873 in
2395 820 2741 876 concedendo
2776 822 2917 890 pallii
2957 838 3077 885 usu,
3112 825 3255 892 quod
3299 823 3537 879 maxime

1964 912 2294 982 efﬂagitabat
2322 912 2641 977 Rollandus,
2676 914 2768 983 qui
2799 928 2879 979 se,
2907 923 2965 967 ut
2990 916 3072 969 sui
3109 917 3176 969 ab
3220 915 3377 971 annis
3417 916 3537 986 plus

1963 1016 2127 1071 quam
2159 1002 2405 1058 ducentis
2434 1003 2885 1073 prmdecessores,
2910 1004 3371 1075 archiepiscopum
3402 1022 3537 1060 nun-

1965 1092 2219 1161 cupabat,
2260 1108 2319 1148 se.
2359 1093 2716 1150 ditliciliorem
2750 1094 3033 1159 exhibuit:
3064 1097 3351 1152 verebatur
3393 1098 3545 1151 enim

1966 1197 2151 1252 aequus
2196 1182 2470 1252 pontifex,
2516 1199 2584 1238 ne
2620 1185 2673 1239 id
2723 1184 2995 1250 faciendo,
3040 1186 3163 1255 jura
3208 1186 3538 1242 Turonensis

1969 1272 2241 1336 Ecclesiae,
2267 1288 2429 1344 quam
2460 1274 2675 1329 unicam
2706 1274 3001 1343 provincia:
3025 1274 3403 1345 Lugdunensis
3433 1286 3543 1329 ter-

1969 1365 2055 1419 tia:
2103 1380 2288 1420 veram
2337 1373 2395 1422 et
2437 1364 2715 1436 antiquam
2762 1381 2883 1421 esse
2926 1366 3264 1436 metropolim
3312 1368 3553 1431 sciebat,

1968 1456 2338 1512 convelleret:
2390 1471 2490 1513 nec
2529 1458 2823 1527 quidquam
2868 1458 3163 1528 impetrare
3203 1458 3375 1527 potuit
3414 1461 3540 1514 R0|~

1968 1545 2177 1612 Iandus,
2218 1546 2412 1611 donec,
2431 1548 2656 1618 prolatis
2687 1546 2936 1620 Gregorii
2969 1546 3058 1602 VII
3088 1549 3539 1620 litteris,'proba-

1968 1638 2138 1692 visset
2182 1653 2336 1693 usum
2383 1638 2528 1708 pallii
2559 1654 2623 1694 ac
2659 1640 3026 1710 provisionem
3063 1640 3541 1710 archiepiscopalis

1965 1730 2107 1799 juris
2156 1731 2209 1785 in
2255 1731 2533 1785 Britannia
2583 1732 2779 1787 minori
2822 1732 2980 1788 lreno
3024 1732 3406 1802 prredecessori
3447 1746 3542 1787 suo

278 1795 345 1875 ac
373 1829 495 1889 post
522 1820 669 1873 varia
709 1795 963 1890 pericula
1001 1828 1050 1874 et
1093 1795 1305 1875 itineris
1336 1795 1701 1884 difﬁcultates,
1726 1816 1853 1872 anni
1888 1795 1937 1856 Β
1967 1795 2134 1875 fuisse
2178 1835 2510 1875 concessam.
2563 1819 2669 1875 Sed
2718 1822 2845 1891 quia
2874 1795 3121 1891 exempla
3172 1820 3547 1875 tantummodo-

280 1913 567 1983 sequentis
619 1912 789 1972 initio,
845 1922 901 1966 ut
929 1913 999 1967 ibi
1031 1913 1293 1976 dicemus,
1338 1913 1565 1968 Romam
1596 1912 1862 1982 pervenit.

283 2000 513 2057 Litterae
547 2017 681 2072 quas
711 2002 1019 2073 Raynaldus
1049 2005 1114 2057 ad
1163 2002 1509 2058 Lambertum
1548 2002 1863 2072 scripserat,

292 2103 349 2148 et
374 2094 482 2148 illa:
509 2109 639 2163 quas
670 2095 886 2150 tandem
924 2095 1027 2149 hac
1061 2095 1349 2149 occasione
1378 2095 1443 2148 ad
1470 2093 1747 2149 Urbanum
1775 2093 1867 2149 de-

298 2184 569 2250 ferendas,
596 2195 704 2241 tum
737 2186 876 2241 idem
908 2186 1369 2255 archiepiscopus,
1401 2201 1522 2240 cum
1544 2184 1864 2240 Atrebateu-

294 2280 375 2335 sis
404 2279 634 2335 Ecclesia
669 2280 960 2351 scripsere,
1009 2279 1061 2335 in
1091 2277 1489 2349 pontiﬁciarnm
1517 2277 1864 2347 epistolarum

286 2364 610 2425 collectione
654 2368 976 2435 referentur,
1001 2379 1123 2440 post
1148 2384 1242 2424 eas
1264 2383 1398 2438 quas
1446 2365 1696 2423 Urbanus
1728 2367 1867 2436 ipse,

283 2471 345 2514 ut
377 2475 502 2515 mox
528 2460 861 2526 dicebamus,
893 2462 1141 2532 utrisque
1169 2460 1330 2529 paulo
1375 2470 1499 2513 ante
1525 2457 1863 2527 conscripse-

282 2558 392 2603 rat.
450 2549 526 2603 Ex
578 2549 665 2604 his
717 2564 880 2619 porro
939 2564 1074 2619 quas
1122 2549 1309 2603 ultimo
1350 2548 1466 2604 loco
1495 2549 1560 2603 ad
1594 2548 1866 2604 Urbanutn

282 2640 603 2711 Raynaldus
634 2655 732 2710 per
751 2642 1165 2696 Atrebatensem
1196 2641 1428 2695 electum
1456 2640 1695 2711 scripsit,
1727 2642 1869 2695 sicut

280 2741 341 2786 et
361 2748 429 2786 ex
457 2732 807 2802 responsione
824 2731 1116 2803 pontiﬁcis,
1144 2731 1493 2802 intelligimus
1514 2747 1621 2801 quo
1643 2730 1869 2786 consilio

283 2824 333 2877 is
372 2823 604 2879 antistes
667 2823 789 2878 novi
836 2822 1075 2893 episcopi
1135 2821 1598 2877 consecrationem
1646 2820 1868 2875 tamdiu

282 2914 599 2982 distulerat,
630 2930 818 2986 quaeve
840 2930 1006 2971 causa
1042 2913 1204 2969 fuerit
1229 2922 1305 2969 tot
1328 2914 1445 2980 ejus
1472 2912 1871 2983 tergiversatio-

286 3023 421 3061 nutn
458 3023 472 3061 :
506 3008 649 3077 quod
695 3006 905 3063 scilicet
944 3016 1246 3071 vereretur,
1289 3022 1380 3071 ne,
1426 3006 1469 3059 si
1499 3004 1871 3060 Atrebatensis

284 3098 638 3168 episcopatus
657 3098 987 3155 restitutioni
1003 3098 1212 3153 facilem
1231 3097 1547 3167 praebuisset
1563 3112 1865 3161 assensum,

288 3189 419 3245 inde
475 3206 660 3248 ansam
715 3191 1019 3260 arriperent
1048 3190 1489 3255 Cameracenses,
1516 3189 1606 3260 qui
1638 3188 1873 3245 Henrico

288 3281 607 3349 imperatori
655 3281 1003 3337 schismatico
1052 3280 1331 3352 parebant,
1358 3295 1387 3333 a
1417 3295 1512 3334 sua
1536 3288 1592 3333 et
1620 3279 1872 3334 Ecclesia:-

291 3371 581 3428 Remensis
628 3370 933 3428 obedientia
971 3370 1293 3426 discedere:
1328 3384 1495 3441 quare
1530 3369 1718 3424 maluit
1750 3385 1869 3425 eam

288 3463 694 3519 ordinationem
740 3478 769 3516 a
800 3461 1056 3532 pontiﬁce
1086 3476 1247 3531 quam
1278 3476 1309 3515 a
1332 3475 1391 3518 se
1422 3461 1539 3531 ipso
1581 3460 1868 3525 celebrari,

288 3562 355 3609 at
384 3552 525 3608 nulla
556 3552 898 3625 querelarum
929 3552 1144 3608 occasio
1181 3553 1458 3620 adversus,
1477 3568 1533 3606 se
1566 3558 1659 3605 aut
1690 3551 1875 3608 Eccle-

288 3646 432 3702 siam
490 3659 643 3698 suam
709 3640 1193 3698 Cameracensibus
1229 3641 1583 3711 praeberetur.
1612 3639 1726 3696 Huc
1753 3655 1873 3710 spe-

285 3744 445 3790 ctant
474 3734 590 3789 alia:
627 3734 927 3803 peculiares
976 3733 1093 3803 ejus
1124 3732 1319 3787 litterae
1348 3733 1415 3786 ad
1442 3732 1772 3803 pontiﬁcem,
1806 3732 1872 3786 de

285 3827 457 3883 rebus
480 3825 980 3893 Cameracensibus,
1004 3825 1070 3882 ad
1087 3841 1222 3895 quas
1238 3825 1511 3896 Urbanus,
1539 3833 1598 3880 ut
1629 3826 1871 3881 dicemus

285 3933 442 3973 num.
471 3916 591 3982 H5,
625 3919 916 3998 respondit.

286 4005 577 4063 CXXXIV.
602 4006 859 4063 Cervinus
889 4010 942 4063 in
966 4010 1227 4081 episc0pio
1248 4010 1586 4067 Ambiancnsi
1605 4011 1869 4080 ﬁrmatus.

361 4095 481 4151 .Iam
506 4113 689 4167 supra,
727 4096 754 4170 ᾗ
797 4098 923 4165 104,
964 4100 1175 4169 egimus
1222 4101 1287 4155 de
1332 4098 1571 4156 Gervino
1616 4101 1870 4171 episcolio

284 4186 662 4254 Ambianensi,
713 4188 807 4258 qui
858 4187 926 4243 ab
989 4186 1207 4243 Urbano
1257 4189 1476 4260 insuper
1525 4188 1725 4246 habitis
1754 4188 1870 4258 ejus

286 4278 608 4333 minutorum
626 4278 1081 4346 accusationibus,
1101 4280 1153 4335 in
1170 4281 1364 4335 throno
1377 4280 1723 4337 Ambianensi
1743 4298 1869 4337 con-

286 4370 539 4423 ﬁrmatus
586 4367 703 4425 fuit.
745 4367 817 4424 At
857 4379 1044 4441 postea
1094 4384 1123 4422 a
1174 4369 1286 4424 suis
1326 4369 1522 4425 iterum
1565 4373 1869 4443 exagitatus

286 4461 604 4531 pontiﬁcem
659 4478 846 4523 rursus
900 4462 1052 4518 adire
1106 4474 1328 4519 coactus
1355 4474 1457 4529 est,
1484 4482 1512 4519 a
1553 4481 1677 4535 quo,
1706 4466 1866 4520 etiam

288 4555 399 4609 hac
428 4554 544 4608 vice
591 4553 820 4625 benigne
858 4564 1142 4624 exceptus,
1184 4556 1450 4610 secundas
1484 4556 1692 4611 litteras
1724 4557 1866 4611 obti-

288 4646 431 4709 nuit,
458 4647 601 4702 clero
632 4657 686 4702 et
715 4646 910 4717 populo
956 4634 1328 4713 Ambianensi,
1359 4649 1434 4703 uti
1474 4649 1658 4719 prima:
1689 4660 1868 4715 erant,

286 4739 599 4807 inscriptas,
625 4739 820 4807 quibus
868 4739 1114 4808 prceeipit
1143 4748 1200 4793 ut
1227 4740 1374 4793 illum
1409 4756 1438 4794 a
1470 4740 1709 4795 Sitnonia
1745 4758 1871 4812 pur-

285 4841 476 4901 gatum
538 4846 633 4900 pro
686 4845 816 4886 vero
845 4838 901 4886 et
941 4831 1179 4901 legitimo
1210 4841 1426 4901 pastore
1476 4833 1870 4889 Antbianenses

288 4920 576 4974 haberent.
594 4919 740 4974 Data:
761 4929 888 4974 sunt
909 4935 978 4974 xv
1029 4918 1295 4975 Kalendas
1314 4921 1555 4991 Augusti,
1582 4922 1683 4977 hoc
1703 4937 1867 4986 anno,

286 5013 332 5065 si
362 5013 500 5065 bene
528 5010 777 5080 conjicio,
816 5025 984 5080 quare
1012 5027 1107 5067 eas
1143 5027 1172 5065 a
1203 5011 1271 5066 cl.
1304 5013 1422 5066 viro
1462 5011 1736 5083 Stephano
1762 5012 1867 5067 Ba-

289 5105 434 5157 luzio
470 5112 723 5175 acceptas
749 5102 945 5160 referet
964 5105 1360 5176 pontiﬁciarum
1386 5106 1732 5177 epistolarqu
1756 5106 1867 5163 col-

287 5195 482 5251 lector.

397 5308 662 5367 GXXXV.
698 5310 938 5367 Dolensis
960 5311 1227 5384 episcopus
1256 5328 1475 5383 pamum
1499 5313 1758 5383 impetrat.

360 5405 519 5461 Circa
549 5404 793 5474 ejusdem
832 5406 980 5471 anui,
1006 5406 1082 5459 uti
1109 5406 1338 5470 videtur,
1377 5408 1611 5461 medium
1638 5408 1870 5463 accessit

287 5502 357 5555 ad
387 5497 665 5553 Urbanum
693 5497 990 5554 Rollandus
1014 5496 1257 5553 Dolensis
1285 5498 1337 5552 in
1367 5499 1559 5554 minori
1587 5498 1865 5553 Britannia

286 5590 539 5654 antistes,
568 5588 837 5658 pontiﬁcis
864 5601 1019 5656 Opem
1051 5586 1311 5642 adversus
1340 5586 1624 5641 Dolensem
1668 5589 1867 5656 princi-

285 5699 437 5753 pem,
472 5682 562 5750 qui
606 5680 723 5749 ejus
759 5679 1015 5735 Ecclesiae
1055 5680 1196 5734 bona
1226 5679 1520 5745 invaserat,
1554 5680 1865 5749 imploratu-

288 5791 415 5840 rus;
468 5784 580 5828 tum
611 5772 797 5836 etiam,
830 5780 887 5823 ut
918 5769 1169 5838 pallium,
1202 5771 1343 5838 quod
1372 5771 1612 5827 nonnulli
1656 5789 1721 5826 ex
1754 5773 1865 5828 suis

1967 1912 2160 1966 harum
2186 1912 2493 1967 litterarum
2525 1911 2857 1982 proferebat,
2881 1914 2949 1967 ab
2998 1928 3064 1968 eo
3088 1912 3338 1967 Urbanus
3370 1914 3539 1980 exegit

1967 2015 2027 2060 ut
2059 2016 2403 2061 sacramento
2437 2006 2680 2075 praestito
2721 2006 2931 2075 juraret
2977 2004 3111 2058 nihil
3158 2004 3389 2073 amplius
3452 2014 3539 2057 aut

1969 2096 2147 2150 minus
2184 2096 2237 2149 in
2283 2095 2533 2166 Gregorii
2579 2095 2930 2165 autographis
2970 2094 3165 2148 litteris
3208 2109 3368 2164 quam
3404 2095 3541 2163 quod

1970 2192 2083 2261 ipse
2112 2192 2511 2261 protestabatur
2558 2191 2859 2245 continere.
2885 2188 3002 2256 Quo
3032 2188 3174 2244 facto
3203 2187 3443 2257 pontifex
3472 2190 3541 2244 ei.

1969 2281 2122 2336 salvo
2151 2281 2466 2352 metropolis
2491 2279 2823 2335 Turonensis
2846 2277 2988 2348 jure,
3020 2278 3165 2347 pallii
3196 2278 3454 2333 honorem
3482 2293 3542 2331 ac

1971 2370 2457 2441 archiepiscopales
2507 2370 2761 2434 honores,
2804 2371 2942 2424 sicut
2991 2368 3280 2439 Gregorius
3307 2368 3542 2439 pontifex

1970 2464 2127 2517 Ireuo
2168 2462 2395 2528 fecerat,
2427 2461 2672 2526 indulsit,
2700 2461 2842 2516 datis
2866 2476 2927 2515 ea
2960 2460 3025 2514 de
3057 2476 3117 2514 re
3145 2460 3359 2529 litteris,
3390 2474 3542 2530 quas.

1972 2556 2099 2611 licet
2143 2555 2342 2609 nullam
2376 2554 2613 2609 habeant
2651 2553 2961 2609 chronicam
2998 2560 3201 2615 notam,
3246 2567 3312 2606 ex
3362 2552 3429 2606 iis
3464 2562 3536 2605 ta-

1973 2661 2118 2712 men,
2173 2660 2293 2715 quze
2341 2660 2483 2699 anno
2528 2645 2774 2716 sequenti
2823 2644 2891 2698 de
2936 2644 3122 2698 eadem
3178 2644 3547 2697 controversia

1974 2738 2114 2792 data:
2143 2746 2294 2803 sunt,
2324 2746 2535 2793 certum
2564 2744 2650 2791 est
2679 2735 2745 2790 ad
2777 2735 2919 2789 hunc
2944 2749 3141 2786 annum
3171 2733 3408 2787 revocari
3453 2733 3546 2786 de-

1972 2826 2119 2882 bere.
2354 2824 2363 2836 '

2032 2940 2316 2999 CXXXVI.
2383 2941 2645 3011 Radulfns
2680 2942 2957 3011 episcopus
3007 2940 3263 2993 anouem
3314 2947 3494 2991 contra

2359 3011 2631 3067 Dolenses.
2670 3010 2903 3065 Pallium
2945 3011 3160 3065 obtinet.

1897 3148 1945 3212 ο
2048 3125 2238 3180 Adhuc
2270 3127 2320 3179 in
2352 3125 2625 3195 pontiﬁcis
2646 3126 2906 3181 comitatu
2937 3134 3055 3180 erat
3079 3121 3395 3185 Rollandus,
3427 3135 3550 3173 cum

1976 3216 2237 3271 Radulfus
2270 3214 2546 3271 Turonum
2578 3216 3039 3285 arclnepiscopus,
3082 3220 3270 3268 contra
3309 3226 3433 3267 eum
3468 3210 3551 3262 itt-

1976 3317 2317 3366 tercessurus
2346 3308 2716 3365 Beneventum
2746 3307 2984 3371 advenit,
3013 3305 3101 3361 ubi
3143 3313 3271 3359 tunc
3309 3300 3551 3374 pontifex

1975 3403 2320 3456 versabatur.
2363 3401 2527 3455 Multa
2573 3400 2645 3453 ibi
2695 3399 2958 3455 adversus
3004 3395 3261 3453 Dolenses
3326 3393 3551 3463 protulit

1974 3507 2157 3548 coram
2194 3491 2447 3564 pontiﬁce
2475 3488 2757 3552 Radulfus,
2793 3496 2851 3541 ut
2888 3486 3140 3541 Ecclesiae
3181 3500 3291 3539 suae
3329 3484 3451 3552 jura
3494 3483 3546 3536 iu

1975 3581 2258 3636 Dolensem
2308 3588 2363 3633 et
2402 3579 2539 3633 alias
2588 3577 2883 3631 Britanniae
2934 3574 3209 3630 Ecclesias
3257 3571 3543 3634 stabiliret,

1974 3671 2171 3741 quibus
2199 3685 2321 3725 cum
2349 3668 2650 3725 Rollandus
2679 3667 2811 3722 nihil
2840 3665 2985 3721 aliud
3015 3666 3362 3735 responderet
3386 3679 3547 3733 quam

1974 3775 2032 3816 se
2058 3776 2159 3814 non
2191 3758 2449 3830 agendum
2478 3759 2694 3823 venisse,
2725 3754 2974 3827 quamvis
2999 3762 3218 3824 paratus
3257 3762 3386 3807 esset
3430 3770 3548 3805 cum

1971 3852 2221 3922 episcopis
2250 3850 2531 3923 provincia:
2559 3865 2668 3904 sua:
2698 3864 2929 3919 congruo
2956 3855 3181 3914 tempore
3218 3853 3547 3914 respondere,

1975 3942 2224 3998 Urbanus
2277 3958 2345 3998 ex
2405 3941 2638 4013 partium
2703 3954 2967 3995 consensu
3027 3947 3240 4007 tempus
3304 3938 3547 4009 utrisque

1972 4036 2254 4092 constituit
2278 4035 2344 4089 ad
2377 4034 2610 4089 medium
2640 4031 3072 4103 Quadragesimae
3099 4030 3394 4099 sequentis,
3440 4045 3548 4098 quo

1971 4140 2058 4180 res
2088 4124 2350 4179 ﬁniretur.
2386 4123 2510 4178 Ilaec
2542 4122 2659 4178 fuse
2690 4120 2857 4176 refert
2904 4120 3017 4189 ipse
3064 4117 3305 4187 pontifex
3340 4118 3391 4171 in
3423 4133 3546 4171 scn-

1972 4217 2137 4271 tentia
2168 4231 2330 4285 quam
2364 4214 2624 4270 adversus
2648 4213 2905 4268 Dolenses
2932 4225 3073 4266 anno
3096 4208 3367 4279 sequenti,
3390 4216 3447 4262 ut
3471 4208 3546 4263 ibi

1971 4307 2232 4370 dicemus,
2262 4306 2402 4359 tulit.

2043 4396 2120 4452 Eo
2154 4397 2204 4450 in
2236 4397 2435 4452 itinere
2460 4395 2691 4449 Radulfo
2714 4394 2957 4460 contigit,
2988 4392 3131 4463 quod
3156 4392 3222 4446 de
3249 4404 3315 4445 eo
3350 4388 3545 4456 legitur

1976 4489 2026 4541 iu
2083 4486 2265 4542 Gestis
2315 4487 2695 4558 episcoporum
2745 4484 3139 4540 Turonensium
3182 4491 3237 4536 et
3290 4480 3545 4534 abbatum

1973 4576 2559 4645 Majoris—Monasterii.
2588 4576 2784 4629 Narrat
2809 4576 3003 4630 horum
3039 4573 3325 4629 Gestorum
3355 4576 3545 4624 auctor

1976 4666 2238 4723 Radulfus
2264 4667 2329 4721 ab
2359 4666 2579 4721 Urbano
2611 4667 2829 4737 pallium
2859 4664 3004 4737 quod
3032 4665 3189 4719 enixe
3218 4659 3542 4733 postulabat,

1973 4775 2249 4830 nunquam
2277 4758 2573 4830 impetrare
2604 4759 2863 4829 potuisse,
2888 4772 3017 4827 qum
3044 4770 3195 4825 prius
3226 4754 3292 4807 ab
3322 4750 3544 4806 infesta-

1974 4854 2119 4906 tioue
2150 4851 2371 4919 ltlajoris
2402 4850 2717 4906 Monasterii
2759 4865 2817 4905 se
2865 4856 3217 4907 cessaturum,
3266 4841 3545 4915 privilegio

1972 4946 2211 5015 ejusdem
2273 4944 2377 5001 loci
2433 4959 2864 5008 consensurum,
2920 4950 2975 4996 et
3024 4938 3269 5010 pontiﬁci
3322 4950 3553 5007 prorsus

1970 5036 2311 5092 obediturum
2341 5036 2737 5106 spopondisset.
2773 5033 2923 5100 Quod
2945 5047 3067 5087 cum
3093 5044 3277 5086 coram
3304 5027 3542 5100 ejusdem

1972 5127 2286 5182 monasterii
2332 5127 2536 5196 aliquot
2580 5125 2881 5189 monachis,
2924 5122 3014 5193 qni
3053 5122 3251 5177 ibidem
3292 5120 3541 5181 aderant,

1969 5219 2332 5290 przestitisset,
2386 5217 2533 5289 pallii
2575 5217 2751 5270 honor
2794 5231 2825 5269 a
2871 5213 3124 5284 pontiﬁce
3161 5214 3392 5267 donatus
3437 5221 3539 5265 est.

1972 5311 2122 5367 Haud
2151 5319 2331 5366 tamen
2371 5309 2523 5364 stetit
2564 5307 2846 5377 promissis
2885 5307 3019 5373 suis,
3061 5322 3160 5361 nec
3189 5304 3403 5359 destitit
3427 5318 3543 5356 mo-

1942 5404 2174 5459 nachos
2222 5399 2784 5471 Majoris-Monasterii
2826 5399 3099 5471 persequi,
3149 5407 3211 5453 ut
3251 5396 3363 5451 suis
3410 5393 3542 5449 locis

1968 5497 2228 5552 dicemus.

2112 5585 2417 5643 CXXXVII.
2464 5584 2748 5639 Pansensis
2783 5583 3083 5639 monasterii
3120 5580 3394 5635 dedicatio.

2046 5677 2302 5746 Ugbellns
2332 5684 2481 5729 ιοιιιο
2528 5675 2611 5728 VII
2660 5675 2824 5730 Italiae
2863 5690 3051 5737 sacrae,
3086 5672 3138 5724 in
3178 5667 3423 5736 catalogo
3460 5681 3542 5719 ar-

1974 5771 2441 5843 chiepisc0porum
2486 5768 2979 5825 Acheruntinorum
3028 5763 3089 5817 ad
3144 5762 3285 5816 hunc
3341 5771 3549 5813 annum
