3962 6312
462 309 565 365 115

1785 296 1846 350 Β.
1892 291 2143 350 llIiBANI
2166 295 2204 348 Il
2245 295 2442 350 ΡΑΡᾹ]

3623 297 3712 353 “6

461 423 671 496 profert
701 428 882 483 vetus,
915 425 974 472 ut
1011 417 1124 486 ipse
1159 420 1333 485 putat,
1386 414 1803 478 instrumentum
1850 409 1916 462 de
1944 407 2037 462 de-
2066 412 2115 469 Α
2141 407 2319 463 clesiis
2367 408 2638 464 concessit
2683 408 2950 464 Urbanus.
3014 369 3188 463 Unum
3245 422 3318 461 ex
3373 406 3460 460 his
3506 416 3587 460 est
3631 423 3746 477 pro

465 515 733 571 dicatione
785 510 1027 565 ecclesiae
1083 505 1400 562 monasterii
1461 504 1688 558 Sancta!
1727 500 1916 554 Maria:
1974 499 2037 552 de

466 604 668 668 Pauso,
693 601 973 670 uulgariter
993 595 1277 666 nuncupati
1306 593 1646 654 Deventuum,
1675 587 1836 659 quem
1861 588 2038 642 locum

469 698 582 766 ipse
613 691 872 764 pontifex,
923 690 966 744 si
999 689 1125 743 huic
1169 687 1532 740 instrumento
1577 677 1755 751 aliqua
1785 681 1856 735 sit
1883 679 2039 743 fides,

466 788 628 859 paulo
656 793 790 840 ante
837 787 1288 843 consecraverat,
1334 777 1652 847 magnisque
1697 770 2042 842 indulgentiis

468 876 862 938 cumulaverat,
910 881 1074 941 atque
1121 870 1237 923 haec
1285 867 1463 922 omnia
1509 863 1828 919 confirmata
1877 861 2044 916 fuisse

471 970 724 1024 dicuntur
751 965 896 1021 bulla
926 961 1232 1033 pontificia,
1264 960 1368 1014 hoc
1398 971 1542 1014 anno
1575 970 1710 1010 xvm
1741 953 1858 1007 Kal.
1885 953 2046 1007 Oeto-
2117 959 2122 963 '

470 1061 585 1115 bris
625 1058 766 1129 apud
796 1056 1080 1111 Salernum
1113 1054 1258 1108 data.
1291 1050 1396 1106 Sed
1423 1050 1558 1112 hmo,
1594 1045 1794 1113 nt-jam‘
1814 1038 2047 1098 diximus
2121 1050 2124 1054 '

473 1153 541 1205 ad
569 1145 769 1205 annum
802 1146 939 1202 1088
961 1187 975 1212 ,
1023 1143 1224 1200 nullius
1247 1147 1388 1197 sunt
1424 1137 1782 1201 auctoritatis,
1827 1150 1947 1205 qua:
1976 1134 2047 1189 ob

473 1241 526 1295 id
555 1239 728 1294 solum
761 1239 851 1292 hic
883 1248 1248 1291 memoramus
1268 1241 1334 1292 ut
1361 1230 1492 1285 nulli
1523 1229 1704 1283 fucum
1750 1227 1977 1281 faciant.

1060 1391 1462 1464 Burdigalense.
1816 1445 1820 1448 _
2009 1422 2014 1427 -

547 1491 707 1547 Circa
755 1490 871 1545 hzec
918 1497 1160 1556 tempora
1206 1500 1328 1540 cum
1375 1479 1756 1550 recuperandae
1799 1476 2056 1532 Romanae.

478 1585 631 1640 urbis
658 1599 782 1653 spes
828 1583 1007 1652 aliqua
1056 1579 1360 1649 effulgeret,
1402 1576 1546 1647 quod
1593 1573 1873 1645 sanguinis
1918 1569 2055 1626 εσυ·
2133 1597 2136 1600 ·

478 1677 631 1749 sione
663 1689 934 1743 nunquam
967 1671 1083 1727 fieri
1124 1670 1372 1724 voluerat
1404 1665 1890 1729 mansuetissimus,
1923 1675 2055 1730 ponr

2142 500 2468 553 monasterio
2497 514 2634 554 novo
2660 499 3002 564 Pictaviensi,
3037 517 3142 570 quo
3166 501 3528 572 privilegium
3558 502 3715 556 eidem

2141 588 2260 645 loco
2299 607 2328 645 a
2367 592 2626 661 Gregorio
2665 592 2778 657 VII,
2822 591 3088 646 indultum
3149 592 3547 649 confirmatur
3577 593 3720 649 simul

2115 691 2264 738 cum
2286 687 2514 764 ecclesia
2552 686 2736 742 Sancti
2767 686 2994 751 Nicolai,
3024 701 3161 756 quae,
3196 685 3383 755 pulsis
3413 685 3610 741 exinde
3636 699 3723 741 ea.

2144 777 2356 833 nonicis
2409 777 2550 832 male
2607 777 2947 843 viventibus,
2999 777 3054 830 in
3117 775 3367 831 concilio
3418 773 3723 846 provinciali

2143 868 2318 922 eidem
2370 869 2698 923 monasterio
2747 868 2926 924 fuerat
2973 868 3258 923 attributa.
3315 865 3452 922 Haec
3486 865 3627 920 bulla
3664 879 3722 920 ex

2147 959 2369 1015 archivo
2413 961 2654 1030 ejusdem
2696 961 2797 1015 loci
2852 961 3149 1030 descripta,
3195 961 3334 1015 data
3385 967 3476 1014 est
3521 958 3607 1012 die
3647 973 3726 1014 xvi

2144 1052 2507 1108 Kalendarum
2538 1052 2942 1116 Novembrium,
2994 1052 3288 1122 Ceperani,
3341 1051 3442 1121 qui
3478 1049 3626 1106 locus
3659 1061 3729 1107 est

2150 1145 2204 1198 in
2234 1143 2363 1198 latio
2406 1143 2679 1198 dimcwsis
2704 1141 2988 1198 Verulanae
3033 1144 3098 1198 ad
3136 1142 3331 1215 Lyrim
3373 1143 3618 1197 fluvium.
3647 1140 3731 1197 Ce-

2123 1231 2125 1233 ’
2151 1250 2352 1306 perano
2375 1236 2649 1306 digressus
2676 1235 2916 1305 pontifex
2949 1236 3260 1306 Anagniam
3307 1235 3486 1300 venit,
3514 1234 3602 1288 ubi
3624 1248 3728 1287 eum

473 1327 802 1386 CXXXVIII.
843 1326 1088 1382 Urbanus
1127 1323 1370 1378 collectas
1403 1319 1520 1387 ﬁeri
1548 1327 1716 1388 rogat.
1757 1313 2051 1369 Concilium
2125 1327 2128 1330 '

2155 1326 2373 1396 aliquod
2408 1335 2618 1395 tempus
2658 1327 2839 1397 egisse
2878 1341 2942 1381 ex
2973 1326 3139 1380 variis
3169 1324 3577 1396 diplomatibus
3603 1323 3733 1378 colli-

2157 1417 2351 1488 gimus.
2387 1417 2629 1473 Primum
2657 1431 2723 1472 ex
2764 1418 2853 1473 his
2881 1420 3063 1474 datum
3089 1429 3172 1474 est
3218 1419 3279 1473 in
3316 1417 3560 1490 gratiam
3592 1430 3735 1471 cano-

2157 1509 2402 1564 nicorum
2452 1511 2777 1581 regularinm
2824 1509 3010 1566 Sancti
3057 1509 3309 1578 Quintini
3366 1524 3542 1580 prope
3585 1508 3735 1562 Bello-

2159 1613 2382 1666 vacum,
2430 1601 2517 1656 die
2571 1616 2634 1655 ιιι
2682 1601 2808 1657 ldus
2848 1600 3200 1666 Novembris;
3257 1602 3508 1656 alterum
3559 1599 3641 1654 die
3679 1599 3736 1652 9.0

2086 1739 2131 1763 ,__
2160 1690 2403 1759 ejusdem
2451 1691 2652 1747 mensis
2693 1706 2792 1762 pro
2829 1693 3165 1748 monasterio
3214 1690 3576 1763 Burguliensi
3625 1691 3737 1744 ἀίω-

478 1769 632 1833 ιίίθκν
664 1767 892 1838 Pecunia
927 1775 982 1820 θι
1016 1766 1334 1820 ῐηυηθνίδυδ
1374 1764 1428 1819 id
1466 1778 1525 1819 se
1570 1760 1784 1854 assequi
1823 1751 2068 1854 99553)“,
2091 1753 2138 1814 Β
2165 1751 2305 1837 desis
2334 1751 2764 1852 Andegavensis,
2802 1783 2888 1838 cui
2920 1783 3038 1839 loco
3081 1792 3208 1838 tunc
3253 1751 3506 1854 pracerat
3538 1779 3740 1835 celebris

481 1860 723 1929 animum
750 1857 980 1912 induxit.
1006 1855 1188 1923 Quare
1219 1854 1437 1925 scriptis
1466 1854 1520 1907 in
1547 1852 1727 1906 varias
1752 1846 2060 1920 provincias

480 1949 677 2003 litteris
719 1949 1002 2018 episcopos
1041 1957 1096 2002 et
1125 1947 1350 2002 abbates
1387 1942 1657 2020 invitavit,
1706 1949 1766 1994 ut
1807 1938 2064 1993 Romanae

481 2039 740 2096 Ecclesiae
775 2041 890 2094 suis
931 2038 1089 2094 bonis
1132 2052 1195 2092 ca
1225 2036 1511 2092 occasione
1543 2032 1818 2102 suppetias
1857 2029 2065 2097 aliquas
2137 2064 2144 2069 -

481 2133 630 2187 ferre
661 2146 768 2185 non
804 2131 1126 2185 abnuerent.
1155 2128 1317 2182 Binas
1345 2142 1408 2180 ea
1437 2127 1504 2180 de
1530 2140 1589 2179 re
1620 2120 1877 2192 epistolas
1899 2118 2067 2172 habe-
2141 2157 2145 2160 -

486 2238 632 2288 mus,
662 2237 892 2290 quarum
924 2220 1074 2289 prior
1102 2219 1189 2272 die
1216 2234 1269 2272 tv
1297 2216 1478 2272 Nonas
1521 2211 1842 2268 Novembris
1868 2217 1923 2263 et
1954 2208 2068 2277 qui-

487 2316 612 2370 dem
647 2314 751 2369 hoc
802 2327 968 2377 anno,
1014 2321 1073 2365 ut
1116 2311 1310 2380 probat
1354 2323 1532 2364 rerum
1586 2306 1786 2369 series,
1820 2303 1944 2356 data
1988 2307 2071 2355 est

487 2407 742 2478 episcopis
777 2415 825 2460 et
879 2402 1152 2458 abbatibus
1198 2418 1290 2469 per
1333 2398 1690 2470 Aquitaniam,
1721 2390 2070 2457 Guasconiam
2151 2428 2154 2432 .

491 2507 542 2553 et
580 2499 878 2568 inferiorem
936 2493 1299 2564 Burgundiam
1346 2488 1676 2553 constitutis;
1731 2485 1898 2539 altera
1942 2495 2074 2537 vero

497 2589 781 2660 Raynaldo
821 2585 1005 2642 abbati
1055 2584 1239 2640 Sancti
1291 2580 1547 2653 Cypriani
1592 2591 1758 2648 prope
1804 2575 2071 2638 Pictavos,

498 2695 658 2751 quem
707 2676 944 2748 pontifex
997 2675 1064 2729 ad
1115 2671 1382 2743 ejusmodi
1441 2669 1700 2740 pecunias
1749 2661 2077 2733 colligendas

499 2786 622 2825 cum
667 2768 928 2825 Gervasio
978 2766 1164 2821 Sancti
1213 2764 1398 2818 Sarini
1446 2761 1640 2816 abbate
1692 2757 2076 2813 destinaverat.

497 2860 666 2916 Forte
700 2858 860 2928 hujus
888 2854 1228 2930 collectionis
1256 2852 1545 2908 occasione
1573 2849 1814 2904 habitum
1841 2854 1924 2900 est
1946 2857 2078 2899 con-

502 2950 686 3006 cilium
709 2946 1009 3018 Burdigahn
1035 2947 1102 3000 ab
1125 2945 1340 3007 Amalo,
1358 2941 1597 3012 ejusdem
1629 2937 1780 2992 urbis
1809 2933 2082 3003 archiepi-

502 3057 666 3111 scopo
709 3051 766 3096 et
811 3037 1122 3110 apostolicae
1167 3037 1313 3093 sedis
1356 3035 1554 3105 legato,
1582 3035 1968 3091 eonvocatum,
2019 3026 2084 3079 de
2161 3078 2163 3081 .

2164 1873 2461 1941 Baldricus,
2498 1885 2684 1946 postea
2717 1875 2964 1931 Dolensis
3009 1874 3277 1946 antistesz;
3327 1873 3557 1928 tertium
3592 1873 3740 1943 Roge-

2166 1968 2249 2023 rio
2296 1967 2654 2039 Syracusanae
2699 1968 2960 2025 Ecclesiae
3015 1969 3070 2023 in
3117 1967 3314 2024 Sicilia
3372 1967 3632 2036 episcopo
3678 1965 3743 2018 in-

2167 2063 2450 2132 scriptum,
2475 2061 2561 2117 cui
2587 2078 2616 2116 a
2641 2077 2698 2116 se
2724 2075 2914 2117 recens
2938 2069 3260 2117 consecrato
3292 2058 3564 2117 Urbanus
3585 2057 3742 2111 omnia
3775 2104 3778 2108 .

2168 2155 2392 2212 omnino
2442 2153 2730 2210 confirmat
2772 2169 2891 2224 quae
2951 2153 3221 2226 Rogerius
3271 2166 3471 2208 comes
3519 2147 3745 2216 Ecclesia

2171 2247 2525 2318 Syracusanae
2578 2247 2897 2303 contulerat.
2942 2246 3109 2303 Error
3153 2246 3387 2316 irrepsit
3433 2242 3576 2313 apud
3623 2240 3743 2294 Roc-

2172 2340 2332 2395 chum
2359 2340 2629 2412 Pyrrhum
2661 2340 2716 2395 in
2745 2339 2930 2395 Sicilia
2959 2355 3114 2395 sacra
3135 2378 3151 2405 ,
3179 2337 3275 2394 ubi
3322 2339 3450 2392 hare
3479 2334 3622 2391 bulla
3646 2334 3745 2387 data

2174 2433 2373 2489 dicitur
2417 2433 2713 2490 indictione
2740 2449 2840 2500 xv;
2884 2449 3009 2488 nam
3055 2440 3274 2488 caetera:
3304 2440 3458 2510 notae
3502 2426 3744 2486 chronica:

2153 2525 2428 2598 [praesenti
2452 2540 2615 2589 anno,
2645 2540 2802 2595 quem
2831 2525 3030 2580 diserte
3067 2523 3252 2594 reipsa
3283 2522 3523 2585 indicat,
3551 2518 3742 2574 omnino

2178 2617 2526 2672 conveniunt.
2560 2617 2626 2671 Et
2656 2617 2872 2686 quidem
2919 2615 3183 2686 Rogerius
3230 2622 3370 2669 tunc
3400 2613 3456 2666 in
3493 2617 3742 2678 conquestu

2182 2708 2383 2764 Sicilire
2405 2707 2722 2779 episcopales
2753 2707 2994 2762 ecclesias
3025 2707 3313 2772 ordinavit,
3343 2715 3407 2760 ut
3432 2703 3524 2758 ille
3552 2702 3747 2771 ipsemet

2184 2808 2416 2854 testatur
2445 2799 2498 2854 in
2535 2798 2744 2855 duabus
2773 2798 2980 2854 chartis
3009 2798 3248 2869 ejusdem
3295 2795 3458 2862 anni,
3494 2793 3562 2847 ab
3586 2791 3744 2846 eodem

2187 2894 2409 2950 Boccho
2457 2895 2633 2966 Pyrro
2677 2893 2903 2959 relatis,
2954 2905 3183 2963 quarum
3233 2902 3345 2942 una
3393 2900 3496 2955 pro
3540 2876 3746 2936 Ecclesia

2188 2986 2563 3056 Agrigentina,
2591 2984 2763 3040 altera
2801 2999 2901 3054 pro
2928 2971 3168 3037 Ecclesia
3198 2973 3531 3033 Mazariensi
3551 3014 3564 3039 ,
3596 2980 3748 3026 mensi

2189 3081 2407 3137 Octobri
2439 3081 2566 3132 data
2597 3079 2716 3133 fuit.

658 3137 670 3148 .
945 3134 957 3146 .
1391 3130 1401 3140 .
1895 3136 1904 3148 ,
2067 3136 2078 3146 ,
2189 3113 2407 3137 uotum.
2439 3113 2566 3132 uasa
2597 3113 2716 3133 .u...

505 3152 613 3228 quo
659 3133 1030 3228 ‘9_9_'"°“'°°
1063 3131 1410 3228 Ψῗὶῃθδξρυξι.
1447 3128 1698 3228 Ιθβωξιῗτ
1730 3118 2084 3228 liic‘efm;
2111 3113 2156 3176 C
2188 3164 2349 3223 CXL.
2390 3163 2676 3218 Christiani
2723 3165 2776 3216 in
2819 3161 3076 3226 Hispania
3115 3157 3432 3228 prrevalent.
3457 3150 3748 3217 Rescripta":

506 3224 891 3280 11121101095...
937 3222 1217 3278 concilium
1243 3217 1530 3288 Burdigale
1577 3215 1702 3285 fuit.
1740 3211 1902 3266 Plura
1924 3209 1990 3265 de
2026 3222 2090 3264 eo
2156 3241 2159 3244 -

508 3317 739 3373 concilio
765 3312 1054 3380 habentur,
1089 3314 1142 3368 in
1175 3310 1464 3368 Chartario
1502 3305 1689 3362 Sancti
1717 3303 1863 3358 Petri
1893 3303 1958 3356 de
1985 3301 2095 3356 Re-

509 3411 656 3485 gula,
703 3427 756 3465 in
802 3425 908 3479 quo
940 3408 1229 3464 exhibetur
1277 3405 1699 3459 instrumentum
1733 3393 2095 3453 restitutionis

509 3483 725 3558 ξαεηοῦἱὶ
767 3500 948 3556 Sancti
995 3497 1237 3569 Caprasii
1286 3491 1538 3548 Pontonis
1597 3485 1927 3544 monasterio
1977 3483 2096 3537 Flo-
2156 3519 2160 3522 -

513 3592 775 3656 riacensi,
806 3605 836 3644 a
874 3604 981 3659 quo
1025 3587 1329 3656 Regulensc
1363 3573 1676 3651 pendet,’in
1710 3579 1813 3632 hoc
1863 3573 2094 3629 concilio
2161 3611 2172 3615 -

488 3682 676 3737 facta:
708 3696 803 3752 per
827 3678 1163 3732 Bernardum
1192 3675 1506 3744 episcopum
1537 3670 1867 3739 Aqucnsem,
1906 3673 2098 3736 agente

518 3772 744 3843 Osgerio
770 3770 968 3840 priore.
995 3765 1316 3836 Complures
1338 3762 1622 3832 episcopos
1644 3767 1698 3813 et
1725 3758 1946 3812 abbates
1975 3755 2101 3810 huic

518 3863 750 3923 concilio
795 3859 1106 3917 interfuisse
1155 3855 1222 3912 ex
1272 3854 1374 3909 hac
1423 3853 1614 3908 charta
1662 3849 1948 3911 discimus;
1979 3846 2103 3900 huic

521 3955 722 4028 quippe
756 3952 1129 4020 subscripsere
1174 3947 1403 4002 Amatus
1448 3939 1887 4011 archiepiscopus
1914 3936 2103 3990 Bardi-

522 4047 659 4121 galae
702 4055 758 4102 et
798 4044 941 4100 sedis
987 4040 1298 4114 apostolicae
1343 4036 1600 4102 vicarius,
1631 4031 1936 4088 Willelmus
1977 4029 2106 4084 Ber-

523 4118 682 4196 nardi
722 4135 1053 4202 Auxiensis;
1109 4131 1386 4204 episcopi,
1441 4118 1630 4184 Simon
1684 4123 1918 4196 Agenni,
1964 4123 2108 4192 Rey-

525 4236 719 4292 naldus
769 4232 1166 4303 Petragorieaa,
1221 4228 1523 4283 Ademarus
1579 4220 1908 4292 Egolismaa,
1961 4215 2108 4272 Hodo

524 4332 803 4400 Bigorrre,
843 4325 1125 4381 Bcrandus
1171 4322 1585 4382 Convenarum,
1640 4313 1834 4368 Petrus
1876 4308 2104 4370 Adurze,

528 4398 839 4492 Stephanus
886 4417 1144 4474 Vasatum
1192 4422 1248 4468 et
1288 4408 1597 4466 Bernardus
1640 4403 1930 4475 Aqnensis.
1972 4398 2109 4467 Quid

526 4529 658 4570 vero
697 4526 765 4567 ex
794 4511 877 4566 his
922 4507 1163 4565 collectis
1202 4502 1491 4575 profecerit
1529 4499 1806 4562 Urbanus,
1853 4509 1959 4549 non
2005 4502 2112 4546 tra-

527 4607 665 4660 dunt
693 4613 975 4667 auelores,
1005 4598 1110 4654 nisi
1154 4593 1582 4671 huclreferatur,
1629 4588 1773 4659 quod
1804 4587 1905 4642 sub
1950 4584 2112 4639 finem
2177 4595 2190 4607 ‘

529 4697 694 4769 hujus
737 4695 862 4752 anni
905 4694 1133 4748 Romam
1169 4680 1448 4758 ingressus
1494 4692 1600 4750 est,
1647 4690 1706 4735 ut
1758 4694 1884 4734 mox
1917 4676 2114 4732 dicturi

533 4804 749 4856 sumus;
779 4796 834 4844 et
860 4785 1003 4861 quod
1047 4780 1343 4844 Goffridus,
1386 4777 1489 4832 hoc
1520 4777 1638 4846 ipso
1665 4787 1808 4827 anno
1835 4769 2117 4825 institutus

533 4880 704 4938 abbas
749 4876 1067 4941 Vindocini,
1119 4873 1214 4944 qui
1260 4867 1618 4942 quatriduana
1673 4865 1821 4920 febre
1867 4861 2118 4916 detentus

535 4970 1062 5044 nondumaccedere
1091 4966 1159 5022 ad
1186 4961 1496 5036 pontificem
1523 4965 1796 5029 potuerat,
1826 4963 1888 5008 ut
1909 4968 1976 5007 ex
2001 4953 2119 5024 ejus
2197 4985 2204 4991 -

537 5064 764 5138 epistola
792 5064 848 5129 1,
881 5062 971 5117 lib.
1003 5060 1116 5116 iad
1139 5059 1315 5130 ipsum
1355 5054 1635 5112 Urbanum
1669 5050 1795 5104 data
1825 5056 1995 5118 patet,
2035 5047 2120 5101 his
2195 5079 2200 5083 ς

537 5158 762 5224 litteris,
789 5164 851 5211 ut
877 5155 1088 5210 videtur
1125 5152 1392 5208 excitatus
1438 5146 1538 5202 sub
1583 5142 1745 5214 hujus
1788 5143 1916 5196 anni
1955 5141 2119 5196 tinem

539 5259 638 5308 aut
685 5249 844 5305 initio
892 5245 1170 5315 sequentis
1211 5258 1332 5300 cum
1381 5252 1579 5310 magna
1621 5234 1862 5305 pecunia:
1910 5249 2121 5289 summa

541 5343 774 5400 Romam
819 5336 1122 5411 advenerit,
1170 5335 1442 5406 pontifici,
1479 5341 1540 5386 ut
1576 5330 1816 5386 dicemus
1862 5341 2008 5383 anno
2039 5342 2125 5382 se-

541 5434 755 5506 quenti,
783 5447 980 5504 magno
1010 5428 1320 5498 adjumento
1345 5426 1581 5482 futurus.

545 5523 836 5583 CXXXIX.
898 5519 1180 5589 Privilegia
1228 5533 1347 5589 pro__
1378 5509 2128 5589 monasteriis_novo._Pir_ta-

617 5597 800 5662 viensi,
843 5593 917 5662 S.
939 5582 1282 5658 Quintiniano
1310 5586 1682 5652 Bellorucensi,
1716 5582 2052 5653 Burgulicnsi
2077 5589 2126 5634 et

618 5661 858 5720 Ecclesia
889 5661 1251 5733 Syracusana.
1402 5673 1404 5676 '

620 5756 883 5814 Nonnulla
911 5751 1192 5828 privilegia
1218 5753 1322 5808 hoc
1353 5747 1736 5806 anno-labente
1765 5744 1993 5801 diversis
2023 5741 2123 5800 Ec-

2648 3250 2741 3304 pro
2772 3231 2966 3288 Sancto
2997 3229 3314 3285 Saturnino.

2262 3328 2414 3396 Quod
2443 3327 2709 3398 Rogerius
2739 3316 2798 3378 in
2850 3323 3056 3387 Sicilia,
3093 3321 3196 3375 hoc
3227 3321 3413 3389 ipsum
3462 3312 3598 3370 varii
3626 3306 3749 3380 prin:

2194 3424 2340 3493 cipes
2369 3419 2662 3477 Christiani
2697 3418 2836 3488 apud
2889 3415 3175 3484 Hispanias
3221 3413 3276 3467 in
3327 3408 3609 3466 catholica:
3649 3396 3747 3454 reli-

2196 3515 2372 3588 gionis
2423 3521 2772 3583 augmentum
2823 3505 3172 3579 praestabant,
3219 3518 3287 3558 eo
3345 3500 3559 3556 scilicet
3592 3485 3750 3548 intenti

2197 3619 2275 3675 ut,
2317 3607 2517 3661 Mauris
2549 3603 2738 3674 pulsis,
2769 3600 2929 3656 sininl
2974 3613 3096 3654 cum
3145 3611 3316 3667 regno
3366 3603 3590 3648 terreno
3615 3581 3747 3638 etiam

2199 3701 2399 3756 Christi
2430 3697 2716 3768 imperium
2747 3695 2801 3748 in
2829 3693 2913 3747 his
2948 3689 3260 3760 regionibus
3295 3681 3747 3751 redintegraretur.

2201 3792 2378 3849 Testis
2407 3798 2490 3846 est
2527 3789 2646 3859 ejus
2679 3788 2754 3841 rei
2781 3783 3042 3853 locuples,
3083 3778 3372 3834 Bertoldus
3401 3774 3469 3830 ad
3509 3771 3750 3859 hunc'a‘n-

2202 3901 2354 3950 num,
2386 3883 2477 3954 qui
2510 3850 2688 3936 scribit
2718 3850 3090 3938 Aldefo—nsum,
3133 3885 3316 3942 regem
3345 3862 3591 3924 Castellze
3624 3864 3672 3910 et
3690 3850 3752 3954 lle-

2203 3977 2414 4049 gionis,
2445 3988 2606 4044 quem
2651 3971 2742 4027 ille
2786 3978 2975 4024 auctor
3016 3963 3385 4020 Cluniacensis
3421 3953 3617 4013 abbatis
3658 3945 3750 3998 obe-

2205 4042 2541 4124 dientiarium
2596 4063 2870 4136 appellat,
2919 4058 3144 4132 paganis
3194 4070 3340 4124 saepe
3395 4042 3751 4136 prostratis-ct

2207 4164 2430 4236 fugatis,
2479 4129 2682 4216 multas
2703 4129 3011 4219 ecclesias;
3031 4165 3150 4222 quae
3181 4150 3249 4204 ab
3279 4148 3388 4202 illis
3427 4135 3667 4236 barbaris
3684 4129 3754 4236 de;

2208 4215 2430 4236 --σ--ηη
2483 4215 2487 4216 κ
2972 4215 2980 4219 .
3048 4215 3066 4222 -

2179 4252 2432 4314 structa:
2483 4253 2718 4318 fuerant,
2771 4251 2850 4304 his
2907 4243 3222 4316 temporibus
3270 4248 3577 4313 reparasse.
3632 4215 3756 4279 Ilaud

2178 4350 2182 4354 ’
2215 4350 2408 4406 minori
2440 4348 2621 4402 animo
2650 4345 2848 4415 agebat
2879 4341 2931 4395 in
2974 4335 3185 4392 Mauros
3213 4321 3756 4390 Sa'ncius'Aragoncn-

2139 4425 2192 4528 ι)
2219 4449 2358 4503 sium
2388 4460 2502 4510 rex,
2536 4456 2696 4512 quem
2736 4439 2989 4496 Urbanus
3029 4436 3083 4490 in
3130 4429 3398 4499 rescripto
3437 4422 3504 4478 ad
3543 4412 3754 4470 abbatem

2220 4543 2403 4599 Sancti
2429 4540 2653 4596 Joannis
2681 4538 2746 4592 de
2770 4535 2975 4599 Penna,
3000 4531 3365 4587 charissimam
3389 4519 3606 4577 amicum
3626 4508 3754 4599 suum

2222 4634 2474 4706 appellat.
2529 4630 2646 4699 Quo
2696 4638 2876 4683 autem
2937 4634 3179 4692 tempore
3230 4619 3417 4674 datum
3478 4591 3757 4706 fuerit}?c

2220 4685 2540 4795 rescriptum
2568 4721 2708 4777 haud
2734 4721 2931 4788 liquet;
2958 4725 3013 4771 at
3045 4728 3168 4769 cum
3206 4725 3349 4765 anno
3381 4685 3754 4795 ste'°"‘i_S"1:'

2222 4773 2540 4795 .--ν-τη---
2790 4773 2806 4788 ι
2919 4773 2931 4784 ,
3619 4778 3629 4788 .

2221 4819 2338 4875 cius
2368 4832 2482 4879 rex,
2508 4827 2668 4884 quem
2697 4810 2954 4866 Urbanus
2983 4807 3035 4860 in
3072 4819 3136 4858 eo
3165 4801 3367 4869 scripto
3400 4792 3596 4884 531"ch
3615 4773 3753 4884 lulbc?

2223 4864 2336 4875 νη-
2368 4864 2482 4879 __,_,
2514 4864 2648 4884 ,Γπ
2713 4864 2731 4866 _
3274 4864 3291 4869 _

2223 4909 2376 4966 initio
2401 4905 2599 4961 mensis
2639 4901 2783 4958 Junii
2827 4895 3144 4954 occubuerit
3191 4893 3245 4947 in
3277 4890 3431 4946 Oscae
3473 4864 3755 4966 ut'birsfltsl'

2224 5003 2402 5066 dione,
2447 4999 2538 5053 vix
2583 4996 2720 5052 ultra
2751 4998 3074 5064 praesentem
3106 4999 3308 5042 artuum
3350 4982 3520 5051 potest

2224 5093 2282 5148 In
2337 5047 2403 5146 eo
2459 5090 2709 5144 abbatem
2753 5047 3086 5138 [Pinnensem
3141 5047 3486 5146 reprehendit
3533 5047 3750 5148 pontilex:

2225 5183 2368 5254 quod
2395 5182 2650 5244 decimas
2690 5173 2936 5232 ecclesiae
2984 5168 3175 5227 Sancti
3224 5156 3502 5222 Saturnini
3541 5144 3752 5204 Tolosam

2226 5276 2506 5334 canonicis
2529 5273 2739 5330 debitas
2768 5265 3084 5324 invasisset.

2300 5391 2483 5452 CXLI.
2547 5384 2834 5444 Decretalis
2882 5381 2953 5452 ad
3003 5376 3349 5452 Dominicurn
3383 5353 3700 5442 patriarcham

2511 5459 2852 5514 Cradensem.
2875 5449 3217 5519 Privilegium
3237 5444 3516 5499 Lirinense.

2303 5554 2455 5610 Ilaud
2513 5547 2763 5605 dissimili
2815 5545 3024 5600 ratione
3067 5509 3135 5596 ad
3177 5540 3318 5593 hunc
3355 5509 3745 5610 quoquehamlz'j?

2230 5643 2470 5703 revocari
2495 5648 2670 5713 potest
2696 5632 2980 5692 decretalis
3010 5627 3208 5686 Urbani
3233 5599 3734 5713 epistola'athWj":

2231 5690 2668 5713 ,νων-.-τμη
3266 5690 3280 5694 _

2231 5756 2353 5796 cum
2382 5735 2708 5790 Gradcnsem
2741 5725 3131 5802 patriarcham,
3164 5720 3226 5776 de
3262 5701 3576 5773 excindendis
3604 5706 3630 5743 (ι
3652 5690 3743 5737 suo-
