3962 6312
108 360 133 383 ιη
202 333 309 387 ηπ

1762 324 1935 384 ἮΤΑ.

3351 328 3449 383 118

196 465 320 500 rum
348 446 604 515 graduum
628 445 879 516 dignitate
908 444 1237 499 subdiacouis
1259 446 1302 499 si
1325 445 1640 499 continentes
1670 458 1777 496 esse
1806 444 1863 502 Λ
1882 455 1945 494 ex
2005 441 2256 496 Bertoldo
2296 449 2517 499 auctore
2569 441 2761 512 aequali
2810 450 2863 496 et
2908 448 3160 515 accurato
3218 428 3445 502 cons-tat,

198 537 413 590 uolunt.
446 537 570 605 Ejus
599 534 839 605 epistola:
877 533 1235 603 fragmentum
1267 535 1557 589 Gratianus
1597 533 1778 588 retulit

198 629 254 682 in
288 631 509 684 decreto
535 628 662 681 dist.
694 627 925 695 59,cap.
956 642 1026 690 ιι,
1059 624 1406 680 Erubescant.
1438 625 1775 681 Dominicum

198 729 414 783 autem,
448 720 533 773 cui
566 719 879 773 inscribitur
902 719 1015 772 hinc
1043 718 1289 788 epistola,
1320 717 1419 773 sub
1456 718 1615 786 hujus
1649 718 1775 772 anni

199 812 393 877 tinem,
424 819 514 865 aut
546 810 701 863 initio
747 810 1021 878 sequentis
1047 811 1247 865 abiisse
1287 810 1588 879 colligimus
1616 824 1679 864 ex
1714 823 1779 864 eo

196 902 372 969 quod,
409 911 545 957 teste
582 902 807 972 Ughello
838 902 890 956 in
927 902 1078 957 Italia
1111 919 1287 965 sacra,
1316 902 1551 957 Joannes
1592 911 1644 957 et
1681 901 1778 956 Pc-

200 1007 343 1059 trus,
374 1008 514 1050 unus
557 982 680 1065 past
724 990 953 1050 aIterum
992 997 1039 1051 ei
1086 1012 1227 1050 anno
1259 996 1393 1050 1094
1425 995 1477 1048 in
1513 993 1776 1071 Gradensi

199 1086 447 1141 Ecclesia
478 1086 860 1142 successerint.
897 1087 1135 1157 Denique
1161 1090 1227 1143 ad
1268 1090 1409 1144 hunc
1451 1103 1647 1142 annum
1689 1103 1775 1143 re-

200 1176 430 1232 ferimus
459 1177 799 1247 privilegium
827 1180 1139 1234 monasterii
1165 1179 1464 1236 Lirinensis
1485 1179 1776 1234 Aldeberto

200 1270 386 1325 abbati
418 1272 757 1340 inscriptum,
808 1271 973 1340 quod,
1015 1274 1117 1328 etsi
1165 1274 1216 1327 in
1252 1273 1476 1344 vulgatis
1516 1272 1776 1341 exemplis

204 1360 405 1416 nullam
460 1361 825 1432 chronologiae
867 1374 1050 1418 notam
1100 1364 1371 1435 praeferat,
1405 1381 1432 1417 a
1463 1363 1664 1433 Barrali
1698 1371 1777 1418 ta-

205 1468 350 1518 men,
384 1455 477 1523 qui
526 1465 723 1511 vetera
756 1455 870 1524 ejus
915 1458 1228 1513 monasterii
1262 1459 1614 1513 instrumenta
1656 1472 1779 1509 con-

206 1556 490 1615 spexerat,
545 1548 648 1603 hoc
702 1564 842 1604 anno
904 1550 1255 1621 consignetur
1316 1550 1368 1605 in
1432 1548 1775 1617 cbronologia

207 1638 495 1695 Lirinensi.
548 1642 629 1695 Ad
674 1642 923 1697 eumdem
972 1660 1204 1707 annum,
1245 1644 1288 1697 si
1339 1645 1475 1697 bene
1522 1640 1773 1708 conjicio,

210 1730 449 1786 revocari
489 1731 650 1787 debet
686 1732 831 1806 bulla
874 1748 973 1802 pro
998 1734 1330 1802 parthcnone
1359 1731 1570 1799 Sancta:
1596 1730 1775 1783 Mariae

212 1820 266 1874 in
301 1819 505 1891 Campo
550 1820 747 1877 Martio
794 1823 999 1877 ordinis
1046 1822 1373 1878 Benedictini
1419 1823 1629 1887 Romm,
1672 1836 1775 1890 qua

216 1910 454 1967 Urbanus
502 1912 638 1967 duos
680 1913 903 1967 abbates
948 1913 1217 1967 Romanos
1265 1922 1319 1967 ct
1368 1930 1531 1967 unum
1578 1914 1777 1967 Arimi—

220 2017 427 2058 nensem
465 2012 882 2060 conservatores
926 2004 1042 2075 ejus
1084 2005 1185 2059 loci
1237 2007 1640 2075 possessionmn
1689 2009 1779 2063 de-

227 2096 412 2165 signat,
437 2098 677 2154 uthabet
697 2097 1026 2154 Cbronicum
1056 2096 1172 2167 ejus
1202 2098 1304 2154 loci
1331 2101 1469 2169 apud
1500 2100 1777 2156 Martinel-

235 2186 355 2241 lum.
392 2189 519 2242 Data
567 2190 767 2246 dicitur
812 2190 950 2261 apud
997 2200 1243 2246 sanctum
1293 2191 1507 2255 Petrum
1545 2193 1613 2247 28
1675 2193 1779 2248 No-

228 2281 462 2346 velabris,
486 2297 625 2337 anno
648 2299 702 2338 γι
748 2284 1101 2354 pontificatus
1144 2284 1382 2349 Urbani,
1430 2302 1591 2355 quem
1638 2286 1779 2341 male

220 2371 595 2441 interpretatur
638 2390 842 2430 annum
897 2376 1037 2432 1094
1085 2376 1420 2447 Hiacynthus
1467 2378 1535 2433 de
1604 2378 1776 2435 Nobili

213 2460 452 2518 Cbronici
506 2474 715 2520 auctor.
764 2466 822 2521 Id
872 2476 1052 2522 tamen
1102 2468 1428 2524 incommodi
1485 2479 1587 2534 est,
1636 2470 1779 2539 quod

211 2564 269 2604 ex
310 2553 455 2608 bulla
495 2571 596 2625 pro
641 2556 882 2612 Ecclesia
916 2557 1255 2629 Syracusana
1288 2561 1537 2629 superius
1565 2559 1777 2614 laudata

211 2640 450 2699 Urbanus
481 2644 741 2703 Kalendis
785 2647 916 2718 ipsis
953 2647 1268 2703 Decembris
1307 2649 1483 2703 adhuc
1521 2651 1779 2719 Anagniae

206 2734 539 2791 versabatur.
1010 2746 1015 2751 '

201 2821 389 2883 CXLII.
446 2828 683 2883 Anselmi
732 2831 1107 2900 archiepiswpi
1156 2831 1564 2887 Mediolanensts
1608 2850 1771 2888 mors.

693 2900 946 2969 Arnolfus
975 2903 1021 2955 ei
1043 2903 1291 2956 succedit.
1411 2918 1415 2921 '

262 3006 456 3063 Amisit
477 3008 581 3064 sub
610 3008 768 3081 hujus
795 3012 921 3067 anni
975 3014 1136 3068 ﬁnem
1187 3014 1434 3071 Urbanus
1462 3031 1597 3087 papa
1646 3025 1777 3073 stre-

1882 548 1986 586 non
2011 533 2078 587 ab
2099 549 2225 611 uno,
2257 550 2561 603 quanquam
2599 535 2650 588 id
2710 546 2829 605 post
2852 551 3031 589 unum
3075 549 3276 588 annum
3314 534 3451 586 inte.

1878 640 2084 695 gruma
2118 641 2213 680 sua
2265 626 2531 681 electione
2591 626 2788 682 factum
2837 628 3021 690 fuerit,
3074 628 3166 681 sed
3220 642 3249 679 a
3281 627 3451 680 tribus

1880 718 2144 788 episcopis
2183 719 2486 783 catltolicis,
2537 735 2765 790 quorum
2815 721 3029 774 nomina
3091 720 3229 775 idem
3263 727 3452 773 auctor

1879 819 2143 872 recenset,
2204 817 2555 864 consecratus
2615 809 2733 873 fuit,
2785 818 2845 863 ut
2890 825 2989 865 suo
3037 810 3155 865 loco
3189 810 3449 864 dicemus.

1880 896 2004 952 Haec
2026 898 2312 952 occasione
2341 899 2521 953 obitus
2546 898 2803 952 Anselmi.

1878 1009 2100 1066 CXLIII.
2131 1011 2407 1066 Anselmus
2430 1012 2488 1080 [it
2512 1012 2776 1081 episcopus
2814 1011 3139 1067 Cantuariis.
3178 1012 3309 1065 Cum
3338 1027 3451 1080 rege

2544 1082 2777 1138 dissidet.

1947 1192 2260 1255 Iacturam,
2313 1207 2473 1260 quam
2530 1200 2702 1245 morte
2756 1188 2992 1244 Anselmi
3042 1188 3453 1244 Mediolanensis

1878 1298 2131 1354 perpessa
2154 1292 2237 1339 est
2288 1283 2529 1339 Ecclesia
2584 1282 2848 1347 Romana,
2901 1281 3117 1352 egregie
3167 1282 3453 1335 resarcivit

1880 1373 2104 1428 alterius
2151 1372 2391 1427 Ansehni
2424 1373 2477 1426 in
2509 1370 2957 1427 Cantuariensem
2985 1370 3452 1439 archiepiScOputn

1877 1452 2170 1528 ordinatio,
2196 1480 2315 1534 quae
2352 1464 2455 1517 hac
2502 1463 2615 1532 ipsa
2642 1462 2729 1516 die
2771 1461 3043 1523 celebrata
3066 1470 3173 1525 est,
3200 1461 3251 1515 id
3282 1470 3364 1515 est
3416 1476 3452 1514 η

1878 1555 2057 1611 Nonas
2086 1556 2422 1619 Decembris,
2483 1570 2587 1625 qua
2636 1553 3048 1608 Mediolanensis
3094 1553 3383 1607 Anselnms
3425 1567 3455 1605 c

1877 1648 2013 1702 vivis
2071 1649 2324 1703 excessit.
2378 1647 2527 1701 IIanc
2584 1655 2763 1699 tamen
2830 1660 3021 1713 graves
3090 1644 3455 1699 dissensiones

1878 1739 2179 1793 subsecuta:
2234 1747 2359 1793 sunt
2413 1738 2555 1791 inter
2633 1737 2806 1806 ipsum
2866 1744 3114 1790 sanctum
3170 1735 3344 1789 virum
3402 1744 3456 1789 et

1880 1827 2170 1884 llenricum
2241 1843 2421 1897 regem
2494 1828 2721 1892 oborta},
2795 1841 2915 1895 quae
2962 1826 3051 1879 diu
3116 1825 3455 1892 multumque

1880 1918 2231 1988 Anglicanam
2264 1917 2559 1973 Ecclesium
2597 1916 2922 1971 afﬂixerunt.
2974 1915 3321 1970 ltemanserat
3359 1916 3457 1969 Ec-

1878 2011 2041 2065 clesia
2067 2010 2475 2066 Cantuariensis
2512 2010 2767 2080 episcopo
2797 2010 2986 2064 orbata
3017 2018 3137 2077 post
3162 2006 3454 2061 Lanfranci

1880 2109 2103 2154 mortem
2129 2108 2241 2154 toto
2268 2099 2647 2169 quadriennio,
2683 2113 2805 2152 cum
2848 2097 3020 2167 pridie
3055 2096 3238 2151 Nonas
3272 2095 3451 2148 Martii

1879 2189 2036 2258 hujus
2065 2190 2214 2256 anni,
2257 2189 2531 2245 Dominica
2562 2189 2733 2259 prima
2769 2187 3225 2258 Quadragesimre,
3250 2186 3457 2241 electus

1879 2292 1961 2338 est
1991 2284 2043 2337 in
2096 2283 2213 2353 ejus
2261 2282 2456 2345 locum,
2512 2296 2726 2337 summo
2772 2281 2936 2335 totius
2984 2279 3136 2350 regni
3183 2295 3246 2333 ac
3287 2278 3457 2348 ipsius

1880 2373 2023 2443 regis
2043 2372 2303 2443 applausu
2330 2370 2637 2436 Ansehnus,
2670 2379 2797 2425 tunc
2826 2369 3115 2425 Beccensis
3149 2369 3337 2433 abbas,
3364 2369 3456 2437 qui

1877 2463 1946 2517 ob
1965 2464 2205 2533 quautam
2236 2463 2548 2518 monasterii
2581 2462 2661 2516 sui
2694 2462 2907 2532 negotia
2938 2460 3076 2515 fante
3127 2460 3178 2513 in
3208 2458 3455 2528 Angliam

1880 2556 2275 2622 transmiserat,
2308 2554 2443 2609 nihil
2496 2554 2599 2609 tale
2650 2553 2914 2624 cogitans.
2964 2551 3190 2607 Omnem
3226 2550 3457 2618 lapidem

1880 2646 2046 2699 movit
2076 2646 2158 2698 vir
2180 2654 2421 2711 sanctus,
2459 2653 2519 2699 ut
2552 2660 2580 2698 a
2612 2659 2670 2699 se
2700 2652 2907 2698 tantum
2937 2657 3075 2698 onus
3117 2641 3452 2703 amoliretur,

1878 2738 1943 2790 azl
1979 2737 2120 2806 quod
2153 2751 2210 2790 se
2237 2736 2415 2790 minus
2468 2744 2650 2805 aptum
2697 2749 2819 2789 esse
2837 2734 3052 2789 sincero
3076 2732 3258 2787 animo
3298 2746 3457 2801 repu-

1881 2827 2198 2883 tabat.Visa
2244 2835 2327 2881 est
2359 2827 2407 2882 ei
2450 2836 2752 2897 opportuna
2802 2824 3133 2881 declinanda:
3173 2821 3333 2891 hujus
3374 2822 3458 2877 di-

1878 2918 2096 2986 gnitatis
2147 2918 2403 2982 occasio,
2475 2917 2707 2973 schisma
2777 2916 2919 2987 quod
2983 2926 3109 2971 tunc
3154 2915 3454 2970 Ecclesiam

1876 3006 2173 3061 Romanam
2204 3004 2512 3061 aﬂlictabat.
2561 3005 2767 3076 Quippe
2821 3021 2943 3061 cum
2998 3006 3233 3061 nondum
3258 3005 3310 3059 in
3338 3005 3453 3059 An-

200 3097 518 3153 nuissimum
547 3102 782 3170 partium
829 3117 1047 3158 suarum
1074 3116 1549 3176 propugnatorem,
1583 3108 1770 3163 Ansel~
1801 3136 1842 3193 ο
1878 3099 2003 3171 Elia.
2036 3099 2116 3154 8Ῐο
2153 3114 2276 3169 rege
2300 3098 2533 3163 νοῙθηίθο
2576 3099 2698 3168 (Illis
2728 3115 2826 3169 ρτο
2856 3112 2984 3154 Vero
3019 3094 3277 3170 Pomm“
3312 3108 3456 3153 esset

198 3202 334 3243 mum
386 3189 849 3247 Mediolanensem
901 3194 1388 3264 archiepiscopum.
1441 3212 1471 3251 a
1527 3212 1657 3267 quo,
1718 3210 1775 3253 ut

198 3284 448 3351 diximus,
504 3285 787 3342 Conradus
858 3296 985 3344 ante
1065 3288 1273 3359 aliquot
1344 3305 1558 3359 menses
1624 3292 1773 3361 regni

198 3378 588 3450 Langobardiae
613 3394 814 3436 corona
865 3381 1152 3453 insignitus
1209 3382 1404 3437 fuerat.
1437 3381 1565 3450 Ejus
1587 3385 1774 3439 mortis

200 3484 387 3524 annum
438 3470 653 3526 indicat
702 3470 1024 3539 Bertoldus,
1078 3472 1217 3527 diem
1247 3487 1374 3527 vero
1421 3473 1677 3528 discimus
1706 3489 1775 3529 ex

195 3562 356 3616 veteri
410 3561 664 3633 catalogo
713 3562 1241 3633 archiepiscoporum
1271 3563 1769 3630 Mediolanensium,

197 3667 345 3722 quem
381 3660 577 3710 noster
624 3652 966 3710 Mabillonius
1021 3663 1167 3709 tomo
1199 3655 1218 3708 l
1250 3654 1433 3710 Musaei
1460 3656 1628 3710 Italici
1658 3656 1772 3711 vul-

196 3743 353 3813 gavit,
404 3743 507 3798 ubi
587 3742 875 3799 Ansehnus
949 3743 1155 3800 sedisse
1215 3745 1414 3799 dicitur
1458 3760 1628 3799 annos
1674 3762 1770 3812 vn,

195 3849 401 3892 menses
455 3851 497 3890 v
554 3843 608 3889 et
656 3835 775 3891 dies
815 3851 867 3891 tv
899 3875 914 3901 ,
974 3850 1038 3890 ac
1090 3834 1287 3891 obiisse
1363 3836 1535 3905 pridie
1593 3835 1772 3893 Nonas

195 3924 528 3993 Decembris,
552 3926 793 3996 sepultus
820 3914 1125 3983 inbasilica
1182 3928 1565 4003 apostolorum.
1626 3929 1769 3985 Sub-

195 4020 402 4077 stitutus
420 4028 516 4077 est
541 4020 870 4090 eiArnulfus
896 4037 990 4079 seu
1013 4021 1287 4089 Arnolfus,
1302 4038 1463 4093 quem
1484 4022 1769 4079 Bertoldus

194 4110 495 4196 Arnoldum.
514 4112 578 4166 de
609 4111 773 4167 Porta
797 4100 1039 4184 argentea
1074 4123 1368 4185 nuncupat.
1400 4114 1561 4169 Plura
1588 4115 1769 4171 de-bis

194 4200 381 4258 habent
402 4201 731 4270 Puricellus,
757 4205 1011 4276 Sigonius
1041 4206 1093 4260 in
1127 4206 1362 4262 Historia
1401 4207 1547 4277 regni
1577 4207 1766 4273 Italici,

193 4292 671 4362 etPapebrochius
728 4296 781 4349 in
835 4296 1081 4364 catalogo
1120 4294 1599 4352 Mediolanensium
1658 4299 1768 4368 epi-

193 4394 470 4450 scoporum
502 4390 645 4440 tomo
668 4384 755 4440 VII
778 4384 903 4439 Maii
931 4385 1282 4452 Bollandiani;
1298 4403 1416 4456 quae
1434 4390 1501 4443 ad
1526 4397 1765 4443 nostrum

1880 3189 2537 3255 habendus,declaratum
2587 3188 2798 3255 fuisset,
2852 3189 2966 3257 ipse
3017 3189 3195 3259 palam
3246 3189 3454 3244 denun-

1879 3279 2030 3333 tiavit
2081 3294 2140 3333 se
2196 3293 2429 3349 semper,
2480 3294 2805 3349 quocunque
2859 3280 3018 3335 modo
3071 3295 3157 3334 res
3199 3288 3452 3343 verteret,

1880 3370 2116 3435 Urbano,
2147 3370 2304 3425 sicuti
2360 3385 2531 3441 usque
2605 3386 2756 3427 nunc
2800 3371 3037 3436 fecerat,
3089 3370 3450 3427 obediturnm.

1876 3460 2038 3531 quue
2077 3470 2410 3517 contestatus
2466 3470 2571 3527 est,
2625 3462 2771 3532 quod
2821 3445 3010 3515 revera
3067 3461 3146 3515 sic
3192 3461 3243 3514 in
3274 3462 3456 3514 animo

1876 3551 2122 3615 haberet,
2149 3561 2259 3604 tum
2290 3553 2413 3621 quia
2471 3568 2536 3606 ex
2583 3550 2947 3606 declaratione
3003 3552 3257 3620 sperabat
3302 3565 3360 3605 se
3387 3553 3455 3603 ab

1874 3641 2062 3712 Anglis
2092 3640 2352 3711 rejectum
2381 3642 2466 3696 iri.
2514 3644 2585 3696 At
2638 3641 2773 3695 nihil
2828 3642 3051 3697 omnino
3092 3640 3341 3711 profecit.
3378 3642 3453 3695 |l1i

1874 3735 2017 3790 enim
2044 3741 2359 3791 constanter
2408 3732 2462 3787 in
2518 3732 2798 3803 proposito
2816 3743 3261 3802 perseverarunt.
3302 3733 3455 3800 Quod

1874 3829 1987 3899 ipse
2016 3837 2245 3883 testatur
2280 3828 2333 3881 in
2376 3826 2599 3898 epistola
2630 3826 2720 3891 ‘21,
2778 3826 2900 3882 libri
2954 3844 3036 3893 nt,
3065 3828 3146 3882 sic
3174 3830 3239 3883 ad
3270 3828 3452 3899 Hugo-

1873 3934 1997 3989 nem
2041 3919 2454 3997 Lugdunensem
2495 3920 2785 3975 scribens:
2831 3920 3123 3993 Antequam
3174 3922 3456 3991 praberem

1873 4030 2162 4081 assensum,
2191 4013 2365 4083 palam
2394 4014 2505 4068 dixi
2556 4031 2635 4067 me
2684 4013 2859 4082 favere
2906 4012 3118 4069 domino
3171 4031 3321 4085 papa:
3347 4014 3453 4068 Ur-

1874 4105 2006 4160 bano
2035 4114 2081 4160 et
2100 4094 2354 4160 ’Guiberto
2402 4107 2689 4161 adversari.
2745 4104 2808 4160 Et
2857 4108 2956 4177 feci
3001 4123 3048 4162 et
3097 4109 3209 4161 dixi
3254 4126 3343 4178 per
3365 4128 3454 4165 sea:

1839 4184 1845 4275 ί
1872 4214 2067 4252 menses
2090 4198 2229 4268 quod
2253 4197 2398 4268 potui
2416 4199 2527 4253 sine
2552 4208 2781 4269 peccato,
2799 4208 2854 4253 ut
2886 4201 3198 4255 dimittercr.
3240 4200 3454 4257 lllustre

1872 4289 2028 4359 paqu
2053 4298 2173 4359 post
2201 4298 2256 4345 et
2280 4290 2551 4361 publicum
2603 4305 2716 4347 suae
2772 4306 2899 4361 erga
2962 4291 3239 4348 Urbanum
3271 4296 3454 4364 ponti-

1842 4380 2026 4435 Vticem
2060 4382 2377 4436 reverentia:
2421 4389 2476 4436 et
2523 4382 2768 4451 obsequii
2792 4392 3170 4453 argumentum
3195 4385 3452 4453 praebuit,

194 4472 501 4530 institutum
531 4490 638 4531 non
666 4478 916 4532 attinent.
942 4479 1199 4535 Arnulfus
1229 4481 1501 4536 nonnullis
1534 4481 1764 4537 fortasse
1790 4473 1844 4534 D
1870 4489 1992 4527 cum
2018 4474 2069 4528 ei
2100 4473 2293 4529 librum
2319 4473 2533 4538 dende.
2563 4488 2656 4528 seu
2681 4474 3057 4530 lllcal'nalimle
3093 4473 3275 4540 verbis
3309 4476 3452 4546 (100d

194 4562 478 4632 videbitur,
515 4574 573 4620 ut
605 4566 822 4636 quidem
854 4568 1095 4639 plerique
1123 4580 1369 4636 censent,
1394 4572 1438 4626 is
1458 4571 1571 4641 ipse
1597 4572 1762 4629 fuisse

195 4650 473 4711 Mediolani
533 4658 991 4728 archiepiscopus,
1050 4662 1162 4730 qtti,
1198 4672 1254 4715 ιιι
1300 4664 1350 4715 in
1404 4662 1605 4718 Urbani
1643 4663 1759 4719 Vita

195 4744 397 4818 legitur,
439 4748 514 4804 ab
538 4765 645 4805 uno
669 4758 874 4805 tantum
914 4753 1166 4822 episcopo
1194 4755 1461 4810 catholico
1482 4757 1762 4812 ordinatus

196 4836 304 4902 fuit,
341 4840 531 4896 multis
562 4840 681 4896 aliis
715 4845 1071 4912 praesentibus
1103 4846 1318 4914 quidem
1362 4856 1417 4901 et
1462 4849 1760 4903 assentien-

196 4930 348 4997 tibus,
381 4934 479 4989 sed
533 4949 774 4999 manum,
826 4936 969 5004 quod
1016 4937 1343 4992 schismatici
1394 4946 1594 5002 essent,
1653 4956 1758 4995 non

197 5022 590 5092 imponentibus
641 5044 655 5079 :
720 5027 920 5096 quique
977 5028 1352 5083 investitnram
1408 5032 1477 5085 ab
1531 5031 1761 5087 Henrico

196 5114 456 5183 recepisse
517 5115 749 5182 dicitur,
803 5117 872 5172 ob
937 5117 1097 5187 idque
1147 5136 1175 5172 a
1237 5119 1411 5191 legato
1468 5122 1759 5191 apoStolieo

196 5213 572 5262 exauctoratus
634 5207 686 5261 in
759 5210 1149 5263 monasterium
1212 5211 1522 5276 secessisse,
1579 5213 1759 5282 ibique

198 5303 590 5361 perseverasse,
624 5311 797 5366 usque
831 5297 956 5351 dum
1005 5299 1073 5352 ab
1122 5297 1339 5356 Urbano
1372 5301 1623 5357 Ecclesia:
1650 5318 1759 5357 sua:

202 5381 477 5438 restitutus
502 5398 566 5439 ac
594 5384 755 5455 pallio
789 5386 1020 5442 donatus
1059 5388 1265 5455 fuerit;-
1287 5391 1379 5444 sed
1434 5392 1537 5446 hoc
1568 5392 1759 5446 melius

200 5465 440 5526 Anselmo
460 5471 576 5542 ejus
602 5476 983 5544 praedecessori
1007 5482 1363 5534 conveniunt:
1392 5497 1515 5535 nam
1544 5489 1757 5537 constat

204 5556 497 5617 Anselmum
526 5564 592 5621 ab
620 5564 853 5625 Henrico
897 5569 1022 5625 huic
1058 5570 1171 5625 sedi
1219 5570 1525 5642 impositmn
1560 5570 1751 5640 fuisse;

217 5652 432 5715 {uamvis
494 5664 704 5725 postea,
759 5669 820 5714 ut
871 5659 1138 5727 diximus,
1174 5662 1240 5717 ad
1269 5679 1466 5718 annum
1518 5666 1655 5722 1088
1686 5668 1754 5722 ad

207 5734 397 5799 Urbani
425 5755 604 5816 partes
636 5750 948 5808 accesserit.
997 5751 1063 5807 Et
1119 5753 1339 5823 quidem
1386 5754 1661 5827 Arnult’us,
1696 5767 1755 5815 ut

1872 4571 2063 4620 contra
2108 4563 2453 4618 Roscelinum
2506 4564 2822 4620 bmreticum
2863 4566 3451 4633 conscripserat,nun-

1868 4654 2086 4725 cupavit
2113 4668 2178 4708 eo
2204 4662 2379 4723 pacto,
2409 4663 2466 4708 ut
2503 4655 2675 4724 ipsum
2703 4654 2819 4723 ejus
2871 4670 3112 4710 censurae
3146 4656 3450 4713 committe-

1866 4756 1968 4800 ret.
2008 4743 2121 4799 Non
2146 4748 2242 4800 abs
2276 4760 2334 4801 re
2365 4747 2469 4800 erit
2498 4746 2604 4801 huc
2627 4746 2868 4817 proferre
2894 4747 3008 4816 ipsa
3028 4746 3265 4802 Ansehni
3284 4750 3447 4804 verba

1867 4841 2061 4909 quibus
2100 4840 2241 4896 hunc
2268 4840 2315 4893 ei
2358 4840 2553 4895 librum
2584 4841 2887 4911 rescripsit.
2930 4859 2948 4892 ‹
2977 4842 3203 4896 Domino
3225 4850 3278 4897 et
3301 4841 3447 4899 Patri

1867 4931 2134 4985 universa:
2189 4931 2443 4986 Ecclesia:
2480 4932 2533 4987 in
2590 4942 2733 4989 terra
2795 4933 3192 5004 peregrinantis
3236 4951 3447 4990 summo

1866 5022 2099 5091 pontiﬁci
2134 5021 2378 5087 Urbano
2433 5022 2605 5077 frater
2652 5022 2959 5089 Anselmus,
3010 5022 3122 5077 vita
3165 5036 3444 5093 peccator,

1866 5112 2052 5166 habitu
2107 5114 2427 5178 monachus,
2492 5114 2607 5169 sive
2670 5113 2919 5182 jubente,
2944 5113 3059 5169 sive
3102 5116 3447 5184 permittente

1866 5204 1997 5269 Deo,
2036 5204 2344 5261 Cantuariae
2397 5204 2713 5275 metropolis
2761 5213 2984 5261 vocatus
3010 5205 3314 5275 episcopus,
3355 5207 3447 5261 de-

1864 5296 2032 5350 bitam
2061 5294 2449 5364 subiectionem
2480 5312 2603 5351 cmn
2662 5295 2855 5351 humili
2910 5296 3135 5352 servitio
3163 5305 3218 5350 et
3238 5297 3445 5354 devotis

1863 5390 2224 5446 orationibus.
2285 5389 2419 5444 Tum
2486 5389 2678 5444 librum
2741 5405 2897 5445 suum
2943 5388 3204 5458 pontiﬁcis
3236 5388 3442 5456 judicio

1864 5485 2133 5538 committit
2167 5485 2245 5537 his
2268 5482 2434 5537 verbis
2466 5482 2816 5549 :‘Quoniam,
2866 5482 3054 5551 inquit,
3109 5479 3287 5535 divina
3320 5495 3443 5549 pro-

1866 5576 2103 5630 videntia
2158 5584 2393 5629 vestram
2419 5575 2583 5646 elegit
2641 5575 3012 5637 sanctitatem,
3063 5571 3149 5627 cui
3184 5571 3351 5625 vitam
3386 5579 3441 5626 et

1866 5652 2024 5721 fidem
2047 5666 2411 5721 Christianam
2437 5666 2867 5731 custodiendam,
2885 5674 2940 5720 et
2960 5661 3255 5719 Ecclesiam
3283 5677 3439 5719 suam

1838 5734 2156 5824 regendam
2214 5759 2605 5825 committeret,
2646 5759 2713 5815 ad
2762 5757 2967 5816 nullum
3017 5753 3181 5813 alium
3240 5754 3449 5813 rectius
