3962 6312
568 377 672 435 H9

1907 363 1966 418 Β.
2012 327 2268 416 unum
2299 357 2342 413 u
2377 356 2580 414 nam

3676 359 3756 413 13.0

567 495 826 558 refertur,
855 491 899 546 si
940 491 1071 560 quid
1120 495 1307 545 contra
1339 483 1666 540 catholicam
1700 481 1859 537 fidem
1888 481 2064 534 oritur
2095 477 2146 531 in
2177 476 2225 532 Α
2251 491 2428 529 eorum
2459 473 2770 544 injustitiam
2795 471 2864 524 ad
2885 479 3088 540 tempus
3116 467 3355 535 tolerare,
3377 485 3522 540 quam
3546 468 3770 529 Romanos.

565 587 828 650 Ecclesia,
861 593 918 640 ut
958 585 1077 655 ejus
1105 581 1434 637 auctoritate
1490 577 1815 647 corrigatur.
1847 572 1994 644 Opus
2015 587 2145 625 vero

566 697 724 738 suum
762 681 872 736 esic
923 680 971 734 ei
1023 675 1412 732 xaminandum
1459 672 1734 742 proponit,
1767 679 1825 724 ut
1855 669 1899 723 si
1935 667 2062 737 quid
2091 665 2142 719 in

564 788 632 828 eo
677 769 1058 841 corrigendum
1106 776 1212 834 est,
1266 766 1380 835 ejus
1428 778 1657 819 censura
1715 761 2032 830 castigatur,
2093 765 2146 810 et

564 864 709 933 quod
736 861 976 934 regulam
1007 858 1253 915 veritatis
1299 864 1465 923 tenet,
1496 854 1610 924 ejus
1633 852 1956 907 auctoritate
1982 849 2142 904 robo-

563 963 733 1009 retur.
768 972 788 1004 ι

633 1044 768 1100 Cum
794 1043 978 1112 itaque
1000 1039 1135 1096 nihil
1169 1037 1372 1109 Anglos
1400 1036 1466 1091 ab
1494 1031 1832 1104 eillagitando
1878 1030 1931 1084 in
1969 1028 2146 1083 archi-

563 1136 879 1206 episcopum
914 1132 1172 1188 Anselmo
1208 1142 1468 1184 revocare
1500 1135 1704 1195 posset,
1739 1123 2028 1177 accedente
2056 1134 2145 1174 ar-

565 1227 901 1297 chiepiscopi
953 1226 1065 1290 sui,
1123 1223 1177 1278 id
1226 1232 1309 1278 est
1360 1217 1828 1289 llothomagensis,
1888 1216 1942 1269 iu
1993 1211 2147 1280 cujus

566 1322 789 1378 dioecesi
815 1319 1045 1375 Beccum
1075 1319 1238 1371 situm
1274 1324 1378 1380 est,
1431 1311 1775 1375 auctoritate,
1801 1306 2148 1374 omniumque

563 1413 830 1468 bonorum
881 1409 1132 1473 consilio,
1182 1405 1491 1462 Cantuaria:
1538 1402 1751 1457 tandem
1799 1406 2147 1453 consecratus

565 1513 651 1558 est
678 1502 851 1572 pridie
898 1499 1079 1555 Nonas
1130 1497 1441 1552 Decembris
1472 1509 1616 1548 anno
1664 1489 1821 1553 1093,
1874 1502 1938 1544 ac
1988 1484 2147 1556 paulo

563 1607 688 1664 post
714 1594 913 1649 Christi
946 1591 1216 1646 Natalium
1252 1587 1598 1644 festivitatem
1638 1582 1959 1640 solemniter
1988 1579 2145 1634 simul

564 1703 692 1742 eum
745 1701 872 1757 rege
921 1683 1230 1740 celebravit.
1279 1681 1471 1734 Mirum
1525 1679 1744 1749 quidem
1797 1684 1880 1729 est
1932 1687 2053 1726 eum
2078 1671 2145 1725 ab

562 1781 879 1851 Anglicanis
905 1777 1189 1849 episcopis,
1219 1776 1309 1846 qui
1343 1775 1519 1829 adhuc
1564 1771 1828 1840 ancipites
1881 1777 2036 1824 erant
2078 1782 2147 1822 an

564 1875 787 1931 Urbano
842 1888 1010 1943 papae.
1059 1879 1153 1926 aut
1206 1869 1457 1924 Wiberto
1514 1866 1631 1936 ejus
1682 1864 1875 1920 aemulo
1927 1860 2148 1918 obedire

563 1965 842 2028 deberent,
896 1963 1200 2018 ordinatum
1246 1959 1436 2021 fuisse,
1492 1956 1756 2024 cumipse
1808 1945 1987 2025 palam
2020 1967 2146 2021 pro-

566 2064 859 2111 testaretur
881 2069 940 2110 se
968 2055 1033 2108 ah
1060 2052 1264 2109 Urbani
1321 2049 1656 2112 obedientia,
1704 2055 1758 2100 ut
1785 2061 1907 2099 mox
1931 2041 2147 2097 diceba-

563 2165 710 2212 mus,
749 2163 1024 2216 nunquam
1077 2159 1445 2200 recessurum.
1505 2141 1610 2196 Sed
1637 2155 1796 2194 nemo
1820 2146 2019 2199 tamen,
2049 2148 2148 2187 "CC

564 2242 682 2310 ipse
709 2239 977 2308 pontifex,
1015 2239 1068 2292 id
1095 2249 1190 2292 aut
1239 2237 1517 2300 Anselmo,
1551 2242 1640 2287 aut
1681 2229 1993 2300 Anglicanis
2031 2227 2146 2297 epi-

566 2331 752 2402 scopis
783 2330 918 2384 vitio
947 2329 1126 2384 vertit.
1158 2328 1312 2384 Unde
1334 2342 1456 2382 cum
1499 2334 1682 2396 postea
1709 2321 1985 2378 Walterus
2020 2316 2146 2372 illud

566 2422 747 2492 ipsum
778 2422 1038 2476 Anselmo
1083 2421 1464 2491 exprobasset,
1523 2418 1611 2471 ille
1662 2417 1766 2472 hoc
1800 2413 2143 2486 potissimum

567 2522 889 2584 argumento
918 2528 976 2568 se
1005 2513 1265 2577 defendit,
1305 2512 1448 2582 quod
1486 2511 1540 2566 id
1571 2510 1753 2566 sciens
1773 2505 2014 2579 pontifex
2041 2520 2146 2560 non

565 2605 740 2663 solum
773 2621 880 2660 non
909 2603 1296 2673 improbaverit
1318 2603 1542 2664 factum,
1571 2599 1665 2655 sed
1691 2599 1853 2654 etiam
1884 2596 1931 2652 ei
1961 2604 2148 2667 postea

565 2697 787 2768 pallium
836 2696 1040 2765 absque
1092 2695 1196 2749 ulla
1245 2692 1560 2749 ditIicultate
1614 2691 1968 2747 concesserit.
2021 2687 2148 2743 llaec

566 2786 725 2842 fuere
764 2785 1116 2855 pontiﬁcatus
1166 2784 1407 2839 Ansehni
1455 2783 1563 2836 lata
1620 2782 1790 2844 initia,
1842 2779 1936 2834 sed
1983 2793 2148 2848 quam

563 2877 720 2932 brevi
744 2876 796 2930 in
841 2875 1236 2930 amaritudines
1296 2888 1554 2929 conversa
1579 2871 1759 2927 fuere!
1795 2870 2001 2940 Quippe
2026 2886 2148 2925 cum

561 2967 853 3023 Auselmus
879 2966 991 3038 regi
1030 2965 1171 3021 mille
1197 2965 1358 3020 libras
1388 2967 1823 3029 denariorrrnnut
1849 2959 2148 3017 Eadmerus

565 3058 758 3125 refert,
809 3075 904 3130 pro
945 3058 1160 3129 agendis
1207 3057 1579 3126 muniﬁcentia:
1626 3073 1739 3110 sum
1786 3055 1970 3126 gratiis
2023 3055 2150 3108 dare

566 3153 844 3214 tenuisset,
874 3150 928 3204 in
984 3149 1127 3205 illius
1178 3148 1608 3220 indignationem
1660 3146 1906 3201 incurrit.
1962 3144 2142 3198 Prima
2171 3175 2217 3237 Ο

565 3245 684 3300 ιιωο
711 3242 1041 3299 Willelmum
1071 3257 1254 3313 regem
1280 3242 1424 3296 inter
1459 3248 1514 3295 et
1557 3247 1806 3294 sanetum
1846 3237 2143 3291 antistitem

564 3333 913 3389 dissidiorum
945 3331 1209 3404 germina,
1238 3329 1398 3401 paulo
1427 3338 1548 3400 post
1578 3327 1803 3383 multum
1835 3341 2142 3389 excrevere,

563 3441 689 3483 eum
731 3426 908 3481 eidem
976 3425 1088 3494 regi
1131 3424 1187 3479 in
1261 3419 1683 3478 transmarinam
1749 3418 2146 3489 expeditionem

561 3533 888 3590 processum
946 3525 1170 3572 sanctus
1232 3513 1464 3569 antistes
1517 3511 1724 3568 monita
1774 3509 1966 3566 salutis
2019 3507 2148 3563 dare

562 3612 844 3668 voluisset.
879 3611 1006 3666 llaec
1059 3625 1203 3664 anno
1237 3608 1372 3662 1095
1426 3617 1480 3660 et
1510 3605 1664 3660 initio
1709 3603 1990 3673 sequentis
2027 3612 2147 3656 acta

563 3706 754 3770 fuere;
795 3702 926 3772 quid
981 3703 1106 3755 inde
1167 3709 1291 3769 post
1336 3699 1478 3767 regis
1536 3698 1588 3750 in
1639 3695 1888 3763 Angliam
1919 3693 2149 3748 reditum

566 3803 920 3851 consecutum
947 3789 1134 3855 fuerit,
1164 3789 1408 3844 dicemus
1443 3785 1508 3840 ad
1537 3801 1738 3840 annum
1780 3782 1935 3840 1095.

923 3923 1150 3980 CXLIV.
1183 3921 1426 3977 Urbanus
1454 3920 1632 3976 Romae
1658 3919 1817 3990 degit.

642 4045 873 4100 Romam
903 4041 1003 4097 sub
1032 4038 1195 4110 hujus
1225 4040 1353 4094 anni
1407 4039 1568 4095 finem
1605 4052 1858 4097 reversus
1879 4039 2153 4108 Urbanus,

573 4136 648 4192 ibi
678 4132 1025 4188 Nativitatem
1063 4131 1298 4197 Domini,
1345 4130 1630 4186 deﬁciente
1674 4131 1728 4186 in
1757 4132 1873 4187 dies
1912 4131 2154 4186 Guiberti

573 4225 832 4291 factione,
865 4223 1179 4279 solenmiter
1209 4222 1523 4286 celebravit,
1553 4231 1612 4276 ut
1665 4223 1829 4279 habet
1872 4223 2155 4279 Bertoldus

574 4316 730 4372 initio
775 4316 902 4370 anni
943 4314 1112 4381 £094;
1166 4313 1303 4369 solet
1359 4313 1556 4384 quippe
1601 4313 1690 4369 hic
1751 4324 1942 4372 auctor
1984 4331 2156 4372 annos

571 4407 835 4464 aChristi
889 4405 1168 4461 Natalibus
1217 4407 1478 4460 exordiri.
1529 4407 1599 4460 At
1651 4407 1945 4463 Guibertus
1993 4407 2154 4463 simul

572 4515 698 4554 cum
733 4497 967 4554 llenrico
1024 4497 1352 4568 imperatore
1413 4496 1782 4554 tucheroua:
1808 4501 2150 4566 versabatur,

572 4588 647 4643 ita
673 4589 854 4643 anhuo
881 4587 1108 4653 fractus,
1133 4595 1190 4642 ut
1218 4588 1409 4642 eodem
1434 4587 1684 4644 Bcrtoldo
1713 4597 1871 4655 teste,
1903 4597 2156 4660 papatum

572 4697 628 4734 se
657 4680 873 4734 libenter
898 4680 1239 4733 dimissurum
1272 4678 1618 4745 simulaverit,
1649 4681 1695 4735 si
1731 4681 1838 4735 alio
1865 4681 2020 4735 modo
2049 4698 2156 4752 pax

573 4772 631 4825 in
678 4767 914 4827 Ecclesia
946 4771 1246 4841 recuperari
1283 4788 1386 4825 non
1434 4772 1682 4841 potuerit.
1730 4771 1924 4828 Multos
1973 4781 2156 4829 tamen

574 4860 750 4915 adhuc
776 4857 1218 4916 habebatRomae
1267 4861 1515 4915 homines
1577 4877 1687 4916 suae
1709 4862 1850 4931 parti
1889 4861 2153 4930 addictos,

573 4952 664 5022 qui
693 4953 990 5008 servientes
1029 4953 1282 5022 tempori,
1339 4953 1678 5007 occasionem
1720 4955 1949 5009 latenter
1967 4969 2157 5026 exspe-

573 5043 816 5110 ctabant,
841 5047 907 5099 ad
930 5061 1099 5101 novos
1127 5055 1308 5100 motus
1352 5046 1594 5102 ciendos.
1622 5047 1693 5100 At
1739 5048 1855 5102 hcce
1905 5049 2156 5104 dissimu-

571 5135 724 5191 labat
771 5135 1044 5203 Urbanus,
1097 5139 1240 5208 quod
1291 5138 1499 5208 absque
1553 5137 1774 5193 militari
1815 5141 2155 5211 expeditione

572 5223 718 5294 abigi
745 5225 813 5278 ab
837 5225 971 5279 urbe
999 5241 1104 5281 non
1130 5227 1457 5298 potuissent.
1507 5225 1650 5281 Nihil
1710 5229 1929 5300 quippe,
1961 5240 2018 5284 ut
2038 5231 2152 5302 jam

572 5327 719 5384 saepe
745 5328 867 5368 eum
891 5311 1167 5379 Bcrtoldo,
1201 5316 1292 5386 qui
1315 5324 1368 5371 et
1392 5315 1522 5370 illud
1546 5317 1773 5388 singulis
1799 5317 1970 5374 ferme
1995 5321 2153 5378 annis

573 5401 798 5472 repetit,
835 5403 1094 5469 diximus,
1125 5403 1259 5459 adeo
1293 5405 1648 5460 aversabatur
1681 5409 2154 5466 mansuetissimus

570 5495 842 5566 pontifex,
863 5511 1025 5568 quam
1050 5503 1109 5550 ut
1142 5495 1310 5550 armis
1333 5496 1729 5564 decertaretur,
1786 5509 1844 5554 et
1874 5515 2024 5556 suam
2056 5518 2154 5557 au-

571 5586 889 5642 ctoritatem
939 5585 1220 5658 sanguinis
1249 5584 1508 5642 effusione
1527 5587 1831 5660 ampliaret,
1863 5607 2050 5662 quare,
2074 5595 2152 5649 uti

571 5677 718 5734 idem
744 5688 937 5736 auctor
964 5677 1334 5752 prosequitur,
1360 5692 1484 5734 cum
1530 5681 1722 5753 absque
1751 5681 1969 5737 militari
1990 5699 2151 5740 manu

573 5767 913 5835 adversarios
943 5785 1076 5831 suos
1101 5787 1206 5828 non
1231 5769 1388 5842 facile
1410 5773 1634 5842 potuerit
1660 5773 1935 5843 expellere,
1962 5776 2148 5832 maluit

2249 565 2382 618 cives
2411 571 2617 618 armata
2649 576 2808 616 manu
2836 561 3148 631 inquietare.

2563 651 2766 707 CXLV.
2810 648 3238 705 Cuibertinarum
3275 650 3495 704 insidia.

2316 741 2632 798 Mirum'est
2667 749 2868 797 tantam
2913 738 3186 811 pontificis
3231 740 3500 796 lenitatem
3546 740 3764 801 Guiberli-

2247 845 2443 889 norum
2471 834 2685 887 animos
2709 846 2814 888 non
2843 831 3152 887 emolliisse.
3195 830 3333 896 Quin
3360 831 3642 887 econtrario
3667 847 3762 888 cum

2247 918 2362 993 ipse
2383 939 2540 994 prope
2567 933 2801 977 sanctam
2827 921 2877 975 Μ
2885 920 3139 974 ariam-1V
3146 937 3294 975 ovam
3312 920 3593 990 inquadam
3610 921 3766 990 ﬁrmis-

2245 1018 2380 1071 sima
2400 1017 2690 1070 munitione
2716 1025 3039 1079 moraretur,
3065 1013 3140 1067 illi
3163 1027 3313 1076 vero,
3332 1013 3511 1065 turrim
3536 1011 3765 1067 Crescendi

2247 1119 2340 1161 seu
2363 1106 2586 1161 Adriani
2612 1105 2895 1170 molem,id
2919 1112 3003 1159 est
3028 1112 3267 1158 castrum
3292 1103 3474 1156 Sancti
3497 1099 3768 1172 Angeii,ad-

2247 1199 2354 1252 huc
2383 1203 2732 1266 occuparent,
2761 1205 3078 1265 pyratarum
3103 1205 3256 1246 more
3277 1206 3491 1246 omnem
3518 1187 3767 1244 viatoribus

2246 1293 2348 1360 per
2365 1287 2576 1343 Tiberis
2601 1295 2816 1357 pontem
2857 1287 2924 1340 ad
2951 1285 3262 1354 pontificem
3293 1283 3545 1338 accedere
3590 1281 3769 1336 volemi-

2249 1383 2351 1435 bus
2375 1379 2582 1434 aditum
2619 1376 3080 1442 intercludehaut;
3109 1379 3243 1430 adeo
3263 1384 3344 1439 ut,
3378 1375 3421 1429 si
3446 1375 3533 1443 qui
3580 1373 3695 1427 forte
3731 1376 3769 1427 in

2250 1483 2444 1524 manus
2473 1483 2658 1522 eorum
2685 1467 3006 1532 inciderent,
3036 1465 3232 1535 captivi
3270 1465 3338 1520 ab
3387 1465 3468 1520 eis
3489 1476 3624 1518 more
3663 1463 3771 1533 plus-

2251 1573 2414 1629 quam
2445 1558 2676 1612 barbaro
2701 1556 3094 1620 detinerentur,
3131 1563 3182 1609 et
3209 1555 3443 1623 pessime
3469 1554 3768 1608 haberentur.

2249 1651 2306 1705 id
2335 1650 2560 1720 contigit
2587 1649 2765 1704 abbati
2795 1648 2946 1704 cella:
2981 1647 3168 1702 Sancti
3190 1646 3340 1701 Petri
3385 1645 3438 1700 iu
3490 1644 3772 1706 Alemann'u,

2251 1759 2417 1814 quam
2448 1741 2801 1797 Gebehardus
2816 1740 3146 1796 Constantia:
3167 1739 3540 1809 episcopus,et
3563 1737 3654 1790 dux
3683 1736 3773 1788 Bar-

2179 1828 2225 1888 B
2257 1833 2434 1888 toldus
2465 1831 2583 1901 ejus
2611 1831 2783 1885 frater
2819 1830 3036 1885 Urbano
3087 1829 3322 1897 legatum
3379 1822 3648 1881 miserant.
3674 1824 3775 1876 llinc

2248 1926 2438 1998 Egino,
2471 1924 2562 1994 qui
2595 1933 2779 1995 postea
2805 1922 2973 1976 abbas
3025 1919 3240 1974 Sancta:
3270 1917 3419 1972 Afrae
3474 1911 3773 1987 Augusteus‘s

2250 2014 2371 2081 fuit,
2406 2015 2659 2069 laudatur
2717 2013 2785 2068 ab
2840 2008 3184 2076 Udalscalco,
3212 2008 3330 2074 ejus
3369 2008 3643 2066 Gestorum
3680 2006 3778 2059 sm-

2249 2114 2425 2175 ptore,
2460 2105 2604 2174 quod
2635 2104 2704 2160 ab
2731 2104 2920 2158 eodem
2949 2100 3272 2156 Gebehardo
3305 2115 3412 2153 non
3440 2097 3594 2153 semel
3618 2096 3674 2149 ad
3698 2093 3776 2147 Ur-

2250 2199 2451 2252 banum
2485 2196 2701 2259 missus,
2734 2193 2978 2263 deposita
3019 2199 3170 2248 veste
3217 2190 3538 2251 monastica,
3577 2184 3774 2241 sreulari

2251 2289 2440 2344 habitu
2479 2288 2722 2352 indutus,
2747 2285 2848 2341 sub
2889 2299 2952 2340 ea
2999 2284 3183 2353 specie
3227 2281 3656 2339 Guibertinorum
3695 2274 3780 2331 dili-

2247 2375 2486 2450 gentiam
2532 2377 2724 2433 fallens
2773 2377 2838 2432 ad
2894 2375 3224 2447 pontiﬁcem
3268 2372 3578 2428 accesserit.
3627 2368 3778 2423 Eodem

2249 2471 2409 2526 modo
2434 2469 2710 2525 Coil‘ridus
2738 2466 3024 2522 Vindoeini
3047 2465 3216 2520 abbas
3245 2463 3388 2520 libro
3418 2480 3456 2528 ι,
3488 2462 3636 2531 epist.
3658 2460 3703 2520 8,
3721 2459 3776 2510 ait

2250 2563 2508 2632 famulum
2531 2562 2852 2633 famulorum
2875 2577 3092 2617 suorum
3113 2576 3166 2615 se
3184 2560 3394 2630 fecisse,
3427 2573 3494 2614 ne
3526 2557 3589 2610 ab
3618 2552 3772 2609 Urbani

2248 2649 2497 2712 hostibus
2527 2662 2933 2724 agnosceretur.

2247 2743 2476 2802 CXLVI.
2501 2744 2856 2799 Atrebatensis
2885 2741 3352 2881 etﬁCameracensis
3382 2739 3617 2796 Ecclesia
3641 2732 3778 2789 dirisio

2977 2829 3086 2865 rma
3117 2830 3169 2866 a.

2977 2829 3169 2866 rmata.

2319 2908 2447 2964 llaec
2475 2908 2630 2964 initio
2656 2905 2783 2962 anni
2815 2905 2954 2961 1094
2981 2903 3166 2959 Roma:
3200 2904 3520 2973 agebantur,
3544 2900 3624 2954 ubi
3649 2897 3776 2952 Urba-

2250 3020 2352 3060 nus
2377 3019 2499 3059 cum
2517 3001 3112 3058 audissetLambertum
3125 2997 3536 3052 Atrebatensexn
3559 2994 3779 3050 electum

2255 3095 2428 3151 Gallia
2457 3095 2510 3149 in
2533 3093 2732 3148 Urbem
2761 3091 3034 3153 advenire,
3062 3099 3122 3143 ut
3149 3088 3218 3142 ibi
3243 3093 3658 3148 consecraretur,
3677 3077 3778 3149 quod

2248 3194 2307 3240 ut
2349 3186 2464 3256 jam
2493 3185 2745 3246 diximus,
2779 3181 2985 3236 veritus
3016 3189 3161 3235 esset
3187 3177 3517 3250 Raynoldus,
3547 3189 3608 3228 ne
3632 3172 3669 3225 si
3699 3171 3779 3235 ipse

2251 3279 2297 3334 ei
2339 3277 2906 3348 imposuissetmanus,
2934 3273 3359 3330 Cameracenses
3380 3287 3407 3324 a
3435 3266 3688 3322 Rcmensis
3711 3260 3780 3333 ilc-

2250 3367 2428 3424 clesia:
2450 3367 2751 3423 obedientia
2779 3365 3115 3430 recederent,
3131 3364 3196 3416 ad
3220 3362 3470 3417 eumdem
3487 3354 3779 3424 archiepisco-

2250 3473 2375 3528 pum
2391 3457 2624 3526 scripsit,
2640 3455 2907 3525 pollicitus
2919 3454 2965 3508 ci
2984 3451 3336 3522 apostolicam
3361 3449 3626 3506 tuitionem
3639 3443 3780 3497 adrer-

2248 3565 2342 3606 sus
2375 3561 2768 3620 quemcunque,
2821 3545 2913 3616 qui
2941 3543 3223 3600 Cameraci
3273 3542 3584 3612 episcOpum
3633 3542 3780 3609 preter

2252 3643 2580 3697 li‘emcnsem
2615 3639 3090 3709 metropolitanum
3126 3635 3386 3691 ordinare
3429 3630 3776 3703 aggrederetur.

2252 3733 2382 3789 Post
2400 3734 2514 3788 haec
2538 3731 2714 3787 cidem
2746 3729 3161 3800 archiepiscopo
3185 3725 3437 3796 iujuugit,
3466 3733 3522 3777 ut
3551 3731 3647 3774 tam
3666 3718 3778 3769 Alte.

2253 3822 2467 3878 barensi
2491 3835 2652 3891 quam
2674 3819 3051 3876 Cameracensi
3076 3816 3359 3884 Ecclesiae,
3375 3812 3647 3880 unicuique
3664 3816 3778 3891 suum

2255 3890 2537 3982 preprium
2580 3909 2894 3982 episcopum
2930 3908 3268 3962 iacardinare
3313 3921 3427 3963 non
3468 3901 3682 3961 diﬂ’erat,
3706 3890 3778 3948 nisi

2255 4002 2397 4058 forte
2417 4002 2840 4058 Cameracenses
2870 4001 3068 4055 vellent
3086 3999 3318 4056 Romam
3356 4000 3537 4052 venire
3556 3994 3615 4048 ad
3638 3984 3778 4062 prosi.

2255 4109 2400 4151 mam
2421 4105 2736 4163 sequentem
2767 4091 3264 4162 Quadragesimam,
3285 4105 3505 4146 causam
3519 4100 3655 4141 suam
3681 4089 3781 4150 prte-

2256 4193 2415 4240 sente
2446 4184 2736 4240 Lamberto
2758 4181 3101 4238 Atrebatensi
3131 4181 3306 4237 electo
3351 4179 3544 4235 acturi.
3590 4171 3779 4236 Deuitl"e

2258 4277 2522 4332 Manassis
2545 4276 2910 4331 archidiaconi
2957 4273 3242 4328 Remeusis
3289 4273 3345 4326 in
3385 4272 3672 4342 episcopum
3706 4257 3780 4311 Ca-

2259 4387 2630 4427 meracensem
2675 4370 3020 4436 electionem,
3064 4384 3226 4439 quam
3273 4382 3302 4422 a
3357 4351 3781 4423 Cameracensibus

2262 4464 2499 4536 generali
2525 4464 2765 4518 omnium
2809 4477 3074 4518 consensu
3107 4459 3305 4516 factam
3337 4459 3499 4514 fuisse
3544 4451 3634 4524 ipsi
3677 4441 3782 4500 scri-

2263 4565 2446 4625 pserat
2473 4554 2809 4626 Raynaldus,
2837 4552 3268 4609 conﬁrmavireo
3292 4559 3472 4621 pacto,
3498 4555 3554 4600 ut
3578 4543 3781 4598 Camera-

2259 4663 2451 4704 censes
2478 4645 2857 4701 Atrebatensis
2883 4644 3140 4699 Ecclesia:
3167 4643 3559 4697 restitutionem
3586 4647 3677 4688 non
3698 4636 3778 4680 tur-

2257 4737 2470 4802 barent,
2498 4737 2748 4806 quamvis
2778 4737 2845 4790 ad
2886 4735 2941 4790 id
2989 4750 3111 4789 sese
3149 4733 3439 4789 temerario
3491 4725 3778 4806 sacramento

2255 4805 2607 4894 obligassent.
2637 4825 2760 4880 Haec
2775 4825 2957 4881 omnia
2982 4825 3251 4879 habentur
3284 4824 3338 4877 in
3373 4817 3566 4878 Urbani
3591 4805 3774 4884 epistola

2257 4916 2324 4970 ad
2356 4917 2530 4985 ipsum
2578 4914 2942 4986 Raynoldum,
2970 4913 3063 4982 qui
3089 4913 3138 4968 ei
3167 4913 3234 4967 de
3260 4913 3328 4968 iis
3371 4910 3526 4966 rebus
3572 4895 3778 4960 κυνείων

2256 5015 2314 5061 ιιι
2337 5005 2449 5075 jam
2473 5005 2732 5070 diximus,
2759 5007 3070 5075 scripserat,
3094 5019 3260 5074 quam
3310 4999 3573 5074 pontiﬁcis
3595 5000 3778 5059 respon-

2255 5097 2486 5162 sionem,
2515 5105 2570 5152 et
2602 5097 2648 5151 si
2680 5096 2880 5150 nullam
2938 5095 3137 5150 habeat
3189 5094 3448 5165 temporis
3487 5097 3672 5145 notam.
3700 5078 3779 5132 huc

2256 5196 2434 5240 tamen
2462 5184 2654 5240 referri
2683 5186 2900 5251 debere,
2932 5201 2996 5240 ea
3016 5201 3136 5255 quae
3161 5182 3532 5255 complectitur
3565 5171 3682 5230 satis
3710 5165 3775 5219 in—

2255 5276 2458 5331 dicant.
2490 5276 2558 5330 Et
2582 5275 2802 5345 quidem
2839 5290 2982 5330 anno
3011 5275 3283 5345 sequenti,
3309 5271 3505 5341 rejecto
3555 5255 3773 5320 Gualcbe-

2254 5366 2358 5430 rio,
2389 5365 2652 5420 Mauassis
2679 5364 2872 5421 electio
2922 5365 3243 5421 confirmata
3281 5364 3381 5419 fuit
3408 5363 3461 5417 in
3506 5357 3772 5414 Claromon-

2257 5467 2385 5512 tano
2409 5458 2664 5522 concilio,
2698 5467 2756 5513 ut
2785 5473 2883 5514 suo
2912 5458 3030 5513 loco
3056 5457 3323 5513 dicemus.

2255 5548 2503 5606 CXLVII.
2546 5521 2856 5603 Lambertus
2887 5549 3080 5602 electus
3101 5545 3454 5602 Atrebateusis
3475 5521 3770 5606 Romautddf

2325 5620 2483 5688 venit.
2508 5598 3186 5673 AbUrbanoconsecratur
3268 5598 3577 5688 priuilegium
3596 5598 3770 5658 obtinet.

2336 5687 2515 5744 Varia:
2542 5706 2602 5743 ea
2627 5689 2691 5742 de
2730 5707 2784 5743 re
2809 5690 3018 5743 littera'.

2325 5779 2542 5835 interim
2587 5779 2906 5834 Larnhcrtus
2929 5785 3049 5844 post
3079 5775 3244 5832 multa
3297 5775 3495 5831 viarum
3539 5769 3588 5821 et
3610 5747 3770 5816 hiemis

2190 4525 2237 4583 D
