3962 6312
139 345 228 400 fil
1671 352 1703 406 ν

1797 354 1845 406 Α.
3262 325 3361 381 122

140 455 465 521 discrimina,
489 469 609 526 quae
644 456 763 512 fuse
800 457 855 512 in
877 457 992 527 ejus
1016 459 1196 517 libello
1252 463 1390 533 apud
1439 462 1690 518 Locrium
1722 468 1770 526 Α
1797 465 2147 519 cardinalium
2188 465 2605 536 presbyterorum
2641 476 2688 520 et
2718 467 2963 521 maxima:
3011 469 3366 524 multitudinis

140 558 187 601 et
213 546 480 602 Baluzium
509 555 653 601 tomo
678 546 721 602 V
746 548 1039 605 Miscellan.
1061 552 1457 623 describuntur,
1475 555 1700 610 Romam
1812 556 2190 613 Romanorum.
2228 559 2354 613 Post
2393 560 2596 629 aliquot
2625 561 2739 615 dies
2779 560 3029 618 Urbanus
3084 562 3375 621 Lamberto

140 634 348 691 advenit
382 634 448 689 ad
485 636 751 703 porticum
798 636 981 693 Sancti
1024 640 1193 706 Petri,
1218 641 1353 696 feria
1397 652 1546 698 sexta
1582 652 1708 699 ante
1809 648 2139 717 privilegium
2168 650 2373 719 insigne
2420 651 2486 705 ad
2530 651 2905 706 stabiliendam
2937 652 3189 707 Ecclesiae
3221 653 3357 708 Atro

143 728 462 784 Dominicam
503 728 633 784 Esto
659 731 787 785 mihi
817 733 870 786 in
908 732 1077 788 Deum
1121 746 1483 805 protectorem,
1533 739 1709 808 inquit
1808 736 2046 792 batensls
2094 739 2485 794 restitutionem
2539 742 2838 806 concessit,
2893 744 3035 812 quod
3084 754 3265 812 postea
3322 746 3369 797 in

141 818 250 887 ejus
276 817 561 873 Gestorum
580 820 835 889 scriptor,
872 822 1027 878 idest
1060 824 1147 878 die
1181 826 1246 880 17
1274 826 1582 892 Februarii,
1613 828 1700 882 bi-
1809 829 1975 884 variis
2004 830 2246 900 synodis,
2283 846 2347 885 ac
2376 832 2592 886 demum
2619 832 2672 885 in
2703 832 3122 889 Claromoutano
3146 835 3371 889 concilir

144 912 241 967 duo
260 918 385 965 ante
415 908 748 966 Dominicam
778 913 1273 985 Quinquagesimm,
1302 930 1422 986 qum
1450 934 1516 972 eo
1560 931 1705 972 anno
1810 920 2093 975 recitatum
2117 929 2172 975 et
2194 921 2577 976 confirmatum
2614 922 2733 987 fuit,
2762 922 2999 993 illudque
3036 924 3312 979 Paschalis
3333 924 3372 976 ll

145 998 195 1054 in
218 999 354 1053 diem
377 998 447 1054 29
473 998 714 1068 ejusdem
744 1004 946 1060 mensis
984 1005 1281 1060 incidebat.
1313 1008 1445 1062 Cum
1478 1022 1610 1062 vero
1641 1007 1711 1064 ob
1809 1027 1873 1067 ac
1900 1013 2112 1068 demum
2140 1014 2426 1081 pontifices
2449 1014 2842 1084 subsequentes
2867 1015 3067 1084 passim
3092 1015 3369 1070 laudarunt

146 1090 574 1146 Guibertinorum
608 1093 827 1149 insidias
850 1094 1076 1152 difﬁcilis
1096 1108 1240 1152 esset
1270 1099 1337 1154 ad
1373 1100 1707 1169 pontificem,
1809 1113 1862 1159 et
1892 1105 2281 1174 approbarunt.
2316 1105 2507 1159 Datum
2530 1113 2613 1160 est
2639 1123 2673 1159 χ
2710 1104 2975 1161 Kalendas
2997 1106 3213 1175 Aprilis,
3238 1105 3372 1158 ludi-

149 1184 232 1253 qui
261 1193 383 1238 tunc
408 1185 550 1253 apud
571 1195 814 1240 sanctam
840 1187 1305 1245 Mariam-Novam
1332 1197 1709 1250 commoraba-
1810 1194 1985 1247 ctione
2007 1210 2066 1256 ιι,
2098 1208 2239 1247 anno
2262 1192 2417 1253 1095.
2446 1193 2588 1264 quod
2612 1193 2841 1259 scilicet,
2870 1202 2930 1247 ut
2974 1194 3132 1248 modo
3162 1193 3372 1248 diceba-

153 1283 249 1337 tur,
272 1273 469 1341 aditus,
502 1290 715 1330 summo
741 1290 899 1332 mane
930 1282 1208 1349 sequentis
1234 1282 1336 1337 diei
1366 1283 1707 1352 Lambertus,
1811 1299 1947 1345 mus,
1982 1284 2033 1337 in
2065 1284 2442 1339 instrumentis
2466 1284 2533 1339 de
2578 1300 2644 1339 eo
2674 1284 2889 1353 negotio
2915 1283 3069 1347 datis,
3103 1284 3226 1349 anni
3275 1284 3365 1337 ini.

154 1364 340 1421 relictis
367 1366 432 1421 ad
464 1366 724 1423 Sanctum
760 1368 981 1424 Petrum
1029 1372 1212 1438 sociis,
1238 1374 1384 1428 solus
1422 1376 1488 1428 ad
1538 1376 1712 1431 Urba-
1812 1374 1942 1427 tium
1972 1389 2001 1425 a
2030 1373 2298 1428 Paschate
2327 1374 2524 1443 passim
2549 1374 2885 1438 desumatur,
2912 1373 3054 1442 quod
3078 1382 3253 1427 tamen
3280 1372 3370 1427 Ur-

153 1472 266 1512 num
309 1459 541 1523 accedit,
578 1477 596 1510 (
633 1460 722 1515 cui
771 1475 830 1515 se
880 1469 1234 1529 prosternens
1278 1481 1400 1519 cum
1452 1466 1706 1537 lacrymis
1811 1464 1981 1516 banus
2010 1462 2061 1517 in
2088 1461 2210 1520 aliis
2232 1462 2389 1517 bullis
2416 1477 2481 1517 eo
2510 1472 2750 1533 tempore
2794 1464 2932 1516 datis
2965 1478 3071 1517 non
3123 1463 3377 1523 servavit,

155 1548 293 1618 petiit
334 1550 400 1604 ab
424 1548 692 1604 electione
715 1549 941 1613 absolvi,
970 1554 1223 1621 imparem
1266 1571 1321 1607 se
1350 1572 1461 1608 esse
1511 1574 1711 1612 assere-
1812 1562 1871 1607 ut
1918 1554 1972 1606 in
2009 1553 2277 1607 sententia
2336 1569 2435 1622 pro
2491 1553 2792 1608 Turonensi
2840 1552 3074 1608 Ecclesia
3126 1551 3381 1605 adversus

156 1657 265 1693 ram
288 1641 350 1695 ad
371 1650 481 1694 tam
514 1640 857 1708 importabile
877 1655 1034 1707 onus,
1068 1654 1179 1697 tum
1209 1661 1305 1714 pro
1329 1645 1545 1702 Henrici
1574 1647 1711 1704 infe-
1814 1646 2094 1699 Dolensem
2119 1644 2348 1713 aliisque
2377 1648 2670 1701 observare
2694 1644 2837 1699 licet.
2867 1644 3131 1699 Caeterum
3161 1644 3260 1699 hoc
3281 1645 3382 1712 pri-

158 1731 388 1797 statione,
416 1731 486 1784 ad
538 1746 699 1800 quem
729 1732 1062 1787 Cameracus
1097 1736 1423 1801 pertinebat,
1474 1747 1584 1792 tum
1613 1755 1712 1808 pro
1817 1738 2064 1807 vilegium
2113 1738 2252 1791 inter
2292 1736 2496 1792 Urbani
2543 1737 2800 1807 epistolas
2843 1730 3080 1800 dabitur,
3135 1736 3276 1788 sicut
3326 1744 3382 1787 et

161 1822 479 1877 infestatione
502 1823 978 1878 Cameracensium
1009 1825 1333 1880 clericorum
1359 1837 1413 1883 et
1445 1829 1706 1897 laicorum
1743 1815 1785 1870 Β
1812 1840 2039 1899 quatuor
2060 1829 2319 1899 epistolae,
2349 1844 2482 1898 quas
2522 1829 2713 1882 eadem
2745 1829 2810 1883 de
2841 1842 3003 1882 causa
3062 1826 3250 1880 diebus
3295 1840 3382 1879 se-

163 1911 384 1975 divitum,
404 1921 534 1977 etc.,
566 1929 628 1967 ac
651 1914 874 1985 denique
897 1916 1177 1985 proipsius
1211 1917 1587 1975 Atrebatensis
1610 1922 1711 1975 Ec-
1811 1923 2101 1993 quentibus
2126 1922 2367 1991 pontifex
2398 1922 2464 1975 ad
2493 1921 2902 1975 archidiaconus
2929 1917 3185 1973 Ecclesiae
3219 1918 3381 1969 Atre-

167 2000 322 2055 clesia:
348 2012 660 2072 paupertate
688 2016 742 2059 et
780 2006 947 2059 nimia
979 2007 1297 2061 vastatione.
1330 2008 1436 2062 Sed
1459 2010 1712 2066 beatissi-
1812 2012 2071 2075 bateusis,
2102 2011 2167 2063 ad
2193 2008 2436 2077 ejusdem
2459 2008 2710 2063 dioecesis
2735 2007 2955 2062 abbates
2982 2015 3036 2059 et
3061 2006 3381 2067 abbatissas,

176 2108 282 2147 mus
304 2108 425 2163 papa
476 2094 554 2165 (ut
581 2104 773 2151 auctor
801 2096 890 2150 ille
919 2098 1316 2169 prosequitur),
1348 2099 1485 2155 facta
1500 2101 1712 2155 absolu-
1813 2103 1877 2155 ad
1907 2102 2241 2173 Raynoldum
2255 2101 2719 2170 archiepiscopum
2740 2110 3070 2167 caelerosque
3094 2098 3383 2166 provincia:

184 2185 327 2249 tione,
353 2194 402 2239 et
427 2186 544 2240 data
566 2187 961 2254 benedictione,
992 2190 1133 2245 sicut
1156 2205 1273 2245 mos
1296 2199 1375 2247 est
1405 2194 1713 2261 apostolicae
1814 2194 2097 2248 Remensis
2124 2193 2422 2255 antistites,
2453 2206 2514 2244 ac
2552 2190 2767 2245 demum
2798 2198 2918 2259 post
2939 2188 3143 2256 aliquot
3179 2186 3291 2239 dies
3316 2184 3385 2238 ad

182 2276 321 2339 sedis.
364 2279 588 2347 suscepit
612 2294 739 2333 eum
766 2280 822 2335 in
857 2281 1043 2336 osculo
1073 2291 1297 2347 sancto,
1334 2291 1390 2337 et
1418 2282 1712 2354 ﬂoccipcn-
1818 2285 2112 2339 Bobertum
2170 2282 2438 2336 Flandrite
2486 2281 2737 2336 comitem
2793 2279 3134 2348 conscripsit.
3183 2275 3388 2330 Exinle

174 2367 285 2422 deus
304 2366 403 2422 lucc
426 2370 632 2432 omnia,
658 2369 794 2425 dixit
824 2371 873 2425 ei
904 2389 917 2425 :
947 2371 1164 2437 Frater,
1197 2386 1303 2426 non
1351 2383 1475 2427 sunt
1530 2375 1717 2427 condi-
1817 2376 1964 2429 stetit
1992 2376 2149 2429 sedes
2178 2372 2567 2437 Atrebatensis,
2599 2372 2754 2442 cujus
2802 2369 3159 2425 restitutionis
3184 2365 3384 2422 bullam

168 2472 269 2526 gnte
297 2460 569 2527 passiones
598 2460 757 2527 hujus
793 2462 1054 2532 temporis
1096 2462 1163 2516 ad
1212 2462 1447 2517 futuram
1492 2464 1716 2533 gloriam
1817 2480 1939 2519 cum
1969 2463 2248 2517 Paschalis
2276 2462 2315 2515 ll
2345 2462 2561 2527 litteris,
2596 2460 2649 2514 in
2684 2460 2877 2528 quibus
2905 2472 2963 2513 se
2998 2473 3027 2511 a
3057 2465 3253 2511 sanctis
3284 2471 3391 2507 me-

165 2561 267 2613 qua:
292 2548 617 2603 revelabitur
650 2549 702 2604 in
732 2549 908 2614 nobis,
937 2558 990 2604 et
1047 2560 1242 2605 caetera
1271 2552 1432 2606 verba
1468 2552 1716 2607 consola-
1819 2560 2000 2609 muriae
2044 2554 2460 2625 prmdeccssoris
2504 2552 2587 2606 sui
2615 2551 2823 2607 Urbani
2851 2565 2914 2604 ea
2940 2549 3004 2603 de
3032 2562 3090 2602 re
3122 2546 3391 2601 institutio

164 2636 299 2700 toria,
327 2652 463 2706 quae,
508 2638 685 2708 inquit
732 2639 856 2705 ille,
898 2638 964 2693 ad
1016 2639 1230 2709 plenum
1282 2643 1556 2697 memon-im
1611 2659 1716 2698 non
1822 2662 2094 2715 nunquam
2121 2659 2461 2700 recessurum
2495 2643 2610 2698 fore
2643 2648 2967 2711 protestatus
2988 2647 3095 2703 est,
3128 2636 3311 2691 Remis
3337 2637 3392 2688 in

162 2738 439 2783 occurrunt.
479 2749 501 2782 ι
530 2730 666 2784 Tum
692 2730 760 2785 ab
784 2747 849 2787 eo
867 2732 1174 2787 sciscitatus
1200 2735 1439 2801 pontifex
1492 2735 1578 2788 ubi
1602 2736 1719 2805 ejus
1823 2738 2060 2794 Ecclesia
2092 2738 2265 2792 beam
2295 2736 2475 2789 Mariae
2503 2732 2814 2789 conservari
2850 2731 2921 2785 ait
2968 2739 3154 2784 auctor
3198 2727 3395 2783 Gesto-

159 2830 318 2875 essent
348 2821 507 2886 socii,
537 2823 784 2878 Daiberto
812 2823 1008 2878 Pisano
1034 2825 1443 2895 archiepiscopo
1483 2828 1710 2881 deman-
1824 2846 1941 2884 rum
1988 2829 2264 2883 Lamberti
2293 2868 2307 2893 ,
2344 2828 2398 2880 in
2434 2825 2670 2881 sacrario
2702 2865 2717 2889 ,
2750 2826 2805 2876 in
2861 2822 3039 2876 locello
3096 2837 3275 2883 aureo,
3305 2820 3394 2891 qui

159 2909 310 2977 davit,
339 2920 394 2966 ut
416 2912 588 2968 simul
626 2928 750 2969 cum
795 2913 958 2969 Petro
1012 2914 1211 2970 Leonis
1259 2930 1445 2973 curam
1497 2916 1722 2972 haberet
1823 2918 2611 2992 vulgodiciturBerceolum,uti
2632 2917 2813 2971 videre
2836 2923 2919 2970 est
2943 2917 3080 2984 apud
3110 2912 3387 2966 Baluzium

160 3001 408 3059 Lamberti
438 3004 625 3059 socios
652 3005 719 3058 ad
764 3019 823 3059 se
870 3020 901 3059 e
954 3006 1160 3075 porticu
1188 3005 1369 3061 Sancti
1421 3006 1587 3071 Petri,
1630 3009 1719 3063 ubi
1824 3024 1971 3069 tomo
2003 3015 2041 3069 v
2074 3012 2535 3067 Miscellaneorum
2569 3025 2688 3079 pag.
2722 3007 2844 3071 275,
2882 3006 2973 3061 ubi
3002 3006 3084 3059 vir
3123 3003 3392 3066 eruditus,

160 3096 747 3161 remanserant,adduci
778 3095 833 3149 in
857 3107 1218 3165 praeparatum
1251 3097 1714 3169 hospitium,qued

1830 3116 1882 3159 ut
1898 3106 2007 3175 jam
2035 3105 2361 3169 monuimus,
2395 3102 2480 3155 illa
2507 3100 2670 3156 Gesta
2694 3114 2814 3154 cum
2840 3097 3211 3152 instrumentis
3238 3095 3304 3149 ad
3333 3109 3394 3147 ea

159 3187 319 3242 statim
347 3187 561 3243 factum
594 3188 717 3242 fuit.
748 3188 826 3242 Ac
849 3163 1103 3258 deinceps
1149 3163 1490 3255 Lambertus,
1516 3163 1716 3261 aliique
1748 3163 1793 3225 ρ
1826 3163 2217 3273 pertinentibus
2246 3163 2454 3269 integra
2481 3196 2752 3251 exhibuit.

157 3280 372 3349 quicum
396 3296 461 3336 eo
501 3280 838 3334 advenerant
862 3278 1092 3335 liberum
1122 3281 1358 3336 habuere
1400 3283 1465 3336 ad
1505 3283 1718 3353 pontiti-

1831 3291 2089 3349 CXLVlll.
2133 3288 2399 3353 Dolensis,
2449 3299 2497 3343 et
2548 3288 2746 3351 ueteri,
2799 3284 3025 3354 episcopi
3084 3280 3395 3343 Britannice,

158 3384 259 3423 cent
278 3385 590 3426 accessum.
2267 3359 2536 3414 Turonum
2585 3360 2948 3412 restituuntur.

217 3460 468 3531 Εχερεαω
482 3470 598 3515 tum
624 3470 709 3517 εει
741 3462 809 3517 ad
847 3460 1065 3532 aliquod
1105 3471 1337 3534 tempus,
1370 3465 1414 3520 si
1447 3464 1584 3519 forte
1614 3465 1721 3520 Ca-
1894 3453 2007 3508 lloc
2038 3454 2154 3524 ipso
2185 3460 2427 3523 tempore
2476 3465 2585 3520 quo
2640 3446 2961 3543 Lambertus
2982 3444 3175 3543 ltomae
3206 3453 3402 3543 cons-ct

160 3565 490 3608 meracenses
514 3552 834 3608 advenirent
860 3568 1081 3609 causam
1104 3570 1257 3609 suam
1293 3554 1596 3622 defensuri;
1627 3558 1722 3612 sed

1836 3554 2012 3602 :ratus
2056 3554 2176 3610 est,
2211 3541 2471 3599 Radulfus
2524 3541 2800 3594 Turonum
2844 3534 3283 3603 archiepiscopus
3327 3529 3400 3583 ibi

159 3646 352 3700 tandem
382 3662 517 3702 cum
535 3645 854 3713 jamdudum
884 3646 1149 3701 terminus
1189 3647 1443 3716 ρι-ωῆχυε
1485 3649 1551 3702 ad
1599 3664 1724 3702 αλιι.
1823 3639 1972 3693 litem
2005 3635 2433 3708 prosequebatur
2461 3634 2723 3686 adversus
2750 3629 3034 3684 Dolensem
3062 3629 3399 3725 episcopum.

160 3750 262 3790 tam
284 3738 577 3793 dicendam
605 3746 912 3793 transactus
946 3736 1159 3803 fuisset,
1192 3713 1455 3797 iul-b39113
1502 3751 1727 3809 accepto
1827 3731 1937 3798 qui,
1974 3736 2033 3783 ut
2072 3743 2215 3783 anno
2262 3725 2523 3795 superiori
2562 3723 2815 3785 diximus,
2857 3713 3254 3809 metropolitani
3284 3713 3403 3766 Bt'l-

160 3829 511 3899 episcoporum
544 3840 591 3884 ει
618 3829 969 3883 εανάῇηαιίαηι
1017 3845 1231 3884 morum
1278 3840 1324 3884 ει
1368 3807 1727 3885 Romanam".
1832 3820 2028 3875 tanniat
2056 3819 2285 3873 mitioris
2314 3816 2524 3871 titulum
2548 3814 2744 3886 etj’ura
2765 3826 2983 3866 suorum
3012 3807 3217 3877 aliquot
3258 3818 3403 3874 prat-

164 3921 379 3976 comilio_
407 3961 423 3977 ,
452 3960 469 3976 ,
510 3937 716 3976 omnem
765 3918 1017 3975 Ecclesia:
1052 3921 1414 3976 ‘Atrebatensis
1469 3925 1728 3977 actionem
1830 3916 2173 3970 decesserunt
2198 3908 2444 3977 exemplo
2470 3905 2764 3959 ambiebat.
2798 3903 2990 3957 Verum
3020 3913 3141 3955 cum
3165 3906 3407 3965 tempore

166 4009 269 4076 fecit
318 4011 572 4074 recitari,
609 4010 862 4079 diemque
912 4010 1101 4065 statuit
1144 4025 1253 4080 quo
1298 4008 1621 4069 Lambertus
1677 4013 1730 4065 in

1839 4006 2085 4060 condicto
2113 4015 2212 4055 nec
2256 4002 2367 4069 ipse
2415 3997 2658 4051 Dolensis
2690 3996 2937 4058 antistes,
2980 4006 3079 4046 nec
3120 3989 3403 4060 quisquam

164 4101 452 4171 episcopum
518 4078 932 4156 Atrebatensem
1004 4078 1367 4155 ordinaretur.
1435 4103 1560 4157 Haec
1630 4103 1728 4157 fuit

1843 4096 1972 4149 alius
2001 4108 2096 4163 pro
2123 4106 2188 4146 eo
2229 4088 2642 4159 comparuisset,
2673 4083 3003 4139 Turonensis
3037 4097 3166 4136 vero
3226 4078 3407 4133 archi-

167 4189 424 4247 Dominica
496 4190 938 4262 Quadragesiuta:
965 4233 981 4258 ,
1029 4208 1146 4262 qua:
1171 4233 1185 4255 ,
1242 4203 1363 4261 post
1393 4206 1734 4262 exspectatas
1838 4187 2121 4256 cpiscopus
2145 4184 2405 4236 adversus
2441 4193 2563 4233 eum
2594 4175 2744 4229 varia
2770 4174 3188 4244 praecedentium
3232 4174 3409 4238 ponti-

168 4276 344 4331 t'tustra
376 4293 476 4348 per
513 4278 780 4347 integrum
816 4294 1057 4332 mensem
1082 4278 1559 4333 Cameracensium
1593 4280 1735 4349 lcga—
1836 4277 1996 4332 ficum
2021 4289 2081 4328 ac
2104 4272 2265 4327 etiam
2295 4269 2645 4324 conciliorum
2677 4262 2989 4332 protulisset
3014 4263 3251 4363 decreta,
3279 4269 3404 4358 sen-

170 4381 259 4433 tes.
279 4382 333 4425 ut
354 4374 469 4443 ipse
501 4370 745 4441 pontifex
771 4372 824 4426 in
852 4371 995 4426 bulla
1018 4388 1114 4425 sua
1144 4372 1456 4437 declaravit,
1483 4372 1735 4428 Lamber-
1842 4368 2007 4422 tentia
2035 4365 2294 4417 adversus
2342 4360 2623 4415 Doleusem
2653 4354 2999 4456 pronuntiata
3044 4350 3162 4415 fuit,
3195 4350 3409 4456 restitu-

170 4475 245 4521 tus
266 4466 317 4521 in
345 4468 664 4537 episcopum
697 4466 1109 4519 Atrebatensem
1138 4465 1205 4519 ab
1228 4466 1343 4533 ipso
1369 4466 1585 4521 Urbano
1613 4483 1736 4520 con-
1766 4524 1812 4542 ﬁ
1843 4468 2003 4526 taque
2030 4464 2112 4509 εει
2135 4455 2186 4507 in
2212 4468 2368 4507 sum“
2408 4450 2694 4520 βτίδῑίιιυῐη
2713 4444 2801 4515 ius
2832 4444 3111 4542 :l‘l'fOWm
3140 4448 3409 4542 ηιίξξνυρίν

166 4569 393 4614 sccratus
420 4567 532 4613 est.
567 4557 695 4625 Ejus
714 4557 1068 4612 ordinationis
1095 4557 1537 4613 circumstantias
1568 4558 1730 4612 refert

1848 4524 1931 4614 lis,
1958 4555 2164 4601 asserta
2206 4546 2253 4598 ei
2295 4542 2675 4614 jurisdictione
2727 4540 2780 4592 in
2832 4536 3116 4591 Dolcnscm
3172 4531 3412 4598 aliasque

166 4646 265 4716 jam
289 4650 545 4704 laudatus
576 4620 769 4702 πλίκιον
795 4648 1085 4703 Gestorum
1109 4647 1383 4703 Lamberti
1415 4649 1499 4703 his
1520 4650 1732 4705 verbis;
1840 4638 2137 4696 Britannia:
2189 4633 2413 4689 minoris
2455 4631 2751 4688 Ecciesias.
2789 4628 2901 4682 lloc
2949 4628 3222 4681 decretum
3269 4620 3413 4721 bulla

170 4741 279 4805 Ille,
306 4743 659 4805 Lambertus,
690 4741 899 4810 inquit:
933 4740 1140 4795 tandem
1162 4742 1489 4810 requiescens
1516 4744 1734 4796 ordina-
1841 4750 1936 4791 sua
1974 4730 2211 4786 firmavit
2248 4728 2515 4788 Urbanus.
2571 4726 2624 4780 ill
2659 4739 2764 4792 qua
2801 4729 2993 4821 tom-m-
3025 4725 3415 4821 controversia:

172 4842 248 4885 tur
272 4833 451 4888 Romre
484 4836 627 4903 apud
677 4806 924 4886 Sanctam
974 4806 1439 4886 Mariam-Novam
1472 4850 1504 4887 a
1547 4834 1737 4887 domno
1840 4828 2035 4882 seriem
2068 4821 2271 4883 retulit,
2303 4833 2423 4888 qua:
2453 4817 2619 4872 NOlliS
2664 4814 2865 4909 ᾼριξίιίε
2905 4811 3079 4909 bullis“
3117 4806 3409 4909 ξ¹¹¹¹¹ίιίξ³ξί¹

172 4924 441 4990 apostolico
479 4894 694 4978 Urbano
716 4939 854 4977 anno
887 4922 983 4976 Dei
1026 4922 1220 4977 Christi
1252 4924 1408 4989 1093,
1451 4926 1576 4979 anni
1632 4926 1736 4981 ini-

1854 4934 1940 4975 ;uo
1969 4915 2159 4970 ordine
2174 4911 2463 4973 referetur,
2483 4924 2603 4963 cum
2630 4906 2867 4975 ejusdem
2898 4898 3164 4972 pontificis
3190 4894 3418 4964 epistola

175 5016 292 5069 tium
332 5033 361 5070 a
395 5016 666 5071 Paschate
704 5016 921 5085 repetit,
950 5030 1073 5069 nam
1101 5024 1156 5069 et
1179 5015 1524 5071 characteres
1550 5032 1743 5073 omnes
1848 5016 1912 5065 ad
1938 5009 2222 5062 universos
2264 4996 2821 5095 Britanniarminpris
2867 4996 3171 5062 episcopos»

170 5106 539 5178 chronologici
572 5108 639 5161 ab
667 5122 733 5161 eo
765 5075 982 5177 prolati,
1010 5106 1154 5175 quod
1185 5115 1240 5161 et
1266 5108 1381 5177 ipsa
1431 5122 1612 5161 rerum
1654 5124 1744 5163 se-
1848 5107 2031 5155 monet
2080 5098 2227 5151 litem
2270 5096 2413 5149 hanc
2459 5090 2674 5145 tandem
2702 5085 2909 5183 ﬁnitam
2965 5075 3420 5183 esse-secundum

179 5200 274 5253 ries
308 5172 622 5256 necessario
657 5172 847 5270 exiéit,
884 5172 1083 5253 annum
1140 5172 1619 5269 lOtMvdesignaut,
1655 5215 1743 5253 xxv
1847 5192 2215 5246 Turonensem
2244 5184 2737 5253 archiepiscopum:
2769 5176 3011 5280 ξάθοίίιξθ
3043 5172 3145 5280 illis
3175 5175 3420 5280 νηξς

181 5286 434 5346 Kalendas
459 5291 678 5362 Aprilis.
700 5259 816 5362 qua:
845 5302 970 5345 tunc
998 5290 1275 5345 Dominica
1298 5259 1505 5344 Laetavre
1524 5290 1743 5345 Jerusa-
1846 5293 1907 5337 ut
1948 5282 2048 5351 ipsi
2093 5290 2348 5349 tanquam
2383 5290 2509 5371 vero
2536 5282 2591 5371 (ξε
2616 5269 2831 5371 ρξ’(ξῐηίο
2868 5259 3421 5371 ⁵ι¹οἶῄωίξδτξξξ³ξξίξ³ξ¹ξ³

181 5377 273 5434 lem
285 5351 594 5448 habebatur,
609 5351 757 5437 idest
776 5393 968 5452 quarta
985 5382 1258 5436 Dominica
1282 5381 1741 5450 Quadragesimaz,
1846 5375 2121 5431 obediant.
2137 5371 2250 5425 Hoc
2270 5378 2449 5423 autem
2466 5361 2672 5420 Urbani
2687 5360 2961 5414 decretum
2978 5358 3049 5411 ita
3084 5351 3419 5454 invaluit-ut,

186 5471 263 5527 die
294 5489 419 5529 vero
443 5473 512 5528 l9
539 5444 739 5529 mensis
767 5444 965 5539 blartii,
995 5473 1090 5526 sub
1137 5473 1433 5527 testimonio
1477 5474 1746 5526 venerebi—
1847 5465 2298 5537 subsequentibus
2326 5456 3117 5555 temporibus,quotiescunque
3144 5444 3422 5555 τεεξιξξξωξ

186 5562 301 5617 lium
324 5567 683 5636 episcoporum
704 5564 929 5639 Joannis
952 5533 1267 5629 'Tusculani,
1309 5564 1599 5617 Humbaldi
1648 5562 1747 5617 Sa-
1850 5564 1965 5619 hmo
1985 5533 2378 5618 controversia,
2404 5551 2546 5647 qupd
2571 5568 2675 5605 non
2708 5548 2873 5603 semel
2908 5542 3161 5647 contigit,
3189 5533 3417 5647 ad.

190 5654 422 5721 binensis,
480 5636 711 5712 Joannis
748 5655 1079 5721 Parmensis,
1136 5655 1402 5709 Brunonis
1456 5654 1744 5724 Signensis,
1851 5651 2059 5706 recurri
2087 5649 2283 5703 debere
2314 5643 2594 5715 pontifices
2617 5655 2829 5712 semper
2857 5636 3188 5735 censuerint,
3218 5637 3422 5735 utpost

191 5745 577 5819 damniquoque
623 5751 856 5810 Daiberti
899 5720 1219 5806 Picenarum
1263 5720 1655 5813 archiepiscopi,
1701 5756 1745 5800 ct
1854 5742 1987 5798 alios
2014 5741 2125 5808 ipse
2152 5734 2494 5825 innocentius
2529 5733 2593 5789 ιιι
2625 5731 2771 5797 fecit,
2803 5730 2894 5799 qut
2948 5724 3172 5782 solemni
3206 5720 3424 5777 tandem
