3962 6312
571 295 672 350 125

1875 292 1935 347 Β.
1980 290 2154 357 CRBA

2263 289 2304 343 ll
2346 292 2423 345 PA
2433 292 2538 348 ΡίΕ
3728 305 3805 359 ω

572 410 842 466 sententia
872 408 1130 465 Dolenses
1165 408 1445 479 episcopos
1470 409 1537 463 ab
1577 410 1725 464 omni
1778 421 1872 476 spe
1920 420 2141 475 recupe—
2170 406 2219 466 Α
2250 403 2447 461 derans
2474 405 2722 476 Supplcrc
2773 407 3031 477 inopiam,
3061 411 3205 479 quod
3264 420 3325 464 et
3365 409 3465 465 Dei
3514 413 3675 480 gratia
3708 415 3805 473 feci.

571 504 753 557 randae
784 519 1017 571 unquam
1049 502 1409 569 metropalica:
1459 501 1739 571 dignitatis
1776 516 1999 571 prorsus
2045 514 2133 554 re-

566 576 757 649 movit.
782 594 950 647 Porro
973 602 1089 647 acta
1114 592 1318 662 integra
1338 592 1567 647 celebris
1594 591 1753 661 hujus
1790 607 1967 646 causa:
2010 606 2133 646 cum

566 686 729 740 variis
754 684 997 755 epistolis
1026 695 1080 739 et
1107 684 1226 738 aliis
1274 685 1512 754 antiquis
1542 685 1904 739 monumentis
1926 697 2044 752 qua:
2066 681 2134 736 ad

567 780 705 834 hanc
729 760 1152 834 controversiam
1178 777 1428 843 attinent,
1454 779 1619 833 edidit
1666 787 1848 833 noster
1898 777 2136 830 Edmun-

567 870 666 923 dus
690 868 928 923 Martene
952 869 1002 922 in
1019 883 1155 924 nova
1174 868 1488 924 collectione
1520 879 1759 925 veterum
1784 868 2134 938 scriptorum,

498 972 507 981 ν
566 977 686 1031 (pta:
722 976 864 1015 anno
903 961 1040 1037 1090
1076 960 1216 1015 edita
1272 970 1353 1017 est
1407 961 1749 1030 Rothomagi.
1795 960 1865 1014 At
1892 975 1993 1015 nec
2038 958 2133 1023 ibi,

566 1066 667 1105 nec
707 1050 842 1125 alias
869 1066 1096 1120 usquam
1128 1052 1365 1121 reperire
1411 1051 1585 1116 licuit,
1613 1050 1813 1106 Urbani
1855 1049 2135 1120 epistolam

566 1157 729 1210 quam
770 1141 1113 1196 Turonenses
1151 1142 1203 1195 in
1233 1141 1673 1210 responsionibus
1720 1139 1786 1194 ad
1831 1138 2137 1194 Dolensium

565 1231 775 1301 objecta
815 1231 885 1304 ibi
918 1231 1137 1285 laudant
1165 1247 1288 1302 pag.
1322 1231 1445 1294 148.
1475 1233 1526 1284 in
1564 1247 1669 1301 qua
1701 1229 1941 1301 pontifex
1968 1238 2137 1285 testa-

573 1330 659 1373 tur
699 1321 1085 1376 Britannorum
1126 1321 1398 1377 feritatem
1436 1332 1488 1377 et
1525 1322 1874 1392 pertinaciam
1936 1331 2137 1376 tantam

572 1410 760 1477 fuisse,
790 1420 850 1466 ut
874 1427 980 1466 non
1004 1412 1175 1468 solum
1212 1413 1316 1467 ulla
1347 1413 1908 1468 excommunicatione
1935 1413 2002 1465 ad
2031 1410 2141 1464 Tu-

574 1501 818 1556 ronensis
852 1502 1103 1557 Ecclesia:
1136 1492 1494 1557 obedientiam
1550 1503 1788 1557 revocari
1838 1502 2139 1570 potuerint,

572 1591 666 1644 sed
687 1590 849 1644 etiam
864 1607 957 1646 eos
973 1590 1325 1646 Christianam
1347 1592 1504 1661 ﬁdem
1526 1608 1580 1646 se
1606 1591 1900 1646 deserturos
1915 1591 2139 1655 dixisse,

575 1679 619 1733 si
643 1680 709 1733 ad
739 1681 791 1734 id
818 1682 1007 1750 quovis
1036 1683 1193 1737 modo
1215 1682 1580 1752 adigerentur.
1644 1744 1647 1747 Α

729 1770 954 1824 CXLlX.
996 1771 1300 1824 Lambertns
1326 1766 1559 1825 Atrebati
1588 1771 1995 1826 int/ironizatur.

649 1860 743 1914 llis
795 1862 869 1915 ita
912 1863 1093 1916 Roma:
1134 1864 1383 1933 jeractis,
1436 1863 1695 1918 Radult‘us
1726 1849 2054 1921 Turonensis
2095 1874 2149 1919 et

584 1949 904 2006 Lambertus
951 1952 1323 2007 Atrebatensis
1363 1954 1597 2022 episcopi
1629 1952 1787 2007 simul
1828 1954 1880 2007 iu
1922 1953 2149 2009 Galliam

575 2041 834 2111 repedare
889 2044 1304 2099 constituerunt.
1350 2045 1522 2099 Roma
1564 2046 1786 2116 egressi,
1838 2047 1971 2115 feria
2004 2057 2149 2101 sexta

576 2131 639 2183 tle
662 2131 937 2186 Dominica
969 2133 1290 2197 Quasimodo
1317 2137 1496 2205 geniti,
1527 2135 1577 2189 id
1602 2145 1685 2191 est
1723 2137 1808 2192 die
1835 2137 1896 2191 21
1927 2137 2150 2206 Aprilis,

578 2222 717 2290 apud
751 2220 952 2276 Ostiam
1004 2241 1147 2278 mare
1184 2227 1467 2280 intrarunt.
1504 2226 1598 2281 Die
1641 2242 1773 2282 vero
1812 2229 1927 2297 ipso
1956 2228 2150 2284 Pente-

578 2317 756 2365 cosles
782 2310 1103 2367 Lambertus
1151 2314 1466 2369 Atrebatum
1519 2331 1770 2371 reversus
1817 2326 1935 2370 ante
1969 2317 2152 2370 lteram

581 2400 788 2453 tertiam
841 2402 894 2453 in
940 2402 1230 2469 pontiﬁcali
1280 2405 1415 2467 sede,
1458 2420 1669 2475 summo
1712 2407 1875 2461 totius
1919 2407 2049 2461 elcri
2099 2417 2155 2462 et

580 2492 759 2562 populi
785 2507 1048 2547 consensu
1078 2502 1130 2548 et
1169 2495 1450 2573 applausu,
1484 2496 1867 2551 iulhronizatus
1889 2497 2012 2566 fuit.

582 2646 585 2649 γ
643 2606 748 2661 CL.
782 2604 1014 2679 Goﬂ‘ridi
1044 2607 1438 2679 Vindocinensis
1462 2626 1697 2679 expensa:
1723 2626 1815 2679 pro
1846 2610 2082 2665 Romana

966 2677 1223 2731 Ecclesia.
1258 2676 1454 2733 Urbani
1486 2676 1763 2747 angustia}.
2131 2739 2136 2745 _

658 2769 856 2823 Verum
893 2770 1207 2839 priusquam
1238 2770 1460 2825 Romam
1496 2771 1852 2836 dimittamus,
1893 2774 2153 2841 agendum

584 2866 668 2913 est
698 2859 779 2913 de
804 2857 1044 2931 Groﬁ’rido
1090 2860 1285 2916 abbate
1315 2861 1715 2926 Vindocinensi,
1754 2862 1844 2930 qui
1888 2864 2047 2916 etiam
2092 2877 2153 2916 ea

585 2956 905 3019 tempestate
958 2949 1011 3001 in
1066 2949 1209 3004 Urbe
1268 2950 1601 3016 morabatur,
1633 2967 1741 3020 quo
1779 2952 1846 3005 ad
1888 2954 2159 3021 suppetias

587 3035 829 3105 pontiﬁci
862 3038 1087 3092 summis
1127 3038 1179 3092 in
1219 3040 1482 3110 angustiis
1517 3042 1809 3097 constituto
1837 3042 2155 3098 deferendas

2242 494 2377 559 Mala
2426 512 2545 565 qua:
2601 498 2653 552 in
2712 499 2905 553 itinere
2958 509 3014 556 et
3067 501 3117 555 in
3174 502 3421 556 civitate
3473 518 3658 572 passus
3696 522 3805 569 sum,

2239 595 2544 641 nostrorum
2583 603 2679 657 per
2706 590 2909 655 omnia,
2949 606 3018 646 ne
3055 607 3427 663 agnoscerer,
3471 595 3643 649 factus
3666 596 3805 651 lamu-

2235 674 2319 730 lus
2368 676 2712 747 famulorum,
2745 680 2961 751 longum
3013 691 3119 737 est
3151 699 3456 739 enarrare.
3508 685 3664 751 Quasi
3702 688 3809 744 alter

2237 766 2560 845 Nicodemus
2588 770 2654 825 ad
2687 772 2964 827 deminum
2993 770 3185 845 papam
3219 777 3279 829 in
3320 778 3551 830 domum
3600 780 3805 847 pra-dicti

2237 852 2458 911 Joannis
2497 867 2656 914 nocte
2700 862 2842 927 veni,
2872 864 2960 918 ubi
2988 879 3110 918 eum
3141 880 3295 934 pene
3344 866 3606 921 omnibus
3641 877 3805 938 tempo-

2239 947 2442 1004 ralibus
2473 950 2627 1006 bonis
2665 954 2949 1019 nudatum,
2979 964 3034 1009 et
3068 957 3251 1011 alieno
3282 971 3410 1011 tere
3431 959 3596 1013 nimis
3624 974 3807 1030 apprcs.

2240 1055 2356 1114 sam
2388 1041 2582 1097 inveni.
2613 1043 2689 1098 lbi
2714 1060 2812 1115 per
2845 1046 3337 1117 Quadragesimam
3372 1051 3554 1104 mansi
3579 1065 3690 1105 cum
3715 1052 3804 1117 illo;

2240 1140 2315 1197 et,
2368 1134 2410 1187 si
2470 1134 2548 1190 fas
2593 1144 2678 1191 est
2732 1139 2975 1207 proﬁteri
3043 1141 3373 1205 veritatem,
3407 1138 3531 1209 ejus
3574 1146 3806 1204 onera,'m

2243 1234 2503 1291 quantum
2567 1225 2751 1294 potui,
2820 1226 3106 1283 charitatis
3175 1228 3443 1283 humeris
3518 1234 3807 1299 supportari.

2238 1314 2554 1380 Quindecim
2605 1331 2733 1373 vero
2776 1318 2979 1373 diebus.
3018 1326 3145 1374 ante
3175 1319 3452 1385 .Pascha,
3501 1319 3806 1386 Ferruchius,

2242 1418 2400 1472 quem
2428 1404 2807 1461 Lateranensis
2846 1407 3030 1477 palatii
3071 1411 3374 1465 custodem
3401 1409 3714 1464 Guitbertus
3744 1410 3806 1464 tc-

2242 1503 2411 1557 cerat,
2436 1508 2533 1562 per
2556 1494 2916 1551 internuntios
2937 1497 3147 1553 locutus
3175 1508 3263 1553 est
3288 1514 3424 1553 eum
3451 1499 3667 1553 domino
3687 1515 3807 1569 papa.

2244 1598 2489 1651 quaerens
2541 1586 2610 1638 ab
2655 1598 2720 1639 eo
2789 1588 3098 1656 pecuniam.
3157 1599 3215 1644 et
3264 1591 3395 1660 ipse
3464 1591 3709 1646 redderet
3753 1593 3808 1645 illi

2249 1675 2438 1728 turrim
2467 1684 2539 1739 et
2567 1676 2785 1731 domum
2827 1678 2997 1732 illam.
3052 1680 3205 1735 Unde
3233 1682 3514 1737 dominus
3551 1699 3682 1753 papa
3715 1699 3806 1737 cum

2248 1767 2514 1836 episcopis
2544 1780 2599 1821 et
2634 1769 3002 1824 cardinalibus
3047 1772 3139 1839 qui
3175 1787 3375 1826 secum
3407 1782 3574 1827 erant
3613 1772 3809 1837 locutus,

2248 1857 2317 1911 ab
2341 1843 2469 1925 ipsis
2494 1858 2778 1926 pecuniam
2807 1861 3085 1928 quaesivit;
3117 1864 3210 1916 sed
3242 1862 3537 1917 modicum
3562 1862 3682 1932 quid
3703 1861 3807 1930 apud

2251 1951 2418 2019 ipsos,
2452 1951 2708 2019 quoniam
2765 1964 3142 2020 persecutione
3193 1968 3251 2008 et
3310 1961 3645 2024 paupertate
3691 1952 3810 2006 simul

2250 2041 2657 2108 premebantur,
2692 2041 2935 2096 invenire
2985 2043 3177 2110 potuit.
3220 2042 3410 2108 Quem
3465 2057 3569 2112 ego
3594 2057 3705 2097 cum
3730 2055 3806 2094 non

2252 2129 2424 2183 solum
2479 2130 2712 2191 tristem,
2754 2146 2937 2185 verum
2987 2131 3151 2186 etiam
3201 2148 3323 2202 pra:
3380 2133 3557 2186 nimia
3606 2130 3809 2201 angustia

2252 2222 2640 2292 lacrymantem
2672 2223 3097 2291 conspexissem,
3147 2225 3290 2293 coepi
3348 2233 3409 2279 et
3463 2225 3580 2292 ipse
3611 2222 3808 2286 ﬂere,et

2254 2314 2389 2369 ﬁcus
2418 2315 2623 2369 accessi
2670 2315 2737 2369 ad
2766 2330 2888 2369 eum
2925 2315 3219 2381 dicens,-ut
3260 2330 3469 2371 secure
3500 2329 3621 2369 cum
3650 2311 3809 2366 Ferru-

2254 2406 2377 2461 chio
2406 2405 2567 2460 iniret
2613 2413 2851 2474 pactum.
2898 2406 2974 2461 lbi
3011 2421 3201 2461 aurum
3238 2417 3297 2461 et
3344 2413 3658 2476 argentum,
3685 2418 3806 2456 num-

2256 2510 2395 2560 mos,
2432 2494 2608 2549 mulas
2645 2502 2699 2549 et
2740 2510 2911 2564 equos
2949 2497 3209 2566 expendi;
3250 2505 3311 2552 et
3362 2497 3447 2551 sic
3491 2495 3808 2550 Lateranensc

2257 2587 2543 2641 habuimus
2573 2595 2629 2642 et
2666 2587 2984 2651 intravimus
3028 2587 3319 2656 palatium,
3369 2587 3464 2641 ubi
3498 2600 3600 2656 ego
3640 2583 3805 2653 primus

2257 2681 2533 2737 osculatus
2568 2697 2688 2735 sum
2720 2680 2923 2736 domini
2952 2695 3102 2751 papae
3137 2681 3360 2751 pedem,
3420 2680 3477 2732 in
3519 2677 3642 2732 sede
3665 2672 3806 2728 videli-

2258 2770 2688 2841 cet'apostolica,
2745 2770 2798 2824 in
2846 2785 2952 2839 qua
3004 2770 3162 2839 longe
3211 2780 3347 2824 ante
3399 2766 3691 2823 catholicus
3730 2776 3804 2814 non

2259 2864 2472 2918 sederat
2534 2876 2694 2931 papa.
2731 2879 2749 2912 ι
2813 2860 3054 2930 Epistola
3118 2860 3377 2930 sequenti
3458 2856 3525 2911 ad
3604 2857 3803 2910 eumdem

2260 2950 2576 3007 Paschalem
2614 2949 2835 3018 scripta,
2895 2949 2996 3003 sibi
3048 2949 3149 3017 ipsi
3191 2948 3513 3019 gratulatur
3551 2946 3684 3015 quod
3720 2950 3805 3010 post

2259 3058 2448 3112 papam
2505 3040 2798 3106 Urbanum,
2854 3050 2902 3093 et
2951 3040 3275 3109 prwcipuum
3340 3050 3546 3093 sancta:
3596 3036 3801 3089 Romam:

585 3135 713 3180 ante
738 3126 944 3196 aliquot
989 3135 1202 3197 tempus
1229 3130 1539 3185 advenerat.
1577 3131 1626 3186 ls
1656 3148 1797 3187 anno
1831 3135 2152 3203 praecedenti
2184 3119 2223 3176 (ἶ
2256 3133 2484 3187 ecclesia:
2507 3131 2697 3215 filium
2746 3129 3185 3185 Petrum-Leonis
3233 3130 3535 3185 Guitberto
3582 3121 3801 3179 αὺδιιιίενίί

584 3232 663 3271 xu
688 3218 956 3274 Kalendas
988 3220 1308 3288 Septembri,
1358 3230 1417 3276 ut
1468 3222 1631 3277 habet
1677 3223 1984 3280 Cbronicon
2034 3226 2156 3279 Vin-

586 3307 875 3368 docineuse
930 3311 1064 3367 alias
1120 3312 1504 3385 Andegavense
1561 3329 1590 3367 a
1641 3314 1857 3370 Labbeo
1918 3318 2159 3385 editum,

586 3403 870 3459 Vindocini
930 3404 1095 3461 abbas
1155 3406 1221 3461 ab
1292 3405 1454 3461 lvone
1517 3406 1832 3463 Carnotensi
1911 3411 2161 3479 episcopo

585 3494 885 3560 ordinatus,
918 3496 1104 3553 audito
1132 3497 1277 3566 quod
1311 3496 1559 3553 Urbanus
1587 3499 1637 3551 in
1670 3515 1880 3552 summa
1911 3515 2161 3570 pressura

586 3595 749 3652 esset,
787 3601 943 3656 opem
986 3588 1035 3642 ei
1058 3589 1306 3643 conferre
1331 3590 1538 3644 statuit.
1581 3590 1757 3655 Quare
1800 3591 2025 3647 Romam
2054 3603 2163 3647 sta-

590 3676 685 3729 tim
716 3676 1009 3743 profectus,
1062 3686 1324 3746 quantum
1372 3678 1445 3733 ibi
1498 3680 1736 3748 pontifici
1778 3682 2039 3749 profucrit
2096 3698 2161 3735 ex

591 3766 765 3835 ipsius
792 3768 1018 3845 epistola
1047 3767 1080 3822 8
1139 3768 1262 3823 libri
1291 3784 1305 3821 ι
1335 3767 1401 3821 ad
1441 3768 1757 3824 Paschalem
1803 3771 2003 3825 Urbani
2044 3788 2163 3827 suc-

592 3872 863 3935 cessorem
899 3860 1098 3928 scripta
1128 3858 1449 3919 discendum
1477 3870 1577 3915 est.
1615 3862 1672 3914 In
1697 3878 1758 3915 ea
1801 3871 2081 3931 postquam
2107 3879 2165 3919 se

592 3950 862 4021 proprium
914 3959 963 4013 et
1016 3949 1312 4020 specialem,
1381 3967 1483 4003 non
1544 3950 1838 4019 adap:irum
1897 3954 2166 4023 pontificis

595 4039 788 4108 ﬁlium,
819 4055 884 4096 ac
921 4040 1305 4096 monasterium
1355 4056 1509 4095 suum
1546 4042 1682 4096 beati
1712 4042 1861 4097 Petri
1898 4046 2164 4113 proprium

595 4130 831 4186 alodium
874 4140 921 4185 et
961 4131 1336 4202 patrimonium
1391 4147 1458 4185 es
1527 4132 1867 4200 funrlatorum
1930 4134 2166 4203 ipsorum

597 4221 875 4278 voluntate
920 4238 1040 4278 esse
1086 4221 1455 4296 prtemisisset,
1514 4224 1786 4296 subjungit
1833 4242 1892 4280 se
1925 4229 2167 4281 tredecim

597 4314 767 4369 millia
799 4315 1086 4369 solidorum
1113 4326 1350 4381 monetae,
1387 4317 1581 4385 inquit,
1613 4328 1803 4372 nostra?
1832 4320 1885 4373 in
1916 4319 2169 4375 Romame

600 4400 851 4460 Ecclesiw
878 4406 1165 4472 servitium,
1193 4405 1304 4477 sola
1335 4405 1629 4481 dilectione,
1673 4424 1774 4462 non
1810 4409 1918 4462 ulla
1943 4410 2165 4479 qualibet

600 4496 1257 4565 necessitatecompulsum,
1280 4498 1619 4565 expendisse.
1644 4499 1835 4554 Postea
1863 4511 2025 4557 totam
2054 4521 2165 4559 rem

598 4585 932 4640 enucleatius
979 4586 1219 4655 exponit,
1248 4587 1399 4652 cujus
1438 4588 1570 4645 adeo
1608 4589 1717 4658 ipsa
1768 4594 1927 4645 verba
1968 4594 2167 4647 reﬁ-rre

594 4690 773 4745 operte
798 4678 1027 4747 pretium
1048 4688 1151 4743 est,
1176 4676 1315 4746 quod
1345 4678 1537 4733 Urbani
1566 4692 1619 4733 et
1635 4680 1889 4737 Ecclesia:
1910 4676 2167 4740 Rom-aute

596 4782 662 4821 ea
689 4777 1004 4839 tempestate
1034 4774 1230 4825 statum
1264 4770 1479 4839 egregie
1516 4782 1929 4847 repraesentant.
1964 4794 1983 4826 ι
2022 4776 2167 4832 inter

598 4869 811 4925 etetera,
846 4862 1036 4930 inquit,
1074 4877 1195 4931 qua:
1229 4876 1341 4914 mea
1385 4862 1660 4917 luunilitas
1694 4864 1877 4919 Roma:
1910 4866 2167 4924 Ecclesiae

600 4951 652 5004 in
696 4966 791 5004 sua
844 4936 1323 5008 necessitatefecit
1369 4956 1611 5018 servitia,
1650 4972 1832 5019 unmn,
1880 4958 2002 5027 quia
2032 4962 2171 5016 cele-

598 5041 893 5094 berrimum
943 5042 1063 5108 fuit,
1100 5060 1200 5099 nec
1259 5060 1498 5113 possum,
1552 5061 1650 5099 nec
1702 5047 1868 5101 debeo
1919 5049 2167 5104 silere....

604 5148 623 5181 ι
654 5129 835 5184 Primo
880 5146 1041 5197 anno,
1076 5150 1203 5204 quo,
1251 5135 1361 5190 Deo
1396 5135 1608 5190 volente
1663 5137 1744 5190 vel
1802 5142 2168 5209 permittente,

600 5236 794 5275 nomen
853 5220 1061 5276 abbatis
1108 5226 1341 5295 suscepi,
1396 5227 1576 5279 audivi
1630 5226 1730 5295 pia:
1782 5231 2173 5289 recordationis

599 5310 874 5365 dominum
914 5326 1105 5380 papam
1134 5312 1408 5369 Urbanum
1456 5315 1509 5369 in
1551 5317 1708 5372 domo
1733 5316 1957 5374 Joannis
1984 5321 2169 5377 Frica-

600 5414 794 5469 panem
848 5400 1089 5473 latitare,
1139 5413 1196 5458 et
1239 5414 1425 5458 contra
1461 5405 1873 5463 Guitbertissam
1925 5411 2169 5468 haeresim

605 5488 837 5545 viriliter
866 5490 1132 5559 laborare.
1164 5489 1312 5546 Licet
1344 5493 1491 5548 locus
1540 5506 1724 5550 noster
1769 5513 1973 5567 pauper
2007 5512 2173 5568 esset,

606 5577 831 5635 Romam
861 5589 1039 5636 tamen
1067 5581 1213 5652 veni,
1236 5580 1378 5637 illius
1406 5587 1833 5653 persecutionum
1858 5600 1906 5644 et
1934 5591 2175 5650 laborum

527 5707 535 5745 ε
604 5667 791 5727 volens
817 5669 1085 5743 particeps
1116 5670 1254 5740 ﬁeri,
1287 5680 1339 5728 et
1374 5688 1527 5729 suam
1565 5692 1663 5748 pro
1692 5693 1848 5748 posse
1891 5697 2009 5737 meo
2037 5684 2177 5745 desi-

2258 3223 2609 3277 Lateranense
2636 3221 2917 3291 palatium,
2957 3222 3202 3290 pecuniae
3223 3222 3445 3275 scilicet
3473 3216 3662 3289 ingenti
3689 3226 3798 3266 sum-

2260 3328 2370 3377 ma,
2404 3328 2562 3380 quam
2592 3328 2711 3365 eam
2743 3312 2797 3365 in
2827 3327 2938 3366 rem
2969 3312 3323 3380 expenderat.
3362 3312 3566 3365 Eadem
3596 3315 3798 3370 compca-

2257 3403 2445 3459 .diosus
2477 3402 2675 3470 passim
2699 3401 2894 3469 repetit
2921 3400 3213 3465 Goﬁ'ridus,
3247 3401 3594 3469 potissimum
3614 3388 3796 3462 epistola

2264 3493 2352 3556 15,
2415 3490 2657 3560 ejusdem
2715 3491 2837 3546 libri
2891 3492 2957 3545 ad
3008 3491 3280 3545 Calixtum
3356 3503 3581 3561 papam,
3645 3481 3719 3536 ubi
3754 3478 3798 3531 de

2263 3588 2520 3657 impensis
2570 3604 2598 3641 a
2663 3602 2721 3641 se
2778 3587 2831 3640 in
2886 3586 3186 3640 Romanum
3244 3587 3562 3656 pontiﬁcem
3611 3571 3796 3633 Serviliis

2265 3680 2460 3733 iterum
2511 3679 2756 3747 loquens,
2797 3679 2874 3733 ait
2920 3692 2979 3732 se
3029 3678 3305 3747 plusquam
3358 3674 3629 3730 duodecim
3672 3664 3797 3718 millia

2262 3771 2552 3825 solidorum
2582 3784 2647 3824 ex
2678 3770 2963 3824 occasione
2998 3769 3427 3839 consumpsisse,
3462 3779 3582 3835 quae
3609 3767 3793 3816 summa.

2264 3878 2330 3916 eo
2359 3863 2472 3931 ipso
2504 3871 2656 3923 teste,
2689 3872 2891 3915 centum
2913 3878 3119 3915 marcas
3145 3863 3352 3930 argenti
3389 3858 3620 3913 valebat.

2580 3951 2708 4006 CLI.
2754 3949 3087 4021 Privilegium
3140 3950 3538 4004 Vindocinense.

2284 4096 2287 4099 λ
2339 4046 2505 4101 Paulo
2555 4055 2841 4115 antequam
2913 4047 3163 4101 Urbanus
3232 4029 3794 4105 Lateranum(10mllli

2268 4153 2369 4206 ope
2401 4148 2759 4206 recuperaret,
2794 4153 2983 4207 nempe
3014 4140 3185 4207 pridie
3218 4139 3344 4193 ldus
3401 4134 3595 4199 Martii,
3632 4126 3795 4191 ῑηεῑευε

2270 4226 2604 4295 privilegium
2635 4228 2902 4281 concessit
2936 4226 3313 4283 Viudocincnsi
3359 4222 3694 4282 monasterio,
3718 4222 3794 4279 (ιυο

2271 4315 2387 4383 ejus
2414 4316 2530 4385 jura
2554 4327 2606 4369 et
2631 4318 2998 4385 possessiones
3025 4328 3361 4372 asseruntur.
3386 4317 3442 4371 ld
3470 4311 3793 4369 conﬁrmatum

2274 4418 2458 4475 postea
2498 4407 2599 4459 fuit
2631 4408 2682 4460 in
2713 4408 2942 4463 concilio
2987 4407 3443 4470 Claronmntcnsi,
3486 4402 3559 4456 uti
3587 4411 3674 4452 suo
3708 4391 3792 4442 loro

2274 4500 2531 4560 dicemus,
2560 4500 2699 4567 quod
2733 4500 2997 4569 integrum
3042 4516 3105 4552 ex
3137 4500 3360 4553 archivo
3388 4495 3617 4565 ejusdem
3646 4493 3790 4538 mona-

2262 4590 2449 4655 sterii,
2487 4589 2626 4649 inter
2669 4588 2867 4644 Urbani
2917 4590 3173 4657 epistolas
3203 4590 3439 4643 (labitur.
3479 4582 3791 4664 “nequod”

2275 4680 2514 4734 revocari
2542 4681 2757 4735 debent
2809 4681 2951 4735 duze
2979 4681 3218 4750 ejusdem
3263 4678 3534 4747 pontiﬁcis
3576 4659 3790 4762 episllflfl’v

2264 4786 2393 4838 qua:
2446 4769 2627 4825 Roma:
2692 4772 2833 4827 datm
2894 4772 3147 4826 dicuntur
3199 4773 3234 4825 2
3300 4768 3562 4826 Kalendas
3619 4752 3786 4826 Aprilis.

2277 4860 2512 4916 Primam
2565 4863 2781 4931 scripsit
2819 4864 3054 4933 pontifex
3108 4863 3376 4919 Willelmo
3425 4846 3788 4916 Pictaviensiunl

2277 4953 2481 5015 comiti,
2515 4962 2571 5006 ut
2619 4954 2764 5007 illum
2811 4956 2877 5008 ad
2921 4955 3306 5009 restituendam
3364 4936 3786 5008 Vindociuensibus

2277 5042 2558 5096 monachis
2593 5042 2876 5097 ecclesiam
2923 5042 3347 5112 Sancti‘Georgii
3378 5045 3427 5096 in
3457 5036 3617 5094 Insula
3643 5026 3785 5121 Olera—

2278 5134 2359 5186 nis
2386 5133 2564 5197 siLam,
2595 5148 2754 5202 quam
2783 5132 2869 5197 ille
2898 5134 3112 5195 cuidam
3149 5133 3359 5197 Ebloni,
3389 5132 3476 5185 uni
3500 5146 3529 5182 e
3548 5122 3647 5179 suis
3672 5112 3779 5168 null-

2242 5266 2249 5269 .
2276 5226 2418 5278 tibus
2445 5225 2759 5289 donaverat,
2779 5225 3188 5289 adhortaretur;
3236 5225 3403 5280 altera
3442 5223 3621 5277 Amato
3648 5209 3782 5272 Ιθῦεδίθ

2275 5316 2583 5386 apostolica:
2612 5317 2759 5372 sedis
2793 5316 3020 5385 aliisque
3049 5316 3256 5371 duobus
3283 5312 3543 5387 episc0pis
3572 5300 3776 5360 inserit!"

2272 5419 2378 5476 est,
2427 5411 2622 5480 quibus
2670 5409 2906 5481 pontifex
2960 5408 3198 5477 iniungit.
3245 5421 3303 5463 ut
3349 5403 3661 5464 Guillelmnru
3708 5396 3778 5481 pr?

2275 5480 2743 5556 excommunicato
2794 5499 3050 5565 habeant,
3101 5497 3203 5553 nisi
3257 5500 3395 5553 intra
3450 5498 3634 5573 temp"?

2278 5590 2766 5661 prasﬁuitumbona
2812 5588 3295 5645 Vindocinensibus
3335 5576 3593 5643 monachis
3623 5564 3777 5661 “illis”

2279 5655 2450 5737 ablata
2519 5686 2805 5739 restituere
2857 5682 3034 5739 faciat.
3084 5677 3210 5739 litae
3257 5683 3362 5739 duo
3397 5672 3628 5741 rescrit’”
3668 5655 3771 5712 "W
