3962 6312
76 305 180 360 I25

1648 309 1822 368 VITA.

3252 297 3354 384 ac

74 433 415 490 pra-sentem
459 437 656 478 annum
711 420 912 476 differri
948 435 1053 477 non
1089 436 1249 493 posse
1273 437 1341 478 ex
1368 437 1434 480 eo
1467 423 1672 495 colligi-
1700 433 1746 488 Λ
1777 425 2016 496 plerique
2055 441 2152 495 pro
2181 442 2276 482 sua
2324 411 2634 487 conditione
2664 425 2750 487 vix
2790 449 2853 490 ac
2889 450 2955 492 ne
3001 437 3088 492 vix
3132 440 3350 511 quidam

79 529 222 577 mus,
259 515 412 584 quod
449 513 750 568 Willelmus
790 513 844 566 in
892 514 1126 582 quadam
1175 514 1389 580 charta,
1427 530 1491 570 ea
1521 517 1586 570 de
1616 531 1674 571 re

77 603 241 667 edita,
303 612 542 659 testetur
593 618 652 659 se
705 604 804 658 bas
855 602 1059 660 Urbani
1113 603 1322 662 litteras
1373 602 1671 677 accepisse,

81 694 407 764 priusquam
461 694 548 750 ille
579 694 632 749 in
680 693 885 749 Gallias
919 695 1148 750 concilia
1173 696 1545 752 Celebraturus
1576 698 1674 752 ad—

81 785 343 847 venisset,
393 799 561 853 quam
604 785 820 854 quidem
869 785 1112 839 chartam
1137 801 1262 840 cum
1302 785 1525 841 multum
1547 799 1678 843 con-

84 873 220 926 ferat
264 871 692 927 adillustranda
731 872 932 928 Urbani
963 873 1236 941 Gesta,"et
1260 877 1677 945 'co'mplectatur

87 973 251 1017 totam
310 962 936 1032 hujus’controversice,
991 967 1322 1038 queesmpe“
1375 969 1670 1033 recruduit,

88 1053 301 1119 seriem,
327 1054 448 1125 jam
489 1055 662 1111 habes
703 1056 844 1123 apud
897 1055 1134 1111 Besli'um
1169 1057 1222 1112 in
1269 1059 1674 1128 probationibus

91 1144 324 1200 historias
400 1147 700 1201 comitumr
733 1146 1160 1214 Pictaven'sium,
1218 1149 1313 1203 Sed
1383 1164 1569 1204 rursus
1607 1150 1675 1204 ad

93 1243 291 1289 veteres
311 1235 740 1292 Yindoeinensis
764 1238 1080 1293 monasterii
1111 1239 1460 1296 membranas
1479 1239 1672 1296 collata

97 1325 334 1392 dabitur;
384 1336 683 1396 utrumque
728 1329 1185 1398 vero'pontilicis
1233 1331 1554 1400 rescriptum
1594 1333 1673 1386 "ex

95 1411 326 1478 ejusdem
388 1414 496 1470 loci
539 1416 785 1472 archivio
843 1416 1152 1486 proferetur
1212 1419 1511 1490 inter'ejus
1560 1422 1674 1492 epi-

99 1503 270 1559 stolas.

98 1612 236 1671 CLII.
271 1611 544 1685 Goﬁridus
584 1617 650 1671 ab
693 1613 906 1740 Urbanlo
943 1618 1003 1700 ﬁt
1053 1611 1339 1690 preSbyter.
1378 1618 1437 1676 S.
1469 1583 1671 1705 Prisca:

508 1723 510 1725 ›
727 1723 732 1728 -
772 1705 857 1740 ecc
880 1705 1008 1740 eam.

508 1723 510 1725 ι
727 1723 732 1728 ·
772 1705 1008 1743 80618818.

169 1776 430 1857 Urbanus,
457 1745 644 1848 itaque
688 1763 1291 1848 adepta-Lateranensis
1323 1782 1513 1851 palatii
1547 1797 1670 1853 pos-
1700 1789 1746 1849 Β

109 1872 343 1935 sessione,
377 1870 710 1938 Golfridum,
763 1873 856 1942 qui
924 1887 1065 1926 anno
1123 1874 1482 1942 praecedenti,
1545 1889 1668 1928 cum

113 1961 346 2016 diaconus
390 1961 560 2038 solum
629 1968 791 2026 esset,
854 1962 922 2016 ab
976 1963 1140 2024 Ivone
1184 1962 1500 2019 Carnotensi
1552 1965 1669 2034 cpi-

123 2065 269 2120 scopo
321 2049 372 2104 in
418 2050 662 2105 abbatem
724 2048 1046 2107 benedictus
1098 2050 1300 2118 fuerat,
1359 2053 1464 2108 hoc
1521 2069 1668 2109 anno

128 2142 460 2211 presbyterum
513 2141 800 2207 ordinavit,
886 2143 1046 2211 eique
1106 2143 1416 2204 ecclesiam:
1456 2143 1670 2201 Sanctae

125 2232 317 2298 Priscae,
344 2250 402 2289 ex
429 2250 532 2305 qua
563 2235 1006 2301 Vindocinenses,
1040 2237 1291 2292 monachi
1326 2253 1361 2314 ag
1389 2236 1668 2294 Guiberti-

116 2326 190 2378 nis
235 2323 374 2394 cjecti
426 2326 668 2393 fuerant,
713 2328 975 2383 restituit.
1035 2328 1163 2385 Ilaec
1220 2330 1272 2383 in
1323 2330 1493 2386 variis
1545 2331 1668 2386 libri

114 2417 248 2486 primi
276 2418 508 2488 epistolis
536 2420 735 2488 passim
765 2428 992 2476 testatur
1021 2421 1136 2491 ipse
1167 2421 1461 2483 Golfridus.
1496 2423 1670 2492 potis-

113 2507 281 2562 simum
305 2509 529 2578 epistola
573 2509 640 2564 M
667 2509 732 2566 ad
783 2509 1080 2566 Honorium
1133 2527 1362 2582 papam;
1390 2514 1521 2568 item
1556 2515 1672 2585 epis

116 2596 232 2654 atola
280 2614 314 2653 ιι
347 2598 542 2655 Calixo
578 2599 622 2654 II
665 2603 888 2672 scripta,
930 2619 991 2659 se
1041 2604 1108 2658 ab
1149 2603 1370 2660 Urbano
1417 2616 1668 2676 tanquam

112 2695 294 2748 unicum
323 2695 498 2763 ﬁlium
526 2695 782 2752 dilectum
811 2698 983 2753 fuisse
1028 2697 1308 2769 gloriatur.
1347 2698 1500 2766 Quod
1542 2715 1672 2756 vero

114 2785 167 2838 ad
198 2785 463 2841 ecclesiam
531 2786 748 2843 Sanctae
812 2787 1015 2842 Prisca:
1081 2789 1295 2854 attinet,
1346 2789 1535 2844 titulus
1587 2799 1671 2845 est

113 2877 373 2947 presbyteri
411 2878 736 2944 cardinalis,
767 2893 926 2949 quem
962 2879 1396 2936 Vindocinenses
1443 2881 1668 2938 abbates

112 2955 183 3022 diu
208 2958 568 3036 retinuerunt,
603 2970 863 3043 locusque
893 2968 1071 3038 ejusa
1099 2973 1384 3045 monachis
1411 2973 1670 3028 Vindoci-

115 3059 328 3116 nensibus
362 3062 796 3135 inhabitabatur,
822 3063 920 3119 sed
951 3063 1018 3118 de
1045 3064 1130 3119 his
1154 3063 1305 3120 locus
1331 3065 1421 3119 hic
1451 3081 1555 3120 non
1585 3075 1670 3120 est

113 3148 253 3205 fusius
274 3153 609 3209 disserendi.
629 3155 790 3210 Plura
824 3157 891 3212 de
934 3155 1019 3212 his
1046 3157 1214 3213 habet
1259 3158 1581 3214 Sirmondus
1612 3160 1663 3213 in

116 3243 228 3296 notis
250 3244 308 3298 ad
335 3244 565 3300 Goﬂ'ridi
609 3247 894 3317 epistolas.
925 3247 1084 3319 Certe
1100 3249 1228 3323 jam
1250 3266 1290 3306 a.
1309 3250 1492 3305 multis
1512 3253 1667 3306 annis

115 3329 505 3392 Viudocinenses
534 3338 783 3393 monachi
814 3354 934 3394 eam
966 3341 1290 3406 amiserunt,
1321 3348 1484 3410 atque
1508 3343 1668 3396 hodie

117 3426 444 3484 nominetenus
489 3429 719 3485 abbates
761 3429 1048 3486 Vindocini
1115 3433 1668 3491 cardinales‘huncu-

117 3526 293 3584 patitur,
337 3536 438 3590 qua
500 3537 695 3578 nomen
753 3511 1014 3595 dignitate
1060 3539 1156 3580 eos
1199 3526 1376 3581 adhuc
1426 3535 1667 3596 tempore

118 3605 513 3671 Constantieusis
538 3615 753 3671 concilii
783 3624 1006 3673 ornatos
1035 3616 1212 3673 fuisse
1241 3618 1498 3672 observat
1521 3618 1664 3673 idem

119 3698 411 3763 Sirmondus.
733 3757 736 3759 Α
1287 3758 1290 3760 .
1311 3729 1315 3758 :
1369 3754 1371 3756 -

298 3798 468 3856 CLIII.
512 3800 756 3872 Episwpi
783 3801 1108 3857 Ravellensis
1149 3802 1432 3857 ordinatio.

170 3888 316 3948 Porro
341 3910 463 3948 cum
505 3909 572 3948 ex
615 3893 840 3950 Golfridi
870 3895 1211 3951 ordinatione
1251 3906 1465 3952 constet
1495 3896 1668 3951 Urba-

121 3995 220 4036 num
251 3997 310 4040 eo
334 3994 585 4056 tempore
611 3987 663 4040 in
696 3985 964 4042 Laterano
987 3987 1428 4056 palatioordiues
1454 3989 1666 4059 publice

120 4074 392 4144 contulisse,
442 4079 558 4132 huc
606 4076 748 4132 forte
801 4079 1045 4134 revocari
1094 4087 1276 4148 potest
1320 4078 1663 4134 Constantini

121 4163 405 4226 Ravellensis
454 4171 700 4241 episcopi
759 4170 1128 4235 consecratio,
1187 4171 1279 4240 qui
1345 4172 1449 4225 hoc
1520 4187 1665 4225 anno

122 4255 278 4314 Utsoni
306 4263 658 4329 successisse,
681 4272 736 4318 et
759 4264 828 4318 ab
858 4262 1094 4329 Urbano,
1127 4265 1268 4334 quod
1294 4264 1408 4318 haec
1431 4264 1664 4318 ecclesia

123 4347 324 4410 Romano
353 4356 599 4427 pontifici
657 4356 864 4426 absque
896 4355 1071 4411 medio
1101 4353 1345 4424 subjecta
1393 4354 1480 4415 sit,
1521 4353 1669 4408 ordi-

123 4452 250 4501 natus
279 4447 439 4507 luisse
499 4450 696 4505 dicitur
738 4449 880 4520 apud
931 4448 1218 4520 Ughellum
1271 4445 1462 4503 tomol
1503 4446 1668 4501 Italizc

124 4547 275 4594 sacrae.
491 4581 498 4588 .
697 4581 700 4585 .
855 4585 858 4590 .
1034 4567 1040 4583 ο
1105 4587 1112 4597 ,
1290 4571 1296 4592 ς
1327 4545 1331 4550 ’

244 4630 405 4688 CLIV.
446 4633 816 4704 Urbani-pars
844 4633 899 4688 in
931 4630 1217 4687 Germania
1246 4630 1513 4698 prtrvalet.

182 4720 314 4780 Ilaud
347 4728 524 4784 minus
559 4743 648 4784 res
675 4727 880 4783 Urbani
912 4742 978 4783 eo
1010 4736 1250 4796 tempore
1279 4725 1330 4778 in
1377 4724 1665 4780 Germania

127 4825 255 4879 quam
291 4820 420 4887 apud
449 4819 902 4888 ltalosproSpere
943 4817 1330 4879 succedebant,
1366 4815 1507 4882 quod
1538 4830 1668 4868 cou-

131 4901 276 4972 ligisse
307 4909 555 4964 observat
586 4909 869 4964 Be'rtoldns
892 4910 964 4964 ob
992 4923 1261 4963 summam
1314 4905 1663 4975 concordiam

129 5004 223 5071 qua:
255 4995 382 5051 inter
426 4997 784 5068 Welplionem
815 4997 1078 5066 Bajoarim
1107 4997 1325 5067 ducem,
1365 5004 1421 5050 et
1441 5049 1445 5052 ,
1466 4995 1669 5048 Bertol—

130 5078 229 5135 dum
251 5084 426 5142 ducem
455 5088 788 5144 Alemannis:
837 5089 1073 5158 vigebat,
1123 5088 1197 5141 ita
1239 5098 1297 5141 ut
1333 5086 1457 5142 inde
1501 5103 1605 5154 pas:
1635 5104 1665 5140 a

134 5164 342 5241 Francia,
373 5176 658 5233 Teutonico
687 5185 750 5233 et
783 5179 1011 5241 Alsatia,
1050 5195 1214 5250 usque
1243 5178 1312 5232 ad
1353 5177 1664 5248 Bajoart'am
1747 5223 1750 5226 .

133 5257 212 5312 imo
254 5274 294 5318 et
341 5265 665 5340 "ungat-iam
690 5274 980 5342 propagata
1016 5271 1201 5336 fuerit,
1233 5286 1396 5341 quam
1449 5269 1666 5338 quidem

134 5361 282 5415 pacem
308 5357 422 5417 ideo
449 5362 662 5418 firmam
690 5379 756 5420 ac
804 5367 1149 5420 constantem
1205 5363 1670 5420 fuisse'observat

137 5435 246 5497 idem
273 5458 468 5517 auctor,
497 5455 642 5524 quod
673 5455 950 5528 principes
1009 5455 1230 5526 quisque
1271 5455 1326 5509 in
1371 5471 1472 5509 sua
1513 5464 1661 5524 pote-

141 5535 240 5614 state
277 5537 531 5605 justitiam
595 5544 770 5614 facere
820 5562 924 5601 non
973 5555 1277 5610 cessarent;
1337 5545 1478 5599 inter
1531 5559 1668 5612 quos

141 5613 398 5708 Pertoldum
450 5613 640 5690 ducem
687 5640 800 5708 pra:
843 5637 1057 5693 caeteris
1113 5636 1406 5692 eminuisse
1454 5635 1662 5690 scribit.

145 5701 202 5764 Nc
247 5729 359 5778 vero
394 5729 771 5787 commercium
821 5731 964 5802 quod
1019 5746 1141 5788 cum
1184 5729 1667 5788 excommunicatis

1775 516 1944 571 vitare
1987 526 2260 586 poterant,
2313 534 2430 574 eam
2479 522 2921 592 tranquillitatem
2975 530 3347 596 perturbaret,

1776 606 1847 660 ita
1921 611 2497 667 excommunicationis
2556 614 2884 670 sententiam
2953 617 3200 690 Gregorii
3263 611 3350 678 VII

1774 698 2021 768 esemplo
2050 701 2393 769 temperavit
2443 703 2899 772 prudentissimus
2953 706 3216 778 pontifex,
3267 720 3350 778 ut,

1778 778 1912 842 teste
1958 788 2147 843 eodem
2202 789 2473 856 Bertoldo,
2520 791 2780 859 viatores,
2812 791 3055 863 rustici,
3109 800 3250 855 servi
3295 808 3354 856 et

1775 879 2002 945 ancillm,
2047 893 2350 951 uxoresque
2390 897 2457 937 ac
2499 881 2592 938 lilii
2647 887 3251 944 excommunicatorum'
3283 888 3353 946 iis

1775 969 2223 1024 communicando
2251 970 2301 1024 in
2335 985 2452 1025 eam
2485 971 2662 1027 labem
2699 975 2804 1029 non
2835 975 3197 1043 incurrerent,
3245 978 3348 1034 nisi

1775 1057 1913 1113 forte
1960 1059 2032 1113 illi
2076 1075 2241 1128 prava
2296 1077 2391 1117 sua
2446 1062 2720 1119 voluntate
2767 1080 2886 1120 sese
2931 1066 3077 1136 ipsos
3123 1068 3349 1124 vinculis

1773 1151 2346 1206 excommunicationis
2377 1154 2763 1225 astringerent.

1786 1234 1800 1254 ⁷
2159 1243 2312 1298 CLV.
2351 1243 2594 1315 Synodu's
2623 1245 2975 1303 Constantiw.‘

1843 1333 1968 1388 Haec
1999 1334 2214 1403 publica
2252 1326 2612 1406 tranquillitas
2641 1340 2955 1408 praeclaram
2994 1339 3354 1395 resarciendae

1773 1425 1824 1479 in
1859 1426 1944 1479 his
1974 1426 2267 1494 provinciis
2287 1428 2669 1484 ecclesiasticae
2691 1431 2986 1500 disciplinae
3013 1432 3352 1487 occasionem

1771 1516 1999 1586 praebuit
2039 1516 2360 1574 Gebehardo
2406 1519 3054 1588 Constantiae.antistiti,
3108 1530 3162 1576 et
3212 1521 3355 1576 sedis

1772 1607 2081 1677 apostolica:
2103 1609 2331 1674 vicario,
2355 1610 2443 1680 qui
2469 1625 2533 1665 eo
2557 1600 2759 1677 animo,
2780 1619 2840 1665 ut
2863 1604 3026 1666 refert
3050 1611 3351 1676 Bertoldus,

1771 1696 1855 1752 cui
1885 1698 1984 1753 soli
2015 1699 2174 1768 hujus
2201 1693 2499 1756 conventus
2526 1702 2774 1757 notitiam
2804 1703 3085 1769 debemus,
3108 1718 3352 1773 magnam

1773 1787 2029 1857 synodum
2042 1781 2398 1856 Constantia,
2418 1791 2753 1846 hebdomade
2781 1793 2985 1859 majore
3005 1803 3130 1847 ante
3147 1791 3352 1847 Pascha

1774 1895 1893 1932 cum
1921 1872 2194 1934 abbatibus
2226 1890 2272 1934 et
2299 1881 2501 1934 clericis
2529 1881 2836 1946 innumeris,
2876 1900 2937 1936 ac
2963 1884 3186 1936 ducibus
3204 1882 3354 1939 Wel-

1773 1970 1951 2038 phone
1999 1969 2283 2041 Bajoariae,
2325 1971 2580 2027 Bertoldo
2621 1974 2974 2040 Alemannim,
3035 1984 3084 2028 et
3140 1973 3351 2044 reliquis

1772 2057 2100 2113 Alemannite
2149 2059 2772 2129 principibuscan‘onice
2826 2061 3130 2128 celebravit,
3181 2062 3353 2133 ibique

1771 2147 1960 2212 multa,
1988 2164 2105 2218 qum
2132 2149 2438 2219 corrigenda
2478 2144 2649 2215 erant,
2682 2145 2945 2204 correxit.
2967 2147 3030 2205 In
3054 2165 3117 2204 ea
3146 2151 3354 2220 syno.!o

1770 2237 2216 2311 presbyterorum
2252 2240 2646 2296 incontinentia
2685 2250 2740 2296 et
2805 2242 3050 2296 violentia
3080 2242 3350 2297 Simonia-

1769 2346 1958 2388 corum
1983 2333 2253 2387 damnatae
2283 2331 2521 2397 fuerunt,
2545 2340 2919 2402 statutumque
2947 2343 3032 2389 est
3057 2341 3116 2386 ut
3149 2331 3354 2388 mensis

1771 2421 1956 2477 Martii
1973 2424 2240 2493 jejunium
2265 2424 2416 2494 juxta
2457 2423 2768 2479 sanctorum
2803 2424 3027 2479 Patrum
3068 2431 3269 2479 statuta
3295 2423 3350 2477 in

1769 2516 1946 2585 prima
1983 2513 2814 2588 hebdomada'Quadra‘ge'simae,
2837 2526 2897 2578 et.
2919 2511 3183 2587 jejunium
3206 2513 3352 2570 Junii

1771 2608 1826 2662 in
1855 2609 1969 2678 ipsa
2001 2599 2338 2664 hebdomada
2365 2608 2717 2664 Pcut'ecostes
2739 2608 3161 2664 celebrarentur.
3191 2605 3353 2660 Certe

1768 2701 1933 2756 varia:
1972 2691 2129 2756 erant
2156 2717 2221 2755 eo
2264 2711 2507 2771 tempore
2545 2702 2600 2756 in
2643 2702 2812 2756 variis
2857 2701 3119 2757 Ecclesiis
3164 2701 3353 2755 obsera.

1769 2791 2070 2846 vandorum
2115 2792 2329 2845 illorutn
2369 2789 3192 2860 jejuniorumconsuetudines,
3241 2802 3348 2858 qua

1769 2881 1838 2936 dc
1897 2898 1957 2938 re
2015 2882 2234 2951 scripsit
2285 2881 2600 2952 Sigcbertus
2646 2889 2936 2936 tractatum
2989 2878 3344 2951 singularem,
3387 2868 3392 2871 ’

1771 2990 1931 3045 quem
1961 2989 2027 3030 ex
2070 2991 2171 3029 ms.
2201 2974 2386 3030 codice
2421 2966 2774 3043 deScriptIiiii,
2817 2972 3193 3044 si’aliquando
3230 2985 3350 3026 sese

1771 3077 2073 3137 opportuna
2123 3067 2381 3122 obtulerit
2417 3067 2655 3132 occasio,
2689 3068 2741 3122 in
2780 3067 2950 3122 lucem
2989 3066 3348 3136 proferemus.

1694 3147 1734 3204 (ἶ
1768 3160 1958 3214 Exstat
2008 3160 2170 3214 etiam
2226 3161 2290 3215 de
2337 3161 2526 3214 eadem
2579 3175 2637 3215 re
2692 3160 2905 3214 concilii
2943 3156 3348 3212 Claromontani

1767 3251 2072 3318 decretum,
2121 3261 2178 3306 at
2217 3250 2366 3321 plura
2405 3249 2675 3306 habentur
2722 3251 2861 3320 apud
2903 3250 3249 3305 Sirmondum
3297 3249 3351 3301 in

1767 3343 1909 3398 notis
1939 3343 2004 3397 ad
2031 3342 2330 3397 Goliridum
2355 3329 2802 3397 Vindocinensem
2836 3340 2926 3394 lib.
2962 3327 3044 3404 ni,
3073 3339 3342 3409 epist.25,

1767 3448 1886 3503 qua:
1919 3433 2232 3487 Ilildeberto
2266 3416 2695 3486 Cenoma-unensi
2730 3430 2990 3499 inscripta
3030 3439 3133 3483 est.

1840 3525 2102 3579 IIesecata
2131 3537 2346 3591 quoque
2376 3520 2475 3574 fuit
2503 3523 2555 3574 in
2594 3520 2783 3574 eadem
2821 3519 3026 3589 synodo
3061 3518 3351 3588 peculiaris

1769 3616 2022 3672 dieecesis
2067 3613 2500 3670 Constantieusis
2546 3611 2880 3666 consuetudo
2919 3609 3229 3666 celebrandi
3281 3609 3353 3662 fe-

1757 3709 1907 3763 stive
1956 3716 2121 3762 totam
2158 3693 2454 3760 Paschalis
2479 3703 2905 3768 hebdomadam,
2945 3703 2996 3757 in
3032 3702 3352 3757 Pentecosm

1770 3811 1953 3853 autem
1999 3799 2222 3853 unicam’
2262 3805 2469 3851 tantum
2503 3797 2665 3861 diem,
2696 3802 2883 3850 contra
2925 3780 3248 3860 vicinarum,
3296 3803 3352 3848 et

1770 3906 1907 3960 pene
1953 3890 2196 3945 omnium
2243 3887 2393 3944 orbis
2441 3886 2734 3942 Christiani
2783 3878 3147 3942 Ecclesiarum
3200 3898 3350 3942 rece-

1767 3992 1919 4052 ptmn
1972 3997 2200 4047 morem,
2249 3979 2644 4049 definitumque
2694 3979 2793 4033 fuit
2838 3989 2896 4033 ιιι
2941 3990 3048 4033 tam
3099 3978 3152 4031 in
3209 3977 3348 4033 festo

1769 4073 2120 4129 Peutccostes
2176 4089 2340 4142 quam
2398 4072 2452 4126 in
2499 4070 2762 4126 Paschate
2819 4071 2934 4126 dies
2978 4072 3202 4125 Omnino
3243 4079 3350 4125 tres

1771 4164 2210 4218 observarentur.
2259 4164 2453 4218 Actum
2484 4153 2719 4233 denique
2749 4163 2831 4218 'de
2861 4155 3108 4216 Praxede
3146 4162 3349 4232 regina,

1769 4272 1888 4325 qua:
1951 4255 2174 4310 dimisso
2215 4248 2354 4309 clam
2408 4254 2638 4309 Henrico
2684 4254 3048 4324 imperatore,
3096 4253 3188 4322 qui
3235 4262 3346 4306 tum

1770 4346 2000 4403 Verona:
2021 4347 2358 4411 morabatur,
2393 4347 2459 4400 ad
2496 4346 2806 4401 Mathildcm
2831 4344 2992 4414 hujus
3022 4345 3149 4399 anni
3175 4343 3342 4398 initio,

1773 4449 1832 4494 ut
1884 4440 2047 4494 habet
2095 4441 2233 4493 idem
2286 4438 2608 4503 Bcrtoldus,
2664 4436 3003 4508 confugerat.
3062 4438 3187 4491 llaec
3238 4437 3347 4506 ipsa

1701 4500 1745 4554 υ
1777 4531 1974 4586 dicitur
2004 4530 2219 4584 venisse
2250 4531 2314 4584 ad
2367 4530 2508 4596 hanc
2541 4531 2826 4599 synodum,
2860 4530 2952 4585 ubi
2990 4544 3113 4584 cum
3165 4542 3349 4581 coram

1775 4623 2028 4677 oumibus
2099 4622 2352 4676 universa
2418 4636 2537 4691 (pne
2619 4637 2648 4675 a
2707 4635 2805 4675 suo
2859 4620 3054 4676 marito
3102 4632 3350 4688 perpessa

1774 4715 1951 4769 fuerat
1979 4715 2335 4785 exposuisset,
2368 4729 2560 4769 omnes
2602 4714 2654 4767 in
2693 4714 2774 4770 sui
2824 4711 3350 4768 couuniserationcm

1774 4805 1932 4860 facile
2000 4806 2288 4875 permovit.
2350 4805 2480 4874 Ejus
2550 4805 2730 4875 fugam
2796 4802 3085 4872 descripsit
3142 4817 3350 4871 qunqut~

1776 4894 2038 4948 Donmizo
2077 4895 2129 4950 in
2162 4896 2276 4949 suis
2319 4896 2590 4958 versibus,
2634 4904 2691 4947 at
2718 4895 2785 4947 de
2815 4893 2956 4946 illius
2993 4893 3057 4946 ad
3089 4893 3352 4962 synodum

1749 4985 2244 5040 Constantiensem
2274 5000 2496 5040 accessu
2528 4983 2661 5038 nihil
2687 4983 2864 5038 habet.

1843 5077 2023 5132 CLVI.
2065 5076 2254 5132 Clades
2277 5064 2332 5130 in
2365 5075 2673 5130 Germania.
2699 5073 2857 5128 Multi
2888 5083 3281 5144 convertun’ur.

1842 5171 2008 5224 Multa
2050 5169 2328 5239 subjungit
2366 5165 2650 5222 Bertoldus
2697 5165 2763 5220 de
2807 5164 3051 5237 cladibus
3089 5181 3209 5234 qua:
3254 5155 3355 5218 hoc

1772 5276 1919 5315 anno
1955 5268 2124 5314 totam
2158 5258 2336 5324 ferme-
2373 5247 2796 5339 Europam,_sed
2834 5254 3176 5326 potissimum
3222 5253 3354 5307 (ior-

1747 5404 1750 5407 .
1775 5358 2014 5408 maniam
2041 5351 2368 5406 alllixerunt.
2391 5335 2563 5403 Tanta
2598 5345 2698 5401 fuit
2722 5348 3050 5418 Ratispona‘,
3083 5356 3141 5400 ut
3168 5335 3356 5399 narrat

1751 5449 1865 5512 ,ille
1891 5457 2102 5513 auctor,
2139 5443 2454 5508 mortalitas,
2486 5451 2544 5497 ut
2575 5440 2715 5496 intra
2745 5441 3028 5496 duodecim
3062 5422 3356 5495 hebdoma-

1771 5543 1868 5599 das
1899 5541 2177 5596 hominum
2207 5545 2332 5592 octo
2361 5535 2526 5590 millia
2548 5550 2671 5590 cum
2699 5533 3009 5618 quingentis
3029 5531 3099 5610 in
3133 5529 3357 5612 ca'urbe

1771 5632 2099 5691 interierint.
2138 5631 2210 5685 In
2239 5645 2344 5685 una
2368 5629 2511 5693 villa,
2541 5623 2696 5698 cujus
2739 5643 2936 5704 nomen
2979 5626 3121 5682 idem
3166 5633 3357 5680 auctor

1773 5727 2016 5792 reticuit,
2051 5724 2300 5781 homines
2331 5721 2479 5800 mille.
2506 5731 2560 5780 et
2598 5731 2812 5797 centum
2846 5720 2987 5778 intra
3015 5734 3110 5776 sex
3154 5716 3356 5792 hebdo-
