3962 6312
568 279 675 342 ιιι

1876 281 1937 337 Β.
1982 280 2232 338 URBANI
2273 281 2310 336 ll
2341 282 2540 338 ΡΑΡιΕ

3735 292 3809 347 ίὶδ

576 398 791 465 madas,
831 404 889 454 et
930 398 985 454 in
1016 395 1185 452 altera
1212 394 1567 468 quadraginta
1612 396 1860 452 homines
1907 411 2012 451 una
2054 396 2144 451 die
2172 399 2220 457 Α
2246 395 2433 463 Falco,
2468 397 2609 452 idem
2650 395 2891 467 pontifex
2931 396 2986 453 in
3034 397 3442 470 Langobardia
3493 414 3675 456 mense
3705 402 3811 459 llaio

579 491 851 547 obierunt.
912 490 982 545 At
1037 490 1152 545 lucc
1216 503 1503 559 corporum
1563 487 1744 543 clades
1824 487 1969 543 salus
2028 496 2147 543 erat

581 582 903 639 animarum.
966 579 1069 652 Qui
1122 579 1268 634 enim
1318 578 1411 635 illo
1460 578 1651 653 morbo
1705 578 2146 649 impetebautur,

581 679 738 748 quasi
766 679 900 732 certi
936 682 1121 731 essent
1143 688 1204 729 se
1232 671 1383 728 brevi
1421 670 1736 734 morituros,
1764 669 1835 723 ita
1869 680 2148 738 praepara-

581 769 780 824 bantur
803 768 869 823 ad
895 766 1122 833 exitum,
1150 770 1209 818 ut
1236 763 1290 818 id
1317 771 1443 817 tunc
1464 761 1605 816 ultro
1630 768 1978 831 praestarent,
2001 758 2152 829 quod

583 859 690 914 alio
731 867 990 929 tempore,
1034 855 1208 926 inquit
1254 852 1554 915 Bertoldus,
1580 854 1669 908 vix
1710 868 1742 906 a
1787 851 2153 907 sanctioribus

585 952 718 1008 viris
776 949 1081 1021 exspectari
1136 948 1440 1023 potuisset;
1499 947 1592 1017 qui
1656 961 1785 1001 vero
1835 946 2155 1014 superstites

585 1051 760 1108 erant,
786 1042 859 1096 ita
889 1039 1320 1111 percellebantur
1342 1046 1488 1093 metu
1514 1037 1849 1092 imminentis
1874 1037 2071 1102 morbi,
2096 1044 2158 1092 ut

588 1150 619 1189 a
656 1133 800 1188 vitiis
823 1141 878 1187 et
901 1131 1139 1202 peccatis
1164 1130 1383 1185 omnino
1406 1128 1766 1194 abstinerent,
1789 1128 1975 1197 sicque
1999 1127 2157 1182 multi

589 1239 653 1278 ea
684 1222 970 1278 occasione
998 1221 1065 1275 ad
1098 1220 1375 1275 meliorem
1419 1218 1635 1274 adducti
1663 1218 1872 1289 frugem
1902 1217 2155 1283 fuerunt;

587 1314 723 1378 imo,
762 1312 1006 1383 plerique
1056 1312 1123 1366 ad
1174 1312 1383 1380 seipsos
1431 1311 1657 1375 reversi,
1708 1325 1737 1364 a
1789 1309 2158 1365 schismaticis

590 1403 920 1459 defecerunt.
947 1402 1189 1459 Celebris
1213 1411 1338 1457 tunc
1360 1410 1479 1457 erat
1506 1401 1559 1455 in
1588 1399 1796 1455 Alsatia
1818 1399 2161 1470 Manegoldus

588 1497 659 1552 de
686 1496 997 1551 Lutenbach
1029 1495 1341 1552 monasterii
1369 1492 1736 1549 Murbacensis
1771 1492 2161 1548 canonicorum

593 1578 922 1656 regularium
950 1586 1252 1641 institutor.
1274 1584 1324 1640 Is
1358 1584 1688 1639 auctoritate
1714 1584 1817 1638 sibi
1840 1583 1909 1637 ab
1935 1581 2158 1639 Urbano

592 1677 790 1732 collata
820 1676 1038 1743 multos,
1068 1677 1234 1731 etiam
1264 1690 1330 1731 ex
1355 1675 1649 1745 provincire
1686 1674 2061 1736 nobilioribus.
2094 1674 2163 1729 ad

2249 488 2407 561 longe
2432 490 2500 544 ab
2537 488 2682 546 Urbe
2720 493 3056 547 morabatur.
3089 490 3278 546 Porro
3312 493 3424 547 hac
3456 494 3728 549 occasione
3746 496 3813 552 Iro

2249 580 2597 637 Carnotensis
2616 582 2923 654 episcopus,
2944 583 3038 652 qui
3057 583 3227 653 epist.
3255 582 3335 637 50
3361 582 3659 636 Fulconem
3679 585 3812 653 ipsum

2250 681 2553 739 monuerat,
2575 682 2633 728 ut
2656 674 2738 728 sui
2768 674 2919 745 ofﬁcii
2951 689 3148 727 memor
3186 672 3543 727 mundanam
3568 676 3813 743 superbiant

2252 779 2356 816 non
2401 765 2562 819 armis
2614 764 2901 819 mundana:
2937 764 3174 831 malitia,
3232 762 3395 833 quod
3439 762 3653 819 viduus
3688 764 3817 819 fuisse

2253 857 2612 913 accusationis
2660 857 2715 913 in
2747 872 2875 913 eum
2926 857 3210 911 intentatae
3260 856 3617 930 praecipuum
3663 870 3811 926 caput.

2199 970 2212 984 -
2253 947 2343 1003 sed
2395 949 2557 1003 armis
2604 945 2920 1004 Christiana:
2958 947 3161 1003 militiae
3210 961 3491 1015 superare
3539 946 3814 1008 decertaret,

2255 1038 2437 1093 audita
2462 1046 2587 1109 post
2613 1039 2831 1095 modum
2854 1038 2971 1108 ejus
2995 1053 3091 1109 per
3114 1037 3469 1109 pontificem
3500 1036 3809 1101 absolutione,

2259 1127 2404 1184 ferre
2428 1143 2535 1183 non
2559 1128 2754 1199 potuit,
2777 1137 2838 1183 ut
2865 1128 3009 1183 illius
3037 1143 3201 1183 causa
3236 1144 3271 1182 a
3316 1127 3565 1198 Belgica:
3590 1128 3811 1196 episcopis

2258 1220 2314 1275 in
2360 1228 2630 1275 conventu
2663 1217 2983 1290 provinciali
3032 1227 3479 1276 retractaretur.
3528 1217 3586 1273 Id
3634 1233 3693 1272 ex
3730 1220 3813 1289 ejus

2260 1313 2422 1381 epist.
2470 1313 2504 1366 5
2548 1327 2701 1369 novre
2735 1313 2990 1369 editionis
3039 1312 3448 1383 intelligimus,
3501 1312 3559 1365 in
3603 1325 3699 1379 qua
3736 1323 3820 1380 post

2262 1404 2696 1459 commendatum
2740 1404 2983 1469 Urbano,
3030 1405 3119 1461 cui
3169 1402 3502 1465 scribebat,
3557 1400 3818 1463 Fulconem.

2264 1496 2342 1552 sic
2363 1497 2428 1552 de
2448 1497 2637 1552 eodem
2668 1497 3015 1566 prosequitur
3040 1514 3052 1549 :
3084 1495 3224 1548 Mihi
3251 1510 3372 1547 non
3398 1494 3611 1547 videtur
3640 1494 3821 1545 rationa-

2265 1586 2437 1642 biliter
2470 1603 2619 1658 posse
2661 1587 2777 1656 ﬁeri
2803 1597 2861 1642 ut
2902 1604 2934 1641 a
2966 1587 3156 1642 minori
3181 1601 3440 1655 persona
3485 1583 3667 1636 debeat
3705 1594 3820 1636 rem-

2267 1680 2420 1746 ctari,
2451 1682 2589 1750 quod
2623 1681 2717 1736 sub
2761 1680 2914 1735 vestri
2951 1679 3146 1749 jndicii
3193 1679 3469 1733 examine
3515 1677 3666 1745 ﬁnem
3693 1678 3821 1728 sortiri

592 1769 767 1839 ipsum
803 1767 1117 1822 catervatim
1164 1766 1547 1821 convenientes
1598 1764 1976 1820 ecclesiasticae
2014 1778 2162 1817 com-
2195 1742 2239 1799 Β
2268 1742 2480 1825 meruit;
2518 1770 2615 1827 ,Ει
2685 1770 2903 1839 quidem
2929 1742 2967 1835 ,⁷
3004 1779 3065 1822 ιη
3127 1769 3279 1823 idem
3364 1767 3468 1821 1m
3516 1742 3689 1835 ’ρευιο
3736 1776 3824 1819 ,ωε

591 1860 843 1915 munioni
896 1859 1155 1923 restituit,
1206 1858 1300 1927 qui
1347 1868 1568 1926 accepta
1600 1856 1803 1911 salubri
1846 1855 2163 1925 poenitentia

590 1953 871 2020 deinceps,
902 1950 1333 2006 Simoniacorum
1376 1958 1431 2003 et
1457 1947 1906 2004 incontinentium
1940 1948 2164 2017 presby-

594 2052 837 2098 terorum
867 2041 1223 2097 contubernia
1266 2041 1442 2105 exosi,
1478 2040 1663 2095 fideles
1690 2039 1845 2094 fuere
1871 2039 1926 2094 in
1968 2048 2169 2095 sanctae

593 2136 741 2191 sedis
795 2145 851 2190 et
902 2133 1127 2205 legitimi
1176 2131 1449 2203 pontiﬁcis
1501 2131 1825 2186 obedientia.
1877 2129 2055 2195 Hinc,
2111 2139 2172 2184 ut

601 2229 856 2285 observat
885 2228 1026 2282 idem
1052 2225 1358 2291 Bertoldus,
1386 2224 1734 2279 ecclesiastica
1761 2222 1941 2292 religio
1964 2222 2173 2291 iamduo

599 2320 728 2374 dum
756 2321 807 2373 in
834 2318 940 2373 illis
973 2317 1209 2387 partibus
1246 2317 1503 2371 exstincta
1545 2313 1859 2368 mirabiliter
1899 2329 2173 2367 reaccensa

599 2421 709 2478 est,
757 2409 1106 2466 monasteriis
1152 2408 1317 2464 etiam
1372 2405 1727 2471 restauratis,
1776 2413 1873 2459 aut
1919 2404 1985 2459 de
2035 2418 2175 2460 novo

599 2500 852 2558 conditis.
883 2499 1016 2554 Nam
1042 2508 1238 2569 praeter
1264 2494 1616 2551 Murbacense
1662 2510 1691 2548 a
1740 2492 2077 2561 Manegoldo,
2113 2499 2172 2548 ut

605 2606 735 2648 mox
792 2588 1128 2655 dicebamus,
1176 2594 1573 2646 constructum.
1606 2591 1660 2638 et
1704 2582 1829 2647 alia,
1874 2582 1940 2637 de
1983 2581 2179 2650 quibus

605 2696 770 2751 supra
802 2680 1059 2743 diximus,
1085 2678 1474 2737 monasterium
1507 2674 1692 2731 Sancti
1722 2672 1884 2729 Blasii
1918 2672 1973 2727 in
2015 2669 2179 2740 Nigra

606 2772 741 2832 silva
769 2773 873 2828 hoc
914 2785 1078 2835 anno,
1119 2785 1178 2824 ιιι
1209 2768 1334 2824 ldus
1363 2767 1702 2837 Septembris
1740 2781 1772 2820 a
1817 2762 2180 2819 fundamentis

606 2859 869 2923 mdillcari
899 2869 1137 2929 emptum
1166 2865 1248 2913 est
1274 2857 1373 2913 sub
1399 2854 1596 2912 Ottone
1623 2855 1854 2919 abbate;
1883 2868 1989 2922 qua
2015 2852 2180 2907 etiam

606 2954 725 3023 ipsa
775 2952 900 3018 die,
950 2952 1090 3007 idem
1142 2950 1310 3005 abbas
1358 2947 1731 3003 Harmannum
1770 2945 2005 3015 priorem
2055 2957 2179 2998 cum

611 3043 816 3112 aliquot
870 3040 1033 3097 sociis
1080 3041 1134 3095 in
1181 3039 1431 3093 orientale
1490 3052 1704 3107 regnum
1734 3075 1749 3101 ,
1804 3035 1861 3089 in
1914 3033 2182 3089 marcham

614 3134 888 3204 [langoris
935 3131 1337 3186 collimitaneam
1367 3129 1555 3183 direxit
1597 3128 1664 3180 ad
1710 3142 1894 3181 novam
1922 3125 2184 3180 abbatiam

613 3224 670 3278 in
717 3231 1017 3292 episcopatu
1067 3218 1374 3297 Pataviensi
1403 3257 1421 3287 ,
1481 3218 1535 3273 in
1584 3217 1742 3283 loco,
1800 3217 1892 3285 qui
1940 3215 2190 3271 Cotheric

615 3317 844 3383 dicitur,
904 3312 1310 3371 instituendam.
1365 3311 1442 3367 Ibi
1472 3352 1486 3378 ,
1536 3319 1595 3365 ut
1656 3309 1821 3366 habet
1865 3309 2186 3375 Bertoldus,

614 3405 1202 3477 habitabantprimitus
1230 3401 1414 3459 ctertci
1441 3400 1741 3474 regulares,
1776 3402 1870 3457 sed
1898 3400 1973 3454 illi
2001 3409 2190 3471 postea

615 3517 649 3558 a
678 3501 923 3558 Romano
958 3500 1212 3572 pontifice
1239 3507 1296 3554 et
1333 3513 1430 3568 per
1459 3513 1580 3554 eum
1611 3513 1644 3552 a
1678 3496 1897 3568 proprio
1936 3496 2192 3566 episcOpo

618 3594 1000 3664 impetrarunt,
1036 3600 1095 3646 ut
1122 3591 1366 3661 deposito
1390 3589 1632 3645 clericali
1670 3588 1857 3643 habitu
1888 3588 2048 3643 vitam
2078 3601 2194 3642 mo-

620 3685 890 3744 nasticam
920 3684 1325 3755 profiterentur.
1361 3680 1586 3737 Celebre
1616 3688 1700 3735 est
1742 3679 1871 3733 illud
1925 3685 2197 3734 monaste-

622 3777 794 3842 rium,
825 3772 1167 3832 Gotwicense
1201 3773 1431 3837 dictum,
1460 3771 1603 3840 quod
1634 3784 1665 3824 a
1695 3778 1885 3824 sancto
1910 3768 2196 3823 Altmanno

624 3868 885 3939 episcopo
927 3864 1261 3930 Pataviensi,
1309 3872 1369 3917 ut
1400 3863 1455 3916 in
1499 3860 1615 3930 ejus
1649 3858 1765 3914 Vita
1810 3858 2024 3929 legitur,
2072 3872 2199 3913 con-

627 3967 919 4026 structum,
969 3957 1238 4026 hodieque
1268 3954 1370 4010 sub
1410 3952 1596 4022 regula
1625 3948 1973 4005 Benedictina
2019 3960 2202 4017 perse-

625 4060 804 4108 verat.
854 4046 1358 4106 Nominatissimum
1412 4043 1576 4098 etiam
1629 4050 1758 4096 tunc
1800 4048 1919 4095 erat
1980 4038 2032 4092 in
2085 4037 2201 4092 istis

632 4146 879 4218 partibus
919 4144 1019 4202 sub
1057 4151 1246 4200 sancto
1287 4120 1569 4210 Theogero
1596 4136 1813 4201 abbate,
1848 4143 2051 4204 postea
2087 4133 2202 4203 epi-

628 4253 794 4315 scopo
851 4236 1116 4301 Metensi,
1167 4231 1563 4289 monasterium
1620 4227 1807 4284 Sancti
1865 4224 2081 4295 Georgii
2148 4225 2200 4278 in

632 4329 889 4385 llercinia
941 4328 1093 4392 silva,
1129 4326 1289 4381 hodie
1326 4323 1623 4395 Villepgam
1672 4319 2016 4383 translatum,
2059 4316 2202 4387 quod

625 4421 888 4494 pontifex,
927 4421 1067 4476 datis
1095 4420 1289 4475 litteris
1318 4419 1423 4473 hoc
1463 4431 1624 4480 anno,
1657 4415 1757 4470 sub
1800 4411 2023 4484 speciali
2071 4426 2205 4480 apo-

631 4517 839 4573 stolicae
865 4516 1008 4571 sedis
1036 4515 1295 4570 tutamine
1317 4511 1539 4581 recepit.
1571 4508 1728 4564 Certe
1752 4507 2003 4563 Urbanus
2033 4504 2207 4558 Theo-

631 4625 841 4679 gerum,
874 4617 934 4662 ut
959 4609 1012 4662 in
1039 4606 1157 4676 ejus
1183 4606 1303 4661 V'ita
1336 4603 1551 4673 legitur,
1586 4599 1847 4670 apostolis
1867 4607 1922 4652 et
1953 4594 2212 4667 apostoli-

632 4703 712 4758 cis
739 4703 869 4757 viris
892 4699 1316 4770 comparandum
1345 4711 1467 4751 esse
1499 4692 1777 4749 censebat.

705 4815 902 4871 CLVII.
942 4812 1231 4867 Fulconem
1270 4811 1564 4889 episcopum
1594 4803 1857 4861 Bellovaci
1895 4801 2138 4857 Urbanus

1310 4888 1547 4952 protegit.

708 4994 767 5052 in
818 4996 991 5053 Gallia
1045 4993 1207 5065 hujus
1259 4992 1386 5048 anni
1436 4990 1592 5045 initio
1638 4986 1879 5060 episcopi
1931 4981 2214 5040 Bernensis

636 5088 925 5162 provinciae
967 5086 1223 5143 Fulconis
1259 5082 1501 5156 episcopi
1533 5078 1934 5136 Bellovacensis
1967 5091 2210 5142 causam,

636 5199 792 5253 quae,
846 5192 905 5235 ut
955 5196 1095 5235 anno
1155 5176 1477 5250 praecedenti
1531 5174 1820 5239 diximus,
1866 5172 1935 5227 ab
1992 5172 2215 5227 Urbano

630 5275 869 5342 judicata
926 5270 1119 5337 fuerat,
1171 5278 1476 5326 retractare
1514 5267 1631 5321 ausi
1683 5267 1750 5320 ab
1801 5265 1919 5334 ipso
1958 5261 2216 5334 pontifice

641 5364 953 5437 reprehensi
996 5372 1141 5428 sunt,
1187 5363 1327 5418 datis
1365 5378 1428 5418 ea
1457 5361 1524 5418 de
1556 5375 1615 5415 re
1645 5358 1840 5414 litteris
1872 5358 1939 5412 ad
1978 5354 2216 5427 Raynol-

640 5460 766 5512 dum
805 5453 1277 5527 metropolitanum
1314 5453 1535 5523 ejusque
1575 5450 1940 5522 sull'raganeos
1970 5446 2217 5502 Laterani

641 5568 693 5606 IV
742 5551 871 5606 Idus
919 5548 1076 5614 Maii,
1134 5544 1466 5616 proindeque
1513 5546 1616 5599 hoc
1663 5556 1826 5608 anno,
1887 5555 2009 5595 nam
2061 5537 2216 5593 annis

640 5642 1068 5713 precedentibus
1100 5638 1429 5695 Lateranum
1473 5636 1527 5690 in
1558 5635 1759 5691 Urbani
1797 5639 2066 5702 potestate
2108 5644 2215 5685 non

642 5743 799 5805 erat;
858 5733 1001 5792 anno
1059 5742 1238 5789 autem
1293 5727 1578 5799 sequenti,
1634 5742 1739 5795 quo
1798 5723 2079 5780 defunctus
2136 5732 2217 5778 cst

2267 1864 2586 1931 scripserat,
2614 1871 2668 1918 et
2709 1862 2997 1917 confirmat
3025 1861 3141 1931 ipse
3170 1859 3454 1915 Urbanus
3494 1858 3549 1911 in
3586 1856 3759 1911 litteris
3778 1857 3823 1908 ad

2266 1955 2579 2010 Ansclmum
2622 1969 2720 2010 suo
2757 1954 2877 2009 loco
2919 1953 3178 2014 laudatis,
3227 1951 3443 2015 Fulco,
3475 1951 3570 2019 qui
3618 1949 3738 2003 alias
3768 1948 3824 1999 rir

2269 2058 2388 2104 erat
2427 2048 2577 2102 mirae
2619 2046 3001 2116 simplicitatis,
3049 2058 3148 2099 nec
3188 2044 3439 2098 omnino
3482 2040 3737 2097 sullicicns
3774 2041 3817 2091 al

2270 2146 2434 2194 tanta}
2481 2138 2734 2193 disecesis
2780 2138 3020 2206 regimen
3081 2135 3417 2190 obeundum
3451 2174 3467 2197 ,
3532 2148 3563 2186 a
3613 2131 3825 2201 plerisque

2271 2241 2453 2286 tamen
2497 2229 2862 2300 impelebatur
2915 2245 3017 2282 non
3070 2236 3178 2281 lant
3238 2226 3364 2281 zelo
3411 2224 3667 2295 iustitia,
3710 2240 3821 2292 quan

2272 2325 2518 2378 virmtum
2547 2321 2898 2376 tantulatione.
2952 2319 3158 2374 Tamen
3185 2317 3469 2372 Ecclesia:
3504 2331 3615 2370 sum
3645 2315 3824 2367 auctori-

2275 2422 2387 2469 tate
2430 2411 2704 2483 pontilicia
2747 2412 3012 2478 redditus,
3050 2424 3173 2465 eam
3214 2422 3409 2479 usque
3446 2407 3518 2461 ad
3559 2406 3673 2459 vim:
3708 2403 3821 2456 IIlletlt

2275 2505 2436 2559 rexit.

2277 2615 2497 2673 CLVIII.
2539 2615 2629 2670 Lis
2663 2616 2796 2671 inter
2843 2614 3295 2683 archiepiscopum
3341 2609 3566 2663 Vient
3602 2619 3647 2660 et
3679 2604 3819 2673 episca‘

2780 2702 2906 2755 pum
2936 2683 3370 2752 Gratianopolis.

2351 2780 2587 2835 Emersit
2636 2779 2828 2835 eodem
2878 2777 2995 2832 fere
3039 2786 3293 2844 tempore
3344 2774 3403 2828 in
3465 2769 3652 2826 Galliis
3693 2762 3821 2834 gratis

2280 2871 2649 2928 controversia
2679 2870 2820 2925 inter
2849 2867 3157 2924 Guidonem
3195 2864 3683 2933 archiepisc0pum
3708 2854 3820 2908 Vien-

2281 2978 2507 3020 nensem
2553 2972 2609 3017 et
2645 2961 2923 3033 nugonem
2954 2956 3546 3027 Gratianopolitanum
3572 2952 3818 3020 episcopum

2286 3056 2354 3112 de
2402 3069 2539 3126 pago
2584 3050 3040 3114 Salmoriaeensi,
3086 3061 3251 3117 quem
3309 3055 3554 3113 uterque
3606 3040 3667 3098 ad
3713 3049 3820 3090 suam
3907 3054 3909 3071 ι

2290 3146 2572 3204 dioecesim
2598 3145 2871 3216 pertinere
2915 3139 3307 3197 contendebat.
3344 3138 3425 3192 Ea
3457 3138 3527 3191 de
3562 3148 3619 3188 re
3646 3127 3819 3184 libellum

2290 3239 2460 3296 edidit
2480 3238 2596 3308 ipse
2622 3236 2797 3307 Hugo,
2842 3248 3004 3304 quem
3034 3230 3322 3300 inscripsit
3354 3245 3369 3283 :
3400 3227 3480 3283 De
3508 3222 3706 3292 iniuriis
3730 3230 3820 3286 qua
3906 3252 3909 3305 tl

2293 3331 2412 3403 feeit
2437 3307 2610 3386 Guido
2649 3328 3066 3397 archiepiswpus
3110 3321 3431 3377 Viennensis
3477 3314 3712 3372 Ecclesia
3729 3307 3820 3403 (ira.

2295 3401 2849 3494 tiunopolitanw,etc.,
2885 3419 2939 3473 in
2972 3430 3081 3487 quo
3107 3414 3250 3470 libro
3280 3414 3371 3469 vir
3397 3419 3621 3467 sanctus
3642 3401 3818 3475 partione

2294 3514 2447 3570 latim
2477 3512 2711 3584 explicat
2737 3519 2909 3566 totam
2941 3505 3103 3576 hujus
3131 3501 3535 3562 controversiae
3570 3496 3756 3555 seriam,
3779 3500 3821 3584 at
3904 3566 3905 3577 χ

2297 3606 2466 3662 refert
2503 3577 2813 3676 pontificias
2854 3602 3091 3665 litteras,
3115 3612 3235 3667 quae
3281 3597 3410 3668 ejus
3439 3589 3709 3650 occasione
3728 3577 3818 3676 st‘ti‘

2296 3708 2402 3768 pla:
2432 3669 2667 3771 fuerunt.
2696 3694 2762 3750 Et
2788 3693 3003 3764 quidem
3031 3691 3161 3745 illud
3202 3687 3560 3759 opusculum,
3592 3695 3686 3735 nou
3711 3669 3821 3771 ιιιοάο
3907 3672 3909 3687 ¹

2300 3806 2362 3847 ea
2386 3768 2759 3859 complectitur
2803 3801 2923 3856 qum
2941 3784 3007 3840 ad
3031 3784 3188 3855 hujus
3211 3777 3608 3837 controversia:
3625 3768 3811 3859 nouunt"

2301 3857 2603 3936 habendam
2647 3876 2955 3934 necessaria
3000 3880 3145 3940 sunt,
3189 3874 3397 3928 'verum
3445 3870 3607 3925 etiam
3650 3857 3817 3916 multum

2300 3972 2548 4030 conferre
2580 3980 2759 4042 potest
2808 3970 2877 4024 ad
2920 3966 3243 4023 illustranda
3294 3964 3406 4019 alia
3455 3955 3649 4018 Urbani
3686 3951 3817 4042 Gesti.

2303 4081 2478 4137 eaque
2521 4035 2635 4119 suis
2667 4077 2895 4133 quaeque
2924 4059 3261 4128 temporibus
3302 4048 3690 4124 consignanda.
3715 4035 3819 4094 Unde

2305 4177 2428 4217 cum
2470 4159 2604 4214 nihil
2660 4158 2772 4213 fere
2801 4156 3081 4212 contineat
3123 4154 3267 4223 quod
3321 4152 3393 4207 ad
3440 4146 3720 4204 institutum
3753 4146 3815 4184 tw-

2306 4267 2455 4306 srum
2507 4265 2615 4305 non
2668 4249 2862 4303 debeat
2912 4243 3197 4307 revocari,
3248 4242 3432 4297 visum
3491 4244 3574 4291 est
3630 4224 3736 4284 illud
3776 4233 3817 4317 ςι
3906 4262 3907 4269 η

2307 4344 2493 4399 codice
2521 4358 2623 4397 ms.
2657 4341 2725 4395 ad
2769 4337 2954 4394 Jacobi
3004 4336 3165 4391 Petili
3193 4334 3493 4389 editionem
3536 4323 3751 4381 collatam
3785 4322 3816 4358 ιιι

2308 4434 2619 4506 Appendice
2651 4428 2924 4502 integrum
2963 4426 3189 4493 referre,
3221 4424 3474 4496 epistolis
3511 4410 3817 4506 Urbani.

2310 4503 2489 4583 iunco
2544 4526 2853 4589 habentur,
2911 4518 3191 4576 collectori
3248 4516 3473 4571 relictis.
3526 4508 3641 4562 llaec
3682 4503 3813 4551 ante!“

2312 4627 2423 4674 tota
2476 4630 2687 4672 summa
2738 4622 2823 4669 est
2872 4610 3107 4668 celebris
3156 4608 3303 4663 illius
3358 4605 3489 4660 litis.
3536 4598 3715 4661 Pagum
3754 4592 3815 4633 59“

2309 4709 2806 4765 archidiaconatum
2847 4703 3342 4760 Salmoriacensem
3388 4688 3684 4767 possidebat
3721 4675 3814 4730 Gm-

2309 4800 2702 4871 tianopolitana
2746 4798 3009 4861 Ecclesia,
3052 4793 3269 4864 quando
3314 4789 3490 4846 Guido
3522 4777 3815 4871 Viennae:

2311 4894 2689 4963 Clllelliscopus
2726 4889 3060 4945 contendens
3082 4900 3206 4942 eum
3236 4885 3303 4938 ad
3345 4896 3457 4937 sum
3487 4864 3813 4963 Ecclesiwl'lf‘

2313 4985 2614 5055 antiquitus
2645 4981 2996 5053 pertinuisse,
3030 4979 3180 5035 litem
3216 4993 3283 5032 ea
3318 4976 3385 5030 de
3410 4986 3467 5027 re
3494 4961 3650 5022 movit
3670 4951 3812 5055 adire:

2313 5090 2406 5132 sus
2444 5037 2724 5146 Ilugonem
2755 5069 3322 5140 Gratianopolitanum
3372 5062 3680 5147 θρὶεοορυηξς

2314 5182 2446 5221 νατο
2472 5182 2571 5221 [lC-6
2602 5163 2845 5231 Viennae,
2874 5178 2977 5217 nec
3008 5160 3149 5231 apud
3178 5159 3470 5218 Ιὶοιῐιειηοεν

2315 5255 2752 5314 concertationes
2810 5269 2899 5309 res
2953 5250 3203 5321 componi
3261 5245 3546 5319 potuisset,
3593 5220 3810 5321 Gl’i‘!2_:?

2316 5364 2517 5421 pagum
2562 5347 2781 5402 invasit.
2820 5344 2894 5399 Ea
2920 5343 2986 5399 de
3019 5307 3363 5398 recommoti
3402 5307 3807 5421 Gratianotﬂlfﬁ

2318 5397 2517 5421 ι’““υ““““
2563 5397 2779 5402 ’⁷⁷⁷“’“”
2823 5397 2878 5399 *η
2931 5397 2938 5399 ⁷
3026 5397 3030 5398 ⁷

2318 5438 2566 5495 canonici
2595 5435 2662 5491 ad
2685 5436 2870 5491 sedem
2900 5432 3251 5504 apostolicam
3275 5421 3611 5499 appellarunt.
3636 5397 3807 5471 Quom"

2328 5547 2387 5551 Α--
2404 5530 2567 5551 Αμλι--
2593 5528 2798 5551 -..μ-,ξι
2827 5526 3075 5551 Ιῖ..ῑυ.-..η-
3124 5522 3411 5551 ,ιλιέηιηιιο
3432 5499 3621 5551 "manili

3694 5570 3807 5631 oviﬂ'

3717 5665 3802 5718 ιιιιε.

2320 5492 2570 5603 querelas
2589 5528 2803 5598 excepit
2827 5492 3096 5589 Urbanus,
3123 5492 3412 5591 statimque
3432 5499 3621 5578 llugoui

2322 5597 2475 5680 ιιοιιδί
2505 5638 2601 5678 suo
2643 5620 2823 5693 legato
2858 5616 3217 5686 diiudicanda:
3258 5612 3415 5682 hujus
3458 5606 3617 5693 Cinis"

2326 5718 2463 5773 ciam
2505 5679 2795 5773 commisit.
2828 5712 2927 5768 Hic
2960 5709 3101 5782 apud
3134 5708 3366 5762 Baoucm
3399 5688 3575 5754 auditis
3598 5679 3714 5752 ινθτίι
