3962 6312
58 322 151 376 ΗΕ)

1599 300 1780 358 V'l'l'A.

3206 303 3309 360 130

53 425 953 506 provisionemGratianopolitanis
973 419 1622 495 adiudicavit,pollicitus
1652 417 1702 476 Α
1731 428 1922 469 norum
1978 412 2303 485 episcopus,
2359 421 2412 468 et
2459 414 2683 469 abhates
2751 413 3070 477 Guillelmus
3118 416 3301 475 Sancti

52 545 109 584 se
146 527 285 581 hanc
314 524 460 577 litem
493 521 546 574 in
579 518 827 589 proximo
872 518 1124 582 concilio,
1167 517 1311 586 quod
1343 516 1395 569 in
1437 512 1628 568 Galliis

52 619 425 675 eelebraturus
463 619 630 676 esset,
674 608 834 681 plane
880 608 1294 678 dirempturum.
1335 606 1406 661 At
1451 602 1628 659 Guido

52 712 133 767 his
163 704 543 779 pnetermissis
581 710 777 774 pagum
810 700 1061 767 retinuit,
1098 699 1355 769 misitque
1397 696 1628 751 Romam

53 805 271 871 legatos,
317 798 409 868 qui
450 796 518 850 ab
550 797 667 864 ipso
686 792 981 864 fpontiﬁce,
1021 792 1169 847 nulla
1209 789 1371 858 hujus
1402 797 1627 844 contro-

53 892 241 945 versiae
294 889 573 944 mentione.
613 885 795 950 facta,
842 883 1150 954 generalem
1208 881 1466 937 Ecclesiae
1518 893 1630 934 suae

54 979 451 1053 privilegiorum
485 986 541 1033 et
587 974 992 1044 possessionum
1028 973 1495 1028 conﬁrmationem
1534 985 1629 1041 po-

56 1073 334 1126 stularent.
382 1066 534 1135 Quod
564 1064 721 1121 facile
764 1065 833 1119 ab
879 1064 1097 1121 Urbano
1128 1063 1261 1117 nihil
1295 1062 1420 1117 mali
1460 1061 1633 1131 suspi-

58 1174 204 1219 caute
252 1158 593 1231 impetravit.
652 1158 721 1211 Et
774 1156 993 1226 quidem
1052 1155 1105 1210 id
1159 1155 1334 1225 ipsum
1389 1161 1474 1210 est
1519 1154 1631 1207 for-

61 1266 234 1318 tasse,
297 1253 445 1323 quod
510 1248 785 1307 Goll‘ridus
860 1247 1145 1303 Vindocini
1222 1246 1391 1302 abbas
1454 1245 1631 1300 innuit

60 1347 147 1400 lib.
192 1362 245 1411 ι,
300 1345 462 1411 epist.
514 1343 574 1397 li
628 1343 695 1396 ad
752 1341 928 1410 ipsum
983 1338 1286 1396 Guidonem
1329 1337 1442 1409 jam
1490 1338 1632 1393 Pon-

67 1439 252 1492 tiﬁccm
314 1436 417 1493 sub
481 1433 678 1490 Calixti
722 1433 764 1487 ll
814 1433 1032 1488 nomine
1100 1431 1344 1502 scripta;
1420 1430 1512 1485 ubi
1581 1429 1630 1484 ei

70 1532 116 1583 iu
208 1526 528 1582 memoriam
618 1532 841 1579 revocat
930 1533 1235 1594 quantum,
1309 1536 1431 1576 cum
1501 1519 1630 1575 olim

72 1620 243 1674 Itonia:
313 1625 503 1683 esset,
587 1631 688 1685 pro
762 1630 827 1669 eo
906 1614 1132 1684 ejusque
1214 1613 1403 1683 legatis
1490 1609 1631 1681 apud

72 1708 325 1765 Urbanum
356 1704 706 1761 laboraverit.
744 1703 905 1759 Certe
954 1702 1219 1759 Guidonis
1263 1702 1473 1773 legatus
1512 1700 1629 1769 pri-

1729 505 2036 568 Florentii,
2094 504 2399 561 Bernardus
2472 505 2690 575 Majoris
2758 504 3091 572 Monasterii,
3164 509 3304 565 alter

1728 598 2047 654 Bernardus
2093 596 2417 653 Sanctorum
2466 597 2642 668 Sergii
2689 608 2744 653 et
2789 598 3010 666 Bacchi,
3041 600 3303 659 Girardus

1732 686 1919 745 Sancti
1973 688 2179 754 Albini,
2238 687 2479 745 Nualdus
2540 687 2742 759 [{orte,
2808 689 3035 765 Natalis]
3116 692 3303 747 Sancti

1729 778 1961 845 Nicolai,
1990 780 2275 837 Buldricus
2321 780 2559 853 Burgulii
2590 792 2644 837 et
2680 781 2950 839 Goﬁ‘ridus
2998 785 3304 852 Vindociui,

1730 871 1823 943 qui
1851 887 2040 928 omnes
2068 888 2177 928 uno
2216 874 2397 929 animo
2437 884 2765 930 censuerunt
2801 875 3091 933 Fulconem
3123 880 3299 935 absol-
3330 888 3331 891 ‘

1732 967 1965 1022 vendum
1997 981 2117 1021 esse
2149 966 2249 1021 sub
2297 966 2460 1021 certis
2488 967 2909 1033 conditionibus,
2942 986 3172 1040 quarum
3199 989 3306 1028 una

1732 1065 1872 1124 erat,
1904 1065 1960 1112 ut
1991 1058 2194 1126 absque
2220 1057 2383 1127 legati
2410 1059 2637 1114 consilio
2668 1075 2891 1115 uxorem
2919 1077 3024 1115 non
3063 1063 3306 1128 duceret,

1732 1148 1795 1204 de
1829 1166 2052 1220 quarum
2084 1150 2460 1204 numerositate
2496 1151 2823 1221 culpabatur.
2852 1152 2907 1207 Id
2937 1162 3119 1208 actum
3144 1153 3311 1210 fuisse

1734 1243 1835 1299 hoc
1883 1258 2025 1299 anno
2056 1242 2194 1298 1094
2224 1242 2340 1313 ipso
2375 1243 2460 1298 die
2494 1242 2806 1300 Nativitatis
2848 1244 3031 1312 Sancti
3086 1245 3311 1301 Joannis

1732 1334 2009 1407 Baptista},
2067 1336 2265 1405 probat
2322 1344 2476 1391 vetus
2549 1337 2973 1393 instrumentum
3020 1354 3081 1393 ea
3133 1339 3199 1393 de
3251 1353 3313 1395 re

1733 1426 2057 1490 confectum,
2093 1425 2177 1480 cui
2201 1441 2388 1481 omnes
2415 1426 2711 1496 supradicti
2734 1428 2970 1497 episcopi
2996 1440 3050 1483 et
3079 1429 3306 1487 abbates

1737 1519 2196 1589 subscripserunt.
2256 1518 2472 1572 Editum
2526 1528 2608 1574 est
2647 1534 2677 1572 a
2729 1518 3017 1574 Sirmondo
3073 1522 3129 1574 in
3178 1537 3315 1591 prac-

1738 1611 1919 1665 missis
1964 1610 2031 1664 ad
2076 1608 2301 1664 Goﬁ'ridi
2345 1608 2763 1665 Vindocinensis
2789 1610 3001 1665 abbatis
3037 1613 3316 1682 opuscula.

1740 1701 1891 1758 Tunc
1937 1701 2192 1759 Urbanus
2237 1701 2424 1757 Romae
2476 1702 2653 1757 adhuc
2707 1712 2843 1766 erat,
2887 1704 3091 1758 etenim
3139 1705 3225 1759 die
3249 1704 3319 1760 29

75 1800 311 1873 vilegium
335 1800 496 1872 quale
515 1797 969 1870 aptaveratbrevi
993 1802 1322 1851 consecutus
1342 1802 1634 1862 est,atque
1667 1773 1712 1828 Β
1738 1795 1981 1865 ejusdem
2027 1794 2228 1849 mensis
2276 1794 2442 1859 Junii,
2493 1809 2610 1865 qua:
2653 1794 2795 1849 beati
2846 1793 2990 1850 Petri
3038 1796 3303 1866 martyrio

79 1895 131 1949 in
160 1909 238 1959 eo,
263 1893 399 1963 quod
442 1891 587 1949 forte
632 1888 874 1959 pontifex
907 1887 1337 1943 controversiam
1387 1885 1535 1940 illam
1568 1885 1636 1941 de

84 1984 479 2040 Salmoriacensi
509 1997 648 2054 pago
678 1990 771 2035 aut
802 1980 1043 2035 nesciret
1088 1994 1334 2048 prorsus,
1363 1986 1454 2033 aut
1485 1984 1637 2033 certe

91 2079 209 2149 quid
235 2077 298 2131 de
322 2091 384 2131 ea
409 2090 438 2129 a
464 2074 641 2143 legato
665 2080 926 2128 statutum
951 2070 1137 2135 fuerit,
1163 2070 1212 2125 ei
1237 2068 1635 2125 dissimulatum

101 2169 291 2233 fuisset,
351 2168 487 2221 inter
542 2174 737 2221 caetera
806 2162 1130 2219 Viennensis
1200 2159 1456 2217 Ecclesia:
1513 2157 1637 2226 jura

101 2260 323 2315 interseri
350 2258 566 2323 curavit,
593 2271 810 2312 omnem
840 2256 894 2309 in
915 2252 1313 2308 arclaidiaconia
1341 2249 1636 2307 Salmoria-

95 2352 223 2404 censi
239 2358 553 2419 potestatem.
595 2347 781 2417 Neque
802 2347 858 2401 id
882 2344 1175 2403 Viennensi
1205 2344 1384 2415 legato
1425 2342 1640 2399 dillicile

88 2452 212 2509 erat,
253 2444 382 2512 quod
428 2440 803 2496 Warmundus
845 2436 1109 2494 Guidonis
1153 2436 1429 2501 decessor,
1463 2432 1640 2490 simiie

87 2550 282 2603 prorsus
304 2532 647 2605 privilegium
674 2547 706 2586 a
754 2517 1020 2601 Gregorio
1044 2529 1134 2585 Vll
1178 2527 1421 2598 apposita
1454 2536 1637 2581 tamen

87 2622 383 2686 conditione,
411 2636 539 2693 qua:
571 2621 626 2675 in
669 2619 772 2675 isto
803 2619 1077 2682 reticetur,
1110 2616 1224 2687 jam
1276 2619 1639 2687 impetrasset.

93 2712 216 2781 Quin
255 2723 307 2768 et
330 2712 476 2768 idem
512 2710 852 2781 privilegium
882 2724 990 2765 non
1022 2709 1189 2765 semel
1230 2717 1422 2779 postea
1452 2723 1481 2761 a
1513 2706 1642 2761 sub-

87 2803 401 2875 sequentibus
449 2800 800 2873 pontificibus
850 2799 1229 2854 conﬁrmatum
1260 2796 1379 2863 fuit,
1419 2794 1643 2866 potissi-

92 2912 214 2951 mum
260 2912 288 2949 a
333 2894 588 2950 Guidone
652 2893 793 2964 ipso,
846 2906 971 2947 eum
1011 2905 1149 2961 papa
1203 2889 1306 2945 sub
1360 2887 1553 2945 Calixti
1597 2886 1644 2942 ll

90 2989 275 3043 nomine
299 2988 481 3045 tactus
528 2997 630 3042 est.
667 2985 821 3053 Quod
869 2984 1088 3055 quidem
1140 2982 1338 3037 mirum
1375 2990 1482 3047 est,
1515 2995 1639 3036 cum

1741 1894 2052 1942 consecrata
2105 1893 2211 1949 est,
2262 1885 2459 1940 ibidem
2492 1884 2832 1954 privilegium
2881 1888 3149 1941 concessit
3198 1903 3314 1942 mo-

1745 1978 1986 2033 nasterio
2015 1976 2213 2032 Montis
2250 1977 2378 2031 Belli
2406 1991 2572 2047 prope
2607 1977 2961 2039 Placentiam,
2989 1986 3047 2030 ut
3082 1988 3227 2046 patet
3255 1994 3319 2033 ex

1743 2067 1978 2122 Historia
2025 2064 2393 2122 ecclesiastica
2417 2065 2654 2134 ejusdem
2684 2066 2854 2130 urbis,
2882 2082 2912 2121 a
2957 2066 3117 2122 Petro
3155 2068 3319 2125 liaria

1746 2159 1932 2230 Campi
1956 2159 2216 2214 canonico
2247 2156 2558 2214 Placentino
2573 2158 2740 2213 edita.
2763 2156 2878 2214 Hoc
2899 2174 3027 2213 vero
3047 2170 3317 2216 monaste-

1744 2251 1908 2317 rium,
1934 2250 2076 2320 quod
2096 2249 2226 2305 olim
2253 2250 2322 2305 ad
2366 2259 2607 2305 nostrum
2651 2249 3055 2304 Benedictinum
3078 2252 3322 2307 ordinem

1742 2341 2071 2417 pertinebat,
2101 2340 2311 2395 unitum
2339 2342 2557 2395 tandem
2587 2339 2777 2409 estfan.
2806 2338 2938 2396 1484
2969 2341 3035 2395 ab
3068 2339 3325 2396 lnnoccnc

1744 2434 1820 2488 tio
1848 2430 1958 2487 Vltl
1988 2432 2389 2510 congregationi
2411 2432 2775 2488 Eremitarum
2794 2433 2965 2487 sancti
2991 2430 3324 2504 Hieronymi,

1742 2524 1823 2582 uti
1842 2525 2155 2580 observavit
2174 2522 2411 2579 Luhinus
2432 2524 2484 2579 in
2509 2522 2696 2580 notitia
2724 2523 3065 2581 abbatiarutn
3107 2523 3289 2579 Italite.

1743 2656 1902 2714 CLX.
1942 2653 2180 2726 Philippi
2231 2656 2380 2726 regis
2416 2652 2731 2726 adulterina;
2778 2654 2994 2726 nupt‘ia’.
3031 2632 3325 2726 concilium

1814 2722 2101 2781 Remuria
2129 2722 2415 2793 ‘Professio
2459 2723 2724 2778 Lamberti
2768 2722 3137 2793 Atrebatensis.
3190 2722 3330 2777 Con-

1814 2798 2027 2876 ﬁrmata
2070 2792 2264 2851 divisio
2302 2794 2657 2850 Atrebalensis
2698 2792 2953 2849 Ecclesia!
3002 2811 3035 2849 α
3076 2792 3329 2851 Camera-

1816 2883 1979 2920 censi.

1818 2980 2029 3037 Graves
2084 2987 2267 3033 autem
2317 2976 2486 3033 turbae
2544 2986 2671 3033 tunc
2734 2974 2937 3033 Gallias
2981 2975 3332 3046 exagitabant

98 3082 319 3139 Urbanus
351 3082 469 3153 ipse
512 3082 567 3136 in
600 3082 767 3136 variis
794 3080 997 3152 passim
1028 3076 1292 3148 epistolis,
1324 3075 1509 3132 fucum
1540 3075 1640 3132 sibi
1675 3118 1718 3175 Ο
1749 3071 2036 3129 occasione
2059 3068 2291 3137 Philippi
2324 3067 2469 3139 regis
2494 3066 2610 3136 qui,
2642 3064 2818 3135 pulsa,
2851 3074 2912 3119 ut
2932 3062 3044 3135 jam
3072 3064 3329 3131 diximus,

92 3190 143 3230 eo
164 3176 209 3229 in
235 3176 445 3247 negotio
480 3173 687 3231 factum
703 3173 866 3230 fuisse
887 3179 1221 3229 contestatus
1233 3170 1414 3227 fuerit.
1432 3170 1645 3224 Etenim

102 3266 563 3337 GratianOpolitani
593 3266 806 3321 detecta
850 3263 1064 3329 fraude,
1110 3262 1338 3316 Romam
1369 3259 1551 3316 statim
1577 3257 1647 3314 ad

94 3357 338 3414 Urbanum
368 3360 586 3430 legatos
617 3357 901 3421 miserunt,
933 3355 1025 3425 qui
1060 3355 1128 3410 de
1165 3354 1267 3409 hac
1307 3351 1647 3423 fraudulenta

92 3447 314 3519 privilegii
368 3448 736 3519 subreptione,
789 3446 929 3517 apud
976 3460 1100 3501 eum
1161 3449 1645 3512 conquererentur,

94 3536 341 3607 eidemque
396 3538 783 3593 renuntiarent
855 3536 1000 3605 quod
1067 3532 1264 3597 Guido,
1341 3538 1648 3599 contempta

95 3631 365 3699 apostolica:
390 3630 547 3687 sedis
582 3630 745 3701 legati
779 3628 1128 3691 auctoritate,
1162 3626 1282 3696 ejus
1308 3621 1515 3693 judicio
1542 3636 1647 3676 non

96 3724 354 3790 paruisset.
409 3723 516 3777 His
560 3722 779 3789 auditis,
822 3719 1065 3792 pontifex
1110 3717 1294 3773 statim
1341 3715 1552 3770 litteras
1580 3713 1649 3767 ad

99 3811 337 3884 llugorem
388 3815 835 3886 Lugdunensem,
889 3822 999 3868 tum
1056 3812 1190 3866 alias
1244 3810 1311 3865 ad
1370 3810 1649 3877 Hugouem

98 3904 626 3981 Gratianopolitanum
652 3909 962 3979 episcopum
995 3904 1241 3974 scripsit,
1298 3902 1484 3970 eisque-
1510 3916 1651 3970 pm:-

99 3999 214 4067 (‘epit
260 4008 343 4065 ut,
430 4000 585 4055 nulla
649 3998 833 4054 habita
875 3996 1085 4050 ratione
1140 3992 1448 4064 privilegii,
1510 3987 1652 4059 quod

101 4092 230 4157 paulo
284 4103 443 4149 antea
503 4091 680 4147 Guido
732 4090 1067 4153 obtinuerat,
1134 4094 1242 4141 tota
1303 4084 1391 4140 illa
1441 4091 1655 4138 contro-

101 4184 246 4239 versia
271 4185 335 4240 de
362 4199 512 4257 pago
542 4182 961 4238 Salmoriacensi
988 4180 1359 4234 dirimeretur.
1390 4176 1654 4231 Caeterum

105 4272 229 4346 llugo
276 4275 688 4349 Lugdunensis,
740 4273 976 4344 receptis
1016 4271 1219 4327 Urbani
1272 4270 1486 4335 litteris,
1541 4283 1657 4323 rem

105 4378 244 4423 totam
288 4372 353 4426 ad
399 4368 698 4425 concilium
754 4366 1054 4429 IEduense,
1098 4364 1242 4434 quod
1275 4370 1398 4433 post
1451 4361 1660 4430 aliquot

1753 3178 1921 3220 uxore
1949 3178 2066 3224 sua,
2090 3160 2409 3215 Bertradam
2440 3158 2744 3213 adulterino
2766 3157 3017 3228 coniugio
3042 3157 3143 3212 sibi
3172 3172 3333 3224 copu-

1751 3257 1933 3317 latam,
1992 3252 2216 3323 insuper
2276 3249 2475 3305 habitis
2533 3250 2911 3318 episc0p0rum
2940 3261 3003 3303 ac
3064 3245 3335 3315 pontiﬁcis

1754 3346 1924 3417 ipsius
1958 3343 2200 3407 monitis,
2254 3340 2491 3394 retinere
2527 3338 2934 3409 perseverabat.
2975 3335 3136 3389 Plura
3178 3351 3239 3389 ea
3270 3336 3337 3390 de

1755 3451 1814 3491 re
1836 3434 2040 3505 passim
2072 3433 2350 3487 habentur
2397 3431 2450 3485 in
2496 3430 2677 3485 lvonis
2725 3427 3073 3484 Carnotensis
3102 3424 3336 3496 episcopi

1753 3524 1996 3582 litteris:
2036 3536 2138 3576 nec
2193 3519 2417 3573 dubium
2476 3518 2606 3587 quin
2647 3531 2711 3570 ea
2750 3515 3037 3569 occasione
3094 3512 3336 3567 habitum

1752 3618 1824 3675 sit
1851 3612 2139 3672 concilium
2168 3612 2437 3666 Rcmense
2459 3610 2601 3679 quod
2633 3609 2735 3664 hoc
2780 3622 2922 3664 anno
2947 3621 3038 3661 xw
3073 3604 3337 3661 Kalendas

1754 3708 2007 3765 Octobris
2029 3712 2384 3759 convocatum
2435 3713 2537 3758 est.
2595 3702 2663 3756 Et
2705 3700 2924 3772 quidem
2975 3714 3103 3753 cum
3150 3696 3334 3760 Berta,

1756 3798 1999 3869 legitima
2060 3794 2288 3866 Philippi
2346 3809 2504 3861 uxor,
2539 3794 2644 3849 hoc
2683 3808 2848 3858 anno,
2894 3790 2972 3846 uti
3023 3790 3234 3846 Clarius
3286 3788 3340 3842 in

1756 3890 2031 3948 Chronico
2084 3886 2273 3942 Sancti
2320 3885 2468 3941 Petri
2500 3884 2619 3940 Vivi
2671 3884 2857 3947 habet,
2908 3891 3120 3937 mortua
3159 3880 3339 3946 fuerit,

1758 3981 2016 4053 sperabat
2048 3979 2190 4036 forte
2226 3978 2535 4048 Philippum
2583 3975 2869 4046 episcopos
2904 3973 2971 4027 de
3001 3988 3098 4029 sua
3130 3972 3183 4027 in
3213 3972 3341 4027 Ber-

1762 4074 1976 4129 tradam
2014 4070 2459 4141 superinductam
2508 4067 2800 4123 severitate
2850 4065 3055 4134 aliquid
3091 4079 3213 4120 esse
3260 4078 3342 4116 rc-

1759 4171 2045 4224 missuros.
2078 4164 2224 4220 Nihil
2271 4164 2417 4223 enim
2464 4177 2569 4217 non
2611 4160 2880 4225 movebat,
2910 4158 3198 4227 omniaque
3229 4156 3340 4225 ροι-

1763 4262 2048 4326 licebatur,
2103 4267 2164 4313 ut
2209 4258 2313 4314 sibi
2364 4259 2481 4313 haec
2530 4254 2725 4310 mulier
2775 4253 2965 4311 saltem
3018 4252 3085 4304 ad
3129 4247 3343 4317 aliquod

1766 4366 1999 4427 tempus,
2033 4365 2093 4410 ut
2128 4354 2182 4409 in
2213 4352 2371 4423 epist.
2403 4350 2471 4404 47
2498 4348 2588 4404 Ivo
2619 4347 2687 4403 ad
2714 4345 2997 4400 Widonem
3042 4341 3342 4411 dapiferum

106 4477 288 4517 menses
313 4472 432 4519 erat
463 4462 865 4524 celebraturus,
895 4458 1235 4515 referendum
1262 4471 1385 4511 esse
1405 4455 1654 4511 censuit:
1692 4493 1739 4549 υ
1772 4448 1985 4510 scribit,
2041 4446 2466 4513 relinqueretur.
2505 4439 2647 4494 Nihil
2680 4448 2859 4491 tamen
2912 4437 2967 4491 in
3004 4435 3090 4489 his
3116 4448 3232 4502 quae
3277 4446 3344 4486 ex

1908 4539 1959 4549 η.
2021 4538 2060 4549 m
2264 4535 2276 4547 ι
2390 4548 2395 4549 ,
2422 4548 2429 4549 κ
2581 4540 2592 4549 .
2646 4530 2843 4549 ιηηὲ.ημ
2870 4529 2924 4549 .I‘
2961 4526 3184 4549 ηι.ιΙ;....ε
3212 4540 3315 4549 ..ι-.-

104 4557 222 4621 quod
249 4557 316 4612 ita
343 4557 556 4614 factum
588 4554 756 4609 fuisse
783 4552 1010 4608 inferius
1043 4549 1365 4606 videbimus.

106 4666 258 4725 CLIX.
295 4670 465 4726 Fulco
498 4687 667 4725 comes
709 4668 1094 4739 Anuegavemis
1130 4664 1401 4739 absolutus
1446 4664 1502 4739 in
1537 4680 1681 4739 con--

154 4753 288 4795 ventu
311 4744 454 4814 aprtd
484 4740 833 4796 Florentium.
859 4734 1205 4807 Privilegium
1235 4735 1428 4788 Montis
1451 4734 1609 4788 Belli.

164 4833 291 4888 idem
337 4835 500 4905 Heg-0
527 4833 771 4905 Lugduni
802 4833 1032 4887 antistes
1076 4830 1390 4885 mandatum
1420 4826 1565 4883 aliud
1595 4842 1661 4882 eo

110 4928 323 4993 lempore
368 4927 440 4982 ab
472 4925 693 4982 Urbano
735 4924 965 4996 recepit,
1020 4937 1213 4994 nempe
1259 4930 1318 4977 ut
1365 4918 1661 4975 Fulconem

113 5012 378 5072 Rechinum
422 5018 845 5088 Andegavorum
897 5016 1152 5071 comitem
1203 5013 1293 5085 qui
1345 5012 1660 5083 jamdudum

112 5104 168 5158 ob
184 5117 386 5176 captum
414 5110 471 5163 in
504 5109 744 5179 bellom
769 5108 978 5164 carceri
1026 5106 1397 5176 mancipatum
1433 5102 1658 5159 fratrem

115 5208 245 5250 suum
272 5198 618 5266 Gaufridum,
659 5199 1164 5255 excommunicatus
1207 5197 1407 5261 fuerat,
1434 5194 1480 5251 si
1511 5193 1661 5249 salva

115 5279 294 5345 iustitia
344 5290 464 5346 ﬁeri
519 5298 724 5360 posset,
786 5288 1156 5351 communioni
1206 5286 1539 5344 restitueret.
1594 5283 1666 5337 At

121 5372 229 5430 illud
251 5382 523 5452 negotium
549 5398 656 5438 non
694 5382 831 5438 levis
862 5396 981 5438 esse
1012 5379 1269 5437 momenti
1308 5387 1458 5434 ratus
1490 5376 1663 5448 Hugo,

124 5463 295 5535 aliquot
320 5472 611 5543 episcopos
638 5482 697 5529 et
742 5473 967 5531 abbates
995 5471 1266 5538 invitavit,
1287 5478 1349 5525 ut
1390 5483 1572 5525 secum
1601 5483 1665 5522 ea

125 5549 578 5617 deretractarent.
614 5562 1005 5619 Convenerunt
1043 5564 1225 5632 itaque
1266 5576 1391 5617 cum
1422 5575 1490 5615 eo
1526 5557 1667 5628 apud

127 5654 397 5709 mobium
425 5655 611 5714 Sancti
641 5658 905 5713 Florentii
955 5658 1276 5714 Aldehertus
1304 5654 1669 5725 archiepisco-

132 5750 212 5809 pus
237 5740 596 5816 Bituricensis,
644 5749 940 5815 Ouveldus,
981 5765 1076 5807 seu
1125 5748 1319 5805 lvellus
1366 5747 1667 5804 Cenoman-

1767 4539 1998 4596 concilio
2021 4535 2280 4593 Rcmensi
2307 4540 2618 4603 supersunt,
2646 4530 2843 4603 legitur
2864 4529 2928 4583 de
2956 4526 3185 4595 Philippi
3212 4540 3345 4591 nupc

1766 4633 1888 4699 tiis;
1923 4629 2029 4685 nisi
2054 4628 2199 4682 forte
2226 4625 2368 4697 quod
2393 4624 2459 4679 ad
2486 4624 2627 4677 hanc
2655 4623 2919 4692 synodum
2964 4617 3224 4672 invitatus
3253 4613 3344 4665 lvo

1766 4724 1845 4778 ire
1869 4719 2070 4783 renuit,
2099 4727 2157 4775 ut
2178 4724 2329 4789 patet
2346 4730 2415 4770 ex
2437 4713 2555 4783 ejus
2578 4710 2808 4783 episwla
2838 4709 2908 4764 55
2937 4709 3001 4763 ad
3025 4703 3343 4761 Richcrium

1766 4816 2134 4872 Scuonensem
2188 4818 2244 4867 et
2309 4808 2447 4865 alios
2502 4808 2693 4862 Patres
2755 4804 2809 4863 in
2872 4817 2934 4857 ca
2994 4808 3347 4867 congregatos

1766 4909 1970 4977 scripta
2002 4904 2346 4976 iratissimum
2370 4901 2441 4957 ob
2480 4900 2555 4963 id,
2587 4896 2728 4969 quod
2755 4891 3081 4965 prmvidebat
3117 4904 3220 4943 non
3243 4888 3346 4945 sibi

1770 5001 1854 5056 fas
1880 4998 2119 5054 futurum
2152 4997 2254 5052 hac
2280 4995 2334 5050 in
2363 4992 2569 5064 synodo
2599 4988 2881 5044 veritatem
2912 4981 3148 5036 dicendi.
3192 4978 3347 5035 Unde

1766 5090 1984 5148 caeteris
2005 5086 2270 5159 episcopis
2298 5084 2520 5140 nimiam
2567 5091 2757 5135 eorum
2809 5072 3199 5145 indulgentiam
3247 5086 3348 5127 ex-

1768 5180 2017 5251 probrat,
2049 5178 2163 5248 regi
2194 5176 2296 5248 ipsi
2334 5174 2496 5230 nimis
2520 5170 2805 5227 exitiosam
2830 5182 2843 5221 :
2868 5177 3028 5235 quem
3060 5176 3273 5231 nempe,
3302 5160 3346 5217 si

1769 5273 2012 5328 remedia
2059 5273 2179 5342 ejus
2208 5270 2348 5326 malo
2397 5259 2771 5324 convenientia
2800 5266 2854 5314 et
2886 5255 3149 5318 cauteria,
3194 5251 3347 5322 juxta

1774 5378 1983 5418 morem
2030 5362 2325 5432 peritorum
2354 5357 2691 5415 medicorum
2731 5351 2989 5409 adhibere
3030 5346 3345 5411 voluissent,

1768 5457 2134 5529 perduxissent
2191 5455 2260 5508 ad
2299 5452 2580 5523 perfectam
2627 5449 2927 5505 sanitatem.
2978 5443 3173 5501 Multos
3218 5454 3347 5495 vero

1770 5551 2053 5621 episcopos
2079 5557 2138 5604 et
2160 5546 2434 5618 principes
2475 5543 2543 5599 ad
2585 5543 2715 5601 illud
2745 5543 3015 5598 Remense
3058 5535 3344 5593 concilium

1772 5644 2091 5703 convenisse
2121 5641 2278 5697 testis
2304 5648 2389 5695 est
2419 5638 2533 5710 ipse
2560 5636 2870 5709 Raynoldus
2903 5629 3347 5700 archiepiscopus

1772 5739 2067 5795 llemorum
2109 5735 2162 5790 in
2211 5731 2439 5805 epistola
2478 5731 2545 5787 ad
2591 5729 2847 5787 comitem
2900 5721 3171 5780 Flaudrite
3205 5737 3218 5774 :
3252 5730 3353 5773 nec
