3962 6312
648 292 743 349 151

1917 287 1980 343 n.
2023 285 2270 344 uanam
2311 254 2352 342 tt
2390 287 2592 346 PAPIE
2880 245 2884 250 1
3763 304 3832 366 tn

649 405 846 460 mirum
899 371 1027 458 cum.
1070 371 1118 457 ei
1174 401 1286 472 ipse
1343 415 1435 457 rex
1481 401 1806 466 interfuerit,
1836 412 1892 459 et
1937 403 2296 472 eplSCODOSA
2325 400 2733 460 Suessionensis
2801 415 3070 474 mortem,
3129 417 3320 480 utpote
3378 423 3607 480 quorum
3656 416 3833 486 primum

649 485 995 566 quamplures
1044 494 1146 547 huc
1181 492 1371 548 adesse
1428 493 1679 557 voluerit,
1733 502 1790 546 ut
1841 493 2097 550 discimus
2149 507 2215 547 ex

645 587 755 655 jam
786 579 1001 639 laudato
1024 583 1224 650 Clario,
1256 585 1348 654 qui
1379 583 1445 649 ad
1475 584 1618 639 hunc
1646 599 1845 646 annum
1873 584 2009 638 1094
2050 585 2216 639 refert

651 676 954 745 Philippum
1022 689 1206 745 regem
1272 689 1638 747 congregasse
1705 675 2116 744 archiepiswpos
2169 683 2217 727 et

647 769 910 837 episcopos
937 773 941 776 ’
966 756 1108 835 regni
1139 766 1238 836 __sui
1284 767 1338 820 in
1367 767 1570 820 civitate
1623 765 1880 832 Remensi,
1922 782 2151 837 eumque
2185 781 2215 820 a

647 837 905 910 Ricberio
951 855 1370 924 metropolitano
1422 854 1748 916 Senonensi,
1809 870 1953 925 aegre
2007 856 2217 910 ferente

647 945 776 999 illud
826 943 1115 999 concilium
1162 953 1315 998 extra
1367 960 1518 998 suam
1557 945 1886 1013 provinciam
1931 946 2216 1013 celebrari,

649 1039 989 1106 impetrasse,
1017 1045 1076 1089 ut
1099 1035 1294 1089 [lentos
1321 1049 1534 1105 quoque
1565 1051 1687 1090 cum
1713 1037 1926 1090 cmteris
1953 1038 2218 1108 episcopis

647 1122 982 1191 conveniret,
1033 1127 1174 1195 quod
1205 1126 1514 1196 Raynoldus
1553 1128 1834 1196 podagrico
1874 1128 2052 1182 dolore
2090 1146 2218 1183 con-

651 1217 1124 1288 tractus-progredi
1150 1203 1250 1271 nan
1281 1228 1448 1286 posset
1483 1235 1509 1271 e
1554 1235 1650 1271 sua
1690 1218 1828 1271 sede.
1861 1218 1994 1272 Tres
2037 1221 2216 1273 archi-

651 1310 885 1379 episc0pi
936 1309 1266 1388 et’episeOpi‘
1301 1317 1502 1378 septem
1532 1310 1623 1378 qui
1660 1309 1784 1363 huic
1816 1310 2018 1378 synodo
2051 1312 2217 1364 inter-

649 1405 814 1464 fuere,
843 1387 1201 1458 recensentur
1232 1405 1282 1458 in
1305 1405 1488 1460 codice
1517 1420 1617 1459 ms.
1653 1420 1809 1474 quem
1842 1421 1949 1474 prm
1974 1407 2220 1460 manibus

649 1495 930 1548 habemus.
973 1494 1012 1548 li
1059 1490 1214 1548 erant
1247 1495 1557 1568 Raynoldus
1599 1496 1903 1562 Bernensis,
1938 1497 2227 1552 liicherius

651 1582 1000 1648 Senoncnsis,
1047 1596 1100 1639 et
1147 1584 1374 1640 Raulfus
1421 1586 1749 1641 Turonensis
1777 1588 2216 1656 metropolitani;

648 1675 885 1743 episcopi
916 1690 1045 1729 vero
1073 1669 1362 1730 Gaufridus
1393 1677 1735 1742 Parisiensis,
1765 1677 2057 1733 Gauterius
2089 1678 2218 1733 Mel-

2320 491 2546 549 illustris
2604 505 2663 562 et
2724 499 3032 552 veneranda:
3101 500 3401 567 memoria,
3451 501 3668 560 alterum
3711 511 3834 580 άὶςιιε

2319 587 2583 640 memorie
2610 587 2861 642 domuum
2887 589 3138 659 appellat,
3167 593 3391 654 caeteris
3419 609 3550 650 vero
3574 596 3750 667 absque
3766 603 3835 657 ullo

2319 673 2502 727 addito
2531 686 2797 741 recenset,
2833 678 2934 732 nisi
2966 681 3109 748 quod
3150 681 3442 750 llugonem
3472 684 3731 754 gloriosum
3763 692 3836 745 Sit-

2318 772 2669 818 uanectensem
2699 768 2994 837 episcopum
3027 773 3386 842 nuncupavit.

2387 847 2444 903 ιιι
2473 853 2661 907 eadem
2701 857 2908 925 synodo
2932 862 3349 929 comprobatam
3384 862 3556 918 fuisse
3584 865 3834 924 divisionem

2320 941 2622 1013 utriusque,
2669 939 3079 1006 Cameracensis
3151 953 3371 1010 scilicet
3403 963 3487 1018 et
3538 957 3836 1018 Atrebatensit

2317 1028 2603 1100 Ecclesiae,
2661 1037 2835 1092 innuit
2874 1041 2989 1109 ipse
3047 1042 3380 1100 Lambertus
3442 1047 3496 1100 in
3561 1049 3755 1116 epistola
3796 1057 3837 1106 ad

2319 1120 2560 1179 Odonem
2587 1129 2900 1198 episcopum
2943 1131 3428 1202 Cameracensem,
3471 1139 3565 1206 qui
3605 1140 3724 1195 velle
3743 1142 3839 1197 vitle-

2317 1215 2478 1268 batur
2513 1220 2778 1276 terminos
2832 1223 2977 1279 inter
3019 1234 3310 1296 utramque
3361 1227 3660 1283 Ecclesiam
3696 1236 3838 1287 consti-

2320 1313 2466 1360 tutos
2519 1311 2846 1366 auctoritate
2916 1313 3264 1382 imperatoriis
3320 1319 3647 1374 convellere.
3684 1321 3732 1374 ιιι
3776 1325 3838 1376 hac

2321 1393 2548 1460 epistola
2571 1395 2893 1456 Lambertus
2919 1399 3150 1458 testatur
3171 1405 3509 1461 divisionem
3541 1408 3839 1465 Atrebatetuis

2319 1478 2577 1539 Ecclesiae
2619 1500 2649 1539 a
2685 1485 3058 1566 CameracenSi
3090 1492 3290 1548 factam
3333 1494 3534 1562 fuisse,
3596 1514 3680 1566 per
3719 1503 3837 1553 consi-

2321 1569 2446 1624 lium
2477 1583 2524 1626 et
2553 1576 2811 1631 auxilium
2839 1578 3067 1634 ‘Roberti
3114 1586 3344 1649 comitis,
3395 1587 3451 1638 in
3484 1585 3631 1655 cujus
3660 1601 3840 1656 potestate

2289 1661 2623 1728 ‘Atrebatum
2660 1678 2771 1721 erat
2785 1685 2805 1733 ;
2845 1687 3043 1726 necnon
3079 1691 3172 1741 per
3223 1673 3504 1729 licentiam
3547 1687 3595 1730 et
3641 1695 3838 1732 asserum

649 1764 852 1827 densis,
885 1764 1035 1835 [lngo
1066 1766 1499 1842 Suessionensis,
1537 1767 1867 1822 llelinandus
1893 1767 2218 1822 Laudunen-
2250 1751 2292 1810 Β
2322 1748 2555 1842 Philip?
2589 1753 2922 1812 F"“"00"“m
2955 1763 3086 1831 r"95‘
3121 1763 3185 1816 de
3217 1765 3380 1833 cui”
3417 1781 3577 1834 τεθηο
3611 1765 3840 1820 Amm”

649 1856 744 1917 sis,
783 1854 1033 1910 Rabodus
1084 1856 1475 1922 Noviomensis,
1509 1857 1773 1936 Cervinus
1819 1859 2216 1922 Atnhiancnsis.

646 1956 701 1999 et
752 1945 906 2016 Hngo
939 1947 1384 2004 Silvanectensis.
1426 1948 1562 2016 Quid
1614 1959 1792 2003 autem
1821 1951 1889 2003 ab
1931 1951 2010 2004 eis
2053 1958 2220 2004 statu-

648 2046 758 2090 tum
821 2039 1002 2106 fuerit,
1045 2045 1141 2093 nec
1167 2039 1222 2094 in
1262 2042 1365 2095 isto
1400 2042 1583 2095 codice
1617 2043 1864 2104 habetur,
1912 2055 2011 2095 nec
2058 2040 2223 2110 liquet

652 2141 718 2178 ex
776 2126 882 2180 ullo
933 2127 1039 2180 alio
1096 2116 1461 2183 monumento.
1519 2131 1588 2182 At
1641 2131 1880 2185 nonnihil
1909 2131 1976 2185 de
2034 2131 2220 2185 eadem

651 2216 860 2284 synodo
918 2217 1147 2270 dicimus
1198 2233 1264 2272 ex
1316 2221 1479 2288 gestis
1529 2207 1800 2274 Latuberti
1854 2221 2223 2276 Atrebatensis

650 2307 915 2375 episcopi,
962 2294 1475 2376 'quem'antistitem
1520 2311 1567 2363 ei
1619 2310 1927 2364 interfuisse
1970 2321 2217 2376 constat;

653 2397 794 2450 unde
826 2389 1144 2450 mirum'est
1176 2398 1327 2452 illmn
1360 2399 1501 2454 inter
1526 2386 1770 2466 caeteros,
1806 2416 1940 2470 quos
1969 2417 2129 2472 supra
2154 2417 2224 2458 ex

649 2486 887 2542 cod.ms.
916 2478 1304 2554 recensuimus',
1323 2477 1498 2546 locum
1528 2508 1635 2548 non
1662 2495 1880 2548 habere.
1908 2494 2006 2549 llic
2028 2497 2224 2566 quippe

651 2587 773 2648 post
793 2579 1040 2650 adeptam
1071 2581 1156 2636 die
1182 2581 1548 2652 Pentecostes,
1575 2595 1631 2639 ut
1659 2585 1917 2652 diximus,
1943 2588 2087 2643 sedis
2109 2602 2224 2642 suae

650 2668 1068 2736 possessionem,
1093 2686 1213 2724 cum
1245 2671 1442 2729 Remos
1465 2690 1569 2728 non
1594 2674 1830 2730 venisset
1849 2677 2058 2732 solitam
2081 2693 2225 2732 eom-

650 2755 1065 2825 provincialium
1121 2760 1351 2831 Belgica:
1387 2765 1637 2819 secunda:
1661 2766 2032 2836 episcOporum
2063 2769 2222 2823 matri

651 2848 892 2904 ecclesia:
933 2859 990 2906 et
1040 2851 1158 2922 ejus
1199 2855 1583 2931 archiantiSIiti
1625 2857 2012 2926 sulijectiouem
2064 2861 2222 2930 juxta

651 2959 889 3003 canones
921 2932 1284 3016 professarus,
1313 2949 1646 3020 'conquesms
1683 2963 1764 3008 est
1795 2969 1854 3007 ea
1887 2955 1953 3009 de
1974 2969 2030 3010 re
2055 2953 2222 3026 Bay-

654 3036 846 3091 noldus
880 3031 1240 3107 metropolita,
1265 3050 1324 3094 ut
1346 3051 1493 3110 patet
1534 3058 1656 3096 cum
1683 3055 1746 3097 ex
1776 3042 1969 3098 litteris
1998 3059 2220 3100 excusa-

2317 1855 2429 1892 esse
2470 1841 2828 1910 dignoscitur,»
2857 1856 2904 1900 et
2953 1865 3046 1916 per
3096 1853 3322 1906 concilia
3351 1854 3454 1907 sub
3498 1853 3747 1923 Ragnaldo
3781 1872 3836 1906 ar-

2319 1931 2640 2001 chiepiscopo
2673 1934 2849 1990 Remis
2875 1938 3073 2004 habita,
3100 1950 3147 1994 et
3176 1959 3267 2006 per
3291 1928 3666 1998 auctoritatem
3691 1956 3837 2013 aposto-

2320 2019 2435 2076 licw
2460 2024 2598 2078 sedis
2626 2036 2674 2079 et
2698 2025 2898 2082 Urbani
2927 2030 3156 2086 Romani
3177 2035 3452 2103 pontiﬁcis
3481 2035 3545 2088 11
3552 2075 3564 2089 .
3596 2033 3726 2091 Unde
3741 2046 3836 2106 patet

2329 2111 2477 2167 hanc
2547 2117 2870 2188 episc0palis
2942 2123 3180 2192 antiquae
3237 2127 3387 2180 sedis
3426 2128 3428 2130 ’
3465 2126 3836 2180 restaurationem

2322 2202 2829 2279 absque'ﬂegitimis
2875 2215 3297 2283 conditionibus,
3331 2219 3484 2288 quod
3508 2218 3668 2288 aliqui
3712 2231 3838 2272 recen-
3914 2257 3915 2288 ι

2325 2293 2912 2368 ιὶοτεεριίειίιηεπιιηι,
2940 2304 3079 2358 haud
3111 2285 3557 2362 consummatam
3591 2307 3746 2362 fuisse.
3914 2285 3915 2362 Ῐ

2396 2385 2568 2444 Unum
2604 2402 2862 2460 prazterea
2893 2410 2958 2450 ex
2992 2407 3198 2464 nostro,
3229 2401 3364 2456 item
3414 2402 3539 2456 cod.
3581 2416 3695 2464 ms.,
3727 2399 3832 2454 disci-

2323 2490 2444 2530 mus
2474 2477 2526 2530 in
2558 2480 2749 2535 eadem
2772 2485 2976 2554 synodo
2998 2484 3222 2552 factum,
3259 2488 3574 2546 Manassem
3598 2490 3771 2546 scilicet
3798 2487 3837 2539 ad

2325 2566 3125 2631 Cameracensem-Ecclesiam
3173 2581 3439 2646 electum,
3497 2582 3674 2637 nescio
3705 2580 3837 2649 quibus

2322 2658 2532 2714 occulte
2575 2676 2698 2715 eum
2749 2665 3130 2735 ineitantibus,
3201 2673 3436 2741 petiisse
3482 2682 3543 2727 ut
3595 2672 3835 2726 Atrebatum

2323 2749 2706 2807 restitueretur
2737 2755 2991 2813 Ecclesiae
3017 2759 3426 2818 Cameracensi.
3459 2761 3737 2818 Referenda
3759 2766 3835 2812 sunt

2323 2844 2563 2898 auctoris
2593 2847 2763 2900 nostri
2788 2851 2970 2904 verba.
3008 2870 3027 2903 ι
3058 2851 3193 2906 Dum
3209 2869 3366 2926 ergo,
3399 2855 3591 2926 inquit,
3621 2853 3834 2908 Remomm

2325 2937 2654 2993 venerabilis
2719 2941 3159 3017 archiepiscopus
3206 2946 3530 3019 Raynoldus
3590 2947 3832 3001 Manassen.

2325 3029 2766 3086 archidiaconum
2814 3033 3176 3104 lientensem,’
3217 3039 3608 3096 Cameracensi
3654 3033 3833 3092 Ecclesit

655 3131 808 3190 toriis
847 3095 1124 3186 Lamberli
1158 3095 1436 3202 ad'ipsum
1487 3095 2218 3205 Raynoldumptum‘

2322 3117 2432 3187 iam
2457 3120 2794 3191 designatum
2821 3127 3151 3196 episcopum,
3181 3131 3687 3192 commonefaceret,
3725 3135 3767 3178 ul
3794 3120 3834 3172 ad

648 3239 723 3276 'ex
758 3223 879 3277 aliis
929 3224 994 3278 ad
1048 3225 1471 3296 metropolitana:
1517 3226 1758 3282 ecclesia:
1810 3226 2010 3281 clerum
2062 3228 2222 3294 datis,

656 3315 857 3382 quibus
882 3307 1224 3389 protestatur
1258 3315 1360 3371 sibi
1397 3316 1631 3390 nondum
1677 3317 1890 3372 licu'sse
1940 3318 2042 3372 iter
2096 3318 2223 3373 illud

651 3404 891 3473 aggredi,
928 3404 1069 3475 quod
1099 3420 1160 3460 se
1206 3415 1319 3461 toto
1367 3407 1548 3462 animo
1609 3407 1876 3462 facturum
1919 3407 2220 3476 pollicetur,

653 3495 1054 3565 quamprimum
1081 3495 1130 3550 ei
1161 3496 1390 3553 facultas
1417 3497 1539 3552 data
1566 3498 1759 3562 fuerit;
1793 3507 1846 3553 et
1872 3499 2046 3568 reipsa
2069 3484 2224 3567 paulo

650 3594 835 3653 postea
885 3583 1086 3640 Remos
1134 3588 1281 3641 venit
1329 3572 1393 3662 ac
1431 3588 1826 3658 professionem
1871 3586 2225 3655 fecit,.mense

656 3673 947 3742 Septembri
995 3674 1072 3741 x1,
1107 3675 1378 3732 Kalendas
1411 3677 1671 3746 Octobris,
1730 3681 1814 3734 die
1865 3679 2048 3734 Natali
2089 3682 2223 3735 bcati

658 3753 899 3842 Ha'tluci
929 3755 1152 3835 apostoli
1203 3779 1248 3822 et
1275 3769 1621 3839 evangelista,
1648 3773 1949 3842 iudicione
1990 3788 2052 3839 ll,
2084 3790 2223 3828 anno

655 3839 820 3905 1094'
857 3861 909 3906 et
952 3853 1169 3924 quidem
1211 3855 1263 3909 in
1308 3856 1423 3925 ipso
1458 3839 1710 3932 concilio,
1751 3860 1893 3928 quod
1933 3859 2045 3926 jam
2093 3877 2121 3915 a
2155 3877 2224 3915 xv

652 3941 919 3998 Kalendas
970 3943 1461 4012 ejusdemfmensis
1521 3947 1815 4018 inemptum
1858 3959 1998 4014 erat,
2048 3959 2105 4005 ut
2154 3969 2220 4008 ex

655 4032 921 4103 Raynoldi
959 4034 1185 4102 epistola
1215 4036 1283 4090 ad
1336 4035 1628 4091 Robertum
1676 4039 1924 4094 comitem
1957 4040 2222 4099 Flandria:

651 4134 828 4195 patet.
860 4125 1127 4182 Latnberti
1171 4138 1350 4182 autem
1383 4116 1703 4182 consecratio
1754 4117 1889 4199 post.
1913 4145 2217 4205 susceptam

651 4220 769 4290 ejus
804 4223 952 4275 more
991 4222 1358 4298 ecclesiastico
1409 4210 1823 4294 professionem,
1877 4242 1904 4280 a
1936 4214 2219 4298 Raynaldo

653 4314 1067 4384 metropolitano
1091 4318 1410 4388 caeterisque
1441 4303 1730 4388 provinciae
1755 4308 2042 4390 episcopis,
2060 4321 2218 4389 juxta

651 4404 831 4457 (fortuiti
876 4421 1026 4474 papte
1058 4404 1256 4460 Urbani
1297 4418 1555 4478 pra'cepta
1605 4403 1924 4464 Conﬁrmata
1975 4411 2099 4474 fuit,
2161 4419 2217 4463 ut

652 4504 883 4550 testatur
915 4497 1054 4549 idem
1091 4497 1202 4566 ipse
1232 4487 1541 4568 Rayuowus
1585 4500 1636 4555 in
1669 4489 1896 4569 epistola
1948 4517 2071 4555 mox
2105 4501 2218 4554 lau-

652 4585 778 4636 data
837 4585 902 4637 ad
960 4583 1227 4640 Flandriaa
1265 4587 1554 4652 comitem,
1629 4589 1858 4659 ideoque
1940 4589 2216 4644 referenda

650 4673 795 4726 inter
824 4663 1026 4728 Urbani
1073 4675 1303 4732 litteras.
1343 4668 1646 4732 Recitatum
1691 4694 1905 4748 quoque
1942 4679 2012 4733 ibi
2046 4675 2221 4734 fuisse

649 4765 992 4820 Atrebatensi
1020 4765 1271 4821 Ecclesia:
1299 4763 1636 4837 privilegium
1661 4769 1921 4824 discimus
1940 4785 2003 4825 ex
2037 4779 2222 4826 nostro

646 4856 758 4926 jam
788 4860 1002 4916 laudato
1030 4855 1300 4923 ms.'cod.,
1329 4859 1416 4913 ubi
1449 4855 1643 4930 legitur
1667 4862 1720 4914 id
1739 4859 2220 4932 in’metropolitana

653 4952 866 5004 basilica
890 4953 1051 5007 beata:
1080 4944 1285 5006 Maritc‘
1310 4967 1510 5020 semper
1546 4948 1756 5021 virginis
1779 4953 2004 5007 domina:
2031 4951 2220 5007 uestra:

653 5042 852 5096 factum
883 5041 1066 5110 fuisse,
1098 5036 1171 5096 in,
1196 5040 1505 5112 provinciali
1554 5051 1600 5095 et
1639 5043 1826 5096 celebri
1861 5040 2106 5107 cancilio,
2137 5042 2222 5096 cui

651 5133 892 5200 interfuit
926 5131 1197 5204 Philippus
1246 5151 1337 5190 rex
1371 5131 1721 5201 Francorum,
1770 5136 2223 5206 quod‘celebravit

653 5226 986 5295 Raynolilus,
1036 5229 1431 5281 consulentibus
1465 5228 1578 5298 ejus
1634 5231 1852 5282 concilio
1884 5228 2105 5282 'duobus
2137 5245 2223 5282 ar-

653 5317 995 5386 chiepiscopis
1026 5326 1072 5369 et
1108 5318 1358 5387 episcopis
1405 5330 1619 5387 septem,
1661 5334 1796 5388 quos
1833 5335 1994 5389 supra
2023 5333 2221 5373 memo-

653 5406 920 5468 ravimus;
963 5403 1345 5460 archidiaconis
1390 5425 1590 5477 quoque
1620 5417 1668 5462 et
1703 5409 1975 5462 abbatibus
2012 5411 2221 5478 preciae

635 5499 746 5570 cite
778 5497 1042 5552 "emensis
1071 5498 1125 5551 in
1156 5499 1332 5552 eodem
1353 5498 1581 5553 concilio
1620 5518 1737 5555 cum
1768 5502 1979 5556 honesto
2008 5501 2145 5554 clero
2173 5510 2221 5554 et

647 5587 839 5659 populo
879 5583 1294 5642 consistentibus.
1342 5587 1466 5642 Hrec
1507 5590 1780 5644 scribebat
1826 5598 2000 5643 vetus'
2031 5598 2223 5643 auctor

647 5681 811 5749 paulo
839 5690 958 5750 post
1007 5677 1268 5749 llaynoldi
1320 5679 1602 5735 Rcmcnsis
1627 5688 1682 5734 et
1717 5681 1952 5750 [lagonis
1985 5680 2222 5749 episcopi

2331 3208 2542 3264 titulum
2565 3211 2979 3270 Cameracensis
3002 3216 3254 3273 Ecclesiae
3298 3235 3496 3276 sacros
3547 3219 3737 3273 ordines
3764 3212 3825 3280 rpi-

2328 3303 2708 3374 scopalemque
2743 3309 3208 3364 consecrationem
3238 3314 3524 3382 suscipere
3569 3288 3831 3382 procurata.

2327 3393 2541 3448 hortatu
2568 3399 2926 3464 quorumdam
2953 3415 3171 3455 suorum
3199 3403 3274 3455 ait
3308 3402 3574 3458 :Reddite
3596 3399 3707 3456 mihi
3731 3396 3832 3449 Atre-

2327 3482 2536 3550 batum,
2571 3488 2655 3540 cui
2687 3486 2944 3556 providus
2972 3501 3026 3547 et
3047 3493 3261 3562 sapiens
3284 3496 3712 3566 archiepiscopus
3728 3484 3832 3559 (ιωεῖ

2327 3571 2594 3631 invective
2624 3581 2940 3646 respondit:
2978 3583 3204 3639 Domine
3235 3584 3537 3651 Manasses,
3585 3582 3724 3636 vultis
3754 3589 3831 3630 esse

2327 3664 2539 3733 primus
2566 3673 3070 3728 excommunicatus
3097 3675 3164 3731 ab
3187 3679 3486 3746 apostolica
3513 3676 3651 3741 sedc,
3693 3680 3735 3724 el
3759 3665 3832 3731 Plus

2326 3753 2678 3811 decretorum
2699 3768 2752 3813 et
2779 3763 3221 3819 constitutionum
3249 3767 3492 3823 violator
3517 3754 3751 3822 existere?
3767 3767 3829 3826 pro

2327 3844 2428 3898 hac
2457 3860 2586 3916 ergo
2630 3863 3057 3921 praesumptuosa
3112 3857 3360 3913 Atrebati
3417 3855 3764 3914 reclamatione
3797 3853 3829 3898 et

2324 3931 2668 4003 oblocutione
2717 3941 2782 3994 ad
2827 3943 3248 4014 increpationem
3276 3946 3662 4019 archiepiscopi
3681 3941 3829 4006 culpam

2324 4029 2658 4094 τθεοειιονίι,
2689 4033 3120 4104 V‘ettiampetiit,
3164 4046 3219 4093 et
3264 4041 3314 4093 in
3357 4041 3590 4097 concilio
3611 4029 3830 4090 absolutio-

2326 4129 2447 4168 nem
2477 4118 2822 4176 satisfaciens
2836 4127 3091 4195 suscepit.
3122 4147 3140 4179 ι
3164 4126 3271 4183 Nec
3299 4131 3454 4197 plura
3479 4131 3544 4185 de
3572 4130 3662 4184 hac
3682 4117 3826 4192 synotlo

2324 4201 2604 4266 babetille
2656 4219 2867 4276 auctor,
2904 4213 3008 4268 nisi
3059 4217 3201 4284 quod
3253 4217 3575 4276 Lambertus
3607 4218 3826 4277 ante‘lm'“

2321 4293 2506 4351 Remis
2524 4301 2894 4375 egrederetur,
2928 4305 3186 4362 invitatus
3213 4310 3279 4363 ad
3301 4311 3589 4366 concilium
3625 4303 3828 4388 [Edueuse

2321 4385 2506 4450 fuerit~
2536 4391 2604 4444 ab
2663 4391 2888 4462 Hugone
2935 4395 3278 4466 Lugdunensi
3333 4399 3732 4469 archiepiscopo.
3766 4385 3824 4450 (ιυί

2323 4478 2454 4534 illud
2506 4483 2572 4534 ad
2610 4482 2749 4546 diem
2805 4483 2988 4539 Iduum
3034 4486 3282 4544 Octobris
3325 4488 3690 4548 celebrandum
3719 4477 3824 4546 illi"

2323 4567 2529 4626 Urbani
2563 4574 2872 4630 mandatum
2901 4577 3190 4634 indixerat.
3221 4581 3497 4641 Manasses
3528 4594 3645 4634 vero
3671 4560 3822 4627 nonnisi

2322 4671 2445 4730 post
2475 4662 2690 4733 longum
2724 4674 2930 4737 tempus
2956 4669 3240 4727 ordinatus
3262 4671 3365 4732 fuit
3384 4674 3456 4736 ob
3477 4669 3688 4731 sehisma
3714 4649 3827 4749 GN."

2325 4752 2494 4824 chcrii
2533 4752 2942 4812 Cameracensis
2986 4761 3392 4831 archidiaconi,
3438 4763 3528 4833 qui
3566 4776 3593 4813 a
3637 4748 3823 4807 factionis

2326 4859 2437 4915 sua:
2483 4846 2793 4904 hominibus
2857 4851 3061 4906 electus
3101 4835 3546 4914 Cameracensem
3595 4838 3823 4904 Ecclesia!“

2325 4935 2581 5007 invadere
2611 4939 2905 5006 nitebatur.

2323 5025 2504 5082 CLX‘l.
2547 5027 2839 5086 Concilium
2872 5033 3177 5090 Ostionense
3204 5055 3294 5091 seu
3329 5039 3606 5092 Educnse.
3654 5026 3822 5079 Errem-

2399 5101 2698 5178 ntunicatur
2729 5100 3002 5178 Ρῂὶςξρρυε
3032 5122 3139 5178 rex.
3173 5105 3509 5178 Privilegium
3538 5097 3816 5178 Atrebatetttf:

2397 5169 2784 5238 Archiepiscopi
2839 5155 3152 5228 Turonensis
3208 5155 3548 5231 causaJ’cum
3613 5155 3817 5238 ιιιιξηίιί’(¹ἷ⁸

2399 5227 2624 5319 Majoris
2681 5227 3031 5309 M'onasterii,
3062 5255 3109 5298 et
3425 5227 3552 5317 pago
3593 5227 3819 5293 Salmoriﬂ'

2393 5325 2553 5362 censi.

2396 5401 2635 5455 Primam
2667 5401 3170 5472 Augustodunensis
3196 5409 3387 5480 synodi
3429 5382 3816 5484 notitiam

2325 5509 2447 5549 mus
2481 5463 3038 5558 Bertoldo.vscribenti
3073 5463 3614 5575 generale‘co‘ncilium
3655 5485 3698 5575 ίιξ

2325 5585 2518 5640 liarum
2562 5587 2791 5654 civitate,
2840 5607 2997 5659 quam
3046 5566 3314 5648 Ostionem
3363 5571 3625 5667 uulgariter
3665 5566 3814 5667 dirimit

2326 5681 2430 5736 hoc
2481 5696 2624 5736 anno
2674 5698 2770 5736 vnt
2829 5682 3094 5739 Kalendas
3141 5662 3814 5752 Νουεηιόήξῖιοκσνεσαηη

3905 142 3911 239 ¹
