3962 6312
98 313 202 368 ’33

1627 294 1783 350 VITA

3262 300 3367 357 158

95 426 260 493 [κίκι
293 421 363 476 αθ
405 417 624 488 Magone
666 413 1006 485 Lugdunensi
1045 411 1434 481 archiepiscopo
1475 420 1520 464 et
1551 425 1678 479 apo-
1708 409 1758 468 Α
1785 394 1991 460 exitum
2017 407 2068 460 in
2096 407 2199 462 hac
2226 407 2493 463 .‘E‘duensi
2539 409 2773 479 synodo,
2802 408 2846 463 si
2893 409 3158 465 liodulfus
3184 413 3366 467 archi-

94 512 296 566 stolicts
316 508 449 563 sedis
474 507 666 575 legato,
707 521 825 558 cum
862 500 1266 570 archiepiscopis
1313 496 1369 553 et
1406 498 1679 553 abbatibus

96 602 423 654 diversarum
448 594 860 665 provinciarum,
877 606 996 660 qua:
1016 590 1233 661 quidem
1261 589 1424 643 verba
1448 585 1680 640 Barouio

97 690 322 760 ejusque
388 683 709 754 sequacibus
770 697 960 736 ansam
1034 679 1311 751 prtebuere
1386 676 1679 732 concilium

102 783 363 843 Ostiense,
397 778 532 831 alias
556 775 780 831 omnino
806 774 1048 844 ignotum
1083 768 1411 825 intrudendi.
1458 770 1526 822 At
1552 767 1683 821 illud

98 870 163 927 ab
187 866 665 940 Augustoduuensi
713 862 964 924 concilio,
1006 860 1149 931 quod
1184 860 1288 913 hoc
1342 871 1485 911 anno
1528 855 1683 909 habi—

101 972 208 1015 tum
237 959 411 1013 fuisse
448 972 518 1011 ex
554 953 871 1009 auctoribus
900 950 1197 1020 aequalibus
1250 955 1486 1013 constat,
1538 944 1682 998 aliud

104 1069 203 1108 non
240 1066 364 1107 esse
393 1048 758 1106 certissimum
786 1056 901 1100 est:
927 1044 1069 1114 quod
1121 1042 1336 1113 quidem
1375 1040 1683 1094 Ostioueuse

105 1141 403 1205 Bertoldus,
432 1139 595 1194 homo
623 1147 866 1202 exteros,
897 1133 1185 1205 appellavit
1212 1148 1276 1186 ex
1319 1131 1471 1186 urbis
1502 1131 1684 1200 Augu-

108 1232 443 1290 stodunensis
474 1228 686 1298 vulgari
711 1226 972 1283 vocabulo
1001 1231 1177 1280 Autun
1200 1265 1214 1289 ,
1248 1239 1341 1278 seu
1366 1233 1426 1277 ut
1453 1237 1685 1292 pronun-

112 1325 225 1380 tiari
274 1323 413 1378 solet
469 1319 663 1385 Ostan,
691 1319 777 1374 vel
816 1319 994 1388 potius
1038 1316 1200 1377 Ottm.
1242 1330 1309 1371 ex
1340 1330 1447 1384 quo
1480 1313 1553 1367 illi
1591 1313 1680 1382 qui

114 1424 286 1486 postea
320 1415 374 1468 in
396 1414 545 1468 hunc
574 1425 817 1467 errorem
844 1411 1182 1480 impegerunt
1204 1407 1470 1462 Ostionem
1494 1392 1682 1483 urbem

115 1508 374 1562 elliuxere.
413 1504 569 1574 Hugo
598 1502 1041 1579 Flaviniacensis
1070 1501 1125 1556 in
1168 1501 1285 1571 ipsa
1340 1499 1685 1570 Augustodu-

119 1598 257 1654 Itcnsi
304 1596 523 1653 ditecesi
583 1596 786 1657 abbas,
837 1602 1030 1649 auctor
1097 1594 1312 1649 illorum
1382 1603 1685 1663 temporum

119 1690 284 1763 gravis
306 1699 359 1743 et
379 1695 696 1751 accuratus,
724 1686 1232 1757 Angustodunensis
1264 1701 1359 1741 seu
1390 1684 1686 1741 Eduensis

1786 498 2073 566 episcopus
2120 498 2455 562 concordiae,
2515 499 2602 553 cui
2634 500 2918 555 videbatur
2978 504 3361 571 consensisse,

1784 584 1929 640 Stare
1979 584 2257 640 voluisset.
2320 586 2532 641 Etenim
2584 604 2707 643 cum
2765 604 2832 645 ex
2884 608 2988 646 una
3041 600 3197 663 parte
3248 588 3389 666 ipse-

1783 677 2077 740 Rodulfus,
2119 687 2173 731 et
2222 676 2425 733 Joellus
2462 676 2929 738 Cenomannensis
2960 686 3267 755 cpiscopus,
3298 701 3367 741 ex

1785 770 1951 826 altera
1983 786 2113 826 vero
2145 770 2450 825 Bernartius
2477 770 2761 827 Retnensis
2813 776 2962 843 prior
3011 774 3369 844 Majoris-Mo-

1783 860 2045 930 nasterii,
2121 860 2384 931 Hilgodus
2440 861 2849 917 Suessionensis
2903 865 3187 937 episcopus
3242 864 3387 923 tune

1784 950 2026 1020 ejusdem
2050 950 2152 1006 loci
2176 953 2495 1017 monachus,
2515 954 2604 1024 qui
2627 954 2798 1025 ipsum
2824 956 3160 1027 privilegium
3184 958 3370 1013 Romae

1785 1043 2232 1112 impetraverant,
2273 1055 2328 1099 et
2356 1046 2597 1115 ejusdem
2652 1047 2861 1117 llilgodi
2916 1048 3085 1104 frater
3128 1049 3370 1105 Andreas

1784 1131 2010 1187 multum
2043 1132 2183 1188 ultro
2232 1136 2477 1204 citroque
2525 1137 2929 1204 decertassent,
2992 1154 3096 1207 pax
3152 1139 3367 1194 tandem

1785 1221 1930 1276 inter
1975 1237 2069 1277 eos
2117 1224 2247 1279 inita
2304 1236 2408 1292 est,
2460 1228 2555 1282 sed
2613 1244 2733 1297 qua:
2763 1229 2911 1284 brevi
2949 1233 3147 1299 postea
3199 1229 3371 1284 fracta

1785 1313 1916 1380 fuit,
1956 1323 2015 1371 ul
2068 1332 2137 1373 ex
2193 1319 2460 1388 colloquio
2506 1321 2723 1375 Dolensi
2764 1322 3086 1394 colligimus.
3120 1322 3194 1377 lbi
3224 1324 3370 1378 enim

1788 1421 1969 1460 coram
1998 1408 2187 1463 eodem
2217 1408 2459 1480 “agone,
2511 1427 2573 1466 ac
2603 1412 2801 1467 Amato
2847 1414 3252 1483 Burdegaleusi,
3283 1429 3369 1467 ar—

1786 1496 2145 1569 chiepiscopis
2174 1514 2227 1558 et
2251 1502 2564 1571 apostolicae
2594 1504 2739 1559 sedis
2781 1504 2971 1575 legatis
3015 1505 3372 1576 praesentibus

1786 1587 2112 1647 Pictaviensi
2160 1602 2214 1647 et
2257 1594 2723 1661 Ceuomanncnsi,
2776 1597 3004 1666 aliisque
3036 1598 3221 1652 multis
3252 1599 3369 1667 epi-

1788 1682 1967 1751 scopis
1993 1686 2181 1739 cadem
2224 1701 2386 1740 causa
2423 1702 2545 1742 cum
2575 1688 2741 1742 multa
2766 1690 3115 1745 contentione
3153 1676 3369 1745 rursum

122 1782 253 1836 iuius
291 1780 478 1852 synodi
529 1779 775 1833 meminit
806 1778 859 1832 in
891 1777 1164 1834 Chronico
1196 1778 1546 1843 Virdunensi,
1593 1777 1684 1837 ubi
1718 1773 1761 1828 B
1789 1773 1990 1843 agitata
2024 1774 2141 1839 fuit,
2174 1776 2449 1832 Bernardo
2481 1767 2675 1834 abbate
2708 1796 2831 1834 cum
2856 1781 2969 1835 suis
3002 1784 3279 1838 monachis
3304 1797 3372 1837 ex

124 1871 323 1941 triginta
351 1871 485 1925 duos
510 1870 793 1938 episcopos
837 1883 959 1923 cum
1001 1868 1246 1938 pluribus
1287 1869 1574 1924 abbatibus
1625 1876 1683 1923 et

129 1964 249 2018 viris
282 1962 546 2031 religiosis
579 1963 644 2017 ad
676 1977 795 2015 eam
823 1961 1143 2017 convenisse
1171 1970 1385 2026 narrat;
1414 1960 1507 2015 Sed
1549 1960 1683 2015 nihil

133 2055 280 2109 habet
297 2055 356 2110 de
374 2055 456 2109 his
485 2069 604 2123 quae
634 2068 665 2106 a
691 2053 945 2108 Patribus
986 2053 1059 2107 ibi
1092 2062 1293 2107 statuta
1328 2051 1511 2117 fuere.
1536 2050 1685 2107 Non-

144 2146 273 2201 nulla
309 2156 474 2200 tamen
517 2161 581 2201 ex
620 2145 739 2214 ejus
786 2145 1020 2201 decretis
1049 2154 1305 2215 excerpta
1355 2144 1521 2199 refert
1556 2145 1684 2198 Ber-

147 2238 319 2305 toldus,
368 2239 453 2307 qui
515 2239 587 2292 ait
639 2233 940 2292 renovatum
997 2236 1162 2292 fuisse
1224 2237 1279 2291 in
1346 2251 1409 2291 ea
1476 2237 1682 2307 synodo

137 2330 709 2385 exeommunicationem
740 2329 793 2383 in
829 2328 1120 2385 Henricum
1152 2344 1355 2399 regem,
1388 2337 1443 2383 et
1473 2330 1525 2383 in
1552 2328 1684 2383 Gui-

129 2419 314 2475 bertum
373 2436 671 2491 eorumque
729 2420 1050 2491 compliees;
1106 2420 1413 2491 Philippum
1466 2436 1683 2490 quoque

125 2528 281 2582 regem
306 2514 392 2579 ibi,
422 2514 592 2583 quod,
626 2514 842 2568 vivente
874 2528 968 2568 sua
1002 2512 1171 2582 ipsius
1206 2527 1396 2577 uxore,
1452 2512 1680 2567 alteram

122 2607 597 2676 superinduxisset,
662 2605 1188 2661 excommnnicatum
1267 2602 1483 2671 fuisse;
1552 2604 1681 2659 item

121 2698 398 2754 damnatam
430 2699 531 2753 sub
560 2700 1098 2753 excommunicatione
1120 2698 1289 2754 fuisse
1316 2697 1681 2754 Simoniacam

118 2787 359 2856 haeresim,
388 2797 445 2844 et
484 2789 927 2860 presbyterorum
960 2788 1439 2854 incontinentiam;
1492 2804 1559 2845 ac
1592 2791 1684 2844 de-

118 2879 258 2949 nique
282 2881 512 2933 vetitum
546 2878 827 2933 monachis
871 2891 937 2931 ne
970 2877 1299 2947 parochialia
1330 2879 1681 2934 sacerdotum

118 2966 265 3023 cilicia
312 2970 362 3023 in
417 2967 704 3039 parochiis
761 2976 1053 3035 usurpent;
1104 2984 1221 3037 quae
1278 2970 1475 3034 omnia,
1508 2968 1685 3039 inquit

117 3057 235 3113 idem
258 3067 466 3125 auctor,
496 3058 568 3111 ibi
595 3066 715 3113 sunt
747 3058 1027 3112 constituta
1051 3068 1098 3113 et
1118 3057 1405 3129 apostolica
1425 3058 1682 3131 legatione

116 3147 324 3213 ﬁrmata.

173 3239 242 3293 Ad
268 3236 519 3295 eamdem
550 3239 815 3311 synodum
868 3239 1151 3306 invitatus,
1179 3248 1239 3294 ut
1267 3241 1379 3312 jam
1424 3242 1680 3312 diximus,

116 3327 409 3385 Lambertus
432 3329 822 3385 Atrebatensis
851 3331 1103 3399 antistes,
1134 3330 1183 3386 ei
1221 3331 1487 3399 interfuit,
1516 3344 1575 3389 ut
1615 3351 1681 3390 ex

118 3428 281 3474 nostro
312 3437 409 3476 ms.
442 3420 572 3475 cod.
601 3420 886 3486 discimus,
912 3421 966 3476 in
996 3438 1102 3491 quo
1127 3423 1326 3494 legitur
1370 3439 1494 3480 eum
1547 3426 1619 3482 ibi
1651 3443 1681 3482 a

116 3504 310 3564 Dommo
335 3509 570 3583 Hugone
600 3512 818 3582 benigne
846 3521 1167 3581 susceptum,
1200 3513 1443 3568 recitasse
1468 3515 1683 3584 privile-

117 3602 234 3669 gium
257 3601 571 3658 uenerabilis
610 3602 889 3656 Remorum
923 3603 1318 3673 archiepiswpi,
1350 3604 1402 3658 id
1429 3614 1512 3659 est
1540 3605 1685 3675 quod

119 3693 174 3746 ab
210 3709 269 3749 eo
296 3694 548 3749 antistite
578 3693 967 3763 impetraverat
1008 3695 1076 3750 ad
1120 3694 1263 3750 sedis
1318 3695 1685 3753 Atrebatensis

118 3785 521 3854 restitutionem,
554 3785 1012 3851 confirmandam,
1069 3801 1245 3839 coram
1288 3802 1564 3840 numerosa
1603 3804 1689 3841 ar-

118 3875 546 3946 chiepiscoporum
600 3885 648 3929 et
702 3876 1094 3945 episcoporum,
1145 3884 1192 3928 et
1240 3874 1509 3940 abbatum,
1560 3876 1687 3931 cleri

119 3983 295 4037 quoque
322 3979 370 4023 et
399 3966 591 4039 populi
622 3983 726 4022 non
749 3983 912 4037 parva
958 3966 1293 4020 multitudine
1337 3966 1683 4023 consistentis.

120 4058 272 4125 Quare
317 4060 511 4115 statim
562 4057 716 4128 Hugo
768 4057 973 4113 Urbani
1025 4055 1247 4111 nomine
1298 4057 1364 4112 ad
1430 4060 1686 4114 comitem

120 4148 357 4205 Flandrite
372 4149 623 4219 scripsit,
642 4157 701 4202 ut
719 4147 1068 4203 Lambertum
1090 4162 1189 4219 pro
1211 4162 1342 4203 vero
1368 4156 1422 4203 et
1447 4148 1686 4219 legitimo

120 4240 411 4298 Atrebatum
470 4241 730 4311 episcopo
777 4240 1028 4307 haberet;
1082 4255 1314 4311 eumque
1368 4240 1686 4296 adhOrIatus

122 4338 191 4385 est
220 4341 275 4386 ut
316 4333 415 4403 ipsi
467 4332 540 4386 ad
591 4331 960 4401 recuperanda
1008 4330 1263 4387 Ecclesia:
1312 4332 1686 4407 Atrebatensis

120 4419 257 4487 bona,
286 4422 621 4494 adjutorium
656 4422 1025 4492 impenderet;
1077 4421 1193 4476 haec
1242 4422 1492 4493 cpistola,
1540 4423 1683 4476 inter

123 4507 323 4579 Urbani,
351 4511 513 4583 cujus
540 4512 759 4567 nomine
785 4502 987 4582 scripta
1008 4520 1111 4579 est,
1136 4511 1348 4568 litteras
1371 4499 1681 4583 proferetur

121 4598 180 4655 ad
203 4610 437 4659 nostrum
469 4604 719 4660 codicem
747 4590 1091 4659 ms.collata.
1465 4590 1469 4594 ’

179 4691 359 4748 Actum
388 4694 558 4750 etiam
589 4702 675 4748 est
702 4693 756 4748 in
783 4695 971 4750 eadem
998 4694 1205 4763 synodo
1233 4695 1301 4749 de
1346 4693 1496 4763 gravi
1544 4709 1673 4749 con-

125 4783 385 4849 troversia,
409 4798 536 4853 qua:
556 4780 876 4852 jamdudum
903 4782 1370 4837 vertebaturintcr
1389 4781 1676 4837 Rodullum

124 4868 468 4930 Turonensem
498 4873 986 4943 archiepiscopum,
1026 4882 1079 4927 et
1117 4874 1413 4927 monachos
1436 4870 1678 4942 Maioris-

126 4960 452 5031 Ilonastcrii,
511 4966 798 5022 occasione
845 4964 1143 5035 privilegii,
1193 4979 1299 5035 quo
1339 4964 1450 5031 isti,
1502 4976 1559 5021 ut
1612 4965 1679 5020 ad

127 5059 467 5115 annum1090
500 5059 771 5123 diximus,
825 5058 893 5115 ab
947 5057 1165 5113 Urbano
1214 5057 1395 5112 donati
1442 5057 1676 5113 fuerant.

128 5142 408 5206 Haccausa
429 5150 543 5221 jam
574 5150 737 5221 paulo
764 5157 921 5205 antea
955 5148 1212 5205 ventilata
1263 5148 1439 5204 fuerat
1470 5150 1519 5203 in
1549 5165 1681 5206 con-

129 5234 233 5291 cilio
254 5237 556 5295 Brivatensi
589 5255 771 5294 coram
794 5239 986 5295 eodem
1012 5238 1240 5309 Hugone
1295 5238 1493 5309 legato,
1545 5240 1682 5295 assi-

130 5324 349 5387 dentibus
390 5333 442 5387 ei
489 5332 696 5388 duobus
752 5331 871 5387 aliis
923 5331 1365 5403 archiepiscopis,
1423 5332 1678 5388 Auxieusi

131 5416 307 5475 Stilicet
332 5431 379 5476 et
408 5421 761 5487 Narbonensi,
791 5439 910 5478 cum
956 5421 1135 5477 multis
1184 5424 1509 5478 diversarum
1553 5440 1676 5493 pro—

131 5502 389 5563 vinciarum
419 5510 669 5582 episcopis
693 5521 740 5566 et
768 5511 1074 5578 abbatibus;
1112 5513 1470 5568 assistentibus
1511 5513 1674 5569 etiam

133 5593 417 5656 diuersorum
444 5603 709 5672 graduum
731 5620 793 5658 ac
817 5604 1132 5674 dignitatum
1160 5606 1413 5675 personis.
1439 5604 1545 5661 Sed
1556 5620 1676 5675 qua:

135 5683 195 5742 ibi
216 5683 452 5764 componi
475 5709 577 5752 non
600 5704 868 5767 potuerat,
891 5694 1187 5755 feliciorem
1209 5705 1455 5756 assecuta
1483 5684 1676 5755 fuisset

1787 1878 1890 1916 una
1928 1873 2105 1933 parte,
2133 1874 2187 1919 et
2223 1866 2455 1920 Rodulfo
2478 1869 2861 1938 archiprzesule
2910 1886 3033 1925 cum
3085 1887 3184 1926 suo
3226 1872 3373 1928 clero

1784 1967 1851 2007 ex
1881 1953 2050 2009 altera
2082 1958 2371 2011 stantibus.
2405 1956 2511 2013 Sed
2543 1960 2677 2013 nihil
2708 1976 2921 2029 quoque
2950 1962 3019 2015 ibi
3069 1961 3370 2030 profectum

1783 2052 1886 2109 est,
1933 2044 2107 2114 lisque
2156 2047 2397 2102 indecisa
2444 2049 2643 2105 mansit
2684 2052 2750 2105 ad
2798 2067 2993 2105 annum
3033 2062 3372 2123 sequentem,
3443 2088 3453 2096 -

1783 2124 1910 2203 quo,
1942 2144 2002 2188 ut
2033 2135 2103 2190 ibi
2136 2136 2331 2190 dicturi
2365 2154 2570 2202 sumus,
2607 2139 2661 2194 in
2692 2140 2923 2195 concilio
2953 2141 3373 2196 Claromontauo

1783 2223 2004 2276 omnino
2052 2224 2154 2278 fuit
2214 2224 2480 2280 absoluta.
2543 2227 2667 2282 Haec
2726 2228 2896 2283 fusius
2942 2229 3254 2285 referuntur
3316 2232 3370 2285 in

1782 2309 1960 2365 libello
1995 2312 2060 2365 de
2090 2314 2251 2367 rebus
2292 2312 2857 2383 Majoris-Monasterii
2903 2333 2999 2387 per
3054 2320 3365 2374 Bochcllum

1782 2403 1926 2457 edito
1955 2404 2021 2459 ad
2051 2404 2254 2461 calcem
2288 2406 2538 2462 Historiae
2564 2408 2811 2480 Gregorii
2836 2411 3188 2477 Turonensis,
3208 2428 3369 2481 quem

1784 2492 1982 2547 librum
2033 2495 2122 2563 qui
2196 2496 2348 2565 plura
2410 2499 2557 2567 cupit
2614 2499 2881 2554 consulat.
2941 2501 3016 2556 De
3064 2501 3251 2556 eadem
3314 2516 3374 2555 re

1785 2584 2015 2639 Radulfo
2059 2586 2359 2641 Turoneusi
2410 2590 2630 2658 scripsit
2686 2590 2776 2645 lvo
2825 2584 3163 2646 Carnutenus
3208 2592 3370 2661 epist.

1783 2676 1911 2741 255,
1943 2691 2007 2731 ex
2036 2695 2140 2747 qua
2169 2680 2496 2751 intelligitur
2536 2682 2587 2735 id
2622 2678 2968 2753 potissimum
2999 2684 3051 2737 in
3082 2686 3183 2739 hac
3212 2698 3379 2740 causa

1784 2769 2194 2839 archiepiscopo
2225 2772 2585 2841 displicuisse,
2618 2774 2759 2841 quod
2791 2775 2839 2828 ei
2868 2775 3171 2829 Bernartius
3198 2775 3366 2831 abbas

1784 2860 2139 2930 subjectionis
2166 2861 2556 2930 professionem
2594 2863 2771 2919 facere
2804 2865 3134 2920 detrectaret

1855 2951 2231 3006 Convenerant
2251 2953 2414 3006 etiam
2438 2952 2504 3005 ad
2538 2953 2682 3008 illam
2732 2956 2993 3025 synodum
3036 2954 3368 3012 Aﬂduensem

1784 3040 1961 3096 Guido
1989 3039 2313 3097 Viennensis
2344 3043 2784 3114 archiepiscopus
2814 3054 2869 3099 et
2900 3045 3051 3117 l-lugo
3088 3045 3375 3102 Gratianus
3422 3060 3430 3069 °

1711 3121 1751 3177 C
1785 3133 2080 3203 politanus,
2122 3149 2356 3204 quorum
2404 3135 2471 3190 lis
2527 3136 2593 3191 de
2645 3129 3067 3193 Salmoriacensi
3124 3154 3262 3208 pago
3294 3138 3369 3193 ibi

1786 3237 2001 3292 quoque
2035 3237 2219 3278 coram
2265 3223 2457 3293 synodi
2506 3222 2760 3279 Patribus
2798 3216 3058 3279 ventilata
3101 3225 3221 3292 fuit,
3274 3228 3373 3282 sed

1784 3313 2009 3368 minime
2038 3313 2359 3383 composita.
2390 3312 2524 3367 Nam
2574 3329 2698 3369 cum
2753 3313 2930 3370 Guido
2972 3316 3195 3385 prolatis
3223 3316 3376 3371 falsis

1783 3402 1980 3458 litteris
2005 3402 2231 3475 jamjam
2261 3411 2409 3461 esset
2452 3405 2931 3471 condcnmandus,
2978 3407 3247 3476 pollicitus
3290 3416 3374 3462 est

1784 3508 1844 3551 se
1914 3496 2124 3567 Hugoni
2195 3499 2598 3567 quamprimum
2669 3499 2889 3554 Vienna:
2958 3499 3371 3555 satisfacturum

1785 3600 1937 3651 esse;
1990 3587 2085 3642 sed
2135 3601 2235 3641 nec
2276 3588 2394 3657 ipse
2434 3588 2547 3642 suis
2569 3587 2852 3656 promissis
2892 3589 3062 3655 stetit,
3094 3599 3152 3644 ut
3186 3591 3371 3648 videre

1784 3679 1947 3731 estin
1987 3677 2231 3747 Hugonis
2272 3677 2470 3744 libello,
2494 3679 2586 3749 qui
2626 3680 2681 3733 in
2707 3678 3021 3749 Appendice
3067 3682 3227 3753 hujus
3273 3699 3371 3739 vo-

1786 3772 2003 3827 luminis
2027 3772 2277 3827 ltabetur.
2744 3834 2747 3837 λ
3053 3763 3057 3766 ’

1990 3860 2190 3917 CLXII.
2236 3861 2425 3916 Turba:
2453 3862 2725 3918 occasione
2749 3862 2982 3934 Pltiiippi
3007 3864 3167 3934 regis.

1856 3950 2012 4006 Haud
2072 3951 2295 4006 dubium
2351 3951 2481 4020 quin
2560 3953 3054 4007 excommunicatio
3114 3953 3375 4011 adversus

1785 4042 2087 4112 Philippum
2116 4057 2296 4111 regem
2325 4042 2378 4095 in
2401 4042 2589 4097 eadem
2629 4044 2836 4114 synodo
2884 4043 3147 4099 IEduensi
3190 4032 3371 4100 inten-

1788 4142 1896 4187 tata
1921 4133 2125 4202 aliquot
2150 4133 2204 4187 in
2230 4131 2400 4187 Gallia
2430 4141 2607 4187 motus
2632 4133 2973 4188 excitaverit.
2999 4133 3156 4189 Certe
3187 4136 3373 4189 mode-

1784 4224 2017 4278 ratiores
2060 4206 2277 4277 fuerunt
2325 4221 2516 4276 Patres
2560 4221 2776 4276 concilii
2845 4221 3167 4289 Remensis,
3227 4224 3371 4293 quod

1785 4314 1925 4369 forte
1978 4312 2226 4382 Philippo
2286 4312 2459 4380 magis
2497 4311 2699 4368 addicti
2737 4320 2921 4366 essent
2967 4329 2980 4365 :
3032 4321 3089 4367 et
3144 4312 3366 4382 quidem

1787 4392 2098 4479 RaynOldus
2126 4406 2411 4461 Rcmensis
2440 4405 2902 4475 archiepiscopus,
2926 4407 3019 4475 qui
3051 4406 3127 4461 illi
3161 4407 3371 4477 synodo

1787 4502 2029 4573 praefuit,
2062 4516 2257 4571 magna
2309 4499 2450 4569 apud
2504 4513 2687 4570 regem
2746 4498 2983 4569 pollebat
3023 4498 3367 4561 auctoritate,

1786 4596 1929 4651 unde
1956 4592 2210 4649 Urbanus
2241 4592 2447 4661 Hugoni
2477 4590 2825 4662 Lugdunensi
2855 4590 3098 4645 scribens
3118 4591 3183 4644 de
3204 4603 3370 4644 causa

1786 4685 1906 4756 pagi
1937 4681 2548 4740 Salmorianensis.eum
2581 4687 2782 4742 monet,
2810 4689 2981 4748 utpro
3013 4678 3369 4732 conservanda

1785 4793 1913 4848 pace
1963 4787 2011 4829 et
2066 4774 2268 4844 negotio
2299 4772 2511 4843 [acilius
2539 4772 2861 4842 peragenda,
2915 4779 3098 4824 utatur
3136 4768 3366 4826 concilio

1786 4866 2072 4923 Remensfs
2100 4864 2514 4934 archiepiscopi,
2555 4864 2693 4934 quod
2722 4864 2775 4915 in
2803 4862 2916 4932 ejus
2946 4878 3103 4914 manu
3135 4862 3368 4931 {armaa-

1785 4961 1895 5013 rius
1921 4975 2082 5012 causa
2115 4957 2247 5027 regis
2293 4966 2619 5027 versaretur;
2666 4951 2735 5008 ob
2792 4952 2998 5007 scilicet
3054 4952 3171 5021 ejus
3222 4950 3368 5008 sedis

1784 5052 2134 5121 dignitatem,
2184 5058 2239 5104 et
2276 5048 2414 5103 forte
2462 5043 2680 5117 propria
2731 5045 2923 5100 merita
2969 5059 2983 5097 :
3044 5061 3168 5098 nam
3221 5045 3366 5100 hunc

1784 5145 2078 5199 antistitem
2119 5144 2233 5213 ipse
2284 5141 2569 5204 Urbanus,
2609 5147 2664 5194 et
2703 5137 2793 5191 alii
2842 5152 3055 5207 quoque
3097 5136 3212 5204 ejus
3261 5136 3362 5190 arvi

1783 5234 1883 5288 viri
1913 5233 2152 5288 illustres
2184 5233 2368 5287 multis
2406 5229 2653 5284 laudibus
2699 5237 2825 5283 sunt
2873 5228 3164 5298 prosecuti.
3188 5226 3361 5281 Caete-

1784 5344 1924 5393 rum,
1953 5326 1998 5379 si
2028 5326 2165 5380 bene
2190 5324 2443 5391 conjicio,
2476 5321 2763 5376 occasione
2791 5319 2948 5389 hujus
2987 5317 3362 5374 exeonununi;

1782 5420 2010 5477 cationis
2046 5418 2245 5473 indicta
2301 5417 2401 5471 fuit
2451 5415 2690 5486 synodus
2741 5413 3061 5479 Trecensis,
3107 5427 3256 5483 quae,
3305 5414 3363 5464 ut

1780 5513 1947 5569 habet
1985 5511 2097 5573 lvo,
2146 5508 2303 5579 epist.
2340 5506 2432 5573 46,
2478 5506 2544 5560 ad
2599 5505 2872 5561 Urbanum
2925 5506 3049 5560 data
3099 5501 3363 5560 celebrari

1782 5603 2015 5659 debebat
2045 5600 2321 5656 Dominica
2352 5598 2526 5669 prima
2556 5606 2679 5668 post
2725 5596 3073 5653 festivitatem
3119 5608 3359 5649 omnium

1784 5694 2138 5760 Sanctorum,
2195 5691 2262 5747 ad
2310 5706 2471 5762 quam
2532 5689 2825 5759 Remensis,
2857 5680 2905 5746 et
2945 5690 3287 5753 Senoueusts,
3314 5695 3363 5773 et
