3962 6312
75 346 170 396 17-7

1637 331 1812 386 VITA.

3237 327 3335 381 138

69 459 234 512 modo
284 456 398 523 ejus
443 454 677 508 neminis
729 456 962 509 litteram
1015 455 1079 508 ὓ.
1124 461 1420 522 appositam
1469 450 1656 509 fuisse.
1691 449 1731 504 Α
1761 443 1984 523 CLXVI.
2023 441 2272 523 Urbanus
2329 439 2618 523 ianuscm
2659 439 2922 523 pra’valct.
2964 439 3231 523 ⁸Ηιςζιιίιςιιε
3281 445 3336 495 in

67 568 230 622 quam
278 564 632 604 amanucuses
677 559 880 602 temere
923 549 988 601 ad
1031 546 1374 601 Guillelmum
1407 560 1506 614 pro
1551 543 1656 598 Gc-

68 645 234 700 rardo
275 642 632 695 deﬂexerunt.
671 641 830 694 Certe
875 639 1220 711 Aymericum
1264 638 1461 708 Peyrat
1491 636 1654 691 abba-

70 747 176 791 tem
217 734 502 804 Mnissyaci
544 733 597 787 in
641 733 910 788 Chronico
946 732 1036 803 qtti
1064 749 1179 800 eas,
1221 732 1298 786 uti
1345 733 1451 795 ait,
1493 731 1658 786 refert

67 844 130 880 ex
159 824 438 894 originale,
465 824 560 878 sed
585 825 725 893 quod
751 825 835 878 vix
865 823 964 894 legi
989 833 1220 892 poterat,
1257 824 1309 876 in
1350 823 1533 880 multis
1573 839 1658 877 er-

69 935 217 972 rasse
246 934 315 971 ex
350 919 466 988 ipso
500 916 616 985 ejus
649 917 962 971 authentico
991 925 1160 986 patet,
1197 917 1338 986 quod
1378 917 1430 970 in
1457 915 1657 971 Biblio-

71 1014 221 1068 theca
252 1011 568 1066 Colbertina
599 1018 926 1064 asservatur.
970 1009 1137 1065 Porro
1164 1009 1284 1065 ideo
1310 1011 1408 1064 has
1446 1009 1656 1067 litteras

71 1108 135 1158 ad
183 1113 508 1176 praesentem
556 1119 754 1158 annum
808 1118 1150 1168 revocamus,
1182 1104 1326 1174 quod
1374 1105 1476 1160 hoc
1518 1106 1654 1176 ipso,

73 1208 161 1252 aut
216 1197 370 1254 certe
435 1212 578 1250 anno
637 1196 916 1266 sequenti,
973 1195 1290 1252 Guillclmus
1341 1199 1656 1254 comitatum

75 1292 277 1344 Tolosae
331 1288 594 1358 abjccisse
639 1287 917 1353 videatur;
973 1290 1297 1358 przecedenti
1338 1306 1486 1356 vero,
1517 1310 1654 1348 non-

80 1387 197 1438 dum
235 1384 465 1438 ecclesia
499 1382 712 1437 Sanctae
747 1381 928 1436 Marize
957 1383 1022 1436 ad
1053 1385 1392 1453 sepeliendos
1434 1388 1658 1443 comites

82 1480 330 1548 deputata
365 1477 547 1538 fuerit,
575 1484 635 1529 ut
666 1485 812 1544 patet
841 1490 905 1527 ex
939 1477 1104 1529 veteri
1139 1478 1498 1532 instrumento
1531 1482 1655 1534 anni

86 1572 214 1628 1095
253 1571 391 1640 apud
427 1569 692 1624 Catellum
743 1567 942 1622 relati:
975 1585 1079 1637 quo
1118 1578 1238 1637 post
1290 1569 1474 1640 longas
1518 1572 1659 1627 inter

84 1666 336 1719 ecclesias
373 1663 559 1718 Sancti
609 1663 868 1731 Stephani
921 1671 976 1716 ct
1022 1661 1204 1716 Sancti
1243 1661 1522 1717 Saturnini
1563 1681 1658 1734 pro

84 1761 196 1828 jure
227 1756 522 1814 ccemeterii
554 1755 1007 1816 concertationes,
1041 1764 1297 1809 statutum
1328 1772 1394 1810 ex
1424 1759 1656 1827 partium

89 1865 342 1905 consensu
370 1849 440 1904 ab
467 1848 651 1903 lsarno
679 1846 944 1902 Tolosano
975 1847 1293 1917 caeterisque
1322 1852 1661 1922 comprovin-

92 1943 310 1997 cialihus
341 1940 607 2010 episcopis
638 1939 758 2006 fuit,
789 1949 845 1994 ut
881 1941 1141 2010 episcopi,
1167 1941 1412 2006 comites,
1443 1943 1658 2006 milites,

102 2051 162 2088 ac
204 2049 380 2087 eorum
431 2048 650 2094 uxores,
681 2047 745 2086 ac
796 2031 888 2084 lilii
937 2039 991 2084 ct
1039 2030 1164 2086 tiliae
1207 2032 1348 2100 apud
1402 2032 1661 2088 Sanctum

108 2126 470 2189 Saturninum;
524 2125 706 2179 caeteri
764 2138 894 2177 vero
955 2138 1144 2178 omnes
1202 2124 1342 2193 aptul
1404 2123 1661 2181 Sanctum

117 2218 426 2286 Stephanum
466 2216 833 2286 sepelirentur,
882 2215 1023 2270 nulla
1069 2215 1240 2270 beata:
1286 2216 1467 2272 Maria:
1516 2234 1662 2272 men-

116 2311 250 2362 tione
275 2307 419 2364 facta.
449 2308 583 2364 Hinc
616 2310 829 2365 nonnisi
871 2318 992 2380 post
1026 2310 1216 2364 initam
1255 2310 1400 2364 illam
1438 2327 1666 2366 concor-

105 2401 252 2464 diam,
285 2401 614 2466 Guillelmus,
645 2401 739 2472 qui
774 2416 900 2472 erga
937 2410 1179 2456 sanctam
1211 2401 1303 2457 Dei
1331 2403 1663 2458 Gcnitricem

100 2492 224 2547 bene
256 2491 475 2547 allectus
511 2502 651 2558 erat,
677 2495 746 2549 ab
790 2494 1010 2550 Urbano
1044 2493 1364 2564 impetrasse
1407 2495 1666 2550 dicendus

97 2593 171 2636 est
219 2593 271 2637 ut
302 2592 410 2638 tam
444 2585 561 2656 ipse
601 2601 762 2655 quam
799 2586 879 2640 sui
911 2587 1112 2656 posteri
1143 2588 1194 2641 in
1225 2585 1341 2654 ejus
1367 2587 1665 2657 percelebri

96 2676 296 2730 basilica
329 2676 731 2732 tumularentur
760 2697 772 2733 :
807 2695 968 2749 quam
999 2677 1211 2750 gUrbani
1258 2680 1664 2734 concessionem

97 2765 354 2823 Paschalis
385 2769 426 2824 II
456 2769 572 2838 ejus
598 2786 880 2826 successor
906 2781 1094 2842 postea
1125 2772 1484 2830 confirmavit.
1527 2773 1666 2827 Visi.

98 2870 172 2913 tur
217 2862 487 2931 hodieque
535 2863 587 2917 in
637 2880 699 2919 ea
752 2864 1015 2931 ecclesia,
1066 2864 1227 2936 vulgo
1264 2864 1443 2920 Beata:
1484 2865 1667 2920 Maria:

99 2952 362 3008 Deauratre
398 2953 500 3024 (La
542 2951 812 3027 Daurade)
849 2958 1015 3024 dicta,
1052 2973 1171 3028 qua:
1211 2969 1408 3014 nostrae
1445 2975 1668 3028 congre-

95 3046 276 3115 gationi
308 3047 504 3103 Sancti
530 3048 698 3103 Mauri
726 3051 932 3106 ordinis
959 3051 1295 3106 Benedictini
1325 3053 1538 3108 addicta
1561 3061 1666 3116 est,

1934 513 2322 584 Lohgobardia.
2366 511 2670 565 Placentina
2698 511 2926 581 synodus
2959 511 3174 566 indicta.

1831 629 1998 683 Roma
2030 628 2347 700 jamdudum
2401 627 2638 689 exierat,
2695 634 2753 679 ut
2792 625 3072 680 Bertoldus
3124 627 3334 689 scribit.

1763 719 2032 786 Urbanus,
2058 738 2179 777 cum
2203 721 2302 777 sub
2327 720 2486 789 hujus
2506 720 2629 774 anni
2665 721 2822 773 linem
2855 718 3100 773 Natalem
3128 719 3337 772 Domini

1759 812 1812 864 in
1857 811 2044 866 Tuscia
2091 813 2463 883 gloriosissime
2511 812 2815 876 celebravit;
2869 813 2954 866 ubi
3008 813 3337 867 indefessum

1759 918 1980 958 suarum
2031 907 2263 974 partium
2303 905 2641 964 defensorem
2683 906 2917 959 habebat
2965 905 3336 974 Dagoliertum,

1761 1010 1855 1048 seu
1912 996 2223 1051 Daibcrtum
2275 999 2573 1052 antistitem
2635 997 2921 1059 Pisanum,
2978 1012 3137 1066 quem
3199 996 3338 1048 idem

1761 1086 2032 1155 pontifex,
2069 1099 2126 1142 ut
2159 1090 2417 1153 diximus,
2455 1090 2601 1159 pallii
2648 1089 2853 1144 honore
2895 1089 3122 1158 aliisque
3157 1087 3338 1140 archi-

1761 1179 2156 1249 episcopalibus
2191 1183 2492 1254 insignibus
2521 1199 2582 1237 ac
2603 1183 2816 1250 juribus
2840 1184 2951 1249 jam
2985 1190 3141 1233 antea
3174 1179 3342 1230 dona-

1759 1281 1934 1327 verat.
1963 1272 2216 1330 Octobris
2269 1276 2425 1331 initio
2462 1276 2602 1330 Pisis
2640 1277 2958 1330 versabatur
2993 1272 3261 1333 Urbanus,
3295 1269 3339 1321 si

1761 1367 2032 1423 credimus
2065 1368 2139 1438 (et
2179 1385 2276 1424 cur
2301 1369 2367 1423 iis
2398 1384 2460 1423 ea
2503 1369 2554 1423 in
2597 1378 2749 1438 parte
2789 1385 2896 1422 non
2937 1364 3340 1431 crederemus?)

1763 1457 1829 1510 iis
1872 1458 2070 1514 litteris
2129 1476 2263 1529 quas
2294 1460 2626 1516 IIumbaldus
2667 1461 3016 1516 Lemovicum
3059 1441 3344 1527 episcopus

1763 1549 2000 1616 falsavit,
2035 1562 2092 1607 ut
2119 1555 2184 1608 ad
2216 1555 2428 1609 inititttn
2458 1556 2584 1608 anni
2616 1554 2752 1609 1096
2779 1555 3040 1609 dicemus.
3083 1550 3345 1606 lleuricus

1764 1642 1989 1710 interea,
2039 1645 2092 1700 id
2134 1655 2218 1702 est
2259 1647 2358 1702 sub
2405 1648 2562 1718 hujus
2608 1648 2732 1702 anni
2775 1647 2933 1702 linem
2974 1655 3027 1701 et
3071 1643 3346 1713 sequentis

1765 1734 1949 1800 initio,
2000 1747 2060 1790 ut
2107 1740 2454 1809 prosequitur
2502 1725 2819 1802 Bertoldus,
2877 1739 2928 1792 in
2971 1734 3345 1806 Longobardia

1699 1811 1738 1863 Β
1767 1830 2082 1885 morabatur
2133 1849 2260 1901 pene
2289 1834 2430 1887 omni
2460 1834 2598 1902 regia
2637 1833 2890 1901 dignitate
2919 1834 3174 1901 privatus,
3205 1828 3349 1898 quod

1765 1919 2048 1976 Conradus
2099 1924 2216 1994 cjus
2262 1925 2434 1991 filius,
2483 1927 2571 1994 qui
2626 1941 2769 1978 anno
2812 1923 2948 1978 1095
2992 1925 3209 1976 ineunte
3256 1936 3347 1974 rex

1769 2010 1931 2067 Italite.
1973 2017 2313 2072 renuntiatus
2343 2015 2538 2082 fuerat,
2580 2016 2817 2071 Matbildi
2853 2015 3162 2077 comitissae,
3191 2022 3350 2067 caete-

1770 2103 1952 2174 risque
1995 2106 2183 2164 Sancti
2230 2109 2397 2174 Petri,
2437 2111 2511 2163 uti
2551 2124 2644 2165 eos
2689 2109 3058 2178 appellabant,
3106 2106 3351 2162 fidelibus

1767 2196 2121 2266 conjunctus,
2155 2209 2324 2255 totum
2357 2201 2520 2256 robur
2549 2201 2761 2270 paterni
2801 2199 3072 2254 exercitus
3115 2199 3164 2252 in
3205 2196 3349 2250 Lon-

1768 2291 2024 2356 gobardia
2058 2293 2360 2359 obtineret;
2407 2309 2576 2364 qnarc
2604 2291 2866 2362 pontifex,
2910 2291 3062 2360 cujus
3095 2305 3178 2344 res
3219 2291 3352 2343 adeo

1770 2393 1898 2439 tunc
1925 2401 2200 2457 prospera:
2233 2396 2410 2452 erant,
2459 2388 2561 2440 hac
2608 2396 2908 2456 temporum
2948 2384 3354 2454 opportunitate

1770 2479 1905 2532 bene
1953 2481 2214 2535 utendum
2271 2489 2453 2546 ratus,
2500 2483 2554 2533 in
2607 2479 2776 2532 media
2830 2477 3229 2546 Longobardia,
3281 2476 3358 2527 ait

1771 2569 2072 2636 Berloldus,
2114 2575 2167 2628 in
2199 2574 2402 2628 civitate
2430 2571 2761 2634 Placentina,
2787 2572 2919 2624 inter
2940 2573 3076 2639 ipsos
3104 2569 3358 2624 schisma—

1770 2663 1918 2728 ticos,
1941 2673 1988 2717 et
2017 2676 2199 2722 contra
2231 2667 2367 2735 ipsos
2395 2665 2689 2735 generalem
2719 2663 2974 2732 synodum
3005 2663 3255 2724 condixit,
3288 2663 3357 2714 ad

1768 2771 1924 2822 quant
1945 2755 2208 2826 episcopos
2230 2755 2426 2823 Italiw,
2453 2757 2797 2825 Burgundiw,
2825 2753 3093 2819 Frunciw,
3119 2753 3358 2807 Alcinoi.-

1772 2848 1894 2914 nite,
1929 2848 2220 2918 Bajoariar,
2257 2851 2586 2921 aliarumque
2615 2849 3001 2919 provinciarum
3031 2850 3282 2902 canonica
3311 2858 3359 2900 et

1771 2941 2060 3011 apostolica
2095 2944 2410 2998 auctoritate
2451 2945 2622 2997 missis
2665 2941 2850 2996 litteris
2893 2943 3210 2995 convocat-it.
3253 2941 3359 2994 IIas

1772 3034 1837 3086 ad
1875 3035 2322 3104 metropolitanos
2367 3035 2650 3089 universos
2695 3034 3044 3088 transmissas
3085 3033 3269 3099 fuisse,
3302 3041 3359 3084 ut

95 3140 417 3211 epitaphium
470 3142 630 3197 unius
679 3158 744 3198 ex
793 3143 998 3198 Alfonsi
1038 3145 1253 3199 comitis
1290 3144 1433 3210 filiis,
1472 3145 1668 3200 szcculo
1697 3163 1737 3219 ο
1775 3126 1875 3194 ίιιδῖ
1919 3142 2046 3182 suos
2077 3127 2442 3197 sum-“amcos
2478 3142 2602 3182 cum
2647 3126 2936 3181 abbatibus
2978 3127 3058 3181 eis
3099 3124 3359 3194 subiectis

96 3236 316 3302 sequenti
373 3235 431 3289 in
471 3235 626 3290 cunis
679 3237 896 3301 mortui,
938 3239 1194 3292 marmori
1238 3239 1577 3309 inscriptum,
1617 3239 1668 3294 in

97 3341 187 3392 quo
217 3326 432 3382 Urbani
481 3343 543 3382 ea
587 3329 652 3384 de
692 3344 751 3383 re
790 3329 1066 3385 decretum
1121 3330 1373 3385 laudatur
1417 3331 1500 3386 his
1551 3347 1672 3385 vcr~

97 3415 222 3472 sibus
253 3435 266 3472 :

164 3573 248 3626 I'ir
275 3592 440 3629 sacer
465 3573 707 3630 Urbanus
740 3575 1008 3631 Romanus
1037 3594 1173 3648 papa
1203 3578 1460 3632 secundus

220 3667 348 3723 Esse
379 3671 705 3722 cimeterium
726 3669 957 3738 pra’cipit
987 3671 1083 3724 hoc
1112 3671 1378 3724 comitum.

159 3761 408 3832 Insuper,
441 3771 495 3814 ut
524 3762 706 3828 didici,
731 3762 877 3841 jubet
904 3763 1022 3816 illos
1043 3764 1126 3816 hic
1149 3763 1374 3832 sepeliri,

222 3856 402 3912 Sucro
435 3855 683 3909 mandato
709 3857 905 3910 civibus
932 3857 1053 3910 inde
1080 3856 1224 3910 dato.

159 3993 304 4049 Circa
354 3993 509 4049 idem
549 4001 761 4063 tempus
811 3993 1096 4048 monachis
1135 3992 1294 4048 Silvae
1323 3991 1540 4060 Majoris
1583 3993 1673 4061 qui

102 4087 222 4155 apud
249 4088 521 4143 Sanctum
548 4086 843 4140 Antonium
871 4086 1138 4157 degebant
1183 4085 1406 4140 indulsit
1435 4085 1674 4155 pontifex

105 4188 152 4230 ut
179 4180 226 4232 in
257 4179 488 4249 propria
516 4177 746 4234 ecclesia
783 4179 997 4250 sepeliri
1029 4189 1268 4249 possent,
1299 4189 1486 4233 contra
1517 4195 1678 4249 quam

104 4287 128 4321 a
156 4269 370 4328 Simone
419 4273 669 4342 episcopo
706 4281 969 4326 statutum
1017 4273 1212 4336 fuerat,
1245 4281 1301 4324 ut
1339 4287 1404 4326 ex
1438 4271 1680 4344 ejusdem

107 4363 323 4421 Simonis
367 4367 740 4421 instrumento
780 4376 949 4435 patet,
981 4366 1064 4421 citi
1102 4364 1160 4419 S.
1205 4363 1469 4421 Geraldus
1522 4363 1682 4418 Silva:

105 4454 306 4526 Majoris
333 4459 517 4514 abbas
547 4459 867 4529 subscripsit
893 4475 1036 4515 anno
1068 4458 1205 4514 1095
1232 4458 1537 4514 defunctus.

135 4593 324 4651 CLXV.
364 4595 756 4650 Bilionensium
803 4596 1169 4678 canonicoruin
1220 4611 1450 4665 repressa
1498 4606 1651 4649 teme-

802 4678 951 4721 ritas.

169 4777 242 4832 Ad
272 4780 441 4850 hujus
465 4795 679 4850 quoque
706 4781 832 4835 anni
863 4781 1024 4834 linem
1052 4780 1293 4836 revocari
1327 4795 1483 4850 posse
1511 4780 1684 4833 visum

108 4880 181 4925 est
202 4872 448 4940 ejusdem
473 4875 745 4945 pontificis
767 4873 1051 4944 epistolam
1079 4875 1332 4927 Duranno
1355 4871 1686 4926 Arverncnsi

112 4966 370 5038 episcopo,
398 4969 492 5038 qui
521 4984 661 5023 anno
690 4968 934 5038 sequenti
963 4976 1208 5021 mortuus
1234 4975 1336 5030 est,
1372 4965 1688 5033 inscriptam

113 5059 356 5116 adversus
375 5061 716 5117 Bilionenses
738 5061 1050 5125 canonicos,
1065 5059 1154 5128 qui
1170 5050 1388 5113 immani
1405 5056 1690 5127 sacrilegio

115 5151 408 5218 ecclesiam,
431 5167 759 5224 omnemque
782 5167 995 5206 sacram
1024 5160 1074 5206 ct
1112 5165 1452 5206 communem
1477 5148 1690 5218 suppel-

115 5239 334 5299 lectilem
354 5247 631 5316 prioratus
645 5245 830 5301 Sancti
847 5244 1000 5315 Lupi.
1019 5260 1047 5298 a
1072 5242 1464 5299 Cclsinianensi
1485 5241 1692 5296 ordinis

119 5329 472 5393 Cluniacensis
520 5340 848 5394 monasterio
898 5335 1286 5408 dependentis,
1333 5335 1690 5405 diripuerant.

122 5423 228 5482 Hac
253 5432 645 5496 controversia,
664 5447 826 5503 quam
849 5431 1141 5485 Duranuus
1165 5443 1269 5483 non
1291 5436 1690 5497 composuerat,

123 5520 264 5584 ναυιο
299 5513 576 5595 νομῆας
623 5534 854 5593 mortem
903 5523 1201 5586 recruduit,
1235 5537 1294 5578 re
1324 5521 1389 5576 ad
1421 5520 1692 5577 Guillelmi

126 5611 251 5669 illius
289 5621 623 5673 successoris
667 5619 874 5674 curiam
921 5617 1116 5673 delata.
1161 5615 1500 5671 Bilionenses
1531 5631 1694 5670 causa

128 5711 331 5767 prorsus
361 5710 630 5776 cecidere,
649 5721 706 5765 ut
737 5711 909 5766 fusius
937 5719 1188 5764 narratur
1212 5709 1264 5763 in
1294 5708 1462 5764 veteri
1496 5709 1692 5762 instru-

119 5805 294 5854 ‘niento
328 5803 472 5870 quod
511 5819 576 5857 ex
613 5802 888 5857 chartario
929 5800 1329 5874 Cclcinianensi
1363 5800 1622 5854 vidimus.

397 5897 668 5956 ΡΑτιιοι..
714 5897 867 5958 CLI.

1714 4515 1766 4574 D

1774 3219 1840 3272 ad
1881 3222 2174 3276 concilium
2210 3223 2522 3286 invitarent,
2555 3221 2817 3277 discimus
2847 3237 2913 3276 ex
2953 3221 3178 3292 epistola
3219 3221 3361 3290 Ray~

1778 3313 1921 3367 noldi
1957 3313 2252 3369 Remorum
2283 3314 2678 3385 archiepiscopi
2715 3315 2780 3368 ad
2821 3313 3168 3368 Lamberttun
3200 3311 3361 3364 Atre-

1776 3406 2055 3458 batensem
2085 3405 2392 3476 episcopum
2423 3420 2484 3460 ea
2512 3405 2799 3460 occasione
2830 3404 3053 3472 scripta.
3084 3417 3202 3470 qum
3229 3401 3363 3454 adeo

1779 3497 1920 3550 inter
1953 3494 2154 3550 Urbani
2204 3497 2476 3566 rpistolas,
2506 3512 2628 3550 cum
2675 3497 2804 3565 ipsa:
2845 3493 3134 3564 pontificim
3173 3493 3364 3546 littera:

1778 3587 2008 3656 amplius
2039 3603 2145 3642 non
2174 3589 2432 3649 esistant.
2462 3588 2746 3642 referetur.

2043 3699 2292 3755 CLXVII.
2340 3699 2582 3754 Urbanus
2616 3700 2909 3755 Bononiam
2952 3702 3107 3754 venit.

1851 3789 2168 3846 Pontificcm
2203 3806 2234 3846 e
2263 3791 2458 3846 Tuscia
2495 3791 2798 3862 profectum
2840 3791 3134 3846 Bononiam
3166 3791 3365 3846 adiisse.

1781 3883 1972 3938 scribit
2033 3882 2461 3948 Ghirardaceus,
2517 3884 2568 3937 in
2615 3884 2732 3954 ejus
2773 3883 2926 3938 urbis
2971 3883 3228 3948 Historia,
3276 3884 3366 3938 tibi

1782 3975 1978 4028 asserit
2000 3991 2123 4030 eum
2155 3991 2350 4046 magno
2372 3991 2494 4030 cum
2521 3984 2784 4046 apparatu
2809 3976 2880 4031 ibi
2907 3976 3075 4031 fuisse
3104 3992 3134 4031 a
3159 3976 3368 4032 civibus

1783 4075 2114 4135 susceptum,
2151 4075 2314 4135 atque
2346 4067 2470 4121 inde
2509 4071 2796 4121 abeuntem
2832 4076 3042 4137 septum
3081 4066 3244 4121 fuisse
3276 4070 3372 4120 tri-

1785 4157 1886 4213 bus
1913 4158 2154 4227 equitum
2187 4157 2610 4214 Borionicnsium
2643 4159 2978 4223 cohortibus,
3029 4175 3149 4229 quae
3199 4159 3370 4229 ipsum

1783 4251 2186 4307 Claromontem
2212 4267 2380 4321 usque
2407 4253 2677 4308 comitata:
2708 4252 2947 4318 fuerunt,
2980 4252 3216 4323 praesidii
3251 4268 3374 4323 pro-

1785 4343 1869 4398 cul
1904 4343 2069 4399 dubio
2094 4343 2256 4398 simul
2290 4353 2344 4399 et
2387 4344 2611 4399 honoris
2651 4359 2834 4399 causa.

1785 4431 2060 4486 CLXVIII.
2094 4431 2339 4486 Urbanus
2373 4435 2631 4502 synodum
2679 4431 3092 4489 Guastelleusem
3125 4433 3370 4490 celebrat.

2146 4503 2364 4558 Canusii
2394 4523 2425 4557 a
2460 4503 2716 4558 Matliildc
2742 4507 3016 4573 excipitur.

1864 4597 2124 4652 Eumdem
2151 4604 2277 4650 tunc
2307 4597 2570 4666 temporis
2603 4611 2798 4668 magno
2830 4597 3209 4660 cardiualittm,
3263 4597 3377 4664 epi-

1788 4706 2077 4760 scoporum
2133 4706 2196 4746 ac
2241 4690 2546 4759 principum
2600 4691 2765 4745 Italiae
2809 4690 3070 4745 comitatu
3116 4691 3374 4759 stipatum

1791 4784 1931 4853 apud
1966 4782 2438 4849 Guardescallum,
2484 4799 2577 4838 seu
2617 4795 2675 4837 ut
2703 4786 2862 4854 vulgo
2899 4782 3198 4852 appellatur
3227 4782 3373 4836 Gua—

1791 4876 2030 4941 stallum,
2065 4878 2328 4946 synodum
2346 4875 2598 4930 habuisse
2629 4886 2815 4930 narrat
2845 4873 3122 4942 Sigonius,
3153 4873 3290 4927 libro
3321 4889 3375 4927 ix

1792 4969 1870 5022 De
1901 4983 2068 5039 regno
2095 4967 2291 5035 Italiae;
2348 4969 2682 5038 quodetiam
2728 4967 2816 5020 alii
2865 4973 3114 5019 auctores
3156 4966 3377 5020 habent.

1796 5059 1859 5112 Et
1882 5059 2102 5128 quidem
2137 5058 2428 5114 Pandulfus
2464 5061 2516 5114 in
2547 5059 2746 5116 Urbani
2784 5057 2926 5120 Vita,
2955 5056 3097 5111 inter
3125 5056 3227 5111 alia
3252 5072 3381 5111 cou-

1795 5150 1918 5206 cilia
1970 5167 2089 5222 qua:
2131 5153 2197 5207 ab
2230 5167 2296 5208 eo
2347 5153 2617 5208 celebrata
2661 5151 2829 5206 fuisse
2870 5159 3166 5214 meruerat,
3214 5166 3378 5206 unum

1796 5245 2036 5299 occurrit
2087 5243 2563 5300 Ewardastallense
2608 5245 2664 5298 in
2697 5243 3104 5314 Langobardia:
3155 5243 3208 5297 in
3275 5259 3384 5313 quo

1797 5339 1989 5392 factam
2023 5337 2188 5394 fuisse
2231 5338 2604 5408 pra-lationem
2651 5339 2716 5392 de
2766 5336 2923 5392 beata
2965 5336 3132 5390 Maria
3171 5336 3382 5400 scribit,

1796 5445 1915 5499 qua!
1949 5431 2110 5501 vulgo
2141 5431 2240 5501 ipsi
2267 5431 2540 5486 tribuitur.
2567 5428 2766 5485 Verum
2791 5445 2915 5485 cum
2948 5429 3085 5485 nihil
3112 5429 3182 5483 ibi
3211 5439 3382 5484 statu-

1799 5528 1909 5573 tum
1936 5519 2101 5576 fuisse
2129 5537 2356 5591 usquam
2389 5520 2616 5590 legatur,
2655 5522 2725 5576 ob
2750 5521 2800 5576 id
2849 5520 3020 5576 solum
3053 5520 3194 5574 hanc
3226 5533 3384 5588 syno-

1798 5611 1930 5666 dum
1963 5624 2211 5667 coactam
2243 5611 2412 5666 fuisse
2450 5612 2742 5669 verisimile
2765 5623 2870 5678 est,
2896 5622 2954 5666 ut
2981 5627 3102 5682 qua:
3134 5610 3201 5665 ad
3224 5609 3384 5665 Galli-

1799 5720 1998 5759 canum
2061 5705 2199 5766 iter.
2247 5716 2300 5759 et
2347 5705 2410 5760 ad
2446 5707 2734 5762 concilium
2780 5705 3188 5762 Placentinum,
3247 5703 3389 5771 quod

1795 5795 2022 5867 jamjam
2046 5796 2288 5866 pontifex
2309 5805 2428 5851 erat
2450 5797 2844 5862 celebraturus,
2879 5792 3187 5851 necessaria
3210 5801 3388 5855 erant,

3032 5891 3072 5951 5
