4028 6310
623 358 723 411 159

1900 354 1956 407 Β.
2006 352 2255 409 URBANI
2298 352 2338 407 ll
2373 352 2569 406 PAR—Ii

3766 362 3862 419 NO

615 450 721 502 rite
753 449 1185 518 disponerentur.
1216 445 1383 499 Favet
1409 444 1533 498 huic
1566 445 1891 513 conjecturte
1942 446 2194 515 Sigonius
2227 447 2265 501 Α
2296 445 2413 512 ejus
2460 446 2593 499 Acta
2639 445 2779 515 apud
2832 445 3167 501 llolstcnium
3217 454 3269 502 et
3308 447 3572 504 Labbeum
3612 461 3863 542 testantur

617 543 751 612 ipse,
784 542 873 611 qui
911 541 1151 595 eamdem
1188 537 1448 608 synodum
1481 538 1546 590 ad
1591 538 1750 607 hujus
1790 538 1915 591 anni
1966 538 2100 591 1094
2135 537 2199 590 ﬁ-

615 650 739 689 nem
770 641 1015 696 revocat;
1065 639 1176 683 tmn
1208 627 1485 697 subjungit
1534 628 1810 684 Urbantun
1857 630 1981 684 inde
2021 629 2198 699 profe-

614 734 760 779 ctum
793 723 1082 794 magniﬁco
1113 731 1379 791 apparatu
1419 720 1636 775 Canusii
1670 736 1698 774 a
1736 720 1994 775 Mathildc
2023 722 2196 777 comi-

611 816 741 869 tissa
772 820 1056 882 exceptura
1098 811 1288 866 fuisse.
1320 809 1739 864 Wardastallum
1791 825 1856 865 ac
1900 810 2195 865 Canusium

608 902 921 973 pontificem
967 901 1167 955 adiisse
1214 901 1368 955 testis
1407 915 1622 971 quoque
1669 907 1753 953 est
1793 899 2190 969 Ripamontius,

608 996 693 1049 cui
731 996 821 1049 alii
857 1003 1109 1049 auctores
1133 992 1515 1063 astipulantur.
1548 990 1816 1046 Nonnulla
1843 991 2005 1047 habet
2036 992 2195 1048 Dom-

607 1089 731 1142 ni'zo
757 1087 823 1142 de
846 1086 1051 1143 Urbani
1082 1086 1132 1139 in
1158 1084 1593 1154 Longobardiam
1618 1086 1872 1150 adventu,
1898 1085 1990 1139 sed
2017 1084 2193 1140 locum

612 1196 721 1233 non
786 1177 1046 1249 exprimit
1080 1177 1168 1232 ubi
1202 1192 1230 1229 a
1265 1175 1526 1230 Matbilde
1565 1173 1731 1229 fuerit
1762 1183 2063 1244 susceptus,
2095 1191 2195 1231 nec

603 1272 766 1326 aliam
807 1279 1007 1342 praeter
1049 1268 1425 1323 Placentinam
1474 1268 1738 1338 synodum
1778 1279 2190 1322 commemorat.

607 1361 678 1415 At
727 1360 1017 1416 Ciacouius
1070 1359 1277 1431 synodo
1336 1358 1662 1414 Placentinae
1708 1358 1988 1429 praemittit
2030 1358 2192 1413 aliam

601 1451 743 1519 apud
782 1450 999 1505 Willam
1032 1448 1334 1503 Rastallam
1364 1465 1522 1519 super
1551 1448 1717 1518 ripam
1756 1446 1917 1514 Padi,
1949 1448 2034 1503 cui
2080 1448 2192 1503 Ma-

602 1541 824 1596 tbildem
853 1540 1171 1596 interfuisse
1202 1539 1417 1595 scribit.

598 1655 829 1711 CLXIX.
865 1654 1110 1711 Urbanus
1137 1656 1429 1717 Cremomr.
1461 1654 1797 1726 l’rivilegium
1825 1655 1913 1709 dat
1942 1656 2003 1711 S.
2032 1655 2188 1725 Αἵρε-

951 1729 1041 1781 ιιἱο
1072 1738 1119 1781 et
1143 1727 1462 1781 Part/lenoni
1490 1725 1847 1781 Cremonensi.

2300 537 2578 591 concilium
2610 540 2782 608 primo
2816 556 2877 594 ac
2906 540 3059 594 tertio
3089 540 3173 593 die
3201 540 3251 593 in
3281 556 3462 611 campo
3493 544 3698 609 sedisse,
3729 537 3859 617 quod

2299 638 2479 683 tantus
2514 630 2738 699 papulas
2790 633 2857 687 ad
2911 632 3041 687 illud
3081 632 3443 699 convenisset,
3489 646 3547 691 ut
3601 639 3737 695 nulla
3774 659 3859 701 eos

2296 719 2526 775 ecclesia
2554 738 2751 791 capere
2782 723 3030 779 valuerit.

2297 807 2530 868 CLXXI.
2567 811 2683 879 Quo
2742 825 2971 884 tempore
3019 816 3253 871 habitum
3298 818 3364 871 sit
3394 817 3673 876 Placentia
3711 829 3861 881 ranci-

2721 884 2877 951 lium,
2904 896 2951 941 et
2978 887 3067 956 qui
3092 890 3138 942 ei
3165 888 3451 957 adfuerint.

2368 972 2519 1029 Hanc
2576 976 2843 1046 synodum
2909 978 3050 1032 circa
3121 980 3348 1032 mediam
3410 979 3857 1051 Quadragesimum

2296 1066 2623 1123 celebratam
2659 1069 2828 1125 fuisse
2856 1071 3045 1126 scribit
3073 1071 3375 1127 Bertoldus.
3408 1072 3457 1126 id
3497 1085 3578 1129 est
3603 1075 3729 1137 ipsis
3763 1077 3858 1132 Ka-

2292 1157 2469 1215 lendis
2494 1159 2696 1226 Martii,
2722 1171 2782 1217 ut
2807 1162 2971 1218 habet
3000 1174 3153 1219 vetus
3181 1166 3349 1221 codex
3392 1181 3420 1219 a
3448 1165 3660 1223 Labbeo
3688 1167 3858 1224 lauda-

2294 1258 2403 1314 tus,
2435 1261 2488 1307 et
2514 1254 2785 1309 consentit
2815 1255 3075 1309 Domnizo
3112 1256 3164 1311 in
3195 1256 3439 1313 versibus
3495 1274 3627 1328 quos
3658 1261 3707 1315 in
3742 1277 3853 1334 app.

2292 1342 2613 1400 referemus.
2639 1345 2769 1400 Eam
2796 1361 2925 1402 vero
2951 1348 3140 1404 diebus
3166 1359 3371 1419 septem
3399 1351 3713 1420 perdurasse
3735 1357 3855 1413 Acta

2284 1432 2395 1503 jam
2413 1432 2624 1489 laudata
2640 1437 2929 1505 perhibent
2957 1439 3043 1494 his
3071 1439 3277 1496 verbis:
3299 1442 3531 1510 Septimo
3560 1447 3757 1499 tandem
3781 1449 3859 1504 die

2288 1535 2401 1592 post
2430 1527 2795 1581 tractationem
2823 1529 3130 1584 diuturnam
3161 1534 3348 1602 synodi
3376 1533 3605 1603 capitula
3639 1536 3855 1604 prolata,

2286 1624 2334 1669 et
2360 1632 2576 1670 assensu
2604 1621 2765 1672 totius
2789 1619 2999 1674 concilii
3022 1622 3356 1692 comprobata
3381 1624 3545 1692 fuere.
3567 1624 3720 1679 Certe
3743 1642 3850 1681 eam

2293 1707 2434 1761 ultra
2466 1708 2581 1765 dies
2610 1718 2735 1765 octo
2765 1726 2872 1766 non
2905 1713 3225 1783 productam
3266 1715 3435 1770 fuisse
3472 1717 3764 1789 colligimus
3796 1736 3854 1777 ex

668 1817 1002 1873 placemiam
1033 1832 1267 1889 pergens
1299 1818 1552 1873 Urbanus
1600 1817 1757 1872 Crcm
1773 1833 1866 1874 ma
1912 1817 2184 1882 transivit,
2219 1801 2263 1860 Β
2296 1797 2494 1854 Urbani
2533 1802 2761 1873 epistola
2808 1806 2874 1858 ad
2906 1805 3294 1863 Noviomenscs
3323 1810 3444 1863 data
3492 1810 3577 1865 die
3628 1827 3695 1865 vn
3746 1813 3856 1871 ldus

596 1908 779 1979 ibique
806 1910 1025 1979 scripsit
1046 1909 1326 1980 epistolam
1353 1911 1418 1964 ad
1452 1909 1738 1964 universos
1792 1908 2026 1963 Gotthiae
2051 1909 2187 1964 ﬁde-

602 2000 680 2055 lcs
732 2000 784 2053 in
823 2000 1055 2070 gratiam
1108 2002 1497 2055 monachorum
1536 2000 1723 2055 Sancti
1777 1998 1979 2071 {F.gidii
2020 1999 2186 2056 Vallis

595 2089 888 2156 Flaviame,
920 2090 1117 2160 quibus
1144 2090 1496 2161 Raymundus
1523 2105 1709 2146 comes
1732 2090 1993 2145 nonnulla
2026 2094 2184 2146 resti-

601 2190 803 2244 tuerat,
838 2197 957 2250 quia
994 2181 1122 2236 huic
1174 2181 1507 2236 monasterio
1535 2180 1650 2250 ipse
1688 2193 1742 2237 et
1783 2180 1898 2249 ejus
1933 2189 2184 2237 anteces-

593 2291 745 2331 sores
786 2275 983 2345 injuste
1019 2276 1375 2331 abstulerant.
1433 2275 1490 2331 In
1544 2276 1838 2346 pontiﬁciis
1886 2291 1950 2331 ea
2005 2276 2073 2331 de
2125 2292 2184 2333 re

594 2366 811 2429 litteris,
842 2382 963 2436 qua:
990 2377 1178 2438 postea
1214 2368 1267 2423 iu
1301 2368 1509 2439 synodo
1541 2367 1854 2425 Placentina
1889 2367 2101 2423 relectze
2128 2377 2182 2422 ct

591 2457 924 2512 conﬁrmata
969 2457 1212 2524 fuerunt,
1252 2459 1394 2514 datis
1435 2460 1719 2516 Cremonae
1766 2460 1873 2515 hoc
1925 2475 2067 2514 anno
2102 2474 2181 2514 xu

592 2547 861 2603 Kalendas
908 2548 1125 2615 Martii,
1176 2551 1380 2606 mentio
1414 2551 1475 2606 ﬁt
1515 2551 1754 2606 Hervirm
1800 2550 1986 2606 uxoris
2032 2550 2179 2623 [tay-

591 2639 797 2704 mundi,
823 2640 976 2709 cujus
999 2655 1195 2695 nomen
1225 2641 1314 2696 hic
1339 2656 1850 2707 commemoramus,
1875 2642 2016 2711 quod
2046 2642 2177 2697 illud

594 2732 746 2787 varie
775 2734 916 2804 apud
948 2734 1129 2788 varios
1149 2734 1312 2787 etiam
1340 2734 1591 2804 antiquos
1612 2741 1862 2789 auctores
1884 2732 2176 2790 referatur.

591 2824 736 2877 Idem
767 2823 1008 2893 pontifex
1033 2824 1375 2896 privilegium
1399 2825 1669 2881 concessit
1689 2824 1861 2880 Gissw
1889 2824 2178 2881 abbatissze

596 2920 914 2973 monasterii
934 2918 1118 2974 Sancti
1134 2919 1357 2975 Joannis
1370 2918 1723 2989 Evangelistzc
1745 2932 1913 2989 prope
1932 2920 2178 2975 eamdem

590 3010 911 3065 Cremonam
960 3003 1182 3076 urbem,
1235 3012 1377 3081 quod
1431 3026 1551 3066 cum
1603 3010 1809 3066 nullum
1870 3011 2066 3066 habeat
2121 3012 2175 3066 in

590 3101 776 3156 codice
824 3117 891 3156 ex
922 3116 1029 3172 quo
1072 3102 1201 3157 illud
1247 3101 1539 3167 habemus,
1572 3102 1935 3175 ehronologia:
1966 3112 2171 3169 notam,

2292 1892 2490 1957 Martii,
2536 1904 2656 1965 post
2682 1896 2983 1953 absolutam
3013 1902 3299 1970 synodum.
3330 1901 3399 1956 At
3439 1918 3700 1972 nusquam
3738 1904 3855 1976 legi-

2290 1994 2378 2039 tur
2431 1998 2563 2055 quot
2600 1988 2681 2043 vel
2716 1990 2808 2059 qui
2850 1991 3088 2062 episcopi
3115 1992 3161 2047 ei
3191 1993 3562 2061 interfuerint,
3595 1996 3692 2051 nisi
3726 2000 3854 2067 quod

2286 2078 2338 2131 in
2373 2080 2540 2134 veteri
2581 2079 2852 2138 Chronico
2884 2083 3179 2151 Saxonico,
3226 2087 3369 2156 quod
3430 2103 3533 2143 ms.
3583 2088 3853 2150 habemus.

2285 2168 2498 2224 dicatur
2516 2172 2779 2229 llenricus
2800 2174 2853 2229 in
2876 2190 2938 2231 ea
2958 2178 3163 2248 synodo
3186 2196 3217 2232 a
3238 2179 3478 2232 ducentis
3496 2180 3603 2248 fere
3622 2178 3854 2236 Patribus

2287 2265 2667 2321 communione
2730 2267 3095 2326 eccletiastica
3164 2272 3411 2341 privatus
3466 2271 3656 2328 fuisse.
3718 2275 3852 2329 Item

2289 2363 2519 2409 testatur
2552 2356 2806 2415 Albertus
2840 2360 3121 2418 Stadensis
3154 2364 3320 2419 abbas
3364 2364 3418 2418 in
3456 2380 3554 2420 suo
3576 2367 3849 2424 Chronico.

2282 2445 2415 2501 Acta
2441 2464 2569 2504 vero
2593 2466 2711 2521 quae
2736 2453 2898 2509 modo
2926 2469 2992 2510 ex
3023 2455 3241 2511 Labbeo
3264 2456 3643 2523 laudabamus,
3670 2461 3853 2514 habent

2284 2536 2425 2594 banc
2458 2542 2721 2611 synodum
2763 2547 3073 2615 prwsidettte
3114 2548 3327 2603 domino
3371 2548 3587 2604 Urbano
3617 2568 3729 2604 cum
3754 2553 3851 2620 epi-

2282 2633 2451 2700 scOpis
2476 2642 2523 2688 et
2552 2634 2826 2691 abbatibus
2852 2648 2958 2691 tam
2983 2636 3277 2694 Galliarum
3300 2658 3460 2713 quam
3492 2652 3539 2695 et
3570 2642 3851 2712 Langobar-

2285 2722 2390 2776 dia:
2457 2734 2504 2778 et
2549 2723 2755 2781 Tusciae
2804 2726 2973 2784 fuisse
3018 2731 3383 2797 celebratam;
3441 2732 3537 2787 sed
3587 2732 3851 2787 nonnullos

2283 2830 2498 2886 quoque
2527 2818 2814 2889 episcopos
2848 2837 2913 2877 ea:
2945 2822 3277 2888 Alemannia,
3326 2824 3609 2895 Bajoaria,
3650 2826 3850 2895 aliisque

2281 2910 2574 2976 provinciis
2622 2910 2728 2966 huc
2774 2914 3093 2970 convenisse
3146 2915 3436 2973 Bertoldus
3493 2917 3744 2983 affirmat,
3792 2937 3848 2975 ex

2282 3000 2479 3069 quibus
2509 3002 2827 3069 Dimouem,
2865 3021 2957 3062 seu
2999 3008 3357 3065 Tbiemonem
3398 3010 3850 3081 Salisburgensem

2283 3094 2745 3164 archiepiscopum
2786 3098 3171 3155 ctUdalricum
3219 3101 3536 3174 episcopum
3586 3104 3849 3158 Patavien-

596 3196 701 3250 huc
732 3210 989 3251 revocare
1031 3196 1207 3250 visum
1242 3204 1344 3251 est.
1378 3194 1571 3251 Mirum
1620 3207 1801 3251 autem
1840 3205 1925 3253 est
1970 3196 2172 3251 nullam

2281 3200 2396 3241 sem
2436 3202 2502 3241 ex
2549 3187 2820 3257 Bajoaria,
2850 3190 3227 3247 Gcbehardum
3273 3192 3746 3251 Constantienscm
3792 3212 3848 3249 ex

590 3286 750 3356 hujus
805 3287 1120 3342 monasterii
1174 3287 1503 3342 mentionem
1540 3285 1804 3351 inveniri,
1858 3302 1926 3343 ne
1955 3288 2173 3359 quidem

595 3379 737 3449 apud
769 3378 1036 3434 Lubinum
1087 3380 1140 3433 in
1185 3378 1387 3435 Notitia
1425 3379 1767 3434 abbatiarum
1801 3378 1987 3445 Italiae,
2022 3380 2176 3450 cujus

588 3470 897 3527 eortditores
938 3471 1104 3527 fuisse
1148 3470 1482 3527 Bernardum
1510 3471 1789 3538 comitem,
1834 3480 1887 3527 et
1916 3470 2174 3526 Bertham

588 3563 706 3633 ejus
737 3579 958 3619 uxorem
992 3573 1232 3636 tempore
1265 3563 1512 3636 Gregorii
1539 3564 1626 3620 VII
1658 3579 1724 3619 ex
1749 3564 1853 3621 hoc
1882 3565 2174 3636 diplomata

590 3657 868 3713 discimus.

943 3750 1148 3805 CLXX.
1179 3748 1469 3806 Concilium
1504 3748 1812 3806 Placenna‘.

664 3841 777 3896 Sub
808 3842 967 3899 ﬁnem
998 3842 1280 3899 Februarii
1312 3843 1551 3914 pontifex
1582 3843 1918 3899 Placentiam
1956 3843 2175 3899 advenit

590 3935 878 3990 concilium
904 3952 1026 3991 mox
1051 3937 1441 4002 celebraturus,
1466 3937 1611 4008 quod
1634 3937 1738 3992 hoc
1762 3952 1903 3992 anno
1927 3937 2174 3992 habitum

588 4024 757 4081 fuisse
778 4041 967 4083 omnes
997 4028 1359 4083 consentiunt.
1390 4027 1447 4083 Si
1474 4043 1603 4084 vero
1625 4027 1914 4084 concilium
1942 4027 2171 4083 Placen-

588 4118 758 4171 tinum
785 4127 980 4173 auctor
1004 4116 1256 4173 Chronici
1283 4117 1678 4185 Malleacensis,
1702 4117 1904 4188 aliique
1931 4117 2174 4173 nonnulli

585 4216 836 4263 auctores
874 4223 1020 4263 anno
1052 4209 1188 4263 109t
1219 4209 1615 4279 consignarint,
1652 4210 1755 4264 hac
1800 4209 1854 4263 in
1898 4225 1954 4263 re
2002 4210 2175 4265 secuti

584 4306 712 4353 sunt
758 4306 996 4354 veterem
1050 4297 1329 4354 Gallorum
1385 4299 1734 4369 computandi
1795 4313 2027 4363 morem,
2081 4299 2173 4369 qui

586 4389 715 4444 anni
742 4389 1027 4445 exordium
1054 4404 1084 4444 a
1117 4390 1381 4445 Pascbate
1425 4388 1763 4459 repetebant.
1800 4389 2172 4444 Placentinam

583 4479 887 4535 Ecclesiam
922 4489 1050 4535 tunc
1083 4482 1323 4551 regebat,
1359 4480 1404 4534 si
1436 4478 1661 4549 Ughello
1683 4481 1988 4543 credamus,
2016 4479 2169 4535 Addo
2195 4513 2247 4574 Β

583 4588 677 4627 seu
720 4572 909 4638 Aldus,
956 4571 1176 4627 ilenrici
1226 4570 1457 4642 Augusti
1502 4570 1869 4635 consiliarius,
1895 4571 2009 4634 cui,
2049 4580 2170 4640 post

582 4661 912 4719 Bonizonem
939 4660 1302 4727 Sutriensem,
1334 4662 1621 4732 praemittit
1649 4662 1736 4717 ille
1760 4671 1953 4715 auctor
1983 4661 2169 4716 Vindi-

583 4756 728 4811 cium
777 4771 919 4810 anno
953 4755 1079 4810 1091
1130 4764 1183 4810 et
1210 4754 1502 4821 Watrium,
1535 4754 1758 4810 natione
1790 4754 1993 4820 Gallos,
2032 4769 2169 4823 quos

583 4847 725 4902 forte
750 4848 876 4903 huic
900 4846 1230 4903 Henriciano
1255 4851 1511 4916 episcopo
1546 4847 1797 4901 Urbanus
1821 4853 2166 4916 opposuerat,

581 4955 647 4993 eo
678 4941 836 4995 modo
893 4955 1000 5009 quo
1042 4939 1210 5008 ipsius
1239 4937 1401 4993 Urbis
1429 4939 1575 4994 cives
1620 4938 1881 4993 Ecclesiae
1910 4937 2170 4992 Romanae

582 5032 936 5087 addictissimi
990 5031 1323 5087 Bonizonem
1350 5040 1507 5087 antea
1541 5032 1881 5101 adoptarant.
1908 5030 2077 5086 Porro
2101 5030 2168 5084 ad

581 5122 871 5176 concilium
902 5130 1051 5177 tanta
1075 5122 1330 5177 convenit
1355 5137 1420 5176 ex
1458 5121 1606 5176 omni
1640 5121 1862 5176 natione
1906 5134 2026 5190 quae
2069 5120 2169 5175 sub

583 5214 725 5269 uelo
755 5225 839 5270 est
876 5216 1157 5269 hominum
1195 5215 1503 5281 multitudo,
1533 5224 1593 5270 ut
1618 5230 1713 5270 eos
1741 5214 1887 5269 nulla
1937 5213 2167 5268 ecclesia

582 5305 797 5361 nullave
823 5305 1017 5360 domus
1047 5305 1256 5375 publica
1290 5316 1381 5361 aut
1408 5308 1644 5377 privata,
1673 5306 1783 5361 imo
1817 5304 1960 5358 nulla
2004 5304 2169 5358 etiam

581 5399 761 5468 platea
810 5399 961 5453 urbis
1017 5399 1299 5454 continere
1358 5401 1626 5470 potuerit;
1688 5414 1855 5469 quare
1926 5396 2165 5466 pontifex

582 5490 773 5560 synodi
797 5501 1097 5545 conventus
1122 5498 1276 5545 extra
1314 5491 1503 5546 urbem
1535 5491 1586 5545 in
1625 5503 1819 5560 campo
1849 5488 2166 5551 celebravit,

582 5582 702 5651 ipso
761 5592 992 5638 testante
1050 5584 1332 5650 Bertoldo,
1384 5585 1475 5655 qui
1529 5584 1691 5639 etiam
1734 5582 1893 5653 paulo
1945 5581 2169 5636 inferius

585 5677 773 5732 scribit
802 5678 869 5732 ad
897 5693 1016 5733 eam
1048 5678 1370 5735 clericorum
1399 5687 1632 5748 quatuor
1652 5676 1766 5731 fere
1797 5676 1983 5743 millia,
2012 5675 2170 5729 laico-

564 5786 706 5826 'rtnu
736 5787 866 5828 vero
887 5772 1006 5844 plus
1032 5788 1193 5844 quam
1226 5774 1446 5844 triginta
1489 5773 1653 5829 millia
1684 5771 2004 5829 occurrisse.
2036 5768 2168 5825 llinc

2278 3277 2597 3335 Alemannia
2624 3289 2679 3336 et
2709 3282 3020 3338 Udalricum
3044 3286 3229 3355 Augiae
3260 3287 3541 3354 abbatem,
3567 3290 3686 3342 data
3712 3304 3851 3343 orca-

2280 3370 2459 3437 sione,
2489 3382 2763 3439 recenset;
2801 3385 2950 3430 certe
2983 3376 3265 3433 Udalricus
3293 3378 3403 3435 illis
3426 3382 3768 3451 temporibus,
3799 3388 3850 3434 ut

2280 3462 2419 3517 idem
2464 3473 2655 3519 auctor
2697 3466 2908 3532 scribit,
2954 3468 3022 3522 ab
3071 3468 3187 3539 ipso
3235 3472 3498 3539 pontiﬁce
3533 3474 3585 3527 in
3618 3473 3847 3527 abbatem

2280 3562 2634 3610 consecratus
2684 3554 2804 3611 fuit.
2858 3556 3098 3612 Aliorum
3153 3561 3517 3629 quorumdam
3566 3563 3850 3616 antistitum

2279 3644 2497 3700 nomina
2528 3660 2594 3701 ex
2624 3646 2743 3702 aliis
2789 3650 3157 3706 monumentis
3202 3652 3489 3708 discimus.
3533 3652 3624 3709 Sic
3659 3653 3851 3708 llmllus

2279 3735 2755 3795 Cenomannorum
2783 3742 3012 3797 antistes
3050 3742 3105 3797 in
3142 3744 3293 3799 Actis
3323 3744 3444 3815 ejus
3471 3746 3727 3801 Ecclesiae
3750 3744 3850 3814 epi-

2280 3843 2591 3897 scoporum,
2640 3828 2800 3886 editis
2837 3841 2981 3888 tomo
3020 3832 3085 3888 ΙΙΙ
3112 3833 3501 3891 Analectorum
3536 3836 3851 3890 Mabillonia-

2277 3919 2722 3984 norum,dieitur
2768 3935 2834 3975 eo
2882 3930 3123 3992 tempore
3154 3922 3386 3979 Romam
3431 3926 3657 3990 adiisse,
3704 3933 3850 3994 atque

2276 4008 2507 4080 benigne
2538 4009 2607 4064 ab
2634 4009 2856 4067 Urbano
2893 4023 3147 4082 acceptus
3186 4030 3309 4070 cum
3356 4033 3425 4072 eo
3460 4018 3604 4088 apud
3647 4016 3852 4070 Placen-

2276 4101 2405 4154 tiam
2445 4102 2731 4172 apostolico
2760 4104 3060 4175 interfuisse
3091 4108 3332 4162 concilio.
3370 4110 3519 4165 Idem
3568 4109 3850 4181 colligimus

2278 4192 2342 4247 de
2377 4192 2636 4250 Radbodo
2679 4196 2935 4266 episcopo
2979 4196 3325 4255 Noviomensi
3366 4216 3436 4256 ex
3480 4203 3706 4273 epistola
3742 4217 3851 4255 mox

2277 4285 2516 4354 laudata,
2544 4297 2600 4342 ct
2620 4288 2685 4343 de
2713 4289 2935 4360 Hugone
2962 4290 3497 4362 Gratianopolitano,
3523 4311 3589 4350 ex
3625 4294 3849 4365 epistolis

2277 4378 2344 4433 de
2382 4382 2753 4437 controversia
2790 4382 2910 4453 pagi
2954 4382 3432 4442 Salmoriacensis.
3468 4386 3623 4442 Haud
3648 4388 3851 4443 dubium

2276 4471 2405 4541 quin
2433 4472 2609 4528 cidem
2634 4475 2840 4546 synodo
2872 4477 3220 4532 interfuerint
3249 4478 3632 4536 Narbonensis
3661 4490 3712 4536 et
3731 4481 3851 4533 Are-

2276 4563 2502 4620 latensis
2532 4566 2927 4637 archiepiscopi
2965 4583 3087 4623 cum
3112 4570 3388 4639 episcopis
3424 4571 3777 4628 Nemausensi
3806 4581 3852 4625 et

2274 4652 2662 4725 Magalonensi,
2681 4658 2878 4727 quibus
2901 4659 3153 4715 Urbanus
3176 4661 3669 4719 Psalmodiensium
3691 4679 3851 4718 causa:

2273 4746 2639 4817 cognitionem
2688 4749 2951 4806 adversus
2989 4750 3595 4830 Massiliensesﬁancti
3638 4754 3853 4811 Victoris

2274 4839 2569 4893 monachos
2626 4840 2727 4895 hoc
2766 4857 2909 4896 anno
2939 4844 3230 4910 commisit,
3267 4845 3313 4899 si
3348 4862 3459 4901 non
3494 4848 3632 4902 fallit
3671 4848 3854 4901 instru-

2273 4939 2513 4985 mentum
2538 4948 2597 4986 ea
2621 4933 2687 4987 de
2707 4948 2762 4986 re
2782 4933 3107 4989 confectum.
3124 4936 3193 4989 At
3209 4937 3551 5006 probabilius
3564 4950 3647 4994 est
3669 4954 3853 4993 annum

2273 5022 2413 5077 1094
2450 5039 2547 5093 pro
2601 5025 2740 5080 1096
2785 5026 2940 5082 initio
2980 5027 3097 5097 ejus
3147 5030 3508 5086 instrumenti
3561 5032 3850 5102 irrepsisse.

2272 5117 2423 5174 Alios
2451 5116 2680 5176 fortasse
2712 5121 2866 5177 nobis
2900 5123 3316 5192 suppeditabunt
3358 5126 3467 5179 alia
3504 5128 3726 5197 antiqua
3756 5142 3855 5179 mo-

2271 5223 2556 5279 numenta,
2608 5216 2701 5269 sed
2731 5215 2936 5269 nullum
2970 5217 3151 5286 plures
3183 5217 3390 5271 indicat
3441 5235 3605 5288 quam
3656 5217 3855 5290 privile-

2270 5304 2416 5376 gium
2471 5305 2658 5360 Sancti
2708 5306 2906 5377 ngidii
2949 5307 3059 5375 jam
3123 5308 3428 5379 laudatum,
3488 5313 3634 5382 quod
3673 5313 3725 5365 in
3765 5311 3855 5364 bac

2272 5396 2476 5466 synodo
2505 5413 2628 5453 cum
2671 5397 2888 5454 Urbano
2915 5399 3311 5455 conﬁrmarunt
3341 5404 3501 5457 multi
3536 5401 3852 5461 cardinales,

2271 5489 2507 5560 episcopi
2547 5498 2601 5543 et
2632 5500 2741 5545 tres
2771 5490 3018 5558 abbates,
3067 5507 3296 5562 quorum
3328 5496 3556 5549 nomina
3606 5495 3731 5549 huic
3758 5492 3856 5564 pri-

2271 5580 2466 5650 vilegio
2522 5582 2939 5638 subnectuntur.
2999 5583 3250 5640 Pontiﬁci
3309 5585 3368 5639 in
3422 5586 3615 5642 eadem
3663 5583 3853 5657 synodo

2271 5674 2643 5729 consiliarium
2671 5675 2906 5731 adfuisse
2933 5686 3183 5732 sanctum
3215 5678 3559 5743 Brunonem,
3589 5686 3853 5750 parentem

2272 5767 2797 5837 (Iarthusianorum,
2862 5785 3050 5827 omnes
3104 5769 3276 5826 ferme
3351 5771 3558 5842 vulgati
3617 5782 3855 5826 auctores
