3962 6312
180 321 272 379 HI

1699 296 1878 355 VITA.

3347 289 3453 344 ΗΞ

179 433 544 494 tradiderunt,
573 443 674 484 nec
705 427 919 482 animus
945 433 1030 482 est
1072 424 1217 480 hanc
1247 419 1553 493 opinionem
1584 418 1760 486 impu-
1791 415 1839 473 Λ
1869 412 2078 467 cedenti
2112 418 2459 478 convenerat,
2492 411 2649 481 eique
2677 423 2895 463 nomine
2938 405 3262 478 patriarcha:
3301 403 3450 460 Jero—

177 527 412 601 gnandi;
457 533 515 580 at
541 523 648 579 illis
675 520 931 577 assentiri
961 535 1071 576 non
1121 519 1341 587 pessum
1387 515 1476 584 qui
1515 517 1766 568 asserunt

178 621 310 678 huic
356 626 546 676 sancto
593 615 712 672 viro
749 624 878 669 tunc
919 611 1178 682 temporis
1218 608 1457 664 oblatum
1512 603 1683 659 fuisse
1732 619 1763 658 a

180 711 437 782 pontiﬁce
468 707 1002 777 archiepiscopatum
1034 701 1396 773 Rbegiensem
1419 699 1473 754 in
1493 695 1759 753 Calabria.

183 804 300 859 Hoc
320 801 465 858 enim
497 800 566 855 ad
596 797 744 854 aliud
775 805 985 866 tempus
1008 793 1368 850 revocandum
1399 805 1537 853 esse,
1569 797 1627 842 ut
1649 788 1763 858 jam

175 896 315 950 alias
336 893 595 955 diximus,
619 907 687 946 ex
711 905 776 946 eo
799 887 1070 944 evincitur
1119 885 1263 956 quod
1290 893 1414 938 tunc
1436 882 1552 952 ejus
1572 881 1763 938 Eccle-

180 989 276 1044 sia:
313 986 472 1042 sedes
501 999 670 1040 vacua
705 997 811 1036 non
852 980 1031 1036 fuerit.
1077 977 1150 1033 Ut
1185 987 1245 1033 ut
1287 977 1378 1044 sit,
1423 983 1632 1032 certum
1681 982 1765 1030 est

181 1066 517 1146 Brunonem,
547 1077 650 1133 etsi
678 1075 957 1133 Urbanum
984 1073 1312 1128 Placentiam
1342 1085 1512 1140 usque
1542 1068 1766 1125 comita-

180 1181 264 1225 tus
288 1171 384 1236 sit,
414 1170 470 1224 in
495 1168 700 1224 Gallias
717 1182 844 1222 cum
870 1179 936 1220 eo
964 1179 1072 1220 non
1097 1163 1352 1228 rediisse;
1383 1162 1524 1231 quod
1553 1161 1690 1216 forte
1713 1160 1764 1216 ei

177 1279 340 1334 grave
365 1261 562 1318 fuisset
595 1276 693 1331 per
728 1269 809 1315 tot
831 1260 1082 1316 civitates
1112 1273 1177 1314 ac
1219 1255 1530 1328 provincias
1571 1269 1761 1325 perer-

183 1373 304 1412 rare
337 1375 350 1411 :
378 1371 554 1427 quare
600 1355 653 1410 in
699 1353 1007 1410 Calabriam
1051 1351 1296 1416 secessit,
1352 1349 1442 1405 ubi
1486 1349 1596 1417 iam
1651 1357 1762 1404 tum

187 1448 395 1504 ordinis
427 1447 511 1502 sui
541 1446 891 1503 fundamenta
920 1451 1178 1516 posuerat
1209 1442 1498 1511 multisque
1533 1443 1765 1498 donatus

184 1541 360 1600 fuerat
405 1539 870 1612 possessionibus,
901 1545 962 1593 ut
989 1545 1139 1608 patet
1183 1551 1247 1590 ex
1298 1534 1516 1604 Rogerii
1547 1534 1764 1590 comitis

186 1642 237 1688 et
268 1632 496 1686 aliorum
530 1628 928 1694 instrumentis,
957 1643 1078 1699 quae
1111 1629 1313 1698 passim
1339 1625 1390 1681 in
1422 1625 1576 1682 libris
1603 1627 1766 1684 editis

187 1735 492 1784 occurrunt.

1866 505 2177 576 solymitani
2221 513 2552 574 exposuerat
2603 516 2764 572 quam
2793 499 3161 556 necessarium
3203 500 3340 552 foret
3392 505 3453 549 ut

1865 597 2164 652 Christiani
2198 596 2493 667 principes,
2519 593 2679 651 simul
2700 593 2753 647 in
2785 607 2952 647 unum
2983 587 3451 663 conjunctisyiri-
3493 642 3497 647 .

1865 689 1984 752 bus,
2018 702 2233 742 sacram
2263 686 2659 758 expeditionem
2699 691 3036 755 susciperent
3063 685 3119 738 in
3148 683 3446 746 Orientem,

1865 781 1934 836 ad
1963 780 2206 836 locorum
2261 792 2544 835 sacrorum
2581 779 3050 849 recuperationem
3102 787 3158 833 et
3208 787 3451 832 tutamen

1865 872 2325 940 Christianorum,
2381 872 2472 943 qui
2519 871 2574 927 in
2630 873 2717 927 his
2768 872 3079 942 regionibus
3133 871 3293 941 positi
3349 871 3450 925 sub

1866 963 2162 1019 inﬁdelium
2185 964 2315 1034 jugo
2339 963 2819 1034 opprimebantur;
2857 977 3025 1032 quare
3047 963 3170 1018 dum
3196 962 3449 1017 Urbanus

1865 1057 2112 1113 absoluta
2172 1056 2492 1112 Placentina
2547 1055 2786 1127 synodo,
2861 1054 3021 1108 aliam
3081 1053 3450 1108 celebraturus

1865 1151 2056 1206 eadem
2114 1148 2182 1205 de
2238 1162 2404 1205 causa
2455 1148 2508 1202 in
2555 1146 2759 1202 Gallias
2792 1145 3034 1206 veniret,
3089 1144 3284 1199 Petrus
3337 1143 3450 1212 ipse

1865 1242 2045 1297 varias
2067 1240 2380 1311 provincias
2395 1255 2460 1295 eo
2483 1238 2664 1293 animo
2687 1237 3026 1311 peragrabat,
3048 1246 3108 1291 ut
3129 1236 3449 1307 populorum

1865 1346 1919 1389 et
1946 1335 2284 1404 potissimum
2312 1336 2554 1387 virorum
2577 1330 2837 1388 nobilium
2862 1330 3070 1384 animos
3094 1344 3156 1384 ac
3181 1328 3452 1398 principes

1868 1427 2065 1483 ad'has
2099 1426 2470 1497 expeditiones
2505 1423 2909 1496 amplectendas
2937 1430 3290 1493 praepararet.

2203 1543 2483 1601 CLXXIII.
2522 1541 2764 1597 ereses
2800 1541 3125 1612 proscriptw.

1939 1639 2264 1709 Proscripta:
2291 1637 2345 1694 in
2377 1637 2569 1694 eadem
2619 1636 2826 1707 synodo
2854 1636 3092 1690 haereses
3117 1648 3238 1703 quae
3267 1631 3454 1688 Eccle-

1867 1731 2005 1786 siam
2045 1739 2174 1786 tunc
2227 1729 2489 1800 temporis
2538 1726 2949 1798 perturbabant.
2980 1723 3270 1795 Praecipua:
3296 1728 3455 1778 erant

188 1820 430 1878 CLXXII.
489 1820 632 1887 Quid
663 1820 718 1874 in
745 1818 924 1873 eodem
957 1817 1178 1890 concilio
1207 1825 1511 1890 tractatum.
1558 1814 1634 1890 Qte
1655 1815 1761 1890 ai-

1878 1825 2301 1880 Simoniacorum
2333 1831 2388 1878 et
2413 1836 2601 1877 eorum
2629 1819 2720 1890 qui
2751 1819 2820 1876 ab
2851 1817 3004 1888 ipsis,
3039 1832 3178 1886 quos
3209 1816 3285 1870 uti
3319 1813 3456 1870 tales

263 1895 422 1948 vortio
456 1882 718 1946 Praxedi:
746 1890 1015 1959 Augusta’.
1049 1882 1768 1956 ExcommunicaturPltilip-

257 1981 349 2034 pus
371 1979 484 2018 rex.
502 1959 880 2033 Expeditiones
905 1975 1090 2013 sacrm.

265 2057 453 2112 Auctor
475 2064 557 2112 est
583 2052 878 2109 0rdericus
901 2050 1109 2117 Vitalis,
1146 2049 1301 2106 initio
1323 2049 1447 2104 libri
1480 2065 1557 2114 ιχ,
1589 2048 1766 2105 Urba-

212 2167 328 2205 num
353 2165 538 2220 papam
565 2147 620 2203 in
661 2145 894 2204 concilio
931 2143 1251 2200 Placentino
1279 2144 1345 2198 de
1369 2160 1495 2213 pcce
1547 2143 1768 2213 aliisque

214 2244 501 2298 utilitatibus
525 2250 725 2297 sanctte
767 2237 1018 2294 Ecclesia;-
1047 2237 1321 2307 diligenter
1346 2245 1616 2290 tractasse.
1662 2233 1769 2289 Sed

205 2350 315 2404 qute
353 2335 436 2390 hic
464 2341 654 2391 auctor
689 2329 1002 2388 summatim
1044 2327 1268 2398 protulit
1305 2341 1486 2396 operte
1532 2326 1769 2396 pretium

198 2435 272 2479 est
295 2425 447 2495 paulo
482 2424 798 2480 accuratius
832 2437 901 2477 ex
949 2421 1070 2476 aliis
1099 2421 1474 2490 scriptoribus,
1506 2433 1569 2472 ac
1599 2416 1769 2487 potis-

193 2516 372 2570 simum
421 2532 495 2572 ex
542 2515 830 2581 Bertoldo,
891 2513 1231 2584 singulatim,
1294 2521 1456 2582 prout
1505 2511 1586 2565 fas
1641 2512 1766 2578 erit,

190 2611 507 2679 expendere.
565 2609 646 2664 Ad
697 2609 840 2663 hanc
888 2607 1154 2679 synodum
1215 2613 1440 2660 venerat
1505 2603 1770 2659 Praxedis

189 2701 442 2772 Augusta,
480 2721 509 2757 ιι
537 2702 954 2772 cbronographo
998 2700 1292 2764 Saxonico,
1325 2715 1483 2769 quem
1509 2699 1620 2770 jam
1651 2700 1768 2754 lau-

189 2797 452 2862 davimus,
485 2806 538 2850 et
565 2811 596 2848 a
626 2793 939 2850 Dodechiuo
969 2793 1114 2848 dicta
1151 2789 1486 2857 Adheleidis,
1519 2790 1674 2860 cujus
1704 2790 1771 2844 ab

191 2888 411 2945 llenrieo
463 2890 797 2960 imperatore
835 2900 1113 2941 secessum
1157 2885 1525 2954 approbarunt
1558 2881 1767 2946 Patres,

189 2994 302 3034 eum
327 2980 394 3034 ab
422 2994 493 3034 ea
530 2977 834 3032 audiissent
872 2974 1050 3030 varias
1076 2973 1455 3036 contumelias,
1479 2981 1526 3026 et
1553 2971 1769 3025 inaudi-

188 3081 261 3124 tas
307 3069 728 3140 fornicationum
775 3067 1054 3136 spurcitias
1098 3079 1236 3134 quas
1282 3079 1312 3118 a
1363 3063 1560 3117 marito
1613 3079 1770 3132 passa

188 3163 373 3219 fuerat.
430 3163 575 3217 Hinc
609 3161 1007 3216 commissorum
1035 3158 1342 3212 delictorum
1385 3171 1506 3226 qua:
1556 3155 1770 3210 nonnisi
1800 3148 1841 3204 C

187 3256 339 3313 invita
389 3265 745 3329 perpetrasse
775 3252 1083 3316 videbatur,
1129 3252 1288 3307 venia
1329 3252 1377 3307 ei
1406 3252 1531 3305 data
1578 3260 1682 3317 est,
1719 3260 1776 3306 et

187 3351 403 3406 remissa
466 3348 788 3420 pcenitentia
829 3360 949 3416 qua:
982 3344 1306 3417 injungenda
1337 3343 1530 3399 fuisset
1560 3343 1627 3398 ad
1656 3351 1768 3398 tan-

188 3451 356 3497 torum
411 3440 732 3497 facinorum
775 3435 1182 3506 expiationem,
1237 3433 1381 3505 quod
1427 3434 1625 3489 delicta
1676 3448 1774 3488 sua

186 3536 356 3605 palam
374 3549 494 3589 non
518 3531 826 3608 erubuisset
852 3527 1120 3585 conﬁteri.
1147 3527 1274 3583 llaec
1286 3541 1441 3593 vero,
1467 3534 1685 3596 recepta
1717 3524 1770 3578 in

184 3625 406 3682 concilio
474 3623 846 3688 absolutione,
896 3622 950 3677 in
991 3621 1224 3692 patriam
1277 3634 1434 3675 suam
1485 3618 1775 3674 revertisse

186 3719 399 3785 dicitur,
440 3719 543 3775 ubi
601 3718 813 3774 reclusa
860 3716 912 3771 in
955 3715 1286 3771 monasterio
1333 3714 1460 3768 vitae
1505 3712 1772 3783 religiosae

186 3814 460 3869 exereitiis
488 3827 708 3884 operam
734 3826 958 3876 navans,
984 3818 1169 3866 sancto
1191 3809 1295 3865 ﬁne
1322 3807 1547 3878 quievit.

250 3904 544 3975 Philippus
571 3903 909 3983 Francorum
959 3918 1078 3967 rex,
1127 3900 1218 3971 qui
1250 3914 1393 3955 anno
1421 3897 1772 3968 przecedenti,

187 4007 242 4052 ut
275 3997 546 4061 diximus,
576 3999 645 4051 ab
674 3996 898 4068 Hugone
943 3996 1122 4067 legato
1165 3994 1308 4050 sedis
1359 3993 1668 4063 apostolica:
1706 3993 1777 4048 ob

189 4089 528 4147 adulterinas
563 4089 681 4161 ejus
713 4089 930 4160 nuptias
959 4087 1460 4145 excommunicatus
1503 4085 1557 4141 in
1587 4089 1773 4156 Augu-

187 4184 510 4239 stodunensi
540 4183 769 4239 concilio
799 4183 997 4245 fuerat,
1029 4182 1290 4252 legatione
1328 4181 1396 4236 ad
1435 4181 1578 4236 hanc
1617 4197 1777 4254 syno-

186 4276 306 4330 dum
347 4278 548 4340 missa,
599 4275 844 4333 inducias
880 4293 908 4331 a
939 4276 1195 4346 pontiﬁce
1233 4276 1444 4344 accepit
1468 4275 1535 4330 ad
1579 4275 1775 4332 festum

188 4368 581 4436 Pcnteeostes;
616 4370 731 4441 ipse
753 4386 882 4426 vero
905 4369 1339 4442 llugo,quod,ab
1369 4367 1588 4424 Urbano
1613 4385 1774 4425 voca-

189 4472 269 4519 tus
307 4466 374 4519 ad
421 4465 728 4536 synodum,
776 4477 877 4519 nec
913 4463 1029 4534 ipse
1072 4479 1173 4520 nec
1207 4464 1349 4518 ullus
1378 4463 1444 4518 ab
1475 4477 1541 4518 eo
1577 4463 1775 4521 missus

190 4556 552 4624 interfuisset,
594 4573 625 4612 a
667 4556 954 4629 legationis
993 4556 1305 4628 apostolicae
1336 4555 1514 4613 ofﬁcio
1557 4572 1779 4628 suspen-

187 4662 275 4702 SUS
298 4657 402 4704 68L

253 4743 613 4798 Advenerunt
643 4744 710 4797 ad
737 4743 982 4800 eamdem
1012 4743 1276 4815 synodum
1312 4743 1484 4800 Alexii
1515 4743 1780 4800 Constan-

191 4833 536 4904 tinopolitani
603 4835 949 4907 imperatoris
1003 4835 1201 4905 legati,
1257 4837 1326 4891 ad
1383 4837 1777 4905 implorandam

189 4926 462 4991 pontiﬁcis
485 4935 537 4981 et
561 4925 991 4984 Christianorum
1015 4929 1317 5001 principum
1340 4942 1494 4999 opem
1522 4931 1780 4985 adversus

193 5017 462 5085 inﬁdeles,
497 5021 589 5090 qui
619 5022 684 5076 ad
710 5037 898 5078 muros
935 5036 1109 5092 usque
1151 5021 1780 5092 Constantinopolitanos

191 5111 370 5166 omnia
410 5111 791 5184 subjugarant.
830 5112 927 5169 llis
957 5115 1012 5169 in
1044 5114 1273 5170 concilio
1298 5115 1578 5184 expositis,
1626 5115 1777 5169 multi

196 5201 258 5255 ad
285 5204 693 5274 expeditionem
723 5207 778 5261 in
818 5207 917 5261 bas
959 5208 1207 5277 regiones
1247 5206 1644 5278 suscipiendam
1667 5207 1778 5277 jam

199 5303 319 5348 tunc
339 5311 399 5350 se
421 5295 823 5364 astrinxerunt;
853 5301 996 5368 quod
1019 5299 1419 5367 famosaeillius,
1447 5315 1566 5370 qua:
1598 5311 1781 5368 postea

198 5380 249 5437 in
278 5383 702 5446 Claromontano
731 5390 960 5446 concilio
997 5393 1213 5448 decreta
1256 5392 1383 5460 fuit,
1427 5392 1782 5461 expeditionis

200 5473 411 5547 aliquod
452 5481 616 5537 veluti
666 5483 986 5552 prmludium
1037 5485 1160 5540 fuit.
1213 5483 1278 5540 Et
1325 5485 1541 5554 quidem
1588 5483 1780 5540 Petrus

202 5572 448 5641 eremita,
475 5581 531 5628 ut
564 5576 808 5631 scribunt
832 5576 1034 5647 vulgati
1073 5587 1325 5633 auctores
1353 5577 1592 5632 historia:
1621 5593 1781 5647 expe-

205 5658 465 5718 ditionum
512 5664 1102 5740 Jerosolymitanarum,
1150 5687 1218 5726 ex
1268 5670 1489 5726 Oriente
1529 5685 1782 5726 reversus

208 5756 534 5831 l‘oatiﬁcem,
563 5773 851 5835 antequam
893 5762 1065 5819 Roma
1107 5764 1301 5830 exiret,
1336 5763 1446 5832 jam
1472 5780 1615 5819 anno
1645 5779 1780 5834 prac-

1803 4494 1856 4556 D

1871 1923 2159 1981 noverant,
2189 1913 2402 1969 fuerant
2441 1911 2705 1977 ordinati;
2740 1910 2868 1965 item
2899 1907 3308 1974 Nicolaitarum,
3358 1923 3455 1962 seu

1869 2006 2314 2077 presbyterorum
2401 2004 2737 2072 aliorumque
2805 2000 3070 2070 majorum
3130 2000 3455 2055 clericorum

1871 2095 2344 2151 iucontinentium.
2379 2095 2656 2149 Iienovata
2689 2099 2816 2147 sunt
2849 2091 3014 2146 etiam
3052 2090 3146 2154 ibi,
3189 2098 3244 2143 ut
3288 2088 3458 2143 refert

1872 2187 2179 2250 Bertoldus,
2226 2185 2343 2238 dira
2392 2183 2446 2238 in
2487 2181 2934 2253 Berengarianam
2970 2181 3211 2236 Itwresim
3243 2180 3359 2249 jam
3389 2179 3454 2233 ab

1871 2279 2089 2349 antiquo
2136 2277 2422 2348 swpissime
2466 2275 3002 2338 anathemitazatant;
3041 2281 3096 2328 et
3132 2282 3313 2325 contra
3339 2287 3458 2326 eam

1870 2379 2126 2423 sententia
2157 2369 2432 2422 catholica:
2465 2366 2592 2434 ﬁdei
2634 2363 2846 2434 ﬁrmata
2875 2361 3018 2417 fuit:
3054 2363 3288 2417 videlicet
3315 2363 3457 2434 quod

1870 2459 2020 2529 panis
2052 2469 2098 2512 e:
2127 2475 2300 2512 rtnum
2329 2474 2448 2511 tum
2474 2458 2528 2511 in
2554 2455 2712 2510 altari
2735 2464 3131 2520 consecrantur,
3157 2470 3260 2508 non
3285 2453 3457 2507 solum

1871 2551 2113 2622 ﬁgurate.
2149 2551 2238 2604 sed
2264 2551 2421 2605 etiam
2451 2565 2564 2604 vere
2610 2557 2655 2602 et
2702 2546 3050 2602 essentialiter
3076 2547 3130 2599 in
3173 2563 3362 2615 corpus
3409 2558 3456 2599 et

1871 2643 2182 2713 sanguinem
2209 2641 2418 2695 Domini
2441 2649 2828 2694 convertantur.
2853 2637 3093 2707 Denique
3110 2639 3457 2690 anathemata

1873 2743 1990 2785 cum
2025 2730 2258 2784 candelis
2297 2730 2601 2784 ardentibus
2643 2727 2697 2782 in
2729 2727 3048 2782 Guiberlum
3079 2736 3132 2780 et
3166 2726 3281 2794 ejus
3309 2741 3459 2779 com-

1874 2823 2063 2893 plices,
2113 2822 2256 2893 quod
2289 2821 2394 2883 iam
2438 2837 2544 2877 non
2592 2820 2760 2876 semel
2796 2819 2994 2874 factum
3035 2818 3230 2883 fuerat,
3264 2818 3458 2872 iterum

1873 2914 2219 2984 pronuntiata
2247 2926 2298 2967 et
2326 2923 2582 2968 renovata
2614 2926 2721 2966 uno
2750 2912 2992 2965 omnium
3012 2910 3234 2964 Patrum
3259 2922 3383 2964 voto
3407 2920 3461 2964 et

1874 3021 2142 3062 consensu
2172 3005 2414 3061 fuerunt.
2443 3005 2694 3074 Ejusdem
2719 3012 2770 3058 et
2797 3001 3014 3058 Ilenrici
3039 3002 3180 3071 facta
3205 3002 3461 3056 damnata

1876 3114 1906 3153 a
1955 3097 2207 3154 Pati-ibus
2241 3098 2407 3154 fuisse
2443 3106 2634 3152 narrat
2661 3096 2944 3161 Domnizo,
2988 3097 3078 3165 qui
3120 3096 3285 3151 refert
3319 3096 3464 3151 llcn~

1878 3190 1977 3246 rici
2023 3190 2074 3244 in
2123 3189 2423 3244 Praxedem
2479 3187 2680 3260 ﬂagitia
2733 3189 2785 3243 in
2844 3189 3118 3258 publicum
3173 3187 3458 3258 evulgata,

1877 3280 2063 3335 multis
2095 3279 2438 3335 occasionem
2462 3279 2744 3334 deserendi
2776 3279 3120 3350 imperatoris
3142 3269 3457 3349 prmbnxiSse:

1876 3372 2021 3442 quod
2074 3370 2298 3428 Urbano
2349 3370 2587 3426 animum
2617 3369 2892 3438 a'tijecerat
2932 3372 2997 3424 ad
3031 3373 3133 3425 iter
3166 3373 3216 3424 in
3248 3372 3462 3442 Longo-

1875 3464 2121 3520 bardiam
2139 3463 2564 3534 suscipiendum,
2581 3463 2761 3532 ibique
2778 3461 3042 3532 synodum
3057 3463 3457 3518 celebrandam.

1882 3555 2094 3610 Videsis
2127 3554 2242 3623 ejus
2277 3555 2514 3608 auctoris
2551 3567 2741 3608 versus
2767 3553 2818 3606 in
2851 3553 3181 3622 Appendice.

1949 3645 2226 3702 CLXXIV.
2257 3645 2426 3716 Augia
2449 3647 2691 3715 cpiscOpo
2719 3643 3106 3699 Constantiensi
3131 3647 3389 3716 subjecta.

1949 3739 2129 3796 Testis
2151 3749 2231 3793 est
2259 3735 2541 3792 Bertoldus
2564 3733 2840 3791 Urbanum
2866 3735 2918 3789 in
2943 3750 3005 3790 ea
3031 3737 3234 3806 synodo
3258 3753 3463 3791 omnem

1877 3841 2180 3902 potestatem
2243 3830 2296 3884 in
2352 3827 2548 3883 clerum
2597 3837 2644 3882 et
2679 3826 2928 3898 populant
2969 3827 3247 3899 Augiensis
3278 3830 3463 3886 instth

1880 3925 2133 3981 Udalrico
2168 3922 2349 3992 Augia:
2381 3920 2586 3986 abbati,
2623 3933 2782 3990 quem
2833 3919 3061 3990 ipsemet
3105 3935 3170 3974 eo
3221 3931 3464 3993 tempore

1879 4021 2342 4080 consecraverat,
2415 4009 2797 4075 interdixisse,
2847 4024 3075 4080 eamque
3127 4015 3462 4068 concessisse

1879 4107 2199 4165 Gebebardo
2225 4101 2630 4162 Constanticnsi
2659 4101 2932 4170 episcopo,
2955 4103 3043 4170 qui
3068 4104 3296 4158 concilio
3324 4121 3464 4175 prae-

1881 4214 2008 4256 sens
2031 4211 2178 4262 erat;
2211 4196 2332 4251 hinc
2359 4209 2480 4248 cum
2514 4191 2673 4262 paulo
2697 4201 2818 4260 post
2846 4190 3128 4246 Udalricus
3150 4193 3214 4245 de
3239 4193 3332 4246 illa
3353 4211 3464 4248 sese

1879 4289 2245 4344 intromisisset
2285 4283 2484 4340 litteris
2515 4282 2721 4340 Urbani
2754 4282 3073 4352 redargutus
3097 4290 3200 4337 est.
3231 4281 3336 4338 Sed
3361 4283 3464 4337 ilhc

1879 4385 2073 4439 littera:
2103 4379 2445 4436 interierunt.

2021 4471 2278 4528 CLXXV.
2313 4469 2575 4526 Canonex.
2615 4468 2688 4522 De
2718 4465 2971 4522 Ecclesia:
2997 4467 3295 4537 disciplina.

1951 4564 2219 4621 Praeclara
2255 4562 2418 4618 etiam
2450 4560 2502 4614 in
2533 4560 2721 4616 eadem
2755 4559 2963 4631 synodo
3009 4559 3154 4615 circa
3203 4573 3382 4612 mores
3409 4568 3465 4612 et

1883 4658 2230 4730 disciplinam
2281 4640 2706 4712 ecClesiasticam
2759 4652 3004 4708 instituta
3036 4659 3091 4705 et
3126 4649 3463 4719 promulgata

1882 4752 2056 4817 fuere,
2091 4765 2322 4821 quorum
2371 4736 2629 4804 nunnulla
2675 4745 2849 4816 capita
2884 4753 3131 4800 recenset
3161 4743 3300 4797 idem
3332 4741 3439 4797 Ber

1885 4846 2082 4902 toldus.
2119 4863 2136 4896 ι
2171 4843 2318 4900 Inter
2343 4841 2472 4906 alia,
2503 4839 2677 4908 inquit
2707 4838 2792 4894 ille
2818 4849 3030 4900 auctor,
3056 4845 3273 4890 cautum
3301 4844 3465 4889 estut

1880 4940 1946 4994 ad
1980 4936 2352 5009 pmnitentiam
2385 4950 2489 4988 non
2520 4933 2852 5002 recipiantur
2889 4930 2982 4998 qui
3025 4929 3375 4994 concubinas,
3409 4940 3465 4983 et

1881 5033 2062 5088 odium
2092 5045 2156 5085 ex
2186 5029 2370 5092 corde,
2416 5035 2470 5080 et
2499 5023 2775 5095 quodlibet
2800 5021 3030 5077 mortale
3069 5032 3353 5093 peccatmn
3383 5023 3466 5076 di-

1883 5124 2101 5179 mittere
2148 5121 2373 5178 nollent.
2406 5117 2476 5175 Ut
2516 5117 2698 5172 nullus
2726 5114 3033 5185 presbyter,
3071 5115 3175 5168 nisi
3212 5114 3465 5184 proprius

1882 5217 2168 5288 episcopus
2201 5215 2344 5269 banc
2368 5212 2415 5267 ei
2443 5224 2631 5266 curam
2657 5205 3013 5273 commiserit,
3060 5207 3368 5276 quempiam
3399 5206 3466 5258 ad

1883 5310 2258 5382 ptrnitentiam
2304 5305 2550 5373 recipiat.
2584 5303 2653 5358 Ut
2684 5302 2751 5357 iis
2794 5301 2884 5369 qui
2925 5314 3156 5370 corpore
3188 5315 3293 5354 non
3334 5316 3466 5354 vero

1884 5411 2066 5458 mente
2102 5401 2244 5455 inter
2269 5395 2770 5454 excommunicatos
2801 5401 3101 5456 morantur,
3147 5391 3213 5446 ad
3251 5391 3466 5447 confes-

1885 5496 2090 5550 sionem
2127 5493 2230 5548 rite
2259 5487 2601 5544 venientibus
2619 5487 2963 5544 Eucharistia
2995 5501 3102 5541 non
3131 5485 3465 5554 denegatur;

1886 5579 2660 5639 modo'excommunicatorum
2689 5578 3049 5634 sacramentis
3081 5592 3186 5630 non
3216 5591 3469 5628 commu-

1886 5674 2202 5729 nicaverinl.
2239 5671 2309 5728 Ut
2349 5686 2536 5727 eorum
2574 5671 2664 5740 qui
2707 5671 2775 5726 ab
2806 5667 3292 5725 CXCOIIII'IllllliCﬁilS
3322 5667 3468 5718 erdi-

1874 5769 1996 5854 _nati
2019 5767 2224 5825 fuerint
2251 5768 2404 5824 irrita
2423 5783 2528 5824 non
2555 5768 2622 5824 sit
2643 5765 2932 5835 ordinatio,
2961 5765 3114 5819 modo
3135 5762 3361 5834 probare
3381 5776 3468 5816 va-
