3962 6312
521 336 622 420 iis
692 387 694 389 .

1802 325 1860 379 Β.
1903 322 2157 408 unum
2213 291 2255 378 Il
2303 295 2503 380 tum
3659 334 3741 386 111

520 449 670 504 leam
705 463 764 504 sc
783 446 1178 502 nesciissesuos
1194 445 1535 500 ordinatores
1549 442 1716 500 fuisse
1737 443 2107 517 excommuni-
2138 447 2182 500 Α
2209 442 2545 507 Placentina,
2580 445 2670 498 lib.
2706 461 2782 498 xu
2811 445 2877 499 ad
2901 425 2988 499 an.
3030 445 3196 513 1095;
3221 429 3337 516 qua:
3364 453 3609 503 cum'non
3638 454 3746 506 satis

520 550 716 612 catos:
757 560 774 592 ι
809 556 875 596 ex
922 555 1026 610 quo
1066 554 1275 594 canone
1317 547 1467 608 patet
1513 536 1629 605 ejus
1675 537 1890 592 concilii
1920 535 2108 590 Patres

517 649 628 688 non
659 631 933 688 censuisse
976 615 1348 686 ordinationes
1394 629 1462 684 ab
1507 627 1993 684 excommunicatis
2023 627 2104 680 Ia-

519 705 656 794 ctas,
690 725 956 781 invalidas
983 739 1124 779 esse.
1166 742 1184 774 1
1228 724 1502 780 Statutum
1535 737 1750 793 quoque
1774 720 1875 775 fuit
1924 729 1983 774 ut
2012 734 2110 790 pro

520 819 832 884 chrismate,
871 817 1143 890 baptismo
1174 825 1229 872 et
1261 815 1537 887 sepultura
1564 815 1696 870 nihil
1729 829 1967 885 unquam
1996 812 2112 869 exi-

521 921 678 981 gatur
717 911 1050 981 :.denique.,
1102 919 1163 965 ut
1224 909 1430 981 jejunia
1486 903 1731 976 Quatuor
1785 908 2109 977 Temporum

520 1003 898 1075 custodiantur
933 1002 1093 1060 statis
1130 989 1508 1068 hebdomadis,
1540 1016 1659 1070 quae
1704 999 1776 1055 ibi
1823 999 2110 1070 designan-

522 1102 628 1148 tur.
665 1113 684 1145 ι
735 1093 990 1165 Ejusdem
1029 1089 1245 1149 concilii
1293 1107 1528 1148 canones
1569 1091 1878 1163 quindecim
1922 1090 2110 1146 haberi

523 1184 578 1237 in
633 1185 951 1240 collectione
1002 1184 1241 1242 Anselmi
1295 1184 1554 1240 Lucensis
1614 1183 1850 1254 episc0pi
1895 1180 2112 1252 scripsit

519 1278 814 1354 Bpronius,
843 1279 932 1348 qui
983 1279 1159 1348 reipsa
1205 1279 1406 1349 passim
1437 1278 1489 1332 in
1521 1278 1798 1333 codicibus
1827 1291 1956 1330 mss.
1995 1275 2110 1344 ejus

522 1370 760 1448 auctoris
784 1379 1099 1433 occurrunt,
1150 1371 1242 1424 sed
1287 1369 1338 1424 id
1370 1369 1776 1440 intelligendum
1812 1375 1895 1422 est
1922 1367 1987 1422 de
2017 1366 2109 1420 ad-

522 1462 820 1516 ditionibus
865 1461 929 1514 ad
960 1462 1101 1516 hanc
1122 1460 1494 1516 collectionem
1529 1457 1708 1524 factis,
1753 1458 1951 1529 quippe
1985 1472 2106 1512 cum

521 1553 811 1620 Anselmus
862 1554 1132 1610 novennio
1176 1562 1300 1608 ante
1340 1549 1484 1608 illam
1521 1553 1784 1624 synodum
1830 1550 1898 1605 ad
1941 1550 2108 1606 caelos

522 1643 739 1700 abierit.
775 1644 849 1698 llli
886 1653 1067 1700 autem
1103 1657 1338 1698 canones
1380 1639 1740 1705 Anselmiani,
1773 1639 1806 1694 ii
1833 1638 1933 1709 ipsi
1982 1633 2108 1694 sunt

515 1751 656 1804 quos
683 1735 932 1790 Labbens
968 1749 1034 1788 ex
1081 1734 1249 1788 variis
1291 1731 1568 1788 codicibus
1597 1746 1729 1786 mss.
1759 1729 1998 1800 vulgavit
2025 1739 2104 1784 to-

2213 535 2315 589 sibi
2347 546 2612 602 constent,
2647 538 2752 592 IllIC
2784 537 2989 594 referre
3011 539 3182 593 visum
3209 557 3313 596 non
3337 549 3438 595 est.

2212 646 2511 724 CLXXVII.
2569 649 2956 724 Con/innatum
2999 651 3099 724 AS.
3174 653 3383 724 ngidii
3443 655 3745 724 privilegium.

2283 717 2418 772 l'tem
2448 717 2812 774 Cluniacense.
2834 721 2926 775 Lis
2973 722 3038 777 de
3085 740 3221 793 pago
3252 717 3693 780 'Salmoriacensi.

2287 808 2480 863 Actum
2505 809 2667 864 etiam
2701 810 2752 864 in
2777 809 3091 866 Placentina
3119 813 3327 884 synodo
3350 813 3415 868 de
3450 813 3639 886 aliquot
3661 819 3750 886 pri-

2222 899 2362 953 vatis
2397 905 2849 957 monasteriorum
2889 914 2943 960 et
2982 904 3207 959 aliarum
3242 905 3595 961 Ecclesiarum
3619 923 3752 976 nego-

2213 991 2320 1047 tiis.
2347 993 2510 1049 Certe
2531 993 2642 1063 jam
2665 1009 2829 1064 supra
2853 997 3262 1053 observavimus
3300 998 3505 1054 Urbani
3533 999 3751 1070 diploma,

2211 1096 2318 1150 quo
2373 1082 2513 1138 bona
2565 1085 2810 1154 quaedam
2882 1087 3220 1143 monasterio
3274 1087 3464 1144 Sancti
3514 1088 3690 1160 Egidii
3731 1109 3752 1143 a

2212 1172 2531 1244 Raymundo
2569 1174 2770 1229 comite
2821 1177 3096 1243 restituta,
3143 1194 3326 1233 coram
3362 1178 3520 1248 hujus
3571 1182 3750 1236 conciti

2211 1260 2463 1317 Patribus
2486 1265 2771 1319 recitatum
2807 1282 2868 1321 ac
2900 1266 3176 1324 laudatum
3235 1269 3428 1325 fuisse.
3459 1269 3752 1326 Conﬁrmata

2135 1361 2138 1366 ’
2211 1354 2374 1408 etiam
2399 1353 2470 1408 ibi
2496 1353 2649 1409 fuere
2701 1357 2983 1428 privilegia
3045 1360 3363 1414 monasterii
3393 1359 3752 1423 Cluniacensis,

2209 1454 2268 1500 ut
2291 1447 2406 1517 ipse
2427 1447 2673 1516 pontifex
2719 1458 2948 1504 testatur
2975 1451 3028 1505 in
3068 1451 3368 1522 diplomate
3396 1468 3457 1506 ea
3489 1453 3552 1508 de
3576 1468 3628 1508 re
3653 1454 3755 1507 dato

2209 1547 2332 1610 post
2355 1539 2562 1609 aliquot
2594 1541 2730 1608 dies,
2791 1551 2984 1600 sancto
3039 1543 3274 1617 ilugoni,
3304 1546 3582 1617 inscripto.
3611 1546 3753 1601 Litem

2209 1631 2283 1685 de
2306 1630 2726 1690 Salmoriacensi
2781 1650 2922 1706 pago
2977 1637 3118 1692 inter
3147 1638 3450 1694 Gnidonem
3493 1636 3688 1692 Viennae
3712 1649 3754 1692 et

2211 1722 2494 1794 Ilngonem
2517 1723 2920 1796 Gratianopolis
2946 1729 3229 1800 episcopos
3261 1727 3376 1799 jam
3401 1731 3453 1784 in
3477 1730 3631 1784 variis
3651 1745 3753 1784 con-

519 1829 609 1881 mo
641 1826 684 1880 λ
736 1826 1100 1882 Conciliorum
1131 1844 1144 1880 :
1178 1826 1376 1895 quippe
1404 1825 1494 1893 qui
1527 1823 1748 1878 omnino
1779 1822 2108 1877 conveniunt
2141 1824 2183 1878 B
2211 1811 2481 1881 \‘enlibu‘S,
2525 1824 2586 1871 ut
2629 1816 2886 1890 diximus,
2948 1821 3287 1888 ventilatam,
3335 1822 3391 1875 in
3444 1823 3547 1877 hac
3574 1837 3753 1892 quoque

519 1932 640 1970 cum
667 1916 732 1972 iis
763 1917 980 1972 statutis
1029 1932 1148 1986 qua:
1172 1933 1238 1971 ex
1268 1915 1521 1971 Bertoldo
1551 1913 1906 1969 laudavimus.
1939 1913 2104 1968 Iidem

517 2011 716 2078 passim
757 2009 809 2063 in
855 2009 1023 2063 variis
1052 2007 1293 2062 Gratiani
1325 2017 1380 2064 et
1431 2007 1662 2064 aliorum
1691 2007 2102 2077 compilatornm

517 2103 754 2158 decretis
781 2111 1095 2157 occurrunt.
1142 2101 1222 2156 Ex
1265 2101 1352 2155 bis
1405 2109 1610 2173 septem
1640 2101 1850 2172 priores
1897 2101 2100 2156 conditi

518 2203 640 2247 sunt
683 2193 944 2247 adversus
973 2193 1334 2258 Simoniacos,
1359 2202 1451 2246 aut
1479 2209 1572 2248 eos
1601 2193 1694 2263 qui
1731 2193 1799 2248 ab
1825 2191 1928 2247 illis
1959 2193 2104 2247 ordi-

517 2302 614 2340 nes
671 2286 1038 2354 susceperint;
1091 2285 1330 2356 quinque
1383 2295 1676 2356 sequentes
1729 2300 1834 2341 eos
1879 2294 2104 2357 tangunt

518 2377 607 2444 qni
637 2377 704 2431 ab
738 2379 852 2447 ipso
881 2377 1143 2432 Guiberto
1167 2378 1422 2448 antipapa
1481 2387 1573 2432 aut
1609 2376 1726 2445 ejus
1752 2375 2104 2448 complicibus

516 2479 573 2523 et
598 2469 718 2522 aliis
746 2469 1110 2524 scliismaticis
1139 2467 1354 2524 fuerant
1379 2468 1636 2524 ordinati.
1667 2468 1919 2525 Decimus
1947 2470 2104 2538 quin-

520 2570 624 2625 tus,
657 2559 746 2628 qui
775 2559 829 2613 in
864 2558 1068 2629 aliquot
1097 2560 1375 2615 codicibus
1419 2559 1781 2626 desideratur,
1829 2570 1884 2616 et
1919 2569 2102 2614 tamen

515 2653 768 2706 laudatur
803 2669 832 2706 a
861 2641 1142 2721 Gratiano,
1168 2662 1316 2708 vetat
1347 2668 1415 2708 ne
1437 2652 1561 2723 quis
1592 2653 1874 2708 ordinetur
1898 2653 2102 2723 absque

516 2737 694 2809 titulo,
738 2753 831 2798 aut
877 2761 944 2798 ne
973 2745 1256 2800 ordinatus
1307 2744 1358 2798 in
1405 2759 1507 2797 una
1540 2743 1772 2799 ecclesia
1825 2743 1890 2798 ad
1940 2744 2101 2798 aliam

517 2839 884 2910 transntigret,
900 2855 1034 2895 neve
1052 2839 1245 2909 aliquis
1265 2838 1473 2894 duabus
1491 2838 1544 2893 in
1558 2837 1817 2894 Ecclesiis
1835 2833 2096 2894 tituletur.

514 2923 732 2990 Addunt
775 2937 1017 2991 nonnulli
1051 2935 1266 2994 codices
1308 2933 1572 2989 ca'nonem
1610 2950 1778 2989 unum
1829 2933 2033 3004 passim
2069 2950 2099 2988 a

515 3034 680 3088 variis
722 3030 1034 3088 auctoribus
1065 3027 1366 3095 laudatum,
1400 3036 1589 3083 contra
1626 3026 1856 3083 clericos
1882 3026 1971 3096 qui
2021 3027 2100 3080 in-

516 3108 836 3178 vestituram
874 3119 1198 3192 dignitatum
1226 3117 1723 3174 ecclesiasticarum
1763 3133 1794 3172 a
1833 3117 1986 3172 Iaicis
2013 3131 2098 3171 re-

512 3215 740 3287 cipiunt.
817 3205 820 3210 ’
1672 3285 1678 3290 ἱ

807 3303 1083 3363 CLXXVI.
1129 3303 1384 3375 Prwfatio
1414 3299 1479 3358 de
1518 3303 1579 3357 Β.
1618 3302 1813 3357 Μανία.

581 3403 815 3475 Recepta
845 3410 929 3457 est
976 3399 1115 3472 apud
1167 3408 1416 3454 auctores
1447 3399 1690 3469 vulgatos
1721 3397 1958 3461 traditio,
1995 3396 2098 3452 Ur-

510 3487 708 3548 banum
741 3509 934 3565 papam
963 3492 1014 3545 in
1050 3491 1150 3544 hoc
1174 3488 1407 3544 concilio
1429 3488 1694 3544 decimam
1721 3485 2097 3558 praefationem

509 3601 630 3654 quae
661 3593 747 3639 est
771 3585 837 3637 de
863 3583 1025 3638 beata
1062 3580 1250 3646 Maria,
1281 3595 1472 3636 novem
1515 3579 1756 3650 antiquis
1799 3578 2093 3634 addidisse.

511 3675 565 3728 Id
595 3676 798 3729 diserte
826 3671 1055 3726 habetur
1097 3671 1153 3724 in
1186 3671 1353 3725 veteri
1385 3670 1570 3726 codice
1619 3685 1719 3725 ms.
1752 3669 2094 3726 arcbimona-

511 3765 664 3820 sterii
715 3763 1016 3834 Remigiani
1069 3762 1208 3833 apud
1265 3761 1496 3825 Remos,
1550 3762 1618 3817 ab
1677 3763 1834 3816 annis
1879 3762 2098 3816 circiter

507 3854 820 3928 quingentis
847 3853 1073 3924 scripto,
1117 3852 1205 3906 ubi
1231 3861 1354 3921 post
1381 3851 1611 3906 relatum
1647 3851 1746 3906 sub
1775 3851 1974 3922 Pelagii
2005 3866 2098 3920 pa-

510 3966 592 4020 pae
621 3946 838 4003 nomine
865 3946 930 4001 de
954 3960 1143 4000 novem
1168 3943 1575 4014 praefationibus
1598 3943 2095 4008 decretum,cadem

511 4056 676 4096 manu
719 4037 990 4093 adduntur
1037 4037 1154 4092 bmc
1184 4036 1387 4091 verba:
1436 4033 1662 4089 Decima
1698 4033 1880 4088 addita
1912 4033 2012 4103 fuit
2044 4033 2098 4088 in

507 4133 732 4185 com-ilio
781 4128 1088 4184 Placentino
1115 4126 1210 4180 sub
1246 4123 1458 4180 Urbano
1483 4141 1619 4196 papa
1655 4123 1930 4179 celebrato.
1963 4124 2096 4180 Rem

509 4238 643 4275 vero
673 4223 753 4275 sic
795 4219 1088 4290 contigisse
1121 4217 1317 4272 ferunt.
1352 4217 1485 4272 Cum
1514 4213 1755 4286 pontifex
1788 4217 1928 4286 apud
1959 4216 2099 4272 San-

501 4310 897 4366 ctamMarium
926 4309 989 4363 de
1024 4306 1339 4377 Campania.
1365 4307 1726 4362 vetustissimae
1745 4307 1952 4377 pietatis
1970 4317 2098 4362 lem-

503 4404 678 4476 plum,
733 4405 898 4457 sacris
951 4412 1276 4472 operaretur,
1323 4409 1376 4453 ut
1429 4398 1567 4454 Deus
1625 4399 1844 4470 incoepta
1890 4399 2102 4454 concilii

513 4495 637 4549 bene
671 4503 906 4558 verteret,
947 4493 1165 4563 jamque
1197 4491 1563 4562 prtrfationem
1611 4491 1859 4560 offerret;
1891 4501 2096 4561 repente

511 4600 576 4638 ex
627 4583 869 4638 instinctu
916 4583 1091 4637 (lit-ine
1121 4583 1174 4636 in
1216 4582 1304 4637 illa
1347 4581 1652 4636 dulcissima
1698 4582 1848 4638 verba
1901 4582 2091 4654 populo

512 4677 802 4730 demirmtte
845 4675 1081 4745 prorupit
1107 4687 1126 4727 :
1157 4692 1175 4725 1
1217 4673 1282 4728 Ε1
1327 4683 1378 4729 te
1427 4673 1480 4728 in
1532 4675 1879 4730 veneratione
1925 4675 2097 4730 beatae

512 4764 694 4819 Mariae
719 4765 944 4834 virginis
969 4763 1297 4827 collaudare,
1326 4762 1646 4818 benedicere
1689 4773 1744 4819 et
1763 4764 2093 4834 praedicare;

511 4873 633 4928 quae
661 4869 716 4911 et
743 4857 1090 4926 Unigenitum
1141 4864 1289 4912 tuum
1339 4855 1510 4910 sancti
1544 4855 1774 4926 Spiritus
1805 4857 2098 4912 obumbra-

514 4952 661 5004 tione
713 4947 1004 5014 concepit,
1048 4959 1107 5002 et
1153 4948 1481 5018 virginitatis
1533 4947 1699 5018 gloria
1745 4960 2098 5020 permanente

513 5040 639 5096 huic
673 5040 874 5095 mundo
893 5033 1072 5094 lninen
1100 5048 1361 5093 aeternum
1387 5037 1573 5093 effudit
1601 5038 1784 5095 Jesnm
1819 5041 2094 5097 Christum

512 5127 796 5183 Dominum
840 5137 1100 5201 nostrum,
1136 5144 1236 5198 per
1268 5143 1448 5200 quem,
1487 5148 1503 5181 ι
1560 5141 1663 5185 etc.
1697 5147 1860 5201 quam
1908 5134 2097 5203 praefa-

512 5222 710 5276 tionem
740 5221 1057 5278 universalis
1089 5233 1208 5292 post
1239 5223 1457 5278 modum
1505 5222 1745 5279 Ecclesia
1791 5224 2095 5296 adoptando

509 5315 779 5384 probavit,
811 5323 865 5369 et
913 5315 1077 5369 etiam
1112 5331 1254 5369 nunc
1308 5316 1524 5370 retinet.
1571 5314 1722 5370 Ilanc
1764 5318 2006 5372 nonnulli
2063 5335 2092 5372 a

510 5407 672 5460 beato
702 5404 957 5460 Brunone
981 5406 1182 5462 editam
1209 5404 1375 5461 fuisse
1396 5405 1614 5472 volunt;
1644 5416 1700 5460 at
1733 5421 1854 5462 eam
1882 5411 1948 5463 ab
1975 5412 2093 5478 ipso

511 5495 733 5551 Urbano
777 5497 971 5566 [uetant
1024 5491 1195 5552 fuisse
1246 5497 1449 5551 diserle
1481 5497 1644 5552 tradit
1689 5497 1987 5554 Pandulltts
2035 5501 2090 5554 in

506 5587 624 5656 ejus
656 5588 798 5652 Vita,
831 5602 935 5642 non
966 5587 1184 5660 quidem
1220 5587 1273 5641 in
1327 5585 1663 5655 Placentina,
1691 5587 1785 5644 sed
1818 5589 1872 5643 in
1907 5589 2092 5644 Ewar-

507 5681 838 5747 dastallensi,
869 5689 925 5735 ut
945 5681 1058 5751 jam
1086 5682 1416 5747 monuimus,
1449 5682 1677 5752 synodo.
1705 5682 1864 5739 Plura
1889 5685 1956 5739 de
1990 5685 2089 5740 hac

496 5769 835 5841 praefatione
874 5771 1035 5828 habet
1064 5770 1254 5829 Petrus
1283 5771 1452 5829 Maria
1478 5773 1712 5845 Campus
1764 5775 1818 5830 in
1849 5774 2086 5833 Historia

2207 1908 2412 1979 synodo
2444 1909 2702 1974 agitatam
2747 1910 2911 1966 fuisse
2943 1914 3197 1967 discimus
3246 1931 3310 1969 ex
3355 1915 3521 1986 ipsius
3553 1914 3752 1984 Hugonis

2210 1995 2413 2068 libello,
2451 1999 2503 2054 in
2533 2016 2640 2071 quo
2666 2002 2833 2058 refert
2872 2005 3147 2075 pontificis
3170 2007 3456 2078 epistolam
3487 2008 3550 2062 ad
3580 2007 3750 2061 Gnido-

2221 2101 2343 2142 nem
2373 2089 2552 2144 datam
2577 2090 2866 2149 Placentia:
2889 2095 2974 2150 die
3003 2112 3053 2149 tv
3084 2096 3208 2150 Idus
3257 2096 3459 2161 Martii,
3493 2108 3548 2152 ut
3567 2112 3674 2152 eum
3701 2097 3752 2150 ad

2209 2181 2488 2238 meliorem
2543 2200 2762 2240 sensum
2809 2198 3109 2243 revocaret.
3165 2189 3271 2245 Sed
3334 2191 3564 2257 frustra;
3611 2200 3659 2244 at
3686 2190 3752 2245 die

2205 2274 2533 2340 praecedenti
2573 2276 2868 2348 scripserat
2923 2279 3164 2349 pontifex
3195 2281 3262 2336 ad
3306 2282 3596 2338 Robertnm
3622 2281 3751 2336 Flan-

2206 2366 2338 2420 driae
2384 2368 2662 2438 comitem,
2713 2379 2770 2426 ut
2811 2371 3098 2429 Lamberto
3147 2375 3404 2447 episcopo
3441 2373 3750 2431 Atrebatensi

2206 2463 2480 2531 suppetias
2525 2463 2694 2520 ferret
2740 2467 2806 2520 ad
2855 2463 3224 2539 recuperanda
3256 2486 3367 2525 suae
3415 2470 3580 2540 ipsius
3601 2467 3752 2522 Eccle-

2205 2549 2298 2608 siae
2327 2555 2488 2626 bona,
2511 2571 2632 2625 quae
2656 2554 2725 2612 ob
2776 2555 2893 2624 ejus
2936 2575 3060 2614 cum
3116 2561 3363 2616 Ecclesia
3409 2557 3748 2616 Cameracensi

2205 2647 2459 2703 unionem
2489 2636 2751 2704 diStracta
2783 2649 3020 2706 fuerant.
3059 2652 3168 2707 Ilac
3227 2654 3394 2708 etiam
3432 2655 3542 2725 ipsa
3580 2652 3673 2718 die,
3708 2659 3752 2703 ut

2204 2737 2374 2792 codex
2426 2749 2614 2793 noster
2676 2755 2780 2795 ms.
2832 2741 3074 2811 praefert,
3123 2743 3256 2798 alias
3312 2744 3523 2799 litteras
3569 2741 3750 2812 scripsit

2205 2827 2343 2882 idem
2368 2829 2611 2898 pontifex
2639 2831 2949 2888 Gualcltero
2977 2833 3151 2889 electo
3180 2834 3585 2900 Cameracensi,
3615 2844 3665 2888 ut
3701 2845 3751 2885 ne

2205 2917 2488 2988 intpeterct
2518 2923 2706 2992 quoda
2738 2925 2866 2979 sede
2890 2924 3185 2994 apostolica
3216 2926 3284 2981 de
3308 2927 3570 2982 divisione
3594 2924 3750 2980 Came-

2203 3012 2445 3067 racensis
2475 3023 2530 3069 et
2583 3014 2962 3071 Atrebatensis
3007 3017 3371 3073 E‘cclesiarum
3437 3017 3748 3074 constitutum

2205 3101 2416 3170 fuerat;
2464 3120 2532 3160 ex
2590 3107 2786 3176 quibus
2834 3108 3078 3180 epistolis
3131 3109 3386 3181 colligere
3434 3111 3558 3165 licet
3602 3116 3748 3161 actum

2202 3211 2415 3266 quoque
2452 3197 2620 3255 fuisse
2656 3199 2709 3254 in
2736 3202 2968 3257 concilio
3010 3200 3329 3258 Placentino
3356 3205 3422 3258 de
3454 3199 3749 3258 restitutione

2201 3288 2576 3346 Atrebatensis
2606 3290 2815 3346 Eccles.
2845 3291 2960 3364 jam
2991 3295 3062 3366 in,
3086 3293 3270 3348 multis
3299 3295 3542 3350 conciliis
3580 3287 3746 3347 conﬁr-

2202 3390 2368 3433 litata.

2201 3467 2524 3545 CLXXVIII.
2569 3471 2811 3545 Urbanus
2859 3475 3056 3545 synodo
3109 3476 3355 3530 absoluta
3383 3477 3526 3531 varia
3555 3467 3746 3545 concedit

2272 3543 2564 3615 privilegia.
2598 3543 2994 3615 Hirsaugiehse,
3048 3557 3158 3600 etc.
3204 3545 3446 3614 Epistola
3475 3543 3745 3615 adrNot'io-

2272 3613 2496 3689 menses.
2537 3613 2671 3689 Duae
2701 3613 2815 3689 prof
2845 3618 3174 3689 Atrebatensi
3209 3613 3473 3689 Ecclesia.
3525 3614 3636 3670 Una
3658 3625 3746 3689 1H?

2272 3684 2361 3762 lite
2384 3680 2816 3762 Salmoriacensi.
2864 3685 3205 3758 Privilcgium
3237 3687 3622 3762 Magalouense.
3648 3680 3746 3736 Pri-

2271 3754 2512 3825 vilegium
2549 3753 2911 3811 Cluniacense.

2269 3847 2398 3903 Haec
2419 3847 2484 3904 de
2509 3848 2742 3919 negotiis
2769 3865 2889 3920 qua:
2911 3849 2965 3904 in
3014 3851 3128 3918 ipsa
3167 3852 3376 3924 synodo
3415 3856 3632 3906 tractata
3653 3843 3745 3898 fue-

2203 3946 2348 4003 runt,
2381 3947 2643 4008 quantum
2669 3938 2821 3994 licuit
2850 3940 3189 4012 collegimus,
3223 3951 3278 3996 at
3303 3945 3431 4000 hinc
3459 3941 3646 3997 inferre
3661 3945 3745 3989 non

2199 4030 2324 4085 licet
2346 4030 2604 4101 epistolas
2634 4048 2769 4103 quas
2797 4031 3160 4102 laudavimus,
3191 4034 3423 4090 durante
3447 4033 3613 4089 adhuc
3642 4040 3747 4082 con-

2199 4123 2326 4179 cilio
2377 4123 2716 4194 conscriptas
2739 4121 2926 4190 fuisse,
2955 4141 3078 4180 cum
3101 4135 3312 4182 certum
3349 4127 3424 4183 sit
3457 4140 3520 4180 ex
3545 4135 3604 4178 ea
3649 4127 3744 4187 qua!

2199 4217 2266 4271 ad
2298 4214 2500 4270 clerum
2529 4225 2583 4272 el
2605 4215 2860 4286 populum
2884 4216 3127 4273 Noviomi
3157 4217 3222 4274 de
3249 4217 3508 4274 Radbodo
3529 4212 3744 4284 epistol”

2200 4306 2325 4361 data
2380 4313 2485 4370 est,
2546 4305 2687 4361 banc
2732 4307 3000 4378 synodum
3060 4307 3290 4364 solutam
3338 4307 3504 4363 fuisse
3552 4302 3633 4358 die
3686 4307 3743 4347 HI

2198 4399 2385 4456 Iduum
2410 4398 2611 4453 Martii.
2635 4397 2693 4453 In
2733 4414 2795 4454 ea
2824 4401 3024 4471 quippe
3054 4399 3309 4456 Urbanus
3339 4389 3527 4456 scribit
3551 4409 3605 4452 se
3631 4386 3744 4446 Rad'

2125 4519 2173 4580 ο
2198 4491 2397 4547 bodum
2428 4491 2752 4546 remandarc
2808 4492 2874 4547 ad
2913 4482 3065 4547 suam
3107 4485 3277 4563 ipsius
3307 4492 3519 4554 urbem,
3690 4474 3744 4530 ad

2200 4582 2522 4648 conciliumr
2537 4582 2700 4652 quod.
2721 4582 2911 4652 inquit,
2937 4581 3244 4650 Placentiae,
3267 4589 3527 4637 annuente
3543 4571 3742 4631 dominO.

2197 4675 2419 4746 egimus,
2447 4674 2782 4744 pervenisset.
2815 4673 3066 4730 Pontifex
3094 4676 3275 4744 itaque
3297 4690 3406 4729 non
3424 4657 3614 4728 'statim
3643 4665 3744 4733 Ροεῑ

2198 4765 2414 4821 concilii
2450 4763 2614 4820 ﬁnem
2644 4758 3208 4832 Placentia'excessit,
3234 4767 3348 4822 sive
3375 4762 3513 4836 quod
3537 4753 3740 4816 nondum

2197 4858 2382 4913 omnia
2434 4857 2502 4912 ad
2526 4858 2644 4932 ejus
2670 4858 2774 4914 iter
2821 4857 3157 4914 Gallicanum
3187 4857 3494 4914 necessaria
3519 4850 3740 4920 disposita

2198 4958 2406 5016 essent,
2456 4949 2572 5005 sive
2609 4958 2835 5019 propter
2884 4948 3018 5004 alias
3069 4949 3290 5019 quasvis
3338 4952 3588 5006 rationes,
3631 4944 3742 5004 IIII”

2198 5039 2442 5095 divinare
2483 5037 2619 5096 nihil
2673 5038 2926 5095 interest.
2969 5040 3043 5094 Eo
3095 5053 3224 5094 vero
3273 5035 3526 5110 temporis
3571 5023 3736 5099 spatio,

2197 5132 2338 5202 quod
2367 5131 2439 5186 ibi
2485 5133 2681 5202 exegit,
2738 5133 2803 5188 de
2837 5134 3005 5187 variis
3069 5132 3230 5187 rebus
3282 5130 3490 5186 litteras
3531 5117 3736 5186 scriPSi't

2195 5238 2423 5294 quarum
2454 5225 2762 5288 non-nullas,
2813 5225 2956 5294 quod
2995 5227 3060 5280 ad
3107 5225 3372 5296 synodum
3400 5213 3732 5278 Placentinam

2195 5327 2527 5385 spectarent,
2570 5302 2735 5386 supra
2765 5318 3205 5379 memoravimus.
3263 5320 3338 5374 De
3388 5313 3588 5371 carteris
3629 5314 3734 5358 vero

2187 5409 2341 5478 juxta
2374 5408 2632 5478 temporis
2663 5409 2858 5464 seriem
2894 5410 3085 5479 paucis
3115 5412 3202 5489 hic
3233 5412 3515 5482 agendum.

2263 5501 2446 5555 Primo
2473 5502 2717 5557 occurrit
2755 5502 2914 5558 nobis
2944 5502 3153 5583 insigne
3184 5503 3517 5575 privilegium
3541 5491 3729 5583 Hirsftllj

2191 5590 2362 5662 giensi
2385 5593 2736 5655 monasterio.
2771 5593 2916 5663 quod
2947 5576 3301 5652 Gebeliardus
3327 5593 3494 5653 sancti
3508 5576 3725 5643 Willelmi

2191 5684 2510 5754 discipulus,
2563 5685 2650 5740 cui
2683 5686 3005 5756 inscriptum
3043 5699 3146 5756 est,
3190 5699 3318 5746 tunc
3350 5686 3572 5758 regebat.
3613 5684 3723 5729 ε⁰¹¹⁸

2194 5793 2407 5835 cessum
2435 5778 2524 5835 die
2549 5792 2646 5835 vin
2672 5777 2795 5835 Idus
2829 5778 3034 5847 Martii,
3062 5783 3394 5856 proindeque
3419 5776 3590 5835 ultimo
3616 5774 3724 5820 σουο
