3962 6312
209 379 317 442 H5

1731 373 1913 430 VITA.

3377 376 3482 433 146

206 501 319 556 cilii
349 495 643 554 Placentini
690 494 798 562 die,
827 503 922 550 aut
948 500 1120 560 certe,
1172 491 1217 550 si
1247 492 1390 549 intra
1419 493 1536 549 dies
1579 501 1787 562 septem
1819 500 1864 554 Α
1896 493 2222 558 potestatem
2256 499 2387 542 vero
2416 462 2598 542 utendi
2633 495 2790 542 mitra
2845 495 2900 542 et
2929 493 3050 544 aliis
3081 488 3481 560 pontiﬁcalibus

203 588 669 652 absolutum-iuit,
719 588 806 642 die
838 587 1088 658 proximo
1126 594 1249 658 post
1299 585 1419 656 ejus
1469 585 1789 642 celebratio-

202 699 354 740 nem.
392 681 532 736 Nihil
562 688 746 736 autem
795 679 992 733 mirum
1046 687 1134 735 est
1171 677 1456 735 Urbanum
1507 677 1789 733 monachis

201 770 691 842 lIirsaugiensibus
720 769 856 826 adeo
889 769 1110 834 favisse,
1141 784 1268 824 cum
1315 777 1526 824 certum
1575 768 1648 824 sit
1696 782 1790 823 ne-

200 865 411 920 minem
443 864 496 918 in
527 862 819 920 Germania
846 860 1236 917 ferventiorem
1265 860 1373 916 illis
1410 859 1464 916 in
1493 859 1787 929 insequen-

195 956 283 1012 dis
315 954 483 1010 verbo
507 965 562 1009 et
593 953 796 1023 scripto
827 952 1197 1009 schismaticis
1231 951 1422 1018 fuisse,
1478 959 1536 1006 ut
1567 966 1632 1006 ex
1665 965 1789 1022 apo-

193 1049 341 1118 logia
367 1046 582 1103 Henrici
613 1047 841 1118 Augusti
869 1054 1020 1117 patet
1049 1062 1079 1100 a
1106 1046 1349 1102 Frebero
1379 1045 1433 1101 in
1464 1045 1787 1102 collectione

167 1150 489 1195 'auctorum
521 1138 859 1194 Germanicae
901 1137 1144 1194 historite
1171 1138 1340 1194 edita.
1391 1135 1532 1204 Quin
1574 1144 1628 1192 et
1668 1137 1786 1192 Hir-

195 1230 490 1300 saugiense
519 1228 910 1285 monasterium
950 1242 1170 1296 semper
1206 1228 1542 1284 tutissimum
1573 1227 1785 1300 asylum

197 1332 442 1391 tempore
467 1319 726 1376 Willelmi
777 1319 992 1381 abbatis
1020 1318 1189 1382 fuisse
1249 1319 1506 1376 omnibus
1553 1320 1645 1390 qui
1687 1335 1787 1390 pro

195 1414 464 1485 Gregorio
495 1412 584 1469 VII
640 1412 877 1476 stabant,
929 1412 1190 1469 discimus
1219 1427 1288 1469 ex
1339 1413 1584 1484 ejusdem
1611 1415 1784 1470 sancti

200 1505 346 1570 Vita,
377 1517 500 1573 qua:
526 1501 740 1558 Saecqu
756 1517 808 1557 vt
839 1501 1189 1558 Benedictino
1213 1503 1429 1575 vulgata
1443 1513 1548 1559 est.
1570 1503 1785 1558 Trithe-

199 1595 338 1648 mius
363 1592 568 1662 aliique
593 1590 835 1652 nonnulli
857 1591 1006 1647 aliud
1031 1592 1196 1647 etiam
1229 1593 1521 1664 vulgarunt
1545 1591 1785 1663 ejusdem

199 1685 299 1741 loci
319 1682 699 1756 privilegium,
728 1684 822 1740 sed
847 1683 1017 1741 multo
1047 1685 1296 1751 minoris,
1327 1685 1374 1739 si
1402 1692 1552 1741 recte
1573 1685 1782 1755 judico,

205 1776 568 1842 auctoritatis,
619 1775 766 1845 quod
823 1784 1004 1831 tamen
1052 1777 1277 1832 omnino
1314 1777 1569 1839 omittere
1611 1772 1783 1833 visum

1892 579 2253 647 ornamentis,
2283 593 2405 648 qua).
2433 577 2546 648 jam
2590 578 2800 651 IIugoni
2825 580 3008 636 abbati
3037 595 3136 651 pro
3173 589 3298 639 octo
3324 582 3479 640 festi-

1893 672 2157 730 vitatibus
2208 672 2496 744 praecipuis
2551 686 2814 728 concessa
2867 672 3067 741 fuerat,
3116 675 3361 746 pontifex
3412 678 3481 734 ad

1891 765 2034 822 illius
2063 780 2278 836 quoque
2307 779 2652 821 successores
2677 767 2942 821 extendit.

1961 855 2152 911 Adhuc
2171 854 2468 920 Placentia:
2497 863 2616 910 erat
2655 853 2907 921 Urbanus
2959 856 3114 920 initio
3139 856 3364 928 Aprilis,
3389 860 3480 926 ubi

1889 948 2066 1020 pridie
2089 948 2272 1005 Nonas
2306 946 2553 1020 ejusdem
2575 946 2779 1004 mensis
2805 947 2983 1003 simile
3004 948 3116 1004 fere
3136 949 3479 1023 privilegium

1894 1041 2235 1100 monasterio
2273 1039 2466 1097 Sancti
2510 1039 2750 1096 Victoris
2787 1039 3138 1096 Massiliensis
3172 1044 3480 1109 concessit,

1890 1133 2164 1191 Ricbardo
2214 1131 2478 1190 cardinali
2515 1141 2572 1188 et
2619 1131 2802 1188 abbati
2843 1132 3204 1202 inscriptum,
3247 1136 3340 1204 qui
3383 1135 3477 1192 ditt

1890 1225 2204 1296 apostolicae
2256 1225 2403 1281 sedis
2433 1224 2596 1300 legati
2629 1239 2877 1284 munere
2922 1223 3138 1279 functus
3188 1225 3372 1281 fuerat
3425 1226 3478 1280 in

1891 1317 2170 1387 Hispania.
2209 1318 2404 1373 Datum
2453 1317 2508 1372 in
2555 1317 2760 1372 nostris
2800 1316 3065 1387 exemplis
3092 1316 3292 1372 dicitur
3337 1332 3480 1373 anno

1890 1410 2060 1476 1096;
2097 1410 2192 1466 sed
2235 1410 2495 1465 mendum
2526 1418 2609 1467 est
2652 1409 2720 1464 ab
2772 1409 3202 1468 amanuensibus
3227 1409 3480 1466 commis-

1889 1516 2033 1568 sum,
2083 1504 2229 1572 quod
2266 1503 2424 1558 facile
2479 1518 2547 1558 ex
2599 1501 2722 1558 aliis
2772 1501 3048 1557 chronicis
3096 1501 3245 1558 notis
3292 1504 3480 1557 sanari

1890 1603 2086 1666 potest,
2141 1595 2245 1650 nisi
2298 1609 2498 1661 annus,
2539 1603 2600 1650 ut
2655 1595 2708 1650 in
2764 1594 3039 1666 plerisque
3083 1593 3388 1665 aliishujus
3427 1603 3482 1650 et

1890 1687 2170 1756 sequentis
2218 1686 2346 1741 anni
2403 1685 2786 1757 diplomatibus
2831 1688 3125 1744 observare
3171 1685 3376 1751 licebit,
3408 1687 3481 1743 ibi

1889 1793 1919 1832 a
1943 1777 2134 1834 Martio
2173 1792 2361 1837 mense
2401 1778 2750 1849 praecedenti,
2810 1779 2863 1834 in
2911 1781 3016 1836 isto
3055 1778 3342 1849 privilegio
3399 1779 3483 1834 in-

203 1884 306 1924 non
335 1867 456 1935 fuit,
483 1883 577 1936 ne,
621 1869 766 1938 quod
793 1868 886 1924 alii
931 1885 1032 1940 pro
1077 1870 1318 1944 legitimo
1364 1872 1672 1940 habuerint,
1707 1883 1788 1930 te-
1819 1849 1864 1908 Β
1889 1869 2136 1944 οΙιοθῑυιζ.

212 1977 352 2017 mere
368 1961 554 2018 videar
597 1959 876 2031 rejecisse.
908 1961 1143 2020 Maxime
1170 1964 1314 2035 quod
1367 1964 1702 2021 Trithemius
1732 1966 1785 2021 in

214 2050 443 2117 ejusdem
482 2051 584 2107 loci
637 2051 909 2108 Chronico
959 2061 1190 2109 testetur
1223 2055 1326 2111 hoc
1373 2055 1549 2126 ipsum
1603 2071 1634 2110 a
1689 2056 1786 2110 Ri-

225 2143 416 2198 cbardo
440 2141 758 2214 Moguntina
789 2146 1211 2216 metropolitano
1261 2149 1550 2220 probatum
1596 2157 1652 2204 et
1687 2151 1784 2204 ad-

229 2235 433 2291 missum
460 2235 642 2292 fuisse.
802 2269 808 2274 ~
1581 2260 1584 2262 ·

209 2355 215 2358 ‹
284 2324 372 2382 Die
392 2329 668 2397 sequenti,
696 2329 847 2385 idest
871 2346 1011 2385 nona
1049 2331 1253 2397 Martii,
1287 2332 1507 2402 scripsit
1536 2331 1786 2388 Urbanus

210 2417 481 2486 epistolam
535 2419 605 2474 ad
658 2419 1049 2476 Noviomenses
1101 2437 1264 2490 quam
1311 2423 1422 2494 jam
1480 2437 1584 2478 non
1619 2422 1786 2478 semel

207 2513 563 2584 laudavimus,
606 2531 705 2587 pro
749 2503 1009 2574 lladbodo
1035 2533 1223 2574 eorum
1276 2519 1550 2590 episcopo,
1579 2528 1638 2574 ut
1661 2536 1782 2576 eum

203 2607 252 2659 in
281 2615 556 2676 pastorem
593 2608 877 2678 recipiant.
906 2609 972 2664 Et
1000 2611 1219 2680 quidem
1247 2626 1371 2666 eum
1402 2627 1584 2678 nemo,
1609 2626 1784 2681 quan-

203 2697 287 2752 diu
324 2699 374 2753 in
403 2700 564 2755 curia
617 2700 862 2757 Romana
915 2701 1093 2757 fuerat
1146 2711 1414 2768 versatus,
1464 2703 1782 2774 cujusquam
1829 2731 1833 2735 ε

196 2789 432 2844 criminis
460 2783 836 2846 accusaverat.

263 2880 389 2936 Post
415 2883 562 2938 duos
585 2883 723 2948 dies,
753 2883 961 2940 scilicet
1001 2877 1287 2940 undecima
1314 2885 1556 2957 ejusdem
1582 2887 1783 2943 mensis

195 2971 384 3042 Martii,
427 2975 577 3030 idem
639 2975 882 3047 pontifex
930 2978 1215 3049 epistolam
1260 2995 1422 3034 unam
1458 2979 1783 3037 Gualcherio

194 3065 357 3122 clccto
411 3068 829 3133 Cameracensi,
884 3080 939 3125 et
994 3071 1224 3127 alteram
1292 3072 1534 3128 Roberto
1594 3074 1778 3128 comiti

1890 1937 2171 2013 CLXXIX.
2211 1955 2466 2014 Riclterus
2515 1960 2786 2030 episcopus
2820 1959 3044 2015 Virduni
3073 1937 3287 2015 Urbano
3307 1971 3478 2028 paret.

1965 2051 2082 2118 Quo
2116 2059 2358 2121 tempore
2382 2052 2496 2122 haec
2540 2051 2594 2105 in
2627 2051 2778 2106 Italia
2820 2052 3142 2122 agebantur,
3191 2051 3478 2116 Richerus,

1873 2143 1980 2213 qui
2005 2142 2073 2196 ab
2141 2142 2302 2198 annis
2357 2153 2563 2212 septem
2621 2142 2674 2196 in
2728 2141 3124 2211 Virdunensem
3169 2143 3482 2212 episcopum

1889 2237 2094 2292 electus
2147 2235 2398 2290 baculum
2429 2235 2497 2290 ab
2523 2235 2759 2291 Henrico
2799 2235 3041 2306 Augusto
3071 2245 3390 2305 acceperat,
3412 2236 3480 2297 ad

1889 2329 2170 2401 I-Iugonem
2195 2328 2443 2400 Lugduni
2495 2328 2963 2399 archiepiscopum
3019 2327 3274 2394 accessit,
3313 2344 3342 2381 a
3372 2344 3480 2398 quo

1888 2430 2010 2494 post
2059 2419 2332 2491 ejuratum
2383 2419 2619 2476 schisma
2697 2429 3052 2475 consecratus
3093 2428 3177 2485 est
3221 2420 3349 2489 ipso
3393 2419 3482 2479 die

1888 2524 2078 2569 sancto
2119 2514 2561 2570 Resurrectionis
2616 2513 2934 2580 Dominicae,
2995 2499 3058 2568 ac
3119 2513 3279 2585 paqu
3330 2525 3482 2585 post,

1888 2604 2169 2660 Dominica
2236 2605 2448 2662 scilicet
2491 2606 2744 2674 :sccunda
2797 2613 2923 2677 post
2970 2604 3204 2672 Pascha,
3251 2605 3480 2661 Virduni

1888 2711 2012 2752 cum
2045 2698 2248 2768 ingenti
2278 2698 2479 2753 civium
2511 2697 2780 2767 applausu
2817 2706 3108 2768 susceptus
3131 2698 3252 2763 fuit,
3280 2709 3477 2768 agente

1888 2787 2120 2845 Rodulfo
2163 2787 2351 2844 Sancti
2402 2787 2642 2844 Victoris
2699 2788 2916 2854 abbate,
2967 2790 3058 2859 qui
3095 2789 3296 2847 Urbani
3359 2805 3481 2859 par-

1892 2885 2024 2939 tium
2068 2891 2188 2936 erat
2235 2880 2498 2935 defensor
2546 2880 2870 2935 acerrimus.
2933 2879 3062 2937 Ilaec
3111 2881 3372 2937 discimus
3411 2898 3481 2936 ex

1887 2972 2190 3030 Laurentio
2220 2973 2285 3027 de
2334 2971 2538 3028 Leodio
2588 2971 2641 3026 in
2695 2971 2934 3028 Historia
2984 2971 3102 3042 ejus
3165 2975 3317 3028 urbis
3367 2974 3482 3042 epi-

1885 3078 2195 3136 scoporum,
2225 3076 2344 3133 quae
2375 3071 2519 3118 tonio
2555 3061 2648 3133 XII
2678 3061 2949 3136 Spicilegii
2985 3061 3280 3140 Acheria‘ni
3324 3063 3477 3118 edita

195 3159 453 3217 l-‘Iandria:
489 3163 838 3232 conscripsit,
892 3164 946 3218 in
979 3165 1208 3234 gratiam
1261 3166 1639 3221 Atrebatensis
1674 3166 1776 3221 Ec-
1808 3205 1849 3262 Ε
1885 3168 1987 3215 est.

196 3252 384 3318 clesiar,
416 3263 485 3308 ut
518 3255 756 3310 diximus
784 3272 1011 3311 numero
1046 3259 1394 3326 praecedenti.
1441 3257 1551 3313 llas
1594 3259 1778 3329 sequi-

197 3353 274 3396 tur
297 3344 549 3414 ejusdcm
574 3345 844 3416 pontificis
873 3347 1097 3416 epistola
1159 3349 1226 3404 ad
1280 3347 1583 3406 Guidonem
1615 3350 1694 3406 Vi.
1717 3366 1779 3404 n-

191 3452 401 3491 ncnsem
453 3439 924 3509 archiepiscopum
988 3441 1278 3497 occasione
1327 3440 1780 3499 Salmoriacensis

192 3529 325 3600 pagi,
356 3530 554 3584 itidem
583 3532 834 3600 superius
859 3532 1098 3599 laudata,
1128 3550 1246 3604 qua:
1277 3551 1328 3589 IV
1355 3534 1480 3589 Idus
1511 3536 1564 3591 id
1593 3547 1679 3592 est
1713 3537 1782 3591 ’12

190 3622 270 3676 die
293 3621 482 3697 Martii
520 3625 822 3695 conscripta
853 3625 975 3680 fuit.
1193 3643 1196 3646 '
1282 3639 1285 3643 ·
1373 3632 1378 3638 “

257 3713 439 3771 Pridie
493 3716 617 3772 Idus
645 3709 884 3788 ejusdem
921 3719 1122 3773 mensis
1150 3717 1399 3774 Urbanus
1448 3722 1624 3776 varias
1654 3737 1779 3792 pos-

195 3808 466 3863 sessiones
489 3821 525 3861 'a
563 3807 858 3864 Gotofredo
888 3810 1144 3880 episeopo
1192 3826 1483 3866 concessas
1541 3812 1779 3880 Magalo-

193 3901 446 3958 nensibus
467 3902 782 3969 canonicis,
803 3904 892 3974 qui
925 3904 1225 3974 regularem
1253 3905 1419 3960 vitam
1439 3905 1594 3974 juxta
1623 3924 1781 3978 regu-

195 3990 290 4044 lam
321 3991 519 4048 Sancti
547 3993 828 4063 Augustini
875 3996 1107 4065 amplexi
1142 3997 1378 4063 fuerant,
1413 3999 1775 4065 confirmavit,

193 4083 307 4137 data.
337 4086 415 4139 eis
437 4100 543 4139 sua
580 4084 954 4153 benedictione,
987 4081 1393 4159 etpeccatorum
1423 4091 1770 4146 absolutione.

191 4175 347 4246 Hujus
374 4177 636 4256 rescripti
692 4179 942 4235 meminit
964 4180 1232 4236 Antonius
1255 4183 1322 4236 dc
1347 4181 1596 4236 Vcrdalla
1627 4184 1775 4253 ejus-

194 4269 304 4323 dem
329 4270 598 4326 Ecclesim
627 4271 938 4342 cpiscopus,
991 4273 1081 4343 qui
1113 4274 1259 4329 sedis
1314 4289 1426 4330 sure
1472 4276 1776 4330 antistitum

195 4358 488 4418 Historiam
512 4363 730 4433 scripsit
753 4364 953 4419 editam
1022 4376 1166 4421 tomo
1195 4381 1210 4418 ι
1246 4366 1589 4422 Bibliotheca:
1637 4366 1776 4422 Lab—

195 4449 389 4508 beanze.
446 4453 536 4506 An
585 4468 719 4509 vero
763 4452 1090 4511 Cotofredus
1129 4456 1266 4527 ipse,
1311 4457 1400 4526 qui
1459 4456 1599 4514 forte
1651 4467 1777 4514 tunc

1885 3275 2142 3333 CLXXX.
2188 3275 2432 3332 Urbanus
2485 3296 2516 3330 rt
2562 3275 2806 3331 Conrado
2859 3293 2976 3332 reae
3026 3277 3289 3346 excipitur
3345 3273 3474 3327 Cre-

2592 3365 2760 3401 ηιοηίε
2767 3387 2780 3400 .

1953 3438 2198 3494 Pontifex
2249 3454 2378 3495 vero
2425 3439 2706 3494 Placentia
2756 3437 2912 3501 initio
2944 3438 3145 3509 Aprilis
3195 3451 3470 3506 egressus,

1891 3528 2090 3583 multas
2141 3530 2323 3594 urbes,
2376 3537 2435 3580 ut
2490 3528 2656 3582 habet
2699 3526 2985 3592 Domnizo,
3018 3526 3374 3597 peragravit;
3409 3539 3476 3578 ac

1882 3623 2193 3690 primo,_ut
2245 3621 2463 3691 quidem
2513 3618 2734 3690 exigere
2787 3618 3002 3673 videtur
3051 3617 3263 3674 itineris
3301 3617 3473 3672 series

1882 3727 2005 3765 cum
2053 3710 2404 3784 antiquorum
2442 3717 2730 3763 auctorum
2761 3707 3119 3763 relationibus
3148 3706 3468 3775 composita,

1881 3800 2202 3856 Cremonam
2227 3815 2418 3854 rursus
2445 3799 2598 3864 adiit,
2623 3799 2712 3872 ubi
2737 3797 3042 3854 Conradutn
3063 3795 3276 3852 llenrici
3305 3793 3476 3849 lilium

1882 3890 2048 3946 Italia:
2100 3906 2282 3963 regem
2320 3906 2372 3944 ιν
2416 3890 2543 3945 Idus
2572 3889 2796 3960 Aprilis,
2843 3899 2901 3944 ut
2945 3888 3231 3945 Berloldus
3282 3886 3473 3950 refert,

1882 3981 2072 4036 habuit
2100 3981 2341 4048 obvium,
2370 3980 2460 4052 qui
2509 3979 2557 4034 ei
2585 3981 2828 4034 stratoris
2853 3981 3077 4051 ofﬁcium
3122 3980 3381 4044 exhibuit,
3407 3994 3474 4034 ac

1881 4071 2001 4142 fecit
2028 4071 2335 4140 ﬁdelitatem
2379 4072 2686 4140 juramento
2711 4073 2774 4124 de
2799 4072 2928 4136 vita,
2952 4071 3015 4124 de
3062 4071 3307 4124 membris
3336 4080 3382 4124 et
3407 4070 3471 4123 de

1879 4172 2076 4233 papatu
2104 4153 2362 4217 Romano.
2390 4162 2641 4218 Urbanus
2665 4178 2791 4217 vero
2815 4161 3002 4232 recepit
3033 4161 3183 4216 illum
3217 4165 3271 4217 in
3294 4162 3471 4230 [ilium

1881 4263 2077 4308 sancta:
2107 4253 2361 4308 Romana:
2387 4252 2659 4318 Ecclesiw,
2689 4254 2837 4324 eique
2864 4253 3142 4307 consilium
3181 4263 3228 4306 ct
3251 4252 3469 4326 adjutoj-

1883 4346 2020 4399 rium
2071 4346 2138 4398 ad
2189 4345 2530 4398 obtinendum
2579 4358 2816 4414 regnum,
2874 4353 2924 4397 et
2981 4333 3230 4397 coronam
3264 4343 3492 4414 intperii’

1879 4437 2255 4508 acquirendam
2285 4453 2464 4492 coram
2488 4436 2681 4508 populo
2711 4436 3016 4505 ﬁrmissime
3035 4437 3294 4506 promisit,
3323 4436 3468 4490 salra

195 4537 482 4598 Flagellum
513 4553 652 4610 erat,
688 4544 815 4598 illud
849 4545 963 4615 ipse
1014 4545 1411 4616 impetraverit,
1442 4561 1545 4602 non
1593 4549 1777 4617 εχριιί,
1814 4565 1857 4620 D
1884 4530 2092 4599 quidem
2111 4529 2320 4598 justitia
2361 4527 2505 4582 illius
2539 4527 2789 4583 Ecclesiae
2813 4539 2860 4584 et
2889 4528 3102 4584 statutis
3131 4527 3470 4620 apostolicis;

194 4632 370 4698 mitur,
400 4634 550 4704 quod
579 4646 758 4690 tamen
782 4635 1076 4692 verisimile
1105 4646 1206 4700 est,
1242 4654 1362 4693 cmn
1397 4639 1510 4708 ipse
1541 4640 1772 4695 multum

194 4721 484 4780 desudasse
517 4726 732 4781 dicatur
789 4728 840 4781 in
873 4727 1206 4783 restituenda
1238 4729 1494 4786 Ecclesia:
1547 4746 1656 4785 suae
1681 4747 1773 4786 ca-

195 4817 510 4872 nonicorum
539 4817 771 4888 regulari
795 4820 928 4874 vita.

261 4905 371 4962 IIoc
409 4909 755 4979 privilegium
779 4911 921 4964 aliud
947 4913 1195 4981 sequitur
1212 4913 1607 4985 amplissimum
1632 4918 1776 4985 quod

200 5006 311 5064 post
343 4999 486 5055 duos
513 5001 652 5065 dics,
679 5001 730 5055 id
755 5011 840 5056 est
866 5003 933 5056 Ili
960 5002 1165 5068 Martii,
1195 5014 1385 5060 sancto
1411 5005 1622 5076 llugoni
1644 5006 1777 5061 Clu-

198 5087 426 5152 niacensi
465 5093 648 5146 abbati
677 5093 923 5163 pontifex
963 5095 1211 5150 indulsit.
1236 5095 1293 5149 In
1325 5110 1391 5150 co
1417 5106 1776 5151 recensentur

197 5179 444 5239 Ecclesiae
470 5186 645 5240 eidem
677 5189 1006 5242 monasterio
1047 5190 1098 5242 in
1126 5190 1293 5243 variis
1322 5189 1620 5258 provinciis
1649 5191 1775 5244 sub-

192 5272 360 5341 jectae,
392 5277 903 5349 conﬁrmanturque
931 5281 1115 5334 omnia
1169 5282 1272 5335 alia
1318 5281 1597 5351 privilegia
1623 5297 1777 5352 snpe-

200 5368 393 5423 riorum
437 5373 754 5441 pontificum
798 5391 813 5439 ;
877 5385 990 5429 tum
1043 5375 1341 5441 interdicit,
1401 5377 1556 5441 sicut,
1599 5377 1774 5444 inquit

201 5462 458 5529 pontifex,
492 5481 520 5518 a
554 5464 806 5536 Gregorio
834 5467 886 5521 in
926 5467 1161 5521 Romana
1211 5468 1432 5538 synodo,
1475 5479 1532 5523 cl
1559 5484 1721 5537 nuper
1742 5485 1776 5521 α

204 5554 433 5608 nobisin
489 5554 802 5616 Placentina
852 5568 1105 5612 statutum
1162 5558 1362 5624 fuerat,
1414 5559 1634 5614 cuilibet
1692 5575 1778 5614 ar'

203 5640 560 5713 chiepiscopo,
599 5646 880 5718 episcopo,
909 5657 1000 5701 aut
1029 5649 1195 5703 etiam
1249 5649 1429 5720 legato
1476 5647 1774 5719 apostolico

206 5747 423 5792 omnem
477 5740 790 5796 facultatem
845 5742 1234 5798 Cluniacenscs
1286 5743 1643 5799 intertliccndi
1693 5743 1776 5798 vel

208 5830 720 5893 cxcbmmunicandi,
780 5840 868 5888 aut
926 5833 1286 5902 cognoscendi
1339 5850 1526 5890 eorum
1560 5850 1774 5900 causas,

1883 4638 2109 4676 maxime
2133 4623 2195 4676 de
2224 4622 2540 4676 investiturts
2571 4622 2623 4675 in
2660 4622 3022 4692 spiritualibus
3049 4619 3228 4692 ofﬁciis
3257 4636 3288 4672 a
3331 4619 3470 4673 laico

1884 4733 1985 4771 non
2013 4718 2350 4786 usurpandis.
2397 4715 2526 4770 Haec
2554 4731 2680 4771 cum
2713 4701 3013 4786 accepisset
3040 4717 3132 4772 Ivo
3163 4715 3475 4780 Carnotene-

1881 4807 2019 4862 sium
2065 4807 2297 4864 antistes
2338 4807 2553 4870 litteras
2601 4807 2844 4882 pontifici
2899 4807 3119 4878 scripsit
3168 4808 3366 4878 quibus
3414 4806 3465 4860 ei

1880 4901 2266 4971 gratularetur.
2289 4900 2410 4961 Iluc
2433 4903 2574 4958 enim
2609 4899 2968 4960 revocandam
2999 4915 3118 4956 esse
3143 4915 3248 4956 non
3279 4900 3472 4956 dubito

1881 4993 1999 5064 ejus
2026 4993 2310 5063 epistolam
2341 4993 2412 5048 45
2439 4994 2537 5064 ipsi
2599 4993 2817 5049 Urbano
2863 4992 3197 5061 inscriptam,
3243 4995 3296 5047 in
3359 5008 3468 5062 qua

1881 5087 2136 5155 gaudium
2194 5104 2347 5141 suum
2406 5087 2565 5142 nullis
2635 5084 2961 5156 syllabarum
3011 5086 3159 5138 metis
3214 5083 3469 5156 explicari

1881 5194 2040 5250 posse
2064 5180 2316 5246 afﬁrmat,
2345 5199 2361 5232 ι
2387 5181 2531 5251 quod
2561 5178 2795 5241 audierit
2826 5177 3130 5243 Humanam
3164 5177 3463 5244 Ecclesiam

1881 5272 1982 5327 sub
2025 5271 2144 5342 ejus
2200 5274 2460 5346 regimine
2501 5273 2573 5326 ita
2627 5285 2974 5340 prOSperare,
3016 5280 3074 5325 ut
3130 5269 3199 5324 ad
3253 5279 3465 5338 portum

1882 5383 2021 5436 pene
2069 5377 2354 5438 perventa,
2407 5365 2572 5421 Italia:
2622 5378 2846 5435 regnum
2903 5362 3125 5432 jamdiu'
3163 5362 3364 5418 rebelle
3416 5363 3467 5415 in

1882 5471 2173 5530 conspectu
2203 5460 2321 5530 ejus
2354 5467 2525 5513 totum
2553 5472 2689 5528 pene
2734 5457 3032 5523 conticeat,
3057 5464 3114 5512 et
3147 5469 3318 5511 novus
3349 5467 3466 5516 rex,

1883 5553 2095 5624 (procul
2123 5553 2286 5609 dubio
2313 5551 2620 5619 Conradus)
2669 5567 2790 5608 sese
2824 5550 3045 5624 omnino
3077 5549 3146 5604 ad
3191 5547 3306 5612 Dei,
3336 5544 3473 5614 ejus-

1881 5662 1986 5717 que
2012 5646 2346 5702 voluntatem
2379 5646 2430 5699 in
2489 5645 2607 5716 ejus
2659 5661 2857 5701 manus
2910 5643 3140 5700 dederit.
3184 5661 3202 5695 ι
3259 5639 3473 5708 thui-

1883 5744 2027 5806 dem,
2070 5751 2128 5796 ut
2182 5741 2496 5797 observavit
2551 5741 2827 5812 Sigonius,
2878 5754 2998 5795 cum
3057 5734 3320 5791 Henricus
3375 5733 3468 5785 im-

1885 5845 2106 5905 perator
2167 5851 2232 5890 ex
2287 5833 2437 5890 Italia
2483 5836 2840 5906 excessisset,
2893 5829 3072 5904 ,ιιι-ω’ἰί
3140 5841 3328 5900 omnes
3401 5823 3468 5877 ad
