3962 6312
556 361 655 415 147

556 474 789 530 Conradi
820 484 1006 545 partes
1048 481 1423 534 acenrrerunt,
1458 488 1579 527 cum
1622 488 1735 543 jam
1786 477 1943 531 initio
1978 477 2139 547 hujus

558 572 708 631 anni,
733 576 788 621 ut
818 584 886 621 ex
935 566 1191 621 Bertoldo
1244 566 1504 629 diximus,
1562 568 1703 621 idem
1735 568 1989 639 princeps
2034 570 2142 623 Ma-

560 660 953 731 tbildijunctus
986 669 1153 715 totum
1200 659 1410 729 paterni
1483 660 1757 715 exercitus
1793 662 1959 717 robur
2000 661 2141 717 obti-

558 752 787 806 nuisset.

556 865 834 921 CLXXXI.
889 866 1110 935 Welplto
1157 868 1211 921 in
1263 866 1574 921 Mathildem
1620 879 1806 923 movet.
1863 870 2140 925 Conradus

809 936 1022 1008 Rogerii
1049 939 1254 992 comitis
1282 939 1450 1007 ﬁliam
1480 956 1696 993 uxorem
1725 941 1891 993 ducit.

628 1032 837 1087 Novum
886 1040 1065 1087 tamen
1090 1032 1301 1086 hostem
1330 1046 1393 1087 eo
1420 1041 1662 1102 tempore
1694 1034 1965 1091 sustinere
1995 1049 2141 1090 com-

562 1126 717 1195 pulsa
741 1124 1036 1191 Mathildis,
1061 1124 1422 1193 Welphonem
1451 1126 1660 1181 scilicet
1689 1138 1922 1198 patrem,
1948 1130 2138 1184 ducem

551 1218 815 1273 Bavarize.
840 1219 931 1288 qui
957 1234 1101 1287 aegro
1132 1219 1315 1274 animo
1352 1219 1533 1275 ferens
1564 1219 1927 1291 Welphonem
1978 1237 2139 1276 suum

552 1310 725 1364 ﬁlium
772 1327 800 1365 a
863 1310 1138 1367 Malltildis
1196 1312 1313 1382 ejus
1353 1313 1542 1368 uxoris
1592 1323 1712 1369 toro
1757 1325 2138 1386 sequestratum

553 1402 763 1467 vivere,
794 1404 999 1458 veritus
1033 1418 1099 1459 ne
1125 1419 1190 1460 eo
1226 1414 1385 1475 pacto
1413 1406 1568 1461 bonis
1592 1405 1709 1474 ejus
1756 1407 2137 1472 frustraretur,

554 1495 623 1549 ad
655 1495 947 1551 chricum
980 1498 1233 1562 descivit,
1266 1507 1322 1552 ut
1347 1514 1410 1554 ea
1444 1498 1583 1554 bona
1629 1500 1674 1553 si
1708 1516 1815 1554 non
1848 1513 2061 1571 sponte,
2086 1504 2137 1558 vi

558 1587 751 1643 saltem
790 1588 857 1642 ab
876 1605 939 1644 ea
965 1600 1345 1661 extorqueret;
1380 1592 1472 1647 sed
1502 1592 1642 1647 irriti
1669 1593 1819 1648 fuere
1833 1592 1950 1662 ejus
1972 1608 2138 1649 cona-

548 1690 658 1734 tus.
681 1680 957 1737 Mathildis
976 1684 1197 1755 quippe,
1226 1684 1410 1740 animo
1434 1685 1823 1756 imperterrita,
1849 1696 1995 1744 artes
2020 1688 2139 1758 ejus

546 1771 712 1827 elusit
741 1782 793 1827 et
839 1775 1137 1844 potentiam
1179 1775 1369 1848 fregit;
1423 1792 1526 1833 nec
1570 1778 1911 1833 mirum.llla
1959 1781 2127 1847 enim,

547 1866 623 1919 uti
680 1866 851 1921 refert
919 1868 1224 1925 Willelmus
1284 1870 1814 1939 Malmesburiensis,
1883 1875 1974 1943 qui
2028 1892 2130 1932 nec

548 1955 766 2013 Urbano
819 1975 918 2016 nec
948 1960 1192 2016 Mathildi
1226 1961 1409 2018 favere
1432 1964 1736 2029 consuevit,
1768 1964 1929 2019 oblita
1953 1984 2130 2033 sexus,

549 2067 641 2104 nec
697 2052 879 2122 a'ispar
932 2055 1161 2125 antiquis
1201 2057 1545 2110 amazonibus
1580 2097 1594 2122 ,
1652 2056 1851 2125 ferrata
1898 2060 2130 2113 virorum

549 2144 759 2210 agmina
807 2146 860 2197 in
913 2146 1103 2199 bellant
1154 2149 1339 2216 agebat
1393 2148 1609 2217 femina.
1662 2148 1771 2204 Nec
1822 2149 2031 2206 felicior
2078 2153 2130 2206 in

545 2233 869 2290 Alemannia
916 2237 1149 2306 Welpho
1208 2238 1328 2303 fuit,
1374 2240 1464 2295 ubi
1516 2239 1765 2299 multum.
1830 2252 1965 2298 teste
2009 2243 2135 2299 Ber-

548 2323 733 2390 toldo,
806 2343 929 2382 cum
995 2329 1117 2384 aliis
1177 2331 1517 2401 principibus
1579 2343 1858 2388 nonnullis
1926 2335 2131 2391 frustra

545 2416 814 2474 laboravit
878 2421 931 2475 in
985 2424 1328 2491 procuranda
1392 2424 1610 2479 Ilenrici
1666 2426 2011 2483 restitutione
2078 2430 2130 2484 in

549 2522 797 2578 regnum.

617 2602 828 2660 Interea
856 2606 1162 2675 Conradns,
1193 2621 1475 2667 crescente
1502 2611 1556 2665 in
1587 2611 1702 2668 dies
1726 2611 1843 2681 ejus
1869 2612 2130 2684 potentia,

502 2760 507 2763 _
546 2695 700 2751 Pisas
723 2712 845 2752 cum
888 2711 1150 2770 apparatu
1187 2703 1335 2773 regio
1362 2704 1515 2770 adiit,
1550 2704 1733 2774 ibique
1790 2704 2008 2774 Rogerii
2042 2719 2131 2759 co-

546 2789 694 2844 mitis
724 2790 923 2847 Sicilia:
947 2802 1001 2848 et
1025 2793 1289 2850 Calabria:
1334 2796 1500 2851 filiam
1551 2814 1672 2851 cum
1715 2799 1954 2854 inaudita
1981 2815 2133 2867 pecu-

546 2882 637 2935 nia
665 2883 718 2937 in
771 2900 1025 2954 sponsam
1059 2888 1302 2957 accepit:
1344 2889 1487 2958 quod
1517 2889 1720 2945 Urbani
1760 2900 1815 2945 et
1854 2890 2133 2945 Mathildis

544 2975 773 3030 consilio
814 2977 1015 3032 factum
1044 2979 1213 3035 fuisse
1240 2990 1472 3035 testatur
1510 2980 1805 3037 Gaufridns
1835 2984 2135 3037 monachus

548 3068 683 3122 libro
715 3085 785 3134 tv,
824 3072 915 3127 ubi
948 3072 1160 3128 litteras
1184 3089 1213 3127 a
1240 3074 1498 3143 pontifice
1527 3089 1588 3129 ea
1609 3075 1896 3131 occasione
1925 3076 1989 3131 ad
2022 3076 2132 3131 Ro-

544 3160 754 3228 gerium
804 3164 1036 3234 scriptas
1064 3174 1476 3222 commemorat.
1516 3166 1624 3222 Sed
1654 3168 1738 3223 ha:
1790 3169 2130 3234 exciderunt,
2158 3188 2206 3249 (ς

546 3269 756 3308 summa
788 3272 977 3312 earum
1010 3274 1077 3314 ex
1131 3259 1223 3314 illo
1252 3269 1476 3315 auctore
1505 3259 1620 3315 haec
1658 3269 1818 3316 erat:
1850 3259 2133 3316 Urbanum

546 3345 789 3419 liogerio
817 3350 1105 3421 scripsisse
1134 3352 1234 3405 sibi
1265 3368 1455 3421 magno
1484 3352 1674 3406 honori
1701 3364 1750 3407 et
1783 3354 2017 3420 proﬁcuo
2044 3355 2135 3424 fw-

541 3455 736 3508 turum,
764 3446 808 3496 si
865 3443 978 3511 [ilia
1005 3443 1117 3512 [ilio
1151 3444 1284 3514 regis
1317 3444 1496 3513 futuro
1522 3461 1711 3515 sponso
1730 3445 1995 3516 jungatur
2028 3464 2047 3511 ;
2086 3457 2133 3501 et

537 3536 741 3603 juvenis
773 3547 969 3589 sanctre
992 3534 1247 3590 Romana:
1272 3535 1525 3591 Ecclesiae
1552 3536 1809 3605 ﬁdelitate
1836 3538 2133 3601 adhaerens,

541 3631 632 3681 sed
671 3628 988 3695 sumptibus,
1019 3628 1207 3697 quibus
1259 3638 1441 3682 contra
1469 3638 1693 3697 patrem,
1742 3630 1833 3699 qui
1882 3646 2000 3683 eum
2052 3631 2132 3682 in—

543 3723 681 3784 iuste
726 3720 1077 3788 oppugnabat,
1120 3720 1292 3773 minus
1344 3721 1619 3788 sufficiens,
1649 3736 1778 3790 quos
1824 3731 1971 3790 pater
2016 3737 2135 3774 cum

543 3810 658 3877 ﬁlia
694 3811 865 3877 daret,
894 3810 1086 3864 viribus
1113 3810 1274 3864 victus
1308 3810 1396 3882 [f.,
1423 3812 1637 3883 auctus]
1696 3814 1763 3865 ad
1800 3815 2134 3870 debellandos

544 3902 783 3955 inimicos
832 3911 1030 3956 sancta:
1087 3902 1185 3956 Dei
1229 3900 1482 3956 Ecclesia:
1531 3901 1862 3971 pra’valeret.
1909 3903 2063 3971 Quod
2103 3922 2133 3959 a

545 3994 781 4064 Rogerio
846 3994 1145 4064 przcstitnm
1216 3994 1385 4050 fuisse
1442 3993 1771 4062 subjungit,
1833 3998 2000 4053 missa
2065 4000 2132 4056 ad

546 4087 687 4141 hanc
718 4100 829 4140 rem
850 4087 1053 4157 ingenti
1090 4086 1265 4143 classe
1294 4103 1409 4140 cum
1437 4086 1614 4139 multis
1638 4087 2007 4143 thesaurorum
2036 4106 2133 4145 αοε-

547 4180 669 4231 niis.

504 4270 851 4347 .CLXXXII.
896 4272 1085 4328 Petrus
1116 4272 1544 4347 recidi-agonum
1569 4274 1681 4327 sedi
1704 4275 2008 4347 apostolica:
2038 4277 2135 4330 ad-

1180 4345 1524 4398 dictissimus.

616 4437 729 4494 Iloc
773 4438 891 4507 ipso
939 4447 1184 4506 tempore
1242 4437 1485 4507 suscepit
1550 4437 1802 4494 Urbanus
1850 4439 2062 4495 litteras
2101 4456 2132 4495 a

544 4529 708 4586 Petro
758 4530 1070 4602 Aragonum
1109 4544 1254 4599 rege,
1300 4530 1499 4600 quibus
1535 4530 1624 4585 ille
1654 4540 1852 4600 praeter
1875 4532 2133 4587 obedien-

545 4624 675 4678 tiam
735 4623 950 4678 filialem
991 4638 1143 4693 papae
1202 4623 1461 4689 debitam,
1494 4638 1613 4678 sese
1651 4624 1816 4678 etiam
1855 4623 2133 4694 obligabat

546 4718 613 4770 ad
644 4732 841 4772 census
871 4716 1015 4771 illius
1073 4715 1421 4780 solutionem,
1464 4732 1623 4785 quem
1648 4716 1775 4771 olim
1806 4732 1939 4771 suus
1978 4726 2134 4785 pater

547 4810 777 4863 Saucius
812 4818 1053 4879 tempore
1078 4807 1326 4879 Gregorii
1354 4806 1446 4861 VII
1498 4808 1612 4863 sedi
1667 4809 1977 4879 apostolica:
2006 4809 2134 4863 red-

546 4903 781 4957 dendum
839 4902 1171 4958 instituerat.
1233 4899 1343 4955 llas
1394 4900 1603 4955 litteras
1651 4916 1717 4955 ex
1758 4898 1966 4956 Joanne
2010 4900 2131 4955 Briz

544 4994 832 5048 Martineio
854 4995 1049 5050 abbate
1071 4992 1401 5049 Pennatensi
1430 4992 1613 5047 laudat
1637 4993 1721 5046 vir
1739 4992 2134 5047 illustrissimus

545 5088 741 5143 Petrus
771 5088 837 5141 de
870 5088 1050 5143 Marca
1095 5088 1147 5142 in
1181 5087 1417 5143 llistoria
1451 5087 1769 5152 Bearnensi,
1809 5101 2010 5156 easque
2033 5088 2135 5141 hoc

549 5194 696 5234 anno
724 5178 957 5247 scriptas
1012 5178 1179 5234 fuisse
1209 5180 1362 5235 dicit.
1412 5178 1479 5232 Et
1509 5178 1727 5248 quidem
1765 5180 1906 5233 hunc
1931 5194 2131 5233 annum

546 5267 771 5337 praefert
820 5268 1050 5337 insignis
1098 5268 1300 5323 Urbani
1359 5269 1526 5335 bulla,
1586 5271 1778 5324 harum
1829 5269 2130 5323 litterarum

548 5359 867 5426 occasione,
928 5360 1004 5414 uti
1057 5360 1291 5428 videtur,
1345 5362 1401 5416 in
1432 5362 1676 5431 ejusdem
1727 5362 1870 5432 regis
1901 5362 2131 5433 gratiam

547 5450 692 5505 data.
736 5450 795 5505 ln
820 5466 883 5506 ea
910 5449 1164 5506 Urbanus
1210 5467 1392 5521 regem
1440 5454 1506 5507 de
1561 5452 1677 5522 ejus
1728 5454 1781 5508 in
1831 5453 2133 5508 Ecclesiam

548 5542 854 5597 reverentia
881 5550 931 5597 et
960 5542 1323 5612 propensione
1350 5544 1652 5614 gratulatur
1688 5562 1701 5610 ;
1743 5554 1856 5599 tum
1888 5559 2133 5613 conque-

552 5634 693 5688 ritur
724 5636 865 5703 quod
921 5635 1213 5691 nonnullos
1264 5637 1554 5703 antistites,
1605 5638 1697 5707 qui
1728 5639 1778 5691 ei
1833 5637 2017 5692 favere
2043 5638 2136 5692 de-

552 5725 825 5789 buissent,
858 5728 1206 5783 adversarios
1236 5736 1511 5797 pateretur
1538 5746 1551 5788 ;
1603 5744 1667 5782 ac
1711 5728 1942 5797 denique
1970 5727 2135 5781 multa

547 5820 594 5874 ei
651 5821 875 5891 ejusque
929 5824 1195 5892 prosapiae
1259 5822 1635 5893 principibus,
1692 5837 1755 5876 ac
1800 5821 1922 5877 aliis
1984 5820 2131 5891 regni

1829 359 1889 414 Β.
1931 360 2185 416 URBANI
2228 362 2265 416 ll
2294 363 2495 418 P.\P.E

3683 381 3761 438 ηε

2168 481 2211 539 Α
2244 480 2558 549 proceribus
2588 482 2844 551 praeclara
2867 483 2991 555 jura
3024 487 3270 542 concedit
3298 487 3350 541 in
3377 488 3633 557 ecclesias,
3658 511 3762 566 quas

2246 570 2327 623 vel
2366 571 2716 629 liberaverint
2761 590 2791 629 a
2829 575 3224 632 Saracenorum
3255 578 3407 651 jngo,
3449 592 3536 637 aut
3572 590 3765 643 certedc

2248 677 2386 717 novo
2415 668 2807 722 exstruxerint.
2860 668 2971 724 Hoc
3016 670 3380 740 privilegium,
3436 688 3498 728 ex
3546 675 3766 734 historicis

2250 750 2558 822 llispanicis
2609 756 2827 812 dabitur
2860 758 3005 813 inter
3037 758 3241 816 Urbani
3297 763 3579 831 epistolas;
3614 767 3659 821 in
3689 785 3768 837 quo

2243 845 2459 913 quidem
2508 849 2642 903 satis
2690 850 2793 905 sibi
2842 862 3095 907 constant
3140 855 3415 908 chronicae
3461 860 3767 921 notae,sedid

2251 938 2414 993 habet
2464 940 2816 1008 incommodi,
2865 944 3008 1013 quod
3050 946 3232 999 datum
3291 945 3501 1001 dicatur
3538 947 3694 1004 Roma
3722 952 3769 1005 I6

2242 1028 2447 1098 Aprilis
2473 1031 2633 1102 hujus
2659 1033 2787 1087 anni
2816 1050 2829 1087 :
2877 1049 2985 1104 quo
3018 1043 3263 1104 tempore
3292 1047 3502 1092 certum
3538 1051 3613 1094 est
3640 1041 3770 1097 Urba-

2243 1136 2369 1174 num
2402 1122 2453 1176 in
2483 1122 2859 1194 Longobardia
2888 1135 3165 1181 versatum
3193 1128 3384 1183 fuisse.
3414 1129 3770 1188 Joannesetiatn

2243 1215 2316 1269 ibi
2348 1218 2696 1287 pra'signator
2732 1220 2935 1274 domini
2978 1219 3181 1275 Urbani
3226 1223 3456 1290 dicitur,
3484 1241 3631 1294 quem
3675 1227 3770 1281 titu-

2242 1305 2374 1369 lum,
2399 1318 2453 1360 ut
2480 1308 2911 1376 observavimus,
2960 1312 3153 1381 primis
3180 1322 3397 1369 tantum
3423 1314 3614 1371 Urbani
3634 1320 3771 1386 annis,

2242 1398 2439 1468 quibus
2458 1399 2651 1457 Petrus
2680 1401 2918 1457 nondum
2948 1407 3234 1475 regnabat,
3264 1410 3569 1477 usurpavit.
3616 1412 3773 1466 Verum

2242 1489 2361 1546 ιιωο
2382 1505 2449 1545 ex
2486 1494 2900 1550 amanuensium
2934 1496 3142 1551 incuria
3167 1501 3461 1567 provenire
3483 1511 3771 1572 potuerunt:

2241 1582 2383 1651 quod
2410 1598 2476 1639 eo
2506 1586 2861 1644 verisimilius
2891 1596 2994 1654 est,
3023 1604 3131 1658 quo
3164 1600 3368 1645 caetera
3398 1592 3453 1646 in
3504 1594 3600 1648 hoc
3623 1609 3774 1649 monu-

2242 1682 2426 1729 mento
2467 1690 2649 1732 rerum
2702 1679 2945 1746 veritati,
2978 1688 3033 1735 ct
3064 1688 3373 1751 temporum
3402 1682 3777 1740 circumstantiis

2240 1767 2487 1835 apprime
2514 1770 2860 1825 conveniant.

2163 1834 2205 1894 Β
2237 1834 2566 1924 CLXXXIII.
2606 1870 2950 1943 Privilegium
2979 1873 3037 1930 S.
3064 1874 3255 1930 Leonis
3289 1876 3553 1933 Tullensis
3584 1880 3777 1935 canonici

2535 1943 2801 2012 regulares
2832 1945 3004 2013 primo
3033 1946 3245 2000 abbates
3274 1949 3533 2002 obtinent.

2311 2021 2501 2077 Varias
2534 2031 2659 2077 tunc
2686 2026 3011 2096 peragrabat
3050 2027 3453 2098 Longobardiaa
3481 2031 3632 2085 urbes
3680 2046 3777 2099 pon-

2241 2117 2394 2183 tifex,
2429 2127 2567 2174 teste
2604 2119 2881 2186 Bertoldo,
2919 2131 2979 2174 ut
3006 2136 3200 2193 nempe
3238 2138 3336 2178 eas
3360 2125 3468 2178 sibi
3504 2123 3773 2186 devinciret,

2236 2224 2300 2263 ac
2338 2224 2434 2264 sua
2485 2211 2771 2279 praesentia
2807 2210 3157 2267 confirmaret
3190 2252 3207 2277 ,
3254 2228 3359 2268 nec
3406 2225 3527 2284 post
3556 2230 3692 2270 suum
3734 2215 3772 2266 in

2238 2300 2411 2356 Gallia
2461 2304 2761 2358 discessum
2815 2304 2885 2359 ab
2929 2319 2995 2357 eo
3034 2305 3351 2361 deficerent.
3408 2307 3565 2363 Certe
3603 2308 3651 2361 in
3695 2306 3774 2360 illis

2235 2392 2482 2461 partibus
2504 2394 2825 2448 versabatur
2848 2409 2970 2449 cum
2995 2395 3242 2451 Lutolfus
3273 2396 3545 2453 Tullensis
3571 2397 3775 2451 Ecclesia:

2236 2484 2477 2539 decanus
2508 2486 2576 2541 ab
2605 2502 2669 2541 eo
2699 2487 3039 2558 privilegium
3081 2489 3396 2559 impetravit
3436 2507 3531 2562 pro
3556 2500 3780 2545 monaste-

2238 2575 2319 2629 rio
2359 2590 2389 2629 a
2430 2590 2489 2631 se
2513 2592 2706 2631 recens
2758 2578 2978 2633 condito
3028 2595 3196 2649 prope
3254 2582 3505 2636 eamdem
3548 2582 3711 2635 urbem
3740 2580 3777 2632 iu

2238 2664 2498 2719 honorem
2536 2665 2675 2720 beati
2709 2681 2861 2737 papa:
2899 2667 3097 2724 Leonis
3126 2669 3217 2733 IX,
3264 2671 3358 2739 qui
3399 2678 3526 2725 ante
3570 2670 3775 2739 adeptum

2238 2753 2610 2822 pontificatum
2641 2753 2913 2812 Tullensis
2968 2758 3259 2828 episcopus
3287 2760 3489 2815 fuerat.
3529 2760 3599 2814 Eo
3622 2759 3778 2813 inloco

2238 2846 2533 2900 canonicos
2595 2846 2875 2917 regulares
2928 2848 3357 2918 Augustinianos
3415 2852 3514 2907 sub
3562 2849 3776 2921 pra-positi

2240 2937 2504 3007 regimine
2531 2937 2847 2993 instituerat
2875 2938 3146 3010 Lutolfus,
3175 2943 3270 2997 sed
3301 2943 3450 2997 hunc
3478 2941 3776 3013 praepositum

2240 3026 2511 3082 Tullensis
2563 3029 2797 3085 antistes
2851 3039 3036 3100 postea
3090 3032 3143 3086 in
3190 3034 3451 3088 abbatem
3513 3030 3778 3088 solemniter

2239 3121 2600 3176 consecravit.
2640 3122 2776 3189 Quid
2808 3138 2937 3178 vero
2968 3123 3019 3177 in
3071 3124 3275 3180 Urbani
3323 3126 3603 3196 privilegio
3646 3121 3777 3178 conti-

2239 3214 2643 3280 neretur,hand
2676 3224 2885 3270 certum
2915 3226 3018 3279 est,
3052 3232 3173 3270 cum
3209 3216 3333 3286 ejus
3363 3218 3633 3289 exemplar
3658 3227 3775 3269 recu-

2235 3323 2429 3378 perare
2462 3324 2569 3363 non
2598 3308 2814 3365 licuerit
2848 3324 2863 3373 ;
2906 3317 2960 3362 at
2982 3308 3102 3377 ejus
3127 3311 3425 3366 occasione
3476 3324 3584 3364 rem
3628 3311 3774 3360 notatu

2236 3402 2455 3471 dignam
2503 3401 2813 3457 observavit
2842 3402 3131 3458 Bertoldus
3160 3418 3175 3456 :
3209 3418 3409 3475 nempe
3448 3405 3588 3459 hunc
3614 3412 3775 3454 morem

2234 3493 2412 3564 primo
2447 3492 2501 3547 in
2532 3492 2633 3548 illis
2660 3494 2904 3563 partibus
2931 3494 3250 3559 invaluisse,
3285 3504 3349 3565 ut
3372 3490 3773 3551 monasteriowm

2236 3585 2581 3652 clericorum,
2617 3600 2737 3655 qua:
2769 3585 2998 3640 Romani
3036 3586 3292 3640 canonica
3347 3585 3690 3658 appellabant,
3712 3592 3775 3631 te-

2236 3685 2441 3738 ctores,
2474 3686 2635 3730 antea
2667 3677 2936 3745 μητροδίιί
2986 3676 3160 3732 solum
3201 3676 3359 3743 dicti,
3408 3676 3772 3732 nominarentur

2236 3767 2480 3833 abbates,
2515 3784 2691 3838 eoque
2747 3768 2906 3822 titulo
2951 3779 3439 3834 consecrarentur,
3469 3768 3570 3823 hoc
3613 3771 3775 3818 tantum

2236 3869 2461 3930 excepto
2510 3862 2654 3930 quod
2676 3861 2899 3917 baculos
2932 3877 3037 3916 non
3066 3870 3367 3930 gestarent.
3393 3861 3491 3916 Iiic
3521 3870 3643 3913 usus
3664 3857 3775 3923 pust-

2237 3952 2456 4006 modum
2490 3952 2542 4005 in
2568 3952 2703 4008 alias
2733 3967 2949 4024 quoque
2999 3954 3248 4024 regiones
3274 3950 3599 4023 penetravit,
3625 3957 3673 4001 et
3708 3958 3775 3996 Ca-

2237 4043 2555 4098 nonicorum
2584 4044 2911 4115 regularium
2938 4045 3210 4115 praepositi
3239 4045 3500 4114 deinceps
3522 4056 3619 4097 non
3647 4033 3773 4091 modo

2236 4133 2463 4188 dimisso
2510 4134 2787 4203 praepositi
2828 4134 2986 4188 titulo
3045 4148 3168 4189 sese
3214 4132 3443 4189 abbates
3476 4136 3775 4194 nuncupm‘e'

2236 4234 2382 4291 runt,
2408 4226 2504 4279 sed
2537 4226 2701 4281 etiam
2732 4225 2907 4281 mitra:
2935 4241 3091 4279 usum
3136 4234 3192 4279 et
3243 4224 3348 4279 alia
3390 4225 3634 4279 abbatum
3675 4210 3775 4269 insi-

2236 4316 2382 4384 gnia,
2432 4316 2879 4385 permittentibus
2937 4316 3335 4386 pontificibus,
3391 4324 3450 4369 ut
3496 4312 3605 4376 alii,
3654 4317 3775 4360 usur-

2235 4417 2453 4480 parunt.
2480 4408 2693 4464 Videsis
2721 4408 3021 4479 Rupertum
3048 4408 3185 4463 libro
3210 4424 3262 4462 tv
3293 4409 3347 4463 in
3379 4406 3605 4478 regulam
3625 4391 3773 4454 Sancti

2238 4503 2535 4569 Benedicti,
2562 4503 2655 4557 ubi
2704 4502 2988 4572 epistolam
3020 4518 3084 4557 ea
3134 4502 3427 4557 occasione
3470 4518 3499 4555 a
3542 4490 3775 4553 Friderieo

2239 4597 2646 4667 archiepiscopo
2686 4595 2991 4651 Coloniensi
3018 4595 3278 4664 scriptam
3310 4596 3498 4650 refert.

2236 4687 2565 4763 CLXXXIV.
2607 4687 2854 4763 Urbanus
2889 4686 3178 4763 Mediolani
3218 4687 3544 4763 privilegium
3565 4678 3774 4763 Ecclesia

2307 4759 2711 4812 (.arcassoneusi
2752 4760 2863 4810 dat.
2916 4758 3087 4826 Epist.
3132 4757 3197 4811 de
3246 4758 3335 4810 lite
3387 4756 3770 4811 Salmoriacenst.

2309 4830 2644 4883 llumbaldus
2712 4828 2981 4897 episcopus
3050 4828 3405 4882 Antissiodori
3463 4826 3770 4897 consecratur-

2306 4899 2564 4969 Arnulfus
2623 4888 3055 4953 Mediolanensis.
3106 4898 3467 4953 llerlembaldi
3518 4888 3771 4948 translatio.

2310 4991 2597 5046 Mediolani
2652 5005 2906 5060 magnam
2962 4989 3166 5043 mensis
3217 4988 3344 5042 Maii
3391 4996 3591 5057 partem
3629 4970 3775 5040 c108“

2240 5084 2515 5147 Urbanus,
2543 5082 2633 5134 ubi
2663 5081 2753 5135 die
2780 5081 2843 5133 2i
2881 5080 3158 5150 regulares
3195 5080 3508 5139 canonicos,
3547 5086 3670 5141 quos
3697 5064 3772 5161 l’tfj

2240 5190 2355 5231 trns
2408 5177 2865 5231 Carcassonensis
2920 5176 3207 5244 cpiscopus
3259 5176 3311 5227 in
3374 5187 3467 5227 sua
3507 5154 3767 5223 cathedra“

2240 5270 2465 5338 aliisque
2518 5268 2768 5323 ecclesiis
2823 5269 3135 5323 instituerat
3181 5263 3538 5322 confirmavit,
3582 5256 3691 5308 dato
3723 5256 3769 5293 ρει

2240 5364 2397 5418 dere
2447 5364 2737 5434 rescripto,
2788 5365 2875 5418 cui
2925 5362 3073 5417 aliud
3110 5361 3238 5416 olim
3291 5360 3631 5427 subjungelur
3676 5342 3770 5431 l’°_5‘

2240 5455 2449 5525 aliquot
2472 5455 2587 5509 dies
2631 5456 2697 5507 ad
2720 5455 2927 5509 clerum
2975 5463 3030 5507 et
3077 5451 3333 5524 pupulum
3373 5437 3769 5529 Saltuoriacetl'sti

2240 5516 2716 5601 archidiaconatus
2753 5546 2960 5608 datum,
3015 5516 3124 5614 quo
3154 5544 3234 5599 eis
3290 5536 3527 5612 ριέεείβίί
3570 5516 3765 5619 immitti.

2240 5646 2297 5693 ut
2324 5638 2581 5708 episcopo
2612 5636 3124 5706 Gratianopolitano
3169 5635 3446 5695 obediant,
3473 5627 3630 5716 donec

2243 5748 2271 5784 a
2306 5732 2433 5786 sede
2466 5730 2768 5800 apostolica
2797 5730 3078 5784 decretum
3128 5726 3311 5781 fuerit.
3341 5724 3411 5779 At
3431 5722 3533 5791 jam
3558 5712 3618 5767 ab
3644 5708 3767 5800 initio

2241 5823 2401 5894 huius
2449 5799 2654 5880 mensis
2704 5823 2955 5879 U'rbanus
3002 5819 3359 5877 Mediolanum
3408 5804 3686 5868 advenerim
3731 5799 3764 5838 ⁵⁸
