3962 6312
175 291 276 346 H3

1695 290 1872 345 VITA.

3337 301 3441 358 150

178 422 286 460 ιιοιι
320 403 712 458 lallnntvetera
738 409 1086 456 monumenta
1127 400 1385 457 Ecclesia:
1409 400 1750 457 Antissiodo-
1785 409 1828 467 Α
1862 401 1978 470 [ora
2007 419 2069 455 ac
2093 404 2220 466 vias,
2251 387 2584 459 manantibus
2609 421 2718 476 prae
2743 406 2936 482 gaudio
2964 406 3207 475 lacrymis
3230 407 3438 464 darent.

176 495 378 558 rensis,
422 493 472 546 in
522 491 720 561 quibus
780 490 976 560 legitur
1032 489 1393 546 Humbaldum
1437 489 1554 558 ejus
1600 489 1754 545 urbis

172 587 489 654 episcopum
543 582 614 636 ab
667 582 782 651 ipso
831 583 1087 652 pontifice
1130 582 1416 638 Mediolani
1468 597 1522 636 vi
1573 581 1756 637 Nonas

174 677 300 731 Maii
322 675 630 730 ordinatura
657 673 864 729 fuisse:
895 682 950 728 et
1001 675 1216 744 quidem
1244 674 1347 729 hoc
1371 688 1532 738 anno,
1571 680 1632 727 ιιι
1660 674 1756 727 ha-

175 769 267 822 bet
297 769 464 822 breve
499 765 810 820 Chronicon
856 780 887 818 a
925 764 1144 821 Labbeo
1171 765 1374 820 editum
1420 764 1616 821 tomol
1664 763 1758 820 Bi-

173 860 462 914 bliothecze
503 873 680 927 novae,
714 857 802 914 cui
828 858 1172 912 Consentium
1205 858 1427 927 antiqua
1463 857 1566 912 alia
1594 857 1758 912 docu-

171 957 380 1012 menta.
416 947 555 1003 llinc
586 946 881 1003 emendare
919 954 1134 1016 oportet
1160 945 1489 1002 Chronicum
1517 943 1756 1016 Hugonis

172 1041 426 1096 monachi
453 1039 642 1096 Sancti
667 1039 894 1094 Mariani
917 1037 1158 1107 ejusdem
1201 1037 1375 1106 urbis,
1427 1037 1518 1092 ubi
1559 1037 1757 1107 legitur

174 1132 539 1187 lluinbaldum
570 1145 714 1187 anno
745 1130 905 1198 1096,
953 1140 1078 1202 post
1103 1129 1402 1186 Robertum
1453 1128 1755 1185 Ecclesiam

171 1227 706 1284 Antissiodorensem
738 1227 968 1294 rexisse,
1024 1227 1071 1281 si
1125 1235 1309 1282 tamen
1351 1223 1467 1279 haec
1494 1220 1660 1277 verba
1689 1219 1756 1275 de

174 1318 290 1388 ejus
316 1319 603 1390 regiminis
647 1319 806 1374 initio
831 1318 1145 1389 accipienda
1181 1316 1310 1382 sint,
1337 1323 1431 1370 aut
1462 1314 1506 1369 si
1553 1325 1755 1367 annum

177 1424 282 1462 non
306 1408 577 1478 inceperit
603 1423 634 1463 a
658 1423 845 1464 mense
891 1407 1106 1462 Martio.
1128 1406 1285 1461 Hunc
1311 1405 1455 1459 enim
1487 1401 1754 1458 calculum

177 1498 420 1569 plerique
463 1497 556 1553 alii
608 1508 863 1553 auctores
911 1496 1199 1562 Gallicani,
1248 1496 1484 1550 maxime
1519 1509 1641 1549 cum
1689 1491 1756 1548 de

178 1589 378 1645 Urbani
407 1589 604 1645 itinere
633 1590 833 1662 agitur,
871 1590 1044 1645 secuti
1073 1588 1312 1644 fuerunt.
1347 1587 1502 1656 Quod
1537 1601 1667 1643 vero
1701 1587 1754 1641 in

177 1681 350 1736 Gestis
410 1681 672 1738 abbatum
731 1680 919 1736 Sancti
981 1679 1238 1737 Germani
1304 1679 1503 1748 legitur
1573 1677 1779 1747 primo

181 1773 453 1829 llumbaldi
505 1774 787 1844 regiminis
825 1789 987 1840 anno,
1042 1772 1332 1830 concilium
1383 1771 1752 1827 Nemausense

185 1867 248 1921 ab
299 1866 514 1922 Urbano
561 1866 731 1922 fuisse
775 1865 1142 1931 celebratum,
1193 1865 1415 1937 intelligi
1463 1864 1624 1919 debet
1683 1863 1750 1918 de

189 1959 455 2014 llumbaldi
488 1959 947 2016 inthronizatione
980 1978 993 2013 :
1026 1960 1226 2029 quippe
1251 1959 1342 2028 qui
1375 1972 1564 2014 mense
1612 1955 1752 2011 Maio

193 2051 245 2106 in
293 2051 432 2105 ltalia
482 2062 852 2118 consecratus,
906 2062 1030 2106 ante
1077 2049 1278 2106 Julium
1355 2064 1595 2106 mensem
1643 2063 1752 2103 suae

203 2140 334 2194 sedis
354 2141 734 2210 possessionem
763 2142 901 2196 inire
929 2157 1034 2196 non
1081 2141 1259 2212 potuit
1295 2155 1325 2194 a
1373 2155 1481 2210 quo
1511 2149 1752 2210 tempore

202 2231 308 2299 ejus
335 2234 595 2303 regiminis
639 2249 809 2290 annos
839 2234 926 2289 ille
953 2242 1143 2290 auctor
1172 2234 1408 2304 repetiit.
1440 2232 1510 2289 Ut
1553 2241 1612 2286 ut
1657 2232 1750 2296 sit,

197 2340 305 2377 cum
341 2333 541 2380 constet
567 2341 691 2381 eum
722 2335 846 2381 ante
883 2325 1086 2384 Urbani
1124 2326 1228 2380 iter
1264 2326 1320 2380 in
1369 2324 1600 2394 Galliam
1635 2322 1753 2378 Mc-

188 2416 369 2473 diolani
423 2417 596 2475 fuisse
649 2431 1066 2488 consecratum,
1122 2421 1241 2492 ejus
1282 2419 1560 2476 ordinatio
1611 2418 1752 2473 ultra

186 2512 366 2568 Maium
411 2512 577 2583 hujus
624 2515 752 2570 anni
803 2514 1004 2571 dili'erri
1055 2532 1162 2571 non
1214 2523 1411 2587 potest.
1447 2515 1522 2571 De
1565 2529 1628 2569 ea
1673 2514 1754 2569 sic

182 2608 332 2662 habet
359 2609 598 2664 historia
631 2609 1011 2680 episcoporum
1025 2607 1602 2671 Autissiodurensium,
1623 2621 1746 2675 cap.

181 2699 262 2763 55,
292 2716 319 2754 a
343 2698 414 2754 La
426 2700 572 2755 hbeo
593 2701 738 2755 edita
760 2700 878 2756 loco
911 2700 1130 2754 laudato
1155 2717 1169 2753 :
1205 2699 1537 2753 llumbaldus
1562 2715 1593 2752 a
1618 2698 1753 2752 clero

177 2801 219 2842 et
246 2791 430 2861 populo
463 2792 692 2846 civitatis
714 2791 1071 2846 Antissiodori
1099 2791 1151 2844 in
1169 2788 1479 2860 Pontiﬁcem
1507 2789 1753 2860 eligitur;

177 2879 351 2935 electus
379 2881 598 2950 quidem
637 2881 777 2951 apud
823 2880 1182 2934 Mediolanum
1219 2879 1396 2935 Italia:
1429 2881 1690 2936 civitatem
1720 2896 1752 2933 a

178 2969 361 3024 clericis
387 2989 550 3041 papa:
579 2970 812 3036 Urbano,
835 2973 924 3042 qui
950 2987 1044 3042 pro
1071 2970 1388 3042 quibusdam
1419 2989 1450 3025 a
1478 2987 1610 3026 sana
1657 2971 1755 3026 do-

179 3063 331 3116 ctrina
355 3063 747 3118 declinantibus
767 3065 822 3118 in
846 3063 1219 3119 Lombardiam
1240 3064 1603 3128 descenderat,
1628 3081 1753 3119 con-

177 3158 452 3213 secrandus
493 3168 857 3228 prtesentatur,
881 3167 926 3213 et
951 3158 1014 3212 ab
1041 3158 1221 3214 eodem
1247 3160 1438 3215 ibidem
1475 3176 1755 3215 consecra-

177 3257 249 3301 lus
269 3249 333 3303 ad
351 3251 631 3321 propriam
661 3251 917 3307 civitatem
944 3252 1232 3318 reducitur,
1264 3261 1371 3309 etc.

235 3344 317 3403 At,
344 3357 461 3411 prae
506 3341 717 3396 cancris
760 3357 880 3412 quae
905 3342 1188 3398 Mediolani
1230 3344 1439 3415 peregit
1481 3343 1757 3408 Urbanus,

176 3433 386 3490 celebris
418 3435 693 3505 imprimis
729 3433 831 3488 fuit
865 3432 1075 3489 Amulli
1105 3434 1345 3503 ejusdem
1382 3437 1531 3492 urbis
1575 3436 1759 3490 archi-

175 3527 392 3599 episcopi
422 3528 734 3593 restitutio,
766 3544 883 3594 seu,
915 3537 975 3583 ut
999 3531 1182 3585 verius
1212 3530 1408 3596 dicam,
1441 3530 1613 3600 prima
1645 3529 1762 3600 ejus

177 3615 424 3673 institutio
488 3619 540 3672 in
587 3619 692 3674 hac
733 3620 882 3682 sede,
913 3619 979 3675 ad
1017 3634 1179 3690 quam
1214 3620 1432 3674 biennio
1462 3629 1620 3674 antea
1653 3619 1762 3674 ele-

175 3718 281 3763 ctus
319 3709 528 3764 fuerat.
572 3709 622 3764 Is
659 3725 872 3781 nempe,
928 3719 986 3765 ut
1030 3719 1217 3764 narrat
1268 3710 1569 3775 Bertoldus,
1621 3725 1762 3765 anno

178 3798 300 3856 1093
328 3802 379 3856 in
409 3803 598 3857 locum
621 3803 861 3858 Anselmi
883 3802 1121 3858 defuncti
1146 3804 1490 3868 substitutus,
1522 3819 1552 3858 a
1583 3813 1763 3874 legato

178 3894 467 3962 apostolico
489 3894 804 3950 interdictas
827 3894 1024 3962 fuerat,
1050 3897 1194 3966 quod
1225 3896 1480 3952 annulum
1511 3905 1564 3953 et
1592 3897 1760 3952 bacu-

178 3982 274 4037 lum
304 3986 370 4040 ab
401 3987 737 4056 imperatore
783 3987 1106 4058 recepisset;
1140 4003 1300 4060 quam
1347 4002 1564 4058 poenam
1609 4005 1766 4060 aequo

177 4074 256 4130 ille
295 4077 485 4134 animo
524 4076 708 4134 ferens
754 4079 810 4133 in
850 4081 1238 4135 monasterium
1290 4082 1521 4138 secessit
1565 4097 1764 4138 noxam

178 4168 307 4224 hanc
329 4171 684 4242 expiaturus,
711 4172 896 4244 ibique
938 4174 1072 4229 vixit
1113 4175 1377 4244 privatus,
1408 4176 1599 4242 donec,
1631 4192 1764 4232 con-

179 4260 392 4317 cedente
423 4261 683 4317 Romano
712 4257 988 4334 pontiﬁce,
1017 4274 1076 4320 ut
1100 4266 1264 4320 habet
1294 4264 1434 4321 idem
1457 4265 1766 4333 Bertoldus,

179 4366 205 4401 ιι
242 4351 542 4410 Thiemone
584 4353 984 4428 Salisburgensi
1043 4357 1470 4428 archiepiscopo,
1515 4357 1767 4413 Udalrico

180 4444 474 4505 Pataviensi
523 4460 576 4505 et
602 4449 927 4508 Gebehardo
982 4451 1410 4517 Constantiensi,
1460 4451 1760 4522 episc0pis,

179 4539 260 4607 qui
298 4541 360 4595 ad
390 4543 685 4598 concilium
725 4544 1097 4600 Placentinum
1144 4547 1526 4616 properabant,
1572 4561 1761 4600 conse-

181 4641 374 4699 cratus,
427 4649 496 4689 ac
550 4635 710 4706 paulo
760 4646 884 4708 post
911 4637 979 4692 ab
1022 4638 1241 4694 Urbano
1293 4637 1454 4709 pallio
1506 4638 1758 4700 donatus,

182 4721 380 4788 plenam
425 4725 688 4782 Ecclesia:
744 4729 1145 4797 possessionem
1194 4729 1418 4797 adeptus
1468 4729 1651 4784 fuerit.
1703 4729 1759 4783 ln

183 4814 440 4870 veteribus
469 4815 714 4884 ejusdem
733 4819 987 4874 Ecclesia:
1011 4821 1314 4874 antistitum
1343 4820 1603 4890 catalogis
1629 4837 1756 4876 mss.

184 4899 390 4973 legitur,
421 4905 696 4963 referente
721 4907 1010 4975 Puricello,
1038 4909 1322 4967 Amulium
1351 4910 1403 4963 in
1432 4911 1563 4980 festo
1580 4908 1762 4964 Sancti

185 4989 380 5066 Georgii
408 5014 570 5066 super
596 4999 821 5068 quodam
852 5017 980 5071 equo
1018 5001 1135 5056 albo
1173 5002 1449 5056 sedentem
1490 5019 1596 5056 una
1642 5019 1760 5056 cum

185 5084 569 5151 confanonariis
606 5088 1088 5147 Mediolanensibus
1129 5109 1344 5147 numero
1388 5093 1663 5148 duodecim
1695 5094 1759 5148 ab

185 5174 385 5231 ecclesia
418 5177 603 5234 Sancti
631 5181 870 5253 Dionysii
915 5184 970 5238 in
1010 5185 1181 5240 sedem
1217 5202 1370 5241 suam
1406 5187 1759 5256 processisse.

189 5262 247 5319 Et
281 5270 497 5337 quidem
539 5271 654 5341 ejus
691 5290 754 5330 ac
802 5275 1006 5332 Urbani
1044 5278 1204 5348 paulo
1238 5288 1358 5350 post
1398 5277 1758 5335 Mediolanum

191 5358 439 5416 adventus
486 5364 558 5419 ita
596 5381 777 5422 rerum
825 5378 1024 5423 statum
1062 5385 1124 5426 ea
1167 5371 1220 5425 in
1262 5373 1394 5426 urbe
1423 5373 1671 5437 mutavit,
1702 5381 1759 5427 nt

191 5443 296 5510 ejus
317 5451 464 5505 cives
490 5450 690 5509 Urbani
729 5459 1065 5525 auctoritate,
1107 5460 1280 5529 inquit
1310 5461 1583 5531 Sigonius,
1617 5463 1756 5529 victi,

193 5538 269 5601 qni
295 5555 446 5595 antea
478 5543 611 5598 inter
635 5562 688 5600 se
713 5547 1066 5615 decertabant,
1096 5552 1351 5605 veteribus
1373 5554 1556 5623 positis
1577 5553 1760 5608 simul-

195 5630 392 5697 tatibus,
417 5634 472 5688 in
501 5637 723 5704 gratiam
756 5649 903 5696 tanta
931 5643 1248 5710 animorum,
1282 5645 1424 5714 facta
1469 5649 1759 5701 mutatione

198 5722 466 5793 redierunt,
501 5739 551 5783 ut
586 5731 779 5787 nobiles
810 5749 871 5786 ac
901 5733 1179 5804 populares
1209 5737 1388 5791 oscula
1427 5737 1558 5794 inter
1589 5755 1640 5793 se
1669 5755 1759 5808 per

1782 3108 1829 3170 ϐ

1861 491 1987 546 llaec
2025 491 2113 546 ille
2153 501 2362 559 auctor,
2395 493 2487 563 qui
2534 502 2710 548 tamen
2764 494 2930 551 falsus
2973 507 3077 561 est,
3125 504 3185 550 ut
3214 497 3327 566 jam
3373 498 3440 552 ad

1859 597 2056 636 annum
2098 583 2236 638 1095
2259 585 2686 652 observavimus,
2723 587 3010 643 scribendo
3046 588 3329 644 Arnulfum
3370 591 3440 644 ob

1860 670 1912 723 id
1941 684 1970 724 a
2003 671 2286 728 catholicis
2308 672 2575 743 episcopis
2605 681 2752 741 tunc,
2787 683 2846 729 ιιι
2869 683 3041 746 putat,
3067 677 3438 731 reordinatum

1859 761 2046 826 fuisse,
2077 763 2218 832 quod
2247 763 2318 818 ab
2346 777 2454 817 uno
2485 772 2692 818 tantum
2723 767 2976 836 episcopo
3011 765 3278 821 catholico
3323 782 3438 821 ma-

1859 867 1962 906 nus
1987 853 2296 922 imponente
2322 864 2674 910 consecratus
2719 853 2926 912 fuisset.
2954 857 3219 913 Caeterum
3241 858 3441 912 Arnnl-

1859 947 1963 1010 fus,
1979 946 2024 1001 si
2057 945 2671 1018 Ughello,llipamuntio
2699 957 2754 1004 et
2781 950 2902 1005 aliis
2926 951 3194 1006 nonnullis
3210 951 3440 1021 vulgatis

1857 1040 2168 1095 auctoribus
2208 1041 2484 1108 credatur,
2525 1039 2802 1097 Urbanum
2851 1042 2905 1098 in
2955 1042 3181 1098 Galliam
3225 1044 3440 1113 prolici-

1859 1139 2098 1186 scentem
2142 1132 2434 1187 comitatus
2484 1139 2591 1198 est,
2641 1145 2705 1187 ac
2751 1133 2982 1188 concilio
3019 1131 3438 1188 Claromontano

1860 1236 1982 1274 cum
2011 1236 2078 1276 eo
2111 1220 2374 1276 interfuit.
2408 1222 2606 1277 Verum
2647 1223 2958 1293 priusquam
3001 1240 3067 1279 ex
3095 1239 3159 1280 ea
3186 1226 3318 1280 urbe
3346 1223 3440 1280 er:-
3480 1257 3482 1259 -

1859 1311 2144 1376 cederent,
2198 1312 2559 1368 llerlcmbaldi
2608 1329 2705 1370 seu
2758 1313 3112 1381 Hernebaldi,
3160 1316 3439 1386 cujusdam

1859 1402 2116 1474 martyris
2138 1443 2153 1466 ,
2181 1404 2570 1459 catholicorum
2615 1419 2678 1460 ea
2720 1405 2772 1459 in
2817 1406 2951 1460 urbe
2985 1406 3156 1472 ducis,
3187 1422 3276 1475 qui
3309 1417 3440 1460 tem-

1859 1509 1990 1564 pore
2017 1493 2264 1566 Gregorii
2295 1495 2384 1552 Vll
2412 1511 2442 1550 a
2470 1496 2833 1552 schismaticis
2867 1497 3222 1568 interemptus
3245 1498 3439 1562 fuerat,

1857 1599 2053 1654 corpus
2078 1585 2402 1641 transtulere
2425 1587 2478 1641 in
2515 1586 2799 1643 ecclesiam
2827 1587 3015 1644 Sancti
3059 1588 3324 1659 Dionysii,
3353 1589 3442 1642 ubi

1844 1679 2007 1747 .jutta
2037 1679 2266 1735 alterum
2298 1677 2525 1736 istorum
2559 1688 2864 1752 terrporum
2904 1691 3222 1751 martyrem,
3264 1683 3442 1737 Arial-

1787 1754 1830 1812 Β
1860 1770 1986 1825 ι1ιιιιι
2021 1773 2259 1840 nomine,
2299 1773 2585 1829 diaconum
2631 1774 3109 1840 Mediolanensem,
3142 1775 3444 1846 depositum

1852 1871 1958 1917 est.
1987 1861 2114 1932 Ejus
2139 1864 2473 1935 epitaphium
2516 1880 2584 1921 ex
2626 1866 2848 1937 Ughello
2879 1867 2986 1922 huc
3033 1866 3237 1923 referre
3267 1869 3440 1922 visum

1851 1962 1968 2016 est,
2001 1954 2094 2010 sed
2137 1955 2332 2010 mirum
2365 1956 2533 2010 videri
2579 1964 2756 2026 potest
2793 1955 2910 2026 ejus
2947 1958 3265 2012 memoriam
3314 1971 3446 2010 nus.-

1854 2058 2015 2112 quam
2047 2044 2100 2101 in
2140 2045 2536 2118 Martyrologiis
2557 2047 2812 2118 reperiri;
2859 2047 2938 2104 sic
2959 2063 3084 2104 vero
3112 2048 3272 2103 habet
3303 2067 3317 2101 :

2001 2199 2049 2254 11
2056 2202 2102 2256 ic
2129 2200 2518 2258 llenunnacous
2544 2201 2688 2257 miles
2711 2199 2907 2258 Clu-isti
2939 2203 3244 2257 reverendus

2003 2291 2221 2347 Occisus
2243 2292 2454 2363 tegitur,
2477 2292 2566 2363 qui
2589 2292 2702 2347 caeli
2725 2293 2845 2347 sede
2870 2293 3098 2364 potitur;

2005 2383 2236 2439 Incestos
2275 2383 2537 2454 reprobat,
2569 2384 2820 2439 simonias
2848 2394 2896 2438 et
2926 2385 3047 2456 quia
3074 2384 3312 2449 damnat,

2004 2475 2162 2530 Hunc
2187 2475 2399 2532 Veneris
2418 2477 2553 2532 servi
2565 2477 2826 2548 perimunt
2849 2476 3181 2547 Simonisque
3204 2477 3444 2548 maligni.

2006 2567 2252 2623 Urbanus
2276 2585 2510 2622 summus
2536 2584 2727 2639 prwses
2763 2567 3032 2635 dictusque
3057 2568 3346 2633 secundus,

2000 2657 2194 2712 Noster
2212 2667 2258 2712 et
2291 2657 2568 2727 Arnulfus,
2596 2667 2776 2728 pastor
2807 2657 2924 2728 pius
2953 2667 3108 2727 atque
3133 2657 3422 2728 benignus”

2066 2746 2245 2817 Hujus
2285 2764 2402 2802 ossa
2435 2748 2532 2803 viri
2561 2748 2824 2802 tumulant
2854 2747 3010 2802 beati.

1857 2890 2161 2947 CLXXXV.
2201 2889 2450 2946 Urbanus
2479 2890 2628 2946 Comi
2658 2890 2862 2944 dedicat
2896 2890 3167 2945 ecclesiam
3201 2899 3248 2944 et
3285 2890 3445 2944 Astra.

1931 2962 2357 3016 Fructuariensis
2397 2963 2700 3016 monasterii
2749 2963 3076 3032 privilegium
3132 2960 3447 3030 conﬁrmat;

1931 3035 2052 3089 item
2085 3031 2487 3088 Pinarioleusis.

1930 3167 2086 3222 Initio
2107 3166 2248 3223 Junii
2285 3166 2534 3223 Urbanus
2578 3167 2802 3222 Comum
2849 3166 3013 3233 venit,
3049 3166 3234 3235 ibique
3274 3164 3451 3221 eccle-

1861 3261 1994 3316 siam
2034 3258 2218 3315 Sancti
2251 3257 2484 3314 Abundii
2519 3259 2759 3330 ejusdem
2791 3259 2942 3312 urbis
2986 3257 3222 3329 episcopi
3261 3265 3316 3312 et
3357 3272 3451 3326 pa-

1863 3350 2028 3416 troni,
2069 3366 2219 3422 quem
2265 3349 2536 3420 praecipua
2591 3349 2870 3419 religione,
2916 3349 2994 3404 ait
3044 3349 3317 3420 Sigonius.
3356 3349 3449 3402 illa

1862 3439 2044 3496 civitas
2073 3439 2217 3503 colit,
2245 3455 2436 3508 magna
2469 3441 2780 3493 cwremonia
2812 3439 3116 3503 dedicavit;
3149 3447 3200 3493 et
3231 3439 3452 3509 quidem

1865 3531 2022 3586 tertia
2049 3531 2136 3585 die
2173 3529 2342 3594 Junii,
2373 3537 2432 3584 ut
2471 3531 2574 3585 fert
2605 3531 2827 3599 antiqua
2857 3531 2973 3599 ejus
3020 3531 3170 3586 urbis
3205 3531 3446 3594 traditio,

1863 3622 1952 3676 cui
2003 3637 2186 3678 rerum
2227 3631 2502 3692 gestarum
2535 3623 2705 3678 series
2745 3624 2967 3678 ommno
3009 3624 3280 3679 convenit.
3321 3625 3452 3680 lude

1864 3728 2187 3785 progressus
2242 3715 2488 3785 pervenit
2539 3715 2848 3781 Vercellas,
2908 3718 2986 3771 uti
3037 3718 3342 3789 colligimus
3396 3719 3450 3773 in

1867 3805 2104 3862 Historia
2137 3805 2624 3877 l-lierosolymitana
2654 3806 2860 3862 Alberti
2882 3809 3127 3865 canonici
3155 3809 3446 3879 Aquensis.

1867 3897 2018 3953 Tunc
2048 3898 2235 3953 Astam
2262 3897 2496 3968 Liguria:
2522 3899 2708 3954 urbem
2747 3898 2898 3964 adiit,
2933 3901 2979 3955 si
3016 3916 3144 3956 vera
3175 3908 3260 3957 est
3306 3901 3452 3955 anti-

1866 4003 1971 4058 qua
2004 3988 2194 4060 patriae
2226 3989 2445 4044 traditio
2491 4003 2598 4058 qua
2631 3989 2833 4044 dicitur
2854 3991 2971 4062 ejus
2999 3992 3150 4048 urbis
3190 3993 3448 4064 majorem

1867 4081 2149 4136 ecclesiam
2197 4081 2266 4136 ab
2313 4094 2378 4136 eo
2429 4079 2684 4150 pontifice
2731 4091 3100 4137 consecratam
3153 4083 3340 4139 fuisse.
3397 4086 3451 4139 Id

1868 4173 2084 4243 quidem
2136 4171 2395 4243 Ughellus
2442 4173 2511 4228 ad
2556 4189 2760 4228 annum
2804 4185 3116 4245 sequentem
3167 4175 3349 4240 refert,
3395 4177 3449 4231 in

1869 4267 2043 4322 reditu
2075 4266 2277 4322 Urbani
2300 4281 2330 4322 e
2354 4265 2544 4322 Gallia.
2577 4265 2648 4320 At
2678 4265 3024 4323 verisimilior
3053 4277 3135 4322 est
3165 4267 3450 4337 Augustini

1870 4358 1938 4414 ab
1977 4357 2218 4412 Ecclesia
2267 4357 2482 4428 opinio,
2533 4358 2807 4413 censentis
2869 4358 3009 4413 hanc
3056 4359 3462 4414 dedicationem.

1792 4459 1838 4518 ι)
1866 4449 2174 4521 pontiﬁcem
2197 4447 2501 4504 celebrasse
2523 4459 2647 4503 ante
2671 4461 2826 4503 suum
2848 4449 2900 4503 in
2917 4449 3116 4505 Gallias
3137 4450 3447 4514 adventum,

1863 4559 2024 4612 quam
2056 4551 2236 4597 tamen
2269 4543 2489 4598 ineunte
2511 4557 2652 4598 anno
2678 4542 2816 4598 l096
2849 4544 3204 4614 consignavit,
3231 4551 3450 4598 secutus

1864 4637 2093 4690 fortasse
2142 4634 2548 4704 inscriptionem
2602 4635 2670 4690 ab
2724 4634 2948 4706 Ughcllo
3015 4635 3236 4689 relatam
3267 4673 3283 4695 ,
3329 4650 3450 4704 quae

1863 4726 2111 4782 eumdem
2148 4741 2347 4780 annum
2391 4727 2632 4796 praefert,
2663 4728 2800 4782 haud
2831 4727 2990 4782 dubie
3012 4725 3166 4794 juxta
3193 4725 3448 4784 Pisanum

1862 4820 2151 4883 calculum,
2187 4835 2295 4890 quo
2325 4835 2501 4874 annus
2530 4837 2557 4872 a
2584 4819 2778 4875 Martio
2807 4819 3128 4890 praecedenti
3164 4820 3452 4874 inchoatus

1863 4925 2033 4965 annos
2061 4910 2310 4980 vulgares
2355 4912 2635 4967 mensibus
2672 4927 2864 4966 novem
2905 4911 3196 4981 praavertit.
3231 4911 3297 4965 Et
3323 4911 3446 4981 qni-

1862 5003 1982 5058 dem
2018 5003 2134 5058 dies
2167 5002 2530 5058 Kalendarum
2565 5004 2854 5069 Iuliarum,
2881 5018 2989 5073 quo
3021 5003 3138 5058 hare
3181 5002 3449 5059 dedicatio

1863 5095 2004 5149 facta
2039 5093 2207 5148 fuisse
2247 5093 2446 5148 dicitur
2488 5095 2540 5148 in
2585 5094 2674 5148 illa
2716 5092 3087 5158 inscriptione,
3129 5107 3268 5147 anno
3311 5092 3452 5147 1096

1860 5188 2153 5243 convenire
2185 5203 2292 5242 non
2331 5194 2543 5254 potest:
2576 5195 2781 5241 certum
2814 5185 3010 5255 quippe
3049 5193 3133 5241 est
3161 5183 3451 5240 Urbanum

1860 5291 1922 5332 ea
1952 5276 2040 5331 die
2070 5293 2214 5334 anno
2243 5280 2380 5335 1096
2408 5278 2581 5332 adhuc
2612 5279 2664 5330 in
2697 5275 2866 5330 Gallia
2893 5275 3188 5330 exstitisse.
3220 5275 3300 5329 En
3331 5276 3448 5345 ipsa

1864 5368 2172 5439 inscriptio,
2196 5371 2408 5440 qualem
2452 5369 2594 5423 illam
2627 5367 2883 5438 Ughellus
2920 5384 2988 5422 ex
3036 5367 3206 5424 veteri
3251 5367 3448 5422 Kalen-

1861 5459 2033 5525 dario,
2082 5468 2142 5515 ut
2183 5461 2296 5530 ipse
2340 5461 2434 5525 ait,
2483 5458 2666 5513 retulit
2695 5467 2838 5513 tomo
2869 5459 2929 5513 IV
2964 5459 3132 5514 Italia:
3179 5475 3348 5515 sacrae
3391 5459 3444 5512 in

1861 5552 2107 5622 catalogo
2153 5552 2526 5622 episcoporum
2583 5551 2916 5605 Astensium.
2976 5550 3233 5605 Kalendis
3288 5551 3448 5617 Julii,

1859 5659 1997 5696 anno
2020 5641 2088 5695 D.
2120 5641 2511 5696 Incarnatiouis
2535 5640 2690 5707 1096,
2715 5642 2889 5695 dicata
2928 5649 3001 5695 est
3027 5640 3259 5694 'Astcnsis
3291 5642 3448 5694 cccle-

1859 5737 1936 5790 sia
1967 5753 1998 5788 a
2032 5734 2095 5789 D.
2131 5733 2344 5788 Urbano
2371 5753 2528 5806 papa,
2558 5737 2647 5805 qui
2671 5735 2908 5788 omnibus
2943 5751 3052 5787 rere
3084 5734 3466 5803 pauitantibus.
