3892 6320
592 250 616 301 1
625 249 686 303 3|

1832 277 1889 331 Β.
1941 279 2135 337 URBAl

2240 283 2271 339 ll
2302 284 2501 341 PAP.=E
3680 319 3748 371 l52

585 377 631 419 et
658 370 904 437 confessis
932 375 1002 425 ad
1038 377 1228 431 dictum
1264 383 1531 437 ecclesiam
1559 430 1571 453 ,
1611 398 1658 440 et
1700 395 2032 449 reverentiam
2071 396 2169 451 Dei
2196 425 2242 480 Α
2270 400 2591 477 scenderat;
2622 409 2677 457 at
2705 420 2797 459 rex
2828 407 2877 462 ei
2903 408 3161 477 infensus,
3192 423 3244 470 ut
3286 416 3393 485 jam
3435 422 3751 501 diximus-ejus

585 469 631 501 ot
665 460 827 501 hpnlm
867 464 1048 501 lina-im
1083 471 1294 501 ...'....:..:-
1328 474 1552 501 -.-.._-.'_-...
1590 482 1618 501 3,
1710 486 1744 501 ι·
1844 486 1856 501 ι
1910 488 1941 501 ι.
2036 492 2047 501 .
2127 493 2137 501 .
2398 492 2430 501 .,
2581 493 2593 501 .
2662 496 2674 501 -
2716 497 2725 501 _
2773 496 2819 501 -.

585 469 631 511 et
665 460 827 516 bealte
860 464 1048 521 Maria:
1082 471 1294 539 virginis
1328 474 1552 533 venerint
1587 482 1641 535 in
1688 486 1773 538 die
1821 486 2162 546 dedicationis

583 552 763 617 ipsius,
791 565 837 607 et
860 572 953 623 per
985 568 1145 613 totum
1173 575 1407 621 octavam
1435 586 1595 625 unum
1630 591 1825 630 annum
1867 590 1915 633 et
1944 580 2015 635 40
2055 584 2164 636 dies

581 641 646 690 de
691 640 923 710 injuncta
963 651 1259 714 poenitentia
1306 656 1556 713 relaxavit
1596 672 1645 715 et
1670 666 1923 735 indulsit;
1948 671 2014 725 ι).
2047 691 2163 729 vero

582 750 847 805 episcopus
896 743 1161 807 Artemis,
1208 748 1276 802 40
1319 751 1448 805 dies.
1495 753 1614 809 1am
1660 775 1790 815 vero
1829 772 2006 819 utrum
2046 768 2163 824 htec

578 825 858 894 inscriptio
877 834 1099 890 omnino
1124 852 1272 893 certa
1303 841 1371 894 sit
1400 853 1454 896 et
1485 848 1702 916 antiqua
1722 891 1734 914 ,
1772 852 1891 906 aliis
1915 854 2160 924 judican-

578 918 701 970 dmu
740 921 1002 993 relinquo.
1038 925 1163 982 Otto
1204 940 1331 986 tunc
1366 934 1661 993 Ecclesiam
1692 943 1973 1002 Asterisem
2010 965 2159 1019 rege-

574 1011 684 1077 bat,
718 1013 871 1080 cujus
918 1018 1145 1074 invitatu
1193 1021 1441 1082 Urbanus
1488 1030 1627 1087 hanc
1678 1036 1961 1093 ecclesiam
2010 1043 2157 1098 dedi-

572 1118 725 1159 casse
762 1106 961 1162 dicitur
1006 1114 1144 1180 apud
1173 1114 1478 1182 Ughellum.
1512 1123 1879 1186 intercedente
1910 1132 2157 1190 anone

573 1194 825 1263 Signensi
856 1202 1128 1272 episcopo,
1160 1206 1362 1267 Urbani
1390 1216 1589 1270 comite
1618 1218 1895 1277 individuo
1928 1235 1982 1279 et
2011 1228 2154 1283 ﬁdeli

569 1286 768 1351 amico,
798 1292 889 1359 qui
928 1292 979 1346 in
1020 1296 1151 1352 urbe
1191 1300 1407 1358 Astensi
1450 1313 1609 1362 natus
1651 1319 1705 1364 et
1749 1310 1862 1379 ejus
1904 1314 2155 1373 Ecclesiae

569 1380 863 1436 canonicus
887 1383 1064 1441 fuerat
1082 1398 1373 1460 antequam
1397 1398 1682 1469 episcopus
1702 1416 1918 1459 creatus
1940 1406 2148 1464 fuisset.

567 1471 702 1523 Cum
725 1488 854 1527 vero
891 1476 961 1530 ibi
992 1479 1168 1536 adhuc
1203 1494 1344 1539 esset
1373 1490 1637 1556 pontifex,
1664 1493 1937 1567 privilegia
1970 1514 2151 1553 mona-

568 1565 715 1618 sterii
743 1566 1199 1636 Fructuariensis.
1229 1580 1315 1632 cui
1355 1590 1480 1637 tunc
1522 1596 1752 1653 praeerat
1796 1590 2026 1646 Ubertns
2054 1610 2151 1649 seu

566 1655 856 1715 Guihertus
880 1664 1068 1730 abbas,
1100 1672 1438 1729 conlirmavit
1467 1685 1521 1730 et
1549 1679 1846 1748 ampliavit,
1887 1684 1930 1737 si
1967 1685 2149 1756 Augu-

2267 492 2467 546 monita
2511 493 2674 549 veluti
2712 496 2939 567 injurias
2986 507 3353 566 aversabatur.
3393 512 3531 569 Unde
3572 492 3669 576 ctua
3693 492 3750 581 ἐὺ

2265 594 2332 634 eo
2365 594 2553 638 recens
2588 586 2640 639 in
2681 586 2928 658 Angliam
2969 608 3188 650 reverso
3230 599 3506 658 Anselmus
3541 608 3625 664 hoc
3654 628 3752 669 anno

2264 672 2574 738 pontiﬁcem
2622 695 2641 728 ε
2674 679 2901 736 adeundi
2949 683 3222 742 licentiam
3269 709 3362 760 pro
3401 696 3538 763 pallii
3575 704 3751 769 petitione

2263 765 2652 834 proposuisset,
2700 786 2765 826 ac
2803 774 3101 831 sciscitanti
3142 780 3239 849 ipsi
3266 797 3421 852 quem
3457 765 3622 856 papam
3643 772 3751 852 vellet
3846 824 3847 853 ι

2262 852 2442 920 adire,
2496 857 2767 916 Urbanum
2817 869 3180 936 respondisset
3221 892 3239 924 ι
3272 876 3338 928 ad
3389 852 3572 934 Urbani
3612 899 3751 941 nomen
3846 908 3847 947 γ

2261 940 2539 1003 infremuit
2564 966 2677 1016 rex,
2704 953 2965 1025 dixitque,
3002 973 3059 1014 ut
3091 962 3386 1022 Ealmerus
3410 975 3658 1043 ceterique
3681 980 3752 1031 An-

2258 1033 2456 1103 glicani
2505 1041 2796 1110 scriptores
2852 1047 3113 1118 referunt,
3144 1069 3203 1110 se
3260 1057 3403 1113 hunc
3455 1064 3657 1119 nondum
3691 1086 3751 1136 pro

2258 1128 2542 1194 apostolico
2571 1136 2862 1204 recepisse,
2894 1155 2958 1195 ac
2985 1156 3075 1197 nec
3102 1160 3212 1198 suta
3240 1163 3333 1201 nec
3357 1161 3570 1218 paterna
3594 1171 3751 1211 conm-

2257 1215 2455 1272 tudim‘s
2487 1236 2598 1276 esse
2647 1239 2703 1277 ut
2738 1228 2930 1298 absque
2974 1249 3070 1286 sua
3097 1234 3344 1291 electione
3384 1242 3533 1295 alicui
3563 1244 3700 1300 liceret
3720 1251 3751 1301 iu

2257 1322 2412 1376 regno
2464 1329 2560 1366 suo
2602 1331 2793 1386 papam
2846 1324 3140 1380 nominare.
3172 1327 3414 1401 Cumque
3448 1334 3688 1394 Anselmus
3720 1345 3750 1396 ri

2255 1398 2454 1455 frustra
2478 1417 2767 1462 conaretur
2787 1410 2841 1463 in
2868 1415 3183 1471 memoriam
3221 1433 3474 1478 revocare
3523 1432 3641 1494 quod
3659 1433 3752 1498 apud

2254 1491 2676 1564 Rovecestram,
2731 1517 2852 1558 cum
2915 1505 2969 1559 in
3014 1510 3475 1583 archiepiscopum
3528 1527 3750 1586 peteretur.

2253 1592 2583 1642 contestatus
2612 1588 2801 1646 fuisset
2831 1608 2892 1648 se
2922 1611 3195 1667 nunquam
3226 1602 3295 1655 ab
3328 1603 3523 1659 Urbani
3559 1608 3753 1663 obedien-

2253 1670 2325 1724 tia
2347 1674 2743 1748 discessurum;
2772 1694 2826 1737 et
2847 1700 2911 1738 ex
2942 1685 3108 1741 altera
3132 1699 3289 1758 parte
3313 1708 3406 1746 rex
3434 1695 3538 1764 ipse
3564 1697 3753 1753 Anselmo

564 1750 706 1803 stino
735 1753 803 1807 ab
827 1754 1063 1813 Ecclesia
1088 1765 1393 1834 credamus,
1449 1771 1540 1838 qui
1582 1773 1631 1827 id
1659 1777 1847 1831 asserit
1879 1778 1930 1833 in
1970 1781 2135 1835 Chro-

2247 1768 2574 1833 persuadere
2612 1788 2718 1826 non
2772 1788 2956 1843 posset
3002 1781 3368 1837 oinnimodam
3415 1786 3513 1841 sibi
3560 1788 3687 1843 ﬁdem
3717 1801 3752 1843 et

564 1842 771 1911 nologia
810 1846 1233 1918 Pedemontana,
1261 1874 1382 1928 cap.
1411 1861 1517 1926 27;
1549 1872 1604 1917 at
1658 1865 1862 1923 fallitur
1904 1872 1954 1924 in
2005 1890 2147 1930 anno

562 1933 699 1990 1089
722 1937 1056 2009 designanda
1076 1962 1182 2015 quo
1206 1949 1256 2002 id
1282 1955 1571 2025 centigisse
1598 1960 1807 2026 scribit,
1831 1979 2143 2035 quanquam

558 2024 701 2081 hunc
748 2047 1015 2098 errorem,
1064 2038 1342 2107 deperdito
1385 2046 1553 2101 hocce
1610 2050 1928 2123 privilegio,
1995 2070 2145 2113 certo

556 2114 846 2175 emendare
880 2125 1249 2185 diﬂicillimum
1282 2135 1371 2189 sit.

632 2212 803 2266 Etiam
837 2214 1109 2276 Pinariolo
1135 2223 1410 2282 Ul'liil'Lllﬂ]
1447 2234 1705 2289 transisse
1731 2237 2047 2306 conjicituns
2074 2259 2139 2297 ex

555 2303 697 2357 bulla
730 2306 829 2362 hoc
856 2326 996 2363 anno
1032 2330 1286 2371 concessa
1318 2320 1520 2377 Uberto
1548 2327 1727 2382 abbati
1758 2330 1931 2386 Beata?
1961 2334 2141 2392 Mariae

559 2401 870 2454 monasterii
898 2419 1061 2474 prope
1082 2409 1223 2461 hanc
1248 2413 1432 2467 urbem
1459 2416 1543 2470 siti
1593 2435 1695 2486 qua
1724 2423 1772 2475 ei
1798 2428 1975 2480 «nimia
2002 2429 2138 2483 bona

557 2490 947 2548 eouﬁrnmntur
998 2516 1115 2567 qum,
1164 2505 1231 2557 ab
1280 2506 1533 2565 Adclaide
1595 2515 1867 2570 contitissa
1917 2531 1970 2573 et
2020 2522 2139 2578 aliis

556 2584 837 2648 quibusvis
881 2590 1070 2644 collata
1123 2593 1354 2651 fuerant.
1409 2600 1540 2656 Tum
1604 2615 1745 2662 vetat
1789 2610 2029 2679 pontifex
2072 2630 2139 2669 ne

554 2676 846 2748 quidquam
878 2698 942 2736 ex
995 2684 1097 2739 illis
1136 2704 1164 2741 a
1195 2693 1387 2759 quovis
1436 2696 1712 2752 hominum
1760 2700 1812 2755 in
1861 2715 2134 2771 posterum

553 2769 906 2828 distrahatur.
940 2776 1055 2831 Non
1090 2780 1240 2836 licuit
1290 2785 1447 2853 hujus
1490 2788 1795 2858 diplomatis
1830 2798 2132 2867 exemplum

553 2862 775 2929 habere,
805 2870 1053 2936 quamvis
1081 2888 1142 2927 ea
1172 2876 1237 2928 de
1267 2893 1322 2930 re
1351 2881 1513 2933 semel
1546 2894 1599 2935 et
1635 2884 1825 2939 iterum
1870 2903 1963 2956 per
2000 2892 2133 2944 ami-

552 2971 646 3009 cos
692 2956 1019 3016 Pinariolum
1063 2966 1226 3021 scribi
1259 2971 1589 3037 curavimus,
1637 2975 1778 3029 haud
1807 2978 1966 3033 dubie
1991 2984 2131 3049 quod

550 3046 691 3100 istud
736 3054 1138 3121 monasterium,
1196 3075 1336 3113 nunc
1374 3078 1401 3115 a
1436 3063 1772 3122 Fulieusibus
1799 3084 2127 3138 possessum,

550 3141 602 3193 in
637 3143 902 3199 hesternis
922 3146 1076 3203 bellis
1098 3151 1526 3223 conflagraverit.
1557 3159 1637 3211 An
1666 3163 1827 3215 etiam
1852 3160 2130 3220 Clusinum

548 3231 761 3287 celebre
789 3235 974 3291 Sancti
1000 3236 1275 3309 Michaelis
1302 3254 1685 3305 monasterium
1723 3255 1967 3311 iuviserit
2007 3267 2132 3314 tunc

546 3325 810 3393 pontifex,
840 3329 1103 3391 incertum
1130 3346 1211 3389 est
1240 3354 1252 3390 :
1289 3349 1342 3391 at
1372 3352 1584 3397 constat
1604 3361 1669 3398 ex
1688 3349 2130 3416 subscqueutium

543 3418 862 3484 pontiﬁcum
900 3423 1057 3480 bullis
1094 3426 1234 3482 lumc
1266 3434 1441 3485 locum
1475 3436 1752 3505 privilegio
1805 3440 1999 3495 Urbani
2034 3445 2132 3497 do-

544 3524 730 3567 natum
757 3516 946 3582 fuisse,
972 3522 1065 3573 sed
1092 3524 1234 3590 quod
1260 3525 1595 3594 deperditmn
1624 3541 1725 3584 est.

614 3603 739 3658 "3.30
771 3606 834 3660 de
869 3608 1066 3663 Urbani
1114 3613 1291 3669 Gestis
1333 3627 1618 3687 antequam
1646 3621 1697 3675 in
1723 3621 1926 3678 Gallias
1969 3626 2132 3681 adve-

545 3696 704 3760 niret,
731 3708 991 3765 quantum
1024 3703 1197 3771 licuit,
1228 3723 1292 3761 ex
1337 3711 1501 3765 variis
1528 3714 1868 3771 documentis
1912 3718 2123 3789 collegi-

546 3802 684 3853 mus,
727 3791 855 3859 quid
900 3808 1029 3848 vero
1059 3798 1371 3864 prtestitcrit
1403 3803 1454 3854 in
1488 3804 1589 3859 hoc
1640 3806 1830 3861 itinere
1861 3810 2124 3878 dicemus,

547 3891 829 3950 postquam
859 3888 1111 3943 nonnulla
1141 3893 1562 3960 pra-miserimus
1597 3897 1664 3951 de
1702 3900 2011 3969 Anglicanis
2045 3922 2128 3959 re-

545 3975 664 4039 bus,
696 3977 846 4034 valde
881 3980 983 4036 hoc
1021 4000 1161 4039 anno
1196 3988 1483 4043 occasione
1523 3993 1695 4046 sancti
1726 3994 1964 4051 Anselmi
2003 4015 2125 4068 per-

546 4070 794 4125 turbatis.

539 4160 871 4217 tZLXXXVl.
900 4167 1203 4233 Anglicana’
1233 4171 1396 4223 tnrbm
1426 4174 1487 4225 ob
1518 4172 1578 4228 S.
1615 4176 1938 4232 Anselmnm.
1985 4180 2123 4235 Con-
2160 4164 2167 4171 ’

612 4245 791 4286 ventus
826 4235 1235 4305 Rat/tinguntur.
1270 4243 1546 4318 Anselnnts
1595 4245 1869 4315 lfugonem
1912 4251 2124 4318 Lugdu-

614 4321 819 4357 nenscnt
850 4310 1291 4380 ure/tiepisc0punt
1340 4315 1617 4369 consuluit.
1650 4310 1851 4388 Accipit
1879 4312 2118 4390 pallium.

612 4373 777 4443 Papa?
802 4378 997 4431 scribit.

2248 1856 2609 1915 obedientiam
2638 1864 2820 1920 deberi
2874 1870 3087 1925 etiamsi
3135 1873 3412 1930 Urbanum
3451 1893 3543 1948 pro
3567 1882 3752 1951 pontiﬁce

2246 1961 2353 2001 non
2401 1948 2641 2015 haberet,
2688 1956 2863 2015 visum
2910 1971 2995 2015 est
3039 1978 3150 2017 rem
3196 1967 3261 2019 ad
3308 1971 3596 2037 generalem
3637 1973 3753 2027 totius

2248 2038 2399 2106 regni
2453 2042 2829 2114 episcoporum
2896 2060 2951 2104 et
3008 2068 3299 2122 procerum
3359 2070 3649 2114 conventum
3700 2076 3751 2115 re

2244 2125 2408 2182 ferre.

2314 2243 2541 2301 llabitus
2564 2260 2645 2305 est
2692 2252 2778 2307 hic.
2822 2269 3117 2315 conventus
3151 2278 3295 2318 anno
3344 2266 3477 2323 1095
3515 2267 3747 2338 Boebinga-

2242 2337 2383 2401 mite,
2426 2336 2514 2393 die
2556 2357 2585 2392 ν
2635 2343 2760 2398 llus
2802 2346 3000 2409 Martii,
3060 2352 3112 2405 in
3165 2370 3273 2423 quo
3326 2359 3613 2423 Anselmus,
3657 2369 3749 2412 teste

2242 2425 2526 2493 Eadmcro,
2548 2432 2637 2498 qui
2668 2433 2783 2489 haec
2835 2435 3010 2492 fusius
3058 2453 3264 2509 narrat,
3320 2457 3462 2500 tanta
3493 2463 3601 2500 cum
3635 2448 3747 2500 animi

2240 2524 2542 2577 constantia
2568 2542 2630 2580 ac
2662 2528 2847 2596 vigore
2893 2533 3186 2603 episcopali
3246 2539 3310 2593 de
3351 2556 3443 2593 sua
3496 2541 3640 2610 ipsius
3670 2540 3745 2593 ele-

2239 2613 2417 2669 ctione
2447 2626 2503 2668 ct
2530 2617 2595 2670 de
2620 2620 2925 2677 obedientia
2954 2626 3196 2693 pontiﬁci
3226 2628 3487 2695 Romano,
3520 2641 3615 2684 tum
3632 2632 3744 2685 etiam

2238 2705 2351 2773 regi
2406 2706 2585 2762 debita
2630 2715 2926 2780 peroravit,
2980 2726 3038 2771 ut
3075 2735 3134 2772 re
3158 2736 3322 2789 quam
3368 2723 3565 2778 volebat
3598 2723 3744 2777 retiu-

2238 2792 2399 2857 lecta,
2432 2811 2731 2855 conventus
2762 2814 2884 2872 post
2916 2808 3154 2861 triduum
3186 2810 3352 2865 fuerit
3381 2812 3591 2876 solutus,
3629 2812 3741 2865 datae-

2236 2900 2341 2953 que
2374 2888 2480 2941 sint
2506 2888 2733 2946 induciae
2767 2894 2831 2947 ad
2864 2895 3254 2964 Pentecosten;
3287 2902 3541 2971 episcopis
3570 2902 3681 2954 inter
3701 2916 3739 2950 ea

2237 2976 2511 3048 plerisque
2537 2982 2810 3046 Anselmo,
2846 2985 2929 3037 cui
2964 2987 3221 3041 videbant
3268 3008 3447 3061 regem
3475 3004 3580 3043 esse
3614 2987 3739 3042 inlen-

2236 3083 2376 3134 sum,
2408 3072 2791 3138 obedientiam,
2815 3080 2957 3146 quod
3006 3080 3127 3135 laici
3180 3099 3436 3151 proceres
3464 3101 3558 3138 non
3598 3084 3739 3144 fecere,

2238 3160 2647 3229 denegantibns.
2695 3164 2903 3220 Anxias
2948 3172 3078 3239 quid
3111 3173 3162 3224 in
3194 3185 3347 3228 tanto
3395 3190 3563 3229 rerum
3604 3173 3740 3225 discn-

2236 3250 2379 3304 mine
2401 3268 2584 3321 ageret
2606 3256 2911 3320 Anselmus,
2940 3262 3119 3315 sedem
3143 3263 3417 3318 dimittere
3433 3260 3736 3321 meditabatur,

2234 3358 2355 3395 cum
2389 3344 2532 3397 nulla
2560 3361 2683 3414 spes
2724 3346 3027 3418 alfulgeret,
3060 3361 3117 3405 ut
3144 3353 3193 3407 ei
3228 3354 3520 3419 videbatur,
3554 3348 3737 3404 ﬂectendi

2235 3436 2377 3503 regis
2408 3438 2667 3503 animum,
2698 3457 2794 3496 nec
2820 3445 3176 3500 obtinendiab
3197 3462 3265 3502 eo
3291 3448 3547 3503 licentiam
3569 3444 3737 3500 adeunti

2232 3527 2528 3599 legitimum
2553 3534 2881 3599 pontiﬁcem,
2924 3553 2951 3588 a
2986 3553 3091 3604 quo
3137 3540 3377 3594 nondum
3406 3540 3603 3609 pallium
3625 3550 3736 3627 excr-

2232 3629 2404 3687 perat.
2457 3622 2736 3678 Consuluit
2774 3642 2835 3679 ea
2866 3627 2931 3681 de
2966 3644 3021 3681 re
3052 3627 3332 3697 llugonem
3364 3627 3596 3719 Lugduni
3614 3623 3737 3719 arcin-

2232 3711 2567 3781 episcopum,
2618 3716 2711 3784 qui
2764 3724 2889 3771 tunc
2947 3720 3205 3789 temporis
3253 3720 3516 3790 pontiﬁcis
3554 3716 3669 3807 vices

2231 3800 2418 3859 Galliis
2455 3808 2666 3875 agebat,
2702 3810 2900 3880 scripta
2947 3812 3011 3863 ad
3044 3828 3166 3865 eum
3211 3813 3457 3881 epistola,
3489 3800 3738 3879 qltze'estil

2230 3893 2350 3949 libri
2381 3900 2542 3962 iurin
2572 3914 2679 3969 qua
2708 3903 2756 3955 ei
2788 3902 3099 3972 Anglicante
3145 3904 3404 3960 Ecclesia:
3431 3912 3606 3959 statum
3631 3910 3739 3964 θεῖεν

2227 3991 2313 4056 gie
2345 4004 2712 4060 repraesentat.
2770 3996 2963 4049 Verum
3008 4013 3129 4051 cum
3162 3999 3279 4054 haec
3331 3999 3505 4052 animo
3533 3993 3735 4089 33m?"

2229 4080 2335 4134 duo
2385 4083 2563 4137 clerici
2612 4099 2747 4153 quos
2786 4085 3105 4152 Willelmus,
3153 4088 3395 4144 Anselmi
3447 4080 3735 4141 constantiam

2230 4174 2403 4245 frangi
2438 4192 2597 4245 posse
2635 4179 2955 4248 desperans,
3001 4181 3229 4234 llonmm
3274 4183 3506 4241 miserat,
3535 4186 3583 4228 ut
3606 4168 3737 4264 cxplfl'

2230 4278 2411 4321 rarent
2443 4268 2690 4325 Urbanus
2714 4286 2780 4324 an
2822 4272 3113 4327 Guibertus
3145 4273 3214 4326 ibi
3243 4273 3507 4342 potentior
3543 4273 3675 4321 esset,
3701 4271 3734 4307 ιη

2226 4356 2473 4424 Angliam
2505 4359 2712 4414 rediere
2740 4376 2860 4414 cum
2896 4362 3132 4416 Waltero
3172 4363 3447 4417 cardinale
3473 4359 3733 4412 Albanens‘.

2305 4450 2313 4493 i
2355 4450 2571 4493 [milium
2600 4451 2852 4493 nﬂ‘m-i-lmt
2930 4454 3128 4493 llrlnni
3165 4456 3381 4493 "nmium
3424 4450 3644 4493 ΔηςρΙιιιυ
3675 4452 3735 4489 δι’·

612 4465 996 4524 Deﬁcientibus
1031 4470 1209 4541 itaque
1250 4475 1417 4531 ferme
1466 4481 1732 4535 universis
1776 4481 1843 4537 ab
1886 4483 2119 4539 llenrico
2151 4493 2197 4551 ι)
2224 4465 2313 4551 q_"_'
2355 4450 2571 4551 viduum
2599 4452 2875 4551 “ierim”
2930 4454 3130 4507 unum
3164 4470 3381 4509 "omne
3416 4448 3616 4551 Amen?

538 4560 759 4631 eiusque
788 4566 1247 4635 psemlopontiﬁce
1294 4569 1571 4636 Guiherto,
1597 4590 1754 4643 quem
1790 4577 2117 4633 Clementem

533 4651 595 4703 Ill
616 4653 940 4723 :qqicllabat,
957 4658 1103 4712 solus
1131 4673 1407 4729 supererat
1428 4663 1741 4720 Guillelmus
1765 4681 2121 4737 cognomento

535 4742 728 4805 Rufus,
778 4748 983 4819 Anglia:
1034 4767 1148 4816 rex,
1194 4754 1283 4823 qui
1317 4755 1439 4810 licet
1472 4756 1734 4813 Guiherto
1776 4776 1879 4814 non
1911 4764 2120 4816 obtem-

534 4851 767 4905 peraret,
806 4842 1080 4896 Urbanum
1114 4855 1288 4898 tamen
1324 4851 1556 4902 nomium
1589 4868 1686 4920 pro
1726 4851 1963 4921 legitimo
1988 4871 2119 4924 pon-

539 4929 680 4983 tilice
708 4933 882 5000 palatii
912 4951 1207 5002 agnoscere
1239 4938 1503 5001 voluerat,
1546 4943 1681 4996 adeo
1713 4952 1767 4996 ut
1793 4945 1898 4997 duo
1928 4957 2115 5012 essent,

535 5033 588 5073 ut
620 5024 670 5076 in
697 5025 881 5095 Ang’ia
917 5029 1199 5095 [ei-eluitur,
1232 5032 1406 5101 inquit
1444 5034 1740 5090 Eadmerus
1786 5038 1922 5090 libro
1959 5057 1973 5092 1
2016 5038 2118 5093 N0-

534 5130 745 5178 vorum,
768 5120 855 5186 qui
895 5120 1199 5175 dicebantur
1231 5124 1454 5178 Romani
1480 5130 1770 5193 ponti/ires,
1805 5128 2046 5185 Urbanus
2071 5144 2117 5185 et

536 5207 793 5273 Clemens,
816 5226 933 5278 quze
958 5228 1041 5265 res
1072 5215 1356 5270 iii-tantum
1394 5218 1597 5286 Anglia:
1631 5219 1922 5275 Ecclesium
1953 5240 2115 5276 occu-

538 5298 700 5361 pavit,
727 5308 782 5352 ut
807 5315 835 5351 a
868 5311 1038 5355 morte
1068 5302 1309 5373 Gregorii
1346 5305 1429 5359 VII
1461 5323 1558 5376 per
1579 5308 1758 5376 plures
1788 5326 1960 5363 annos
1990 5311 2116 5364 nulli

536 5390 647 5443 loco
689 5408 840 5461 papa:
892 5393 1041 5446 subdi
1093 5408 1180 5447 aut
1225 5399 1432 5453 obedire
1479 5400 1715 5454 coluerit.
1775 5401 2117 5457 Coiitcstatus‘

534 5493 715 5537 tamen
748 5483 925 5538 fuerat
952 5485 1238 5541 Anselmus
1259 5506 1439 5544 coram
1470 5508 1595 5562 rege
1628 5493 1742 5562 ipso
1770 5501 1824 5547 et
1855 5494 2117 5549 universis

539 5576 689 5646 regni
720 5576 1021 5640 ordinibus,
1048 5594 1169 5633 cum
1211 5581 1264 5633 in
1308 5584 1768 5655 archiepiscopum
1804 5603 1946 5639 anno
1982 5587 2117 5641 1095

537 5668 805 5735 expetitus
831 5668 1035 5732 fuisset,
1063 5686 1119 5724 se
1144 5688 1414 5741 nunquam
1444 5676 1544 5728 nisi
1576 5677 1670 5729 soli
1700 5678 1915 5731 Urbano
1937 5679 2115 5733 obedi~

543 5770 723 5813 unum
756 5771 912 5830 atque
940 5778 998 5818 ea
1034 5764 1338 5820 Conditione
1381 5766 1681 5822 Cantuatiai
1715 5770 1964 5823 thrrmum
1992 5788 2117 5825 con-

2225 4545 2567 4614 chiepiscopo
2619 4546 2965 4605 destinatum,
3033 4563 3151 4615 qua:
3212 4564 3300 4603 res
3366 4537 3734 4641 speinnalut'liﬁl

2227 4639 2376 4706 pacis
2404 4638 2662 4693 habendae
2685 4638 2883 4692 attulit.
2908 4637 3023 4691 Rex
3049 4639 3246 4708 quippe
3269 4640 3447 4693 statim
3470 4632 3676 4686 edixitui
3699 4632 3732 4666 ειι

2226 4741 2334 4785 tota
2363 4731 2553 4801 Anglia
2583 4731 2728 4786 solus
2760 4732 3004 4786 Urbanus
3026 4748 3123 4801 pro
3161 4749 3289 4787 vero
3314 4741 3366 4787 et
3393 4726 3610 4798 legitimo
3637 4728 3733 4785 βου·

2226 4824 2367 4877 tilice
2392 4822 2703 4878 haberetur.

2296 4936 2492 4991 Verum
2543 4950 2666 4989 cum
2696 4935 2897 4990 omisso
2944 4934 3198 4989 Ansclmo
3249 4935 3451 5003 legatus
3494 4926 3551 4978 ad
3594 4925 3731 5022 regent

2222 5030 2441 5098 pallium
2474 5029 2777 5093 detulisset,
2805 5028 3043 5097 speravit
3093 5028 3181 5082 ille
3212 5044 3269 5081 se
3303 5027 3368 5080 ab
3389 5016 3731 5083 archiepiscopo

2223 5124 2501 5192 put-nniam
2559 5122 2794 5189 aliquam
2825 5130 3202 5188 accepturum,
3242 5135 3359 5174 eam
3406 5112 3729 5235 saltentrs‘lqlgi‘

2403 5228 2555 5235 hu..-“
2654 5212 2697 5235 ,ηέ
2763 5212 2982 5235 D..nt...,.
3052 5211 3477 5235 .....‘l.f,.-2..nnuno
3538 5215 3574 5235 ﬁt
3600 5211 3658 5235 ΙΙ..
3719 5224 3726 5235 ι

2224 5230 2363 5267 mam
2399 5228 2579 5281 quium,
2653 5212 2697 5264 si
2758 5212 2984 5265 Romam
3051 5211 3478 5279 archiepiscopus
3536 5195 3726 5314 aditis:-

2224 5307 2411 5360 fuisset
2436 5308 2487 5359 in
2526 5322 2590 5359 eo
2614 5305 2805 5359 itinere
2835 5320 3191 5373 expensurus,
3217 5315 3304 5357 aut
3328 5301 3504 5356 saltem
3531 5291 3615 5388 subi
3643 5291 3727 5388 red-

2223 5401 2375 5453 deret
2429 5399 2686 5467 quidquid
2742 5397 2854 5465 ipse
2906 5398 2971 5449 ad
3027 5397 3243 5465 pallium
3276 5397 3340 5449 ab
3376 5390 3568 5446 Urbano
3601 5383 3726 5439 iml’c‘

2225 5492 2472 5544 trandum
2505 5490 2903 5557 insumpserat;
2941 5491 3032 5543 sed
3081 5489 3210 5541 nihil
3241 5489 3308 5541 ab
3337 5480 3564 5538 Auselmo
3588 5475 3709 5523 EXW

2222 5584 2374 5653 queri
2403 5585 2593 5654 potuit.
2620 5585 2731 5637 lmu
2757 5574 2891 5637 cuni
2915 5583 2982 5637 ab
3011 5597 3075 5638 eo
3107 5584 3329 5652 petitum
3372 5577 3540 5631 fuisset
3589 5571 3635 5616 υι

2225 5678 2376 5744 regia:
2407 5676 2696 5746 maiestatis
2725 5676 3111 5745 magniﬁcentia
3152 5682 3419 5744 pateretur
3451 5662 3643 5761 saltent.

2222 5787 2252 5824 a
2287 5786 2412 5841 rege
2440 5770 2655 5841 pallium
2681 5769 2993 5827 solemniter
3015 5768 3238 5840 imponi,
3266 5765 3385 5821 illud
3405 5764 3587 5830 ηυοειιιθ
3605 5758 3671 5814 Ρ¹ί¹

3656 5566 3722 5623 1Υο

3649 5641 3723 5701 sibi

3676 5748 3723 5789 uc
