  <div class='ocr_page' id='page_1' title='image "/cluster/home/n/w/nwhite01/storage/ocr_20150623/151/hvd.32044015473796/082.png"; bbox 0 0 3892 6320; ppageno 0'>
   <div class='ocr_carea' id='block_1_1' title="bbox 79 375 187 430">
    <p class='ocr_par' dir='ltr' id='par_1_1' title="bbox 79 375 187 430">
     <span class='ocr_line' id='line_1_1' title="bbox 79 375 187 430; baseline -0.009 0"><span class='ocrx_word' id='word_1_1' title='bbox 79 375 187 430; x_wconf 71' lang='grc' dir='ltr'><strong>1.ιὸ</strong></span> 
     </span>
    </p>
   </div>
   <div class='ocr_carea' id='block_1_2' title="bbox 1649 373 1826 428">
    <p class='ocr_par' dir='ltr' id='par_1_2' title="bbox 1649 373 1826 428">
     <span class='ocr_line' id='line_1_2' title="bbox 1649 373 1826 428; baseline 0.006 -1"><span class='ocrx_word' id='word_1_2' title='bbox 1649 373 1826 428; x_wconf 71' lang='lat' dir='ltr'><strong>VITA.</strong></span> 
     </span>
    </p>
   </div>
   <div class='ocr_carea' id='block_1_3' title="bbox 3247 375 3347 430">
    <p class='ocr_par' dir='ltr' id='par_1_3' title="bbox 3247 375 3347 430">
     <span class='ocr_line' id='line_1_3' title="bbox 3247 375 3347 430; baseline 0 0"><span class='ocrx_word' id='word_1_3' title='bbox 3247 375 3347 430; x_wconf 63' lang='lat' dir='ltr'><strong>I54</strong></span> 
     </span>
    </p>
   </div>
   <div class='ocr_carea' id='block_1_4' title="bbox 63 483 3351 560">
    <p class='ocr_par' dir='ltr' id='par_1_4' title="bbox 63 483 3351 560">
     <span class='ocr_line' id='line_1_4' title="bbox 63 483 3351 560; baseline 0.002 -20"><span class='ocrx_word' id='word_1_4' title='bbox 63 483 255 540; x_wconf 89' lang='lat' dir='ltr'><strong>renuit</strong></span> <span class='ocrx_word' id='word_1_5' title='bbox 278 490 498 538; x_wconf 81' lang='lat' dir='ltr'><strong>sanctus</strong></span> <span class='ocrx_word' id='word_1_6' title='bbox 523 483 774 548; x_wconf 73' lang='lat' dir='ltr'><strong>antistes,</strong></span> <span class='ocrx_word' id='word_1_7' title='bbox 801 490 1139 539; x_wconf 88' lang='lat' dir='ltr'><strong>contestatus</strong></span> <span class='ocrx_word' id='word_1_8' title='bbox 1169 498 1229 540; x_wconf 86' lang='lat' dir='ltr'><strong>se</strong></span> <span class='ocrx_word' id='word_1_9' title='bbox 1276 498 1376 540; x_wconf 89' lang='lat' dir='ltr'><strong>nec</strong></span> <span class='ocrx_word' id='word_1_10' title='bbox 1405 498 1662 556; x_wconf 77' lang='lat' dir='ltr'><strong>pecunias</strong></span> <span class='ocrx_word' id='word_1_11' title='bbox 1692 490 1738 545; x_wconf 77' lang='grc' dir='ltr'><strong>Α</strong></span> <span class='ocrx_word' id='word_1_12' title='bbox 1765 485 2024 541; x_wconf 84' lang='lat' dir='ltr'><strong>discimus</strong></span> <span class='ocrx_word' id='word_1_13' title='bbox 2045 499 2109 540; x_wconf 77' lang='lat' dir='ltr'><strong>ex</strong></span> <span class='ocrx_word' id='word_1_14' title='bbox 2139 499 2257 556; x_wconf 77' lang='lat' dir='ltr'><strong>ipso</strong></span> <span class='ocrx_word' id='word_1_15' title='bbox 2286 485 2538 542; x_wconf 85' lang='lat' dir='ltr'><strong>Anselmo</strong></span> <span class='ocrx_word' id='word_1_16' title='bbox 2567 485 2662 542; x_wconf 90' lang='lat' dir='ltr'><strong>lib.</strong></span> <span class='ocrx_word' id='word_1_17' title='bbox 2697 503 2778 554; x_wconf 87' lang='grc' dir='ltr'>ιιι,</span> <span class='ocrx_word' id='word_1_18' title='bbox 2816 496 2974 560; x_wconf 77' lang='lat' dir='ltr'><strong>epist.</strong></span> <span class='ocrx_word' id='word_1_19' title='bbox 3002 489 3074 544; x_wconf 73' lang='lat'><strong>20</strong></span> <span class='ocrx_word' id='word_1_20' title='bbox 3102 490 3168 544; x_wconf 90' lang='lat' dir='ltr'><strong>ad</strong></span> <span class='ocrx_word' id='word_1_21' title='bbox 3200 505 3351 546; x_wconf 87' lang='lat' dir='ltr'><strong>eum-</strong></span> 
     </span>
    </p>
   </div>
   <div class='ocr_carea' id='block_1_5' title="bbox 63 574 1658 647">
    <p class='ocr_par' dir='ltr' id='par_1_5' title="bbox 63 574 1658 647">
     <span class='ocr_line' id='line_1_5' title="bbox 63 574 1658 647; baseline 0.001 -17"><span class='ocrx_word' id='word_1_22' title='bbox 63 577 209 630; x_wconf 83' lang='lat' dir='ltr'><strong>nllas</strong></span> <span class='ocrx_word' id='word_1_23' title='bbox 237 589 334 646; x_wconf 91' lang='lat' dir='ltr'><strong>pro</strong></span> <span class='ocrx_word' id='word_1_24' title='bbox 356 574 519 644; x_wconf 83' lang='lat' dir='ltr'><strong>pallio</strong></span> <span class='ocrx_word' id='word_1_25' title='bbox 547 589 785 644; x_wconf 83' lang='lat' dir='ltr'><strong>unquam</strong></span> <span class='ocrx_word' id='word_1_26' title='bbox 812 575 1087 642; x_wconf 89' lang='lat' dir='ltr'><strong>daturum,</strong></span> <span class='ocrx_word' id='word_1_27' title='bbox 1115 591 1217 632; x_wconf 89' lang='lat' dir='ltr'><strong>nec</strong></span> <span class='ocrx_word' id='word_1_28' title='bbox 1244 592 1481 647; x_wconf 85' lang='lat' dir='ltr'><strong>unquam</strong></span> <span class='ocrx_word' id='word_1_29' title='bbox 1509 593 1658 634; x_wconf 89' lang='lat' dir='ltr'><strong>com-</strong></span> 
     </span>
    </p>
   </div>
   <div class='ocr_carea' id='block_1_6' title="bbox 63 665 1656 736">
    <p class='ocr_par' dir='ltr' id='par_1_6' title="bbox 63 665 1656 736">
     <span class='ocr_line' id='line_1_6' title="bbox 63 665 1656 736; baseline 0.003 -16"><span class='ocrx_word' id='word_1_30' title='bbox 63 668 360 721; x_wconf 85' lang='lat' dir='ltr'><strong>missurum</strong></span> <span class='ocrx_word' id='word_1_31' title='bbox 419 673 478 719; x_wconf 94' lang='lat' dir='ltr'><strong>ut</strong></span> <span class='ocrx_word' id='word_1_32' title='bbox 505 665 610 720; x_wconf 88' lang='lat' dir='ltr'><strong>sibi</strong></span> <span class='ocrx_word' id='word_1_33' title='bbox 657 680 687 719; x_wconf 92' lang='lat' dir='ltr'><strong>a</strong></span> <span class='ocrx_word' id='word_1_34' title='bbox 738 681 1010 736; x_wconf 89' lang='lat' dir='ltr'><strong>quoquam</strong></span> <span class='ocrx_word' id='word_1_35' title='bbox 1058 668 1339 723; x_wconf 83' lang='lat' dir='ltr'><strong>hominum</strong></span> <span class='ocrx_word' id='word_1_36' title='bbox 1385 668 1514 724; x_wconf 89' lang='lat' dir='ltr'><strong>illud</strong></span> <span class='ocrx_word' id='word_1_37' title='bbox 1554 668 1656 724; x_wconf 84' lang='lat' dir='ltr'><strong>sibi</strong></span> 
     </span>
    </p>
   </div>
   <div class='ocr_carea' id='block_1_7' title="bbox 63 757 1660 832">
    <p class='ocr_par' dir='ltr' id='par_1_7' title="bbox 63 757 1660 832">
     <span class='ocr_line' id='line_1_7' title="bbox 63 757 1660 832; baseline 0 -18"><span class='ocrx_word' id='word_1_38' title='bbox 63 760 400 829; x_wconf 88' lang='lat' dir='ltr'><strong>imponatur.</strong></span> <span class='ocrx_word' id='word_1_39' title='bbox 447 757 513 812; x_wconf 80' lang='lat' dir='ltr'><strong>Et</strong></span> <span class='ocrx_word' id='word_1_40' title='bbox 543 758 760 828; x_wconf 87' lang='lat' dir='ltr'><strong>quidem</strong></span> <span class='ocrx_word' id='word_1_41' title='bbox 795 759 866 813; x_wconf 89' lang='lat' dir='ltr'><strong>ita</strong></span> <span class='ocrx_word' id='word_1_42' title='bbox 897 758 1097 814; x_wconf 85' lang='lat' dir='ltr'><strong>factum</strong></span> <span class='ocrx_word' id='word_1_43' title='bbox 1125 759 1246 814; x_wconf 87' lang='lat' dir='ltr'><strong>fuit.</strong></span> <span class='ocrx_word' id='word_1_44' title='bbox 1291 760 1506 815; x_wconf 90' lang='lat' dir='ltr'><strong>Etenim</strong></span> <span class='ocrx_word' id='word_1_45' title='bbox 1537 769 1660 832; x_wconf 87' lang='lat' dir='ltr'><strong>post</strong></span> 
     </span>
    </p>
   </div>
   <div class='ocr_carea' id='block_1_8' title="bbox 63 853 1656 926">
    <p class='ocr_par' dir='ltr' id='par_1_8' title="bbox 63 853 1656 926">
     <span class='ocr_line' id='line_1_8' title="bbox 63 853 1656 926; baseline 0.002 -20"><span class='ocrx_word' id='word_1_46' title='bbox 63 853 246 907; x_wconf 80' lang='lat' dir='ltr'><strong>varias</strong></span> <span class='ocrx_word' id='word_1_47' title='bbox 275 853 399 908; x_wconf 86' lang='lat' dir='ltr'><strong>hinc</strong></span> <span class='ocrx_word' id='word_1_48' title='bbox 430 863 486 907; x_wconf 87' lang='lat' dir='ltr'><strong>et</strong></span> <span class='ocrx_word' id='word_1_49' title='bbox 519 854 643 908; x_wconf 90' lang='lat' dir='ltr'><strong>inde</strong></span> <span class='ocrx_word' id='word_1_50' title='bbox 686 855 1142 919; x_wconf 81' lang='lat' dir='ltr'><strong>concertationes,</strong></span> <span class='ocrx_word' id='word_1_51' title='bbox 1173 871 1310 926; x_wconf 89' lang='lat' dir='ltr'><strong>quas</strong></span> <span class='ocrx_word' id='word_1_52' title='bbox 1337 856 1656 920; x_wconf 87' lang='lat' dir='ltr'><strong>Eadmerus,</strong></span> 
     </span>
    </p>
   </div>
   <div class='ocr_carea' id='block_1_9' title="bbox 60 943 1657 1016">
    <p class='ocr_par' dir='ltr' id='par_1_9' title="bbox 60 943 1657 1016">
     <span class='ocr_line' id='line_1_9' title="bbox 60 943 1657 1016; baseline 0.001 -18"><span class='ocrx_word' id='word_1_53' title='bbox 60 945 372 999; x_wconf 84' lang='lat' dir='ltr'><strong>Willelmus</strong></span> <span class='ocrx_word' id='word_1_54' title='bbox 402 943 898 1000; x_wconf 82' lang='lat' dir='ltr'><strong>Malmesburiensis</strong></span> <span class='ocrx_word' id='word_1_55' title='bbox 933 955 988 1000; x_wconf 88' lang='lat' dir='ltr'><strong>et</strong></span> <span class='ocrx_word' id='word_1_56' title='bbox 1034 946 1124 1002; x_wconf 85' lang='lat' dir='ltr'><strong>alii</strong></span> <span class='ocrx_word' id='word_1_57' title='bbox 1155 947 1355 1016; x_wconf 82' lang='lat' dir='ltr'><strong>passim</strong></span> <span class='ocrx_word' id='word_1_58' title='bbox 1408 955 1657 1001; x_wconf 73' lang='lat' dir='ltr'><strong>auctores</strong></span> 
     </span>
    </p>
   </div>
   <div class='ocr_carea' id='block_1_10' title="bbox 63 1037 1656 1109">
    <p class='ocr_par' dir='ltr' id='par_1_10' title="bbox 63 1037 1656 1109">
     <span class='ocr_line' id='line_1_10' title="bbox 63 1037 1656 1109; baseline 0.001 -20"><span class='ocrx_word' id='word_1_59' title='bbox 63 1037 332 1100; x_wconf 88' lang='lat' dir='ltr'><strong>referunt,</strong></span> <span class='ocrx_word' id='word_1_60' title='bbox 359 1037 575 1092; x_wconf 79' lang='lat' dir='ltr'><strong>tandem</strong></span> <span class='ocrx_word' id='word_1_61' title='bbox 621 1038 875 1094; x_wconf 81' lang='lat' dir='ltr'><strong>convenit</strong></span> <span class='ocrx_word' id='word_1_62' title='bbox 902 1039 1044 1093; x_wconf 87' lang='lat' dir='ltr'><strong>inter</strong></span> <span class='ocrx_word' id='word_1_63' title='bbox 1093 1049 1276 1109; x_wconf 90' lang='lat' dir='ltr'><strong>partes</strong></span> <span class='ocrx_word' id='word_1_64' title='bbox 1348 1050 1405 1093; x_wconf 90' lang='lat' dir='ltr'><strong>ut</strong></span> <span class='ocrx_word' id='word_1_65' title='bbox 1437 1037 1656 1108; x_wconf 85' lang='lat' dir='ltr'><strong>pallium</strong></span> 
     </span>
    </p>
   </div>
   <div class='ocr_carea' id='block_1_11' title="bbox 63 1127 1654 1198">
    <p class='ocr_par' dir='ltr' id='par_1_11' title="bbox 63 1127 1654 1198">
     <span class='ocr_line' id='line_1_11' title="bbox 63 1127 1654 1198; baseline 0.003 -18"><span class='ocrx_word' id='word_1_66' title='bbox 63 1144 226 1196; x_wconf 86' lang='lat' dir='ltr'><strong>supra</strong></span> <span class='ocrx_word' id='word_1_67' title='bbox 279 1127 452 1182; x_wconf 84' lang='lat' dir='ltr'><strong>altare</strong></span> <span class='ocrx_word' id='word_1_68' title='bbox 497 1129 883 1197; x_wconf 86' lang='lat' dir='ltr'><strong>deponeretur,</strong></span> <span class='ocrx_word' id='word_1_69' title='bbox 920 1129 1160 1198; x_wconf 84' lang='lat' dir='ltr'><strong>illudque</strong></span> <span class='ocrx_word' id='word_1_70' title='bbox 1212 1129 1412 1184; x_wconf 86' lang='lat' dir='ltr'><strong>exinde</strong></span> <span class='ocrx_word' id='word_1_71' title='bbox 1448 1145 1654 1185; x_wconf 82' lang='lat' dir='ltr'><strong>assum-</strong></span> 
     </span>
    </p>
   </div>
   <div class='ocr_carea' id='block_1_12' title="bbox 64 1219 1660 1293">
    <p class='ocr_par' dir='ltr' id='par_1_12' title="bbox 64 1219 1660 1293">
     <span class='ocr_line' id='line_1_12' title="bbox 64 1219 1660 1293; baseline 0.004 -24"><span class='ocrx_word' id='word_1_72' title='bbox 64 1229 216 1289; x_wconf 85' lang='lat' dir='ltr'><strong>ptum</strong></span> <span class='ocrx_word' id='word_1_73' title='bbox 253 1219 574 1283; x_wconf 79' lang='lat' dir='ltr'><strong>Ansehnus,</strong></span> <span class='ocrx_word' id='word_1_74' title='bbox 603 1220 703 1274; x_wconf 86' lang='lat' dir='ltr'><strong>sibi</strong></span> <span class='ocrx_word' id='word_1_75' title='bbox 733 1219 832 1289; x_wconf 84' lang='lat' dir='ltr'><strong>ipsi</strong></span> <span class='ocrx_word' id='word_1_76' title='bbox 865 1226 1107 1291; x_wconf 88' lang='lat' dir='ltr'><strong>aptaret;</strong></span> <span class='ocrx_word' id='word_1_77' title='bbox 1160 1230 1323 1293; x_wconf 87' lang='lat' dir='ltr'><strong>atque</strong></span> <span class='ocrx_word' id='word_1_78' title='bbox 1369 1222 1445 1277; x_wconf 91' lang='lat' dir='ltr'><strong>ita</strong></span> <span class='ocrx_word' id='word_1_79' title='bbox 1469 1222 1660 1279; x_wconf 82' lang='lat' dir='ltr'><strong>Anscl-</strong></span> 
     </span>
    </p>
   </div>
   <div class='ocr_carea' id='block_1_13' title="bbox 70 1309 1660 1382">
    <p class='ocr_par' dir='ltr' id='par_1_13' title="bbox 70 1309 1660 1382">
     <span class='ocr_line' id='line_1_13' title="bbox 70 1309 1660 1382; baseline 0.003 -19"><span class='ocrx_word' id='word_1_80' title='bbox 70 1325 188 1364; x_wconf 90' lang='lat' dir='ltr'><strong>nms</strong></span> <span class='ocrx_word' id='word_1_81' title='bbox 204 1311 413 1380; x_wconf 85' lang='lat' dir='ltr'><strong>absque</strong></span> <span class='ocrx_word' id='word_1_82' title='bbox 435 1309 545 1366; x_wconf 92' lang='lat' dir='ltr'><strong>ullo</strong></span> <span class='ocrx_word' id='word_1_83' title='bbox 568 1309 823 1366; x_wconf 66' lang='lat' dir='ltr'><strong>Simonis:</strong></span> <span class='ocrx_word' id='word_1_84' title='bbox 853 1326 1026 1378; x_wconf 66' lang='lat' dir='ltr'><strong>naevo,</strong></span> <span class='ocrx_word' id='word_1_85' title='bbox 1058 1312 1278 1380; x_wconf 79' lang='lat' dir='ltr'><strong>pallium</strong></span> <span class='ocrx_word' id='word_1_86' title='bbox 1311 1313 1569 1382; x_wconf 86' lang='lat' dir='ltr'><strong>suscepit,</strong></span> <span class='ocrx_word' id='word_1_87' title='bbox 1604 1319 1660 1367; x_wconf 90' lang='lat' dir='ltr'><strong>et</strong></span> 
     </span>
    </p>
   </div>
   <div class='ocr_carea' id='block_1_14' title="bbox 71 1402 1657 1472">
    <p class='ocr_par' dir='ltr' id='par_1_14' title="bbox 71 1402 1657 1472">
     <span class='ocr_line' id='line_1_14' title="bbox 71 1402 1657 1472; baseline 0.001 -17"><span class='ocrx_word' id='word_1_88' title='bbox 71 1402 318 1457; x_wconf 82' lang='lat' dir='ltr'><strong>Urbanus</strong></span> <span class='ocrx_word' id='word_1_89' title='bbox 362 1403 570 1472; x_wconf 88' lang='lat' dir='ltr'><strong>absque</strong></span> <span class='ocrx_word' id='word_1_90' title='bbox 622 1402 1006 1459; x_wconf 74' lang='lat' dir='ltr'><strong>ecclesiastica:</strong></span> <span class='ocrx_word' id='word_1_91' title='bbox 1051 1403 1317 1459; x_wconf 83' lang='lat' dir='ltr'><strong>libertatis</strong></span> <span class='ocrx_word' id='word_1_92' title='bbox 1338 1402 1572 1472; x_wconf 84' lang='lat' dir='ltr'><strong>jactura,</strong></span> <span class='ocrx_word' id='word_1_93' title='bbox 1627 1418 1657 1456; x_wconf 91' lang='lat' dir='ltr'><strong>a</strong></span> 
     </span>
    </p>
   </div>
   <div class='ocr_carea' id='block_1_15' title="bbox 69 1493 1657 1564">
    <p class='ocr_par' dir='ltr' id='par_1_15' title="bbox 69 1493 1657 1564">
     <span class='ocr_line' id='line_1_15' title="bbox 69 1493 1657 1564; baseline 0.002 -19"><span class='ocrx_word' id='word_1_94' title='bbox 69 1507 194 1561; x_wconf 75' lang='lat' dir='ltr'><strong>rege</strong></span> <span class='ocrx_word' id='word_1_95' title='bbox 242 1501 299 1547; x_wconf 79' lang='lat' dir='ltr'><strong>et</strong></span> <span class='ocrx_word' id='word_1_96' title='bbox 346 1493 558 1562; x_wconf 90' lang='lat' dir='ltr'><strong>populis</strong></span> <span class='ocrx_word' id='word_1_97' title='bbox 603 1508 702 1562; x_wconf 88' lang='lat' dir='ltr'><strong>pro</strong></span> <span class='ocrx_word' id='word_1_98' title='bbox 739 1509 868 1549; x_wconf 84' lang='lat' dir='ltr'><strong>vero</strong></span> <span class='ocrx_word' id='word_1_99' title='bbox 913 1504 969 1549; x_wconf 90' lang='lat' dir='ltr'><strong>et</strong></span> <span class='ocrx_word' id='word_1_100' title='bbox 1021 1493 1260 1564; x_wconf 72' lang='lat' dir='ltr'><strong>legitimo</strong></span> <span class='ocrx_word' id='word_1_101' title='bbox 1311 1493 1566 1564; x_wconf 89' lang='lat' dir='ltr'><strong>pontiﬁce</strong></span> <span class='ocrx_word' id='word_1_102' title='bbox 1605 1493 1657 1548; x_wconf 93' lang='lat' dir='ltr'><strong>in</strong></span> 
     </span>
    </p>
   </div>
   <div class='ocr_carea' id='block_1_16' title="bbox 70 1583 1662 1654">
    <p class='ocr_par' dir='ltr' id='par_1_16' title="bbox 70 1583 1662 1654">
     <span class='ocr_line' id='line_1_16' title="bbox 70 1583 1662 1654; baseline 0.002 -18"><span class='ocrx_word' id='word_1_103' title='bbox 70 1584 254 1654; x_wconf 71' lang='lat' dir='ltr'><strong>Anglia</strong></span> <span class='ocrx_word' id='word_1_104' title='bbox 295 1585 486 1638; x_wconf 87' lang='lat' dir='ltr'><strong>haberi</strong></span> <span class='ocrx_word' id='word_1_105' title='bbox 511 1584 695 1654; x_wconf 75' lang='grc' dir='ltr'><strong>(τατιιίι.</strong></span> <span class='ocrx_word' id='word_1_106' title='bbox 741 1583 942 1640; x_wconf 85' lang='lat' dir='ltr'><strong>Scribit</strong></span> <span class='ocrx_word' id='word_1_107' title='bbox 988 1585 1296 1642; x_wconf 87' lang='lat' dir='ltr'><strong>Willelmus</strong></span> <span class='ocrx_word' id='word_1_108' title='bbox 1338 1586 1662 1640; x_wconf 83' lang='lat' dir='ltr'><strong>Malmesbu-</strong></span> 
     </span>
    </p>
   </div>
   <div class='ocr_carea' id='block_1_17' title="bbox 73 1676 1670 1749">
    <p class='ocr_par' dir='ltr' id='par_1_17' title="bbox 73 1676 1670 1749">
     <span class='ocr_line' id='line_1_17' title="bbox 73 1676 1670 1749; baseline 0.002 -20"><span class='ocrx_word' id='word_1_109' title='bbox 73 1677 265 1731; x_wconf 70' lang='lat' dir='ltr'><strong>riensTs</strong></span> <span class='ocrx_word' id='word_1_110' title='bbox 318 1676 562 1732; x_wconf 82' lang='lat' dir='ltr'><strong>Waltero</strong></span> <span class='ocrx_word' id='word_1_111' title='bbox 611 1676 960 1732; x_wconf 88' lang='lat' dir='ltr'><strong>Cantuariam</strong></span> <span class='ocrx_word' id='word_1_112' title='bbox 1010 1679 1267 1745; x_wconf 85' lang='lat' dir='ltr'><strong>venienti,</strong></span> <span class='ocrx_word' id='word_1_113' title='bbox 1302 1679 1394 1748; x_wconf 85' lang='lat' dir='ltr'><strong>qui</strong></span> <span class='ocrx_word' id='word_1_114' title='bbox 1437 1678 1670 1749; x_wconf 86' lang='lat' dir='ltr'><strong>pallium</strong></span> 
     </span>
    </p>
   </div>
   <div class='ocr_carea' id='block_1_18' title="bbox 77 1771 1657 1848">
    <p class='ocr_par' dir='ltr' id='par_1_18' title="bbox 77 1771 1657 1848">
     <span class='ocr_line' id='line_1_18' title="bbox 77 1771 1657 1848; baseline 0.004 -24"><span class='ocrx_word' id='word_1_115' title='bbox 77 1772 125 1824; x_wconf 90' lang='lat' dir='ltr'><strong>in</strong></span> <span class='ocrx_word' id='word_1_116' title='bbox 149 1771 330 1825; x_wconf 77' lang='lat' dir='ltr'><strong>arcuia</strong></span> <span class='ocrx_word' id='word_1_117' title='bbox 360 1783 618 1842; x_wconf 74' lang='lat' dir='ltr'><strong>argentea</strong></span> <span class='ocrx_word' id='word_1_118' title='bbox 649 1773 951 1840; x_wconf 89' lang='lat' dir='ltr'><strong>deferebat,</strong></span> <span class='ocrx_word' id='word_1_119' title='bbox 974 1776 1290 1832; x_wconf 85' lang='lat' dir='ltr'><strong>Anselmum</strong></span> <span class='ocrx_word' id='word_1_120' title='bbox 1321 1777 1461 1832; x_wconf 87' lang='lat' dir='ltr'><strong>inter</strong></span> <span class='ocrx_word' id='word_1_121' title='bbox 1483 1793 1657 1848; x_wconf 91' lang='lat' dir='ltr'><strong>popu-</strong></span> 
     </span>
    </p>
   </div>
   <div class='ocr_carea' id='block_1_19' title="bbox 1760 575 3350 644">
    <p class='ocr_par' dir='ltr' id='par_1_19' title="bbox 1760 575 3350 644">
     <span class='ocr_line' id='line_1_19' title="bbox 1760 575 3350 644; baseline 0.003 -13"><span class='ocrx_word' id='word_1_122' title='bbox 1760 576 1881 632; x_wconf 90' lang='lat' dir='ltr'><strong>dem</strong></span> <span class='ocrx_word' id='word_1_123' title='bbox 1910 575 2238 644; x_wconf 88' lang='lat' dir='ltr'><strong>Osbernum,</strong></span> <span class='ocrx_word' id='word_1_124' title='bbox 2263 575 2352 632; x_wconf 92' lang='lat' dir='ltr'><strong>ubi</strong></span> <span class='ocrx_word' id='word_1_125' title='bbox 2381 593 2504 632; x_wconf 90' lang='lat' dir='ltr'><strong>eum</strong></span> <span class='ocrx_word' id='word_1_126' title='bbox 2533 579 2856 635; x_wconf 84' lang='lat' dir='ltr'><strong>adhortatur</strong></span> <span class='ocrx_word' id='word_1_127' title='bbox 2885 589 2941 634; x_wconf 95' lang='lat' dir='ltr'><strong>nt</strong></span> <span class='ocrx_word' id='word_1_128' title='bbox 2963 583 3263 638; x_wconf 85' lang='lat' dir='ltr'><strong>monachos</strong></span> <span class='ocrx_word' id='word_1_129' title='bbox 3284 585 3350 638; x_wconf 87' lang='lat' dir='ltr'><strong>dc</strong></span> 
     </span>
    </p>
   </div>
   <div class='ocr_carea' id='block_1_20' title="bbox 1761 667 3350 738">
    <p class='ocr_par' dir='ltr' id='par_1_20' title="bbox 1761 667 3350 738">
     <span class='ocr_line' id='line_1_20' title="bbox 1761 667 3350 738; baseline 0.006 -16"><span class='ocrx_word' id='word_1_130' title='bbox 1761 667 1996 723; x_wconf 85' lang='lat' dir='ltr'><strong>Batailla</strong></span> <span class='ocrx_word' id='word_1_131' title='bbox 2023 669 2076 724; x_wconf 93' lang='lat' dir='ltr'><strong>in</strong></span> <span class='ocrx_word' id='word_1_132' title='bbox 2106 667 2224 738; x_wconf 86' lang='lat' dir='ltr'><strong>ejus</strong></span> <span class='ocrx_word' id='word_1_133' title='bbox 2245 670 2381 725; x_wconf 90' lang='lat' dir='ltr'><strong>urbe</strong></span> <span class='ocrx_word' id='word_1_134' title='bbox 2409 680 2808 728; x_wconf 88' lang='lat' dir='ltr'><strong>commorantes</strong></span> <span class='ocrx_word' id='word_1_135' title='bbox 2837 674 3098 730; x_wconf 87' lang='lat' dir='ltr'><strong>adversus</strong></span> <span class='ocrx_word' id='word_1_136' title='bbox 3125 675 3350 731; x_wconf 89' lang='lat' dir='ltr'><strong>clerico-</strong></span> 
     </span>
    </p>
   </div>
   <div class='ocr_carea' id='block_1_21' title="bbox 1761 753 3348 834">
    <p class='ocr_par' dir='ltr' id='par_1_21' title="bbox 1761 753 3348 834">
     <span class='ocr_line' id='line_1_21' title="bbox 1761 753 3348 834; baseline 0.006 -22"><span class='ocrx_word' id='word_1_137' title='bbox 1761 769 1881 812; x_wconf 88' lang='lat' dir='ltr'><strong>rum</strong></span> <span class='ocrx_word' id='word_1_138' title='bbox 1938 758 2162 828; x_wconf 88' lang='lat' dir='ltr'><strong>injurias</strong></span> <span class='ocrx_word' id='word_1_139' title='bbox 2200 770 2441 827; x_wconf 87' lang='lat' dir='ltr'><strong>tueatur,</strong></span> <span class='ocrx_word' id='word_1_140' title='bbox 2485 762 2675 832; x_wconf 84' lang='lat' dir='ltr'><strong>eisque</strong></span> <span class='ocrx_word' id='word_1_141' title='bbox 2721 753 3003 834; x_wconf 84' lang='lat' dir='ltr'><strong>permittat</strong></span> <span class='ocrx_word' id='word_1_142' title='bbox 3080 766 3232 834; x_wconf 72' lang='lat' dir='ltr'><strong>signa</strong></span> <span class='ocrx_word' id='word_1_143' title='bbox 3279 768 3348 822; x_wconf 87' lang='lat' dir='ltr'><strong>ad</strong></span> 
     </span>
    </p>
   </div>
   <div class='ocr_carea' id='block_1_22' title="bbox 1757 847 3354 927">
    <p class='ocr_par' dir='ltr' id='par_1_22' title="bbox 1757 847 3354 927">
     <span class='ocr_line' id='line_1_22' title="bbox 1757 847 3354 927; baseline 0.006 -25"><span class='ocrx_word' id='word_1_144' title='bbox 1757 847 1992 904; x_wconf 82' lang='lat' dir='ltr'><strong>olﬁcium</strong></span> <span class='ocrx_word' id='word_1_145' title='bbox 2025 851 2265 906; x_wconf 86' lang='lat' dir='ltr'><strong>divinum</strong></span> <span class='ocrx_word' id='word_1_146' title='bbox 2297 853 2533 922; x_wconf 86' lang='lat' dir='ltr'><strong>pulsare,</strong></span> <span class='ocrx_word' id='word_1_147' title='bbox 2571 863 2632 908; x_wconf 93' lang='lat' dir='ltr'><strong>ut</strong></span> <span class='ocrx_word' id='word_1_148' title='bbox 2664 855 2798 910; x_wconf 92' lang='lat' dir='ltr'><strong>ordo</strong></span> <span class='ocrx_word' id='word_1_149' title='bbox 2826 857 3176 923; x_wconf 86' lang='lat' dir='ltr'><strong>monasticus,</strong></span> <span class='ocrx_word' id='word_1_150' title='bbox 3205 859 3354 927; x_wconf 84' lang='lat' dir='ltr'><strong>quod‘</strong></span> 
     </span>
    </p>
   </div>
   <div class='ocr_carea' id='block_1_23' title="bbox 1761 938 3351 1042">
    <p class='ocr_par' dir='ltr' id='par_1_23' title="bbox 1761 938 3351 1042">
     <span class='ocr_line' id='line_1_23' title="bbox 1761 938 3351 1042; baseline 0.009 -50"><span class='ocrx_word' id='word_1_151' title='bbox 1761 938 1850 993; x_wconf 84' lang='lat' dir='ltr'><strong>ille</strong></span> <span class='ocrx_word' id='word_1_152' title='bbox 1881 940 2000 995; x_wconf 90' lang='lat' dir='ltr'><strong>ﬁeri</strong></span> <span class='ocrx_word' id='word_1_153' title='bbox 2029 943 2369 1012; x_wconf 86' lang='lat' dir='ltr'><strong>prohibebat,</strong></span> <span class='ocrx_word' id='word_1_154' title='bbox 2403 946 2590 1016; x_wconf 78' lang='lat' dir='ltr'><strong>exigit.</strong></span> <span class='ocrx_word' id='word_1_155' title='bbox 2631 945 2869 1016; x_wconf 87' lang='lat' dir='ltr'><strong>Sedjam</strong></span> <span class='ocrx_word' id='word_1_156' title='bbox 2902 949 2969 1003; x_wconf 91' lang='lat' dir='ltr'><strong>ad</strong></span> <span class='ocrx_word' id='word_1_157' title='bbox 2996 949 3194 1042; x_wconf 77' lang='lat' dir='ltr'><strong>Urbani</strong></span> <span class='ocrx_word' id='word_1_158' title='bbox 3223 951 3351 1007; x_wconf 83' lang='lat' dir='ltr'><strong>Gai-</strong></span> 
     </span>
    </p>
   </div>
   <div class='ocr_carea' id='block_1_24' title="bbox 1761 1030 2677 1094">
    <p class='ocr_par' dir='ltr' id='par_1_24' title="bbox 1761 1030 2677 1094">
     <span class='ocr_line' id='line_1_24' title="bbox 1761 1030 2677 1094; baseline 0.01 -10"><span class='ocrx_word' id='word_1_159' title='bbox 1761 1030 1995 1087; x_wconf 86' lang='lat' dir='ltr'><strong>licanum</strong></span> <span class='ocrx_word' id='word_1_160' title='bbox 2029 1033 2132 1088; x_wconf 84' lang='lat' dir='ltr'><strong>iter</strong></span> <span class='ocrx_word' id='word_1_161' title='bbox 2157 1037 2538 1091; x_wconf 84' lang='lat' dir='ltr'><strong>revertendum</strong></span> <span class='ocrx_word' id='word_1_162' title='bbox 2568 1045 2677 1094; x_wconf 88' lang='lat' dir='ltr'><strong>est.</strong></span> 
     </span>
    </p>
   </div>
   <div class='ocr_carea' id='block_1_25' title="bbox 1951 1119 3156 1185">
    <p class='ocr_par' dir='ltr' id='par_1_25' title="bbox 1951 1119 3156 1185">
     <span class='ocr_line' id='line_1_25' title="bbox 1951 1119 3156 1185; baseline 0.007 -10"><span class='ocrx_word' id='word_1_163' title='bbox 1951 1119 2328 1179; x_wconf 77' lang='lat' dir='ltr'><strong>CLXXXVIII.</strong></span> <span class='ocrx_word' id='word_1_164' title='bbox 2373 1123 2617 1182; x_wconf 84' lang='lat' dir='ltr'><strong>Urbanus</strong></span> <span class='ocrx_word' id='word_1_165' title='bbox 2638 1129 2826 1183; x_wconf 78' lang='lat' dir='ltr'><strong>transit</strong></span> <span class='ocrx_word' id='word_1_166' title='bbox 2854 1130 2907 1184; x_wconf 87' lang='lat' dir='ltr'><strong>in</strong></span> <span class='ocrx_word' id='word_1_167' title='bbox 2931 1128 3156 1185; x_wconf 83' lang='lat' dir='ltr'><strong>Callias.</strong></span> 
     </span>
    </p>
   </div>
   <div class='ocr_carea' id='block_1_26' title="bbox 1833 1213 3358 1294">
    <p class='ocr_par' dir='ltr' id='par_1_26' title="bbox 1833 1213 3358 1294">
     <span class='ocr_line' id='line_1_26' title="bbox 1833 1213 3358 1294; baseline 0.007 -24"><span class='ocrx_word' id='word_1_168' title='bbox 1833 1213 2086 1272; x_wconf 82' lang='lat' dir='ltr'><strong>Urbanus</strong></span> <span class='ocrx_word' id='word_1_169' title='bbox 2153 1217 2337 1287; x_wconf 87' lang='lat' dir='ltr'><strong>itaque</strong></span> <span class='ocrx_word' id='word_1_170' title='bbox 2397 1219 2574 1276; x_wconf 85' lang='lat' dir='ltr'><strong>Alexii</strong></span> <span class='ocrx_word' id='word_1_171' title='bbox 2639 1221 2953 1278; x_wconf 86' lang='lat' dir='ltr'><strong>Graecorum</strong></span> <span class='ocrx_word' id='word_1_172' title='bbox 3011 1224 3358 1294; x_wconf 74' lang='lat' dir='ltr'><strong>imperatoris</strong></span> 
     </span>
    </p>
   </div>
   <div class='ocr_carea' id='block_1_27' title="bbox 1759 1306 3352 1373">
    <p class='ocr_par' dir='ltr' id='par_1_27' title="bbox 1759 1306 3352 1373">
     <span class='ocr_line' id='line_1_27' title="bbox 1759 1306 3352 1373; baseline 0.003 -10"><span class='ocrx_word' id='word_1_173' title='bbox 1759 1306 2029 1373; x_wconf 80' lang='lat' dir='ltr'><strong>precibus,</strong></span> <span class='ocrx_word' id='word_1_174' title='bbox 2050 1315 2108 1361; x_wconf 93' lang='lat' dir='ltr'><strong>ut</strong></span> <span class='ocrx_word' id='word_1_175' title='bbox 2127 1307 2421 1364; x_wconf 87' lang='lat' dir='ltr'><strong>Guibertus</strong></span> <span class='ocrx_word' id='word_1_176' title='bbox 2446 1319 2679 1365; x_wconf 91' lang='lat' dir='ltr'><strong>testatur</strong></span> <span class='ocrx_word' id='word_1_177' title='bbox 2707 1313 2859 1368; x_wconf 89' lang='lat' dir='ltr'><strong>initio</strong></span> <span class='ocrx_word' id='word_1_178' title='bbox 2883 1313 3003 1368; x_wconf 75' lang='lat' dir='ltr'><strong>libri</strong></span> <span class='ocrx_word' id='word_1_179' title='bbox 3037 1330 3072 1367; x_wconf 89' lang='grc' dir='ltr'><strong>ιι</strong></span> <span class='ocrx_word' id='word_1_180' title='bbox 3105 1314 3352 1368; x_wconf 75' lang='lat' dir='ltr'><strong>Historia:</strong></span> 
     </span>
    </p>
   </div>
   <div class='ocr_carea' id='block_1_28' title="bbox 1758 1395 3350 1473">
    <p class='ocr_par' dir='ltr' id='par_1_28' title="bbox 1758 1395 3350 1473">
     <span class='ocr_line' id='line_1_28' title="bbox 1758 1395 3350 1473; baseline 0.004 -21"><span class='ocrx_word' id='word_1_181' title='bbox 1758 1395 2240 1469; x_wconf 74' lang='lat' dir='ltr'><strong>Jerosolymitanze,</strong></span> <span class='ocrx_word' id='word_1_182' title='bbox 2259 1399 2458 1472; x_wconf 88' lang='lat' dir='ltr'><strong>aliique</strong></span> <span class='ocrx_word' id='word_1_183' title='bbox 2481 1403 2679 1473; x_wconf 87' lang='lat' dir='ltr'><strong>passim</strong></span> <span class='ocrx_word' id='word_1_184' title='bbox 2707 1414 2956 1459; x_wconf 91' lang='lat' dir='ltr'><strong>auctores</strong></span> <span class='ocrx_word' id='word_1_185' title='bbox 2983 1404 3350 1467; x_wconf 81' lang='lat' dir='ltr'><strong>consentiunt,</strong></span> 
     </span>
    </p>
   </div>
   <div class='ocr_carea' id='block_1_29' title="bbox 1759 1491 3354 1566">
    <p class='ocr_par' dir='ltr' id='par_1_29' title="bbox 1759 1491 3354 1566">
     <span class='ocr_line' id='line_1_29' title="bbox 1759 1491 3354 1566; baseline 0.006 -22"><span class='ocrx_word' id='word_1_186' title='bbox 1759 1491 2029 1546; x_wconf 87' lang='lat' dir='ltr'><strong>excitatus</strong></span> <span class='ocrx_word' id='word_1_187' title='bbox 2085 1507 2150 1547; x_wconf 90' lang='lat' dir='ltr'><strong>ac</strong></span> <span class='ocrx_word' id='word_1_188' title='bbox 2212 1493 2381 1548; x_wconf 89' lang='lat' dir='ltr'><strong>multo</strong></span> <span class='ocrx_word' id='word_1_189' title='bbox 2435 1495 2608 1566; x_wconf 86' lang='lat' dir='ltr'><strong>magis</strong></span> <span class='ocrx_word' id='word_1_190' title='bbox 2663 1495 2920 1566; x_wconf 82' lang='lat' dir='ltr'><strong>generalis</strong></span> <span class='ocrx_word' id='word_1_191' title='bbox 2983 1496 3354 1553; x_wconf 66' lang='lat' dir='ltr'><strong>Clu-istianita»</strong></span> 
     </span>
    </p>
   </div>
   <div class='ocr_carea' id='block_1_30' title="bbox 1761 1573 3352 1654">
    <p class='ocr_par' dir='ltr' id='par_1_30' title="bbox 1761 1573 3352 1654">
     <span class='ocr_line' id='line_1_30' title="bbox 1761 1573 3352 1654; baseline 0.008 -20"><span class='ocrx_word' id='word_1_192' title='bbox 1761 1582 1842 1634; x_wconf 83' lang='lat' dir='ltr'><strong>nis</strong></span> <span class='ocrx_word' id='word_1_193' title='bbox 1883 1582 2145 1652; x_wconf 88' lang='lat' dir='ltr'><strong>periculo,</strong></span> <span class='ocrx_word' id='word_1_194' title='bbox 2181 1600 2302 1654; x_wconf 66' lang='lat' dir='ltr'><strong>qua:</strong></span> <span class='ocrx_word' id='word_1_195' title='bbox 2329 1586 2658 1654; x_wconf 88' lang='lat' dir='ltr'><strong>quotidianis</strong></span> <span class='ocrx_word' id='word_1_196' title='bbox 2693 1573 3051 1642; x_wconf 85' lang='lat' dir='ltr'><strong>barbarorum</strong></span> <span class='ocrx_word' id='word_1_197' title='bbox 3086 1590 3352 1646; x_wconf 81' lang='lat' dir='ltr'><strong>incursio-</strong></span> 
     </span>
    </p>
   </div>
   <div class='ocr_carea' id='block_1_31' title="bbox 1763 1671 3354 1742">
    <p class='ocr_par' dir='ltr' id='par_1_31' title="bbox 1763 1671 3354 1742">
     <span class='ocr_line' id='line_1_31' title="bbox 1763 1671 3354 1742; baseline 0.006 -18"><span class='ocrx_word' id='word_1_198' title='bbox 1763 1671 1922 1727; x_wconf 89' lang='lat' dir='ltr'><strong>nibus</strong></span> <span class='ocrx_word' id='word_1_199' title='bbox 1950 1672 2254 1742; x_wconf 86' lang='lat' dir='ltr'><strong>deperibat,</strong></span> <span class='ocrx_word' id='word_1_200' title='bbox 2286 1674 2561 1742; x_wconf 89' lang='lat' dir='ltr'><strong>incensus,</strong></span> <span class='ocrx_word' id='word_1_201' title='bbox 2589 1676 2696 1731; x_wconf 90' lang='lat' dir='ltr'><strong>imo</strong></span> <span class='ocrx_word' id='word_1_202' title='bbox 2717 1687 2771 1732; x_wconf 89' lang='lat' dir='ltr'><strong>et</strong></span> <span class='ocrx_word' id='word_1_203' title='bbox 2797 1693 3078 1732; x_wconf 75' lang='lat' dir='ltr'><strong>Sacrorum</strong></span> <span class='ocrx_word' id='word_1_204' title='bbox 3114 1679 3354 1734; x_wconf 89' lang='lat' dir='ltr'><strong>locorum</strong></span> 
     </span>
    </p>
   </div>
   <div class='ocr_carea' id='block_1_32' title="bbox 1763 1765 3357 1838">
    <p class='ocr_par' dir='ltr' id='par_1_32' title="bbox 1763 1765 3357 1838">
     <span class='ocr_line' id='line_1_32' title="bbox 1763 1765 3357 1838; baseline 0.005 -22"><span class='ocrx_word' id='word_1_205' title='bbox 1763 1765 2284 1833; x_wconf 88' lang='lat' dir='ltr'><strong>recuperandorum,</strong></span> <span class='ocrx_word' id='word_1_206' title='bbox 2327 1767 2468 1836; x_wconf 90' lang='lat' dir='ltr'><strong>quod</strong></span> <span class='ocrx_word' id='word_1_207' title='bbox 2497 1782 2687 1822; x_wconf 90' lang='lat' dir='ltr'><strong>omnes</strong></span> <span class='ocrx_word' id='word_1_208' title='bbox 2713 1766 3105 1838; x_wconf 77' lang='lat' dir='ltr'><strong>efﬂagitabant,</strong></span> <span class='ocrx_word' id='word_1_209' title='bbox 3139 1769 3357 1824; x_wconf 87' lang='lat' dir='ltr'><strong>deside-</strong></span> 
     </span>
    </p>
   </div>
   <div class='ocr_carea' id='block_1_33' title="bbox 77 1857 1664 1938">
    <p class='ocr_par' dir='ltr' id='par_1_33' title="bbox 77 1861 1658 1938">
     <span class='ocr_line' id='line_1_33' title="bbox 77 1861 1658 1938; baseline 0.004 -23"><span class='ocrx_word' id='word_1_210' title='bbox 77 1861 247 1916; x_wconf 87' lang='lat' dir='ltr'><strong>lorum</strong></span> <span class='ocrx_word' id='word_1_211' title='bbox 305 1864 604 1934; x_wconf 84' lang='lat' dir='ltr'><strong>applausus</strong></span> <span class='ocrx_word' id='word_1_212' title='bbox 662 1865 1031 1938; x_wconf 87' lang='lat' dir='ltr'><strong>nudipedem,</strong></span> <span class='ocrx_word' id='word_1_213' title='bbox 1095 1878 1150 1923; x_wconf 86' lang='lat' dir='ltr'><strong>et</strong></span> <span class='ocrx_word' id='word_1_214' title='bbox 1224 1869 1658 1924; x_wconf 82' lang='lat' dir='ltr'><strong>sacerdotalibus</strong></span> 
     </span>
    </p>
   </div>
   <div class='ocr_carea' id='block_1_34' title="bbox 1770 1857 3355 1938">
    <p class='ocr_par' dir='ltr' id='par_1_34' title="bbox 1770 1857 3355 1932">
     <span class='ocr_line' id='line_1_34' title="bbox 1770 1857 3355 1932; baseline 0.002 -22"><span class='ocrx_word' id='word_1_215' title='bbox 1770 1857 1846 1910; x_wconf 90' lang='lat' dir='ltr'><strong>rio</strong></span> <span class='ocrx_word' id='word_1_216' title='bbox 1871 1858 2213 1928; x_wconf 87' lang='lat' dir='ltr'><strong>potissimum</strong></span> <span class='ocrx_word' id='word_1_217' title='bbox 2262 1873 2440 1925; x_wconf 88' lang='lat' dir='ltr'><strong>actus,</strong></span> <span class='ocrx_word' id='word_1_218' title='bbox 2499 1860 2661 1915; x_wconf 81' lang='lat' dir='ltr'><strong>rebus</strong></span> <span class='ocrx_word' id='word_1_219' title='bbox 2691 1861 2742 1915; x_wconf 91' lang='lat' dir='ltr'><strong>in</strong></span> <span class='ocrx_word' id='word_1_220' title='bbox 2792 1860 3167 1932; x_wconf 80' lang='lat' dir='ltr'><strong>Longobardia</strong></span> <span class='ocrx_word' id='word_1_221' title='bbox 3230 1862 3355 1914; x_wconf 86' lang='lat' dir='ltr'><strong>bene</strong></span> 
     </span>
    </p>
   </div>
   <div class='ocr_carea' id='block_1_35' title="bbox 82 1955 1656 2032">
    <p class='ocr_par' dir='ltr' id='par_1_35' title="bbox 82 1955 1656 2032">
     <span class='ocr_line' id='line_1_35' title="bbox 82 1955 1656 2032; baseline 0.007 -27"><span class='ocrx_word' id='word_1_222' title='bbox 82 1955 312 2010; x_wconf 77' lang='lat' dir='ltr'><strong>\estibus</strong></span> <span class='ocrx_word' id='word_1_223' title='bbox 340 1956 649 2012; x_wconf 86' lang='lat' dir='ltr'><strong>redimitum</strong></span> <span class='ocrx_word' id='word_1_224' title='bbox 679 1958 929 2014; x_wconf 83' lang='lat' dir='ltr'><strong>obviasse</strong></span> <span class='ocrx_word' id='word_1_225' title='bbox 952 1978 969 2025; x_wconf 92' lang='lat'><em>;</em></span> <span class='ocrx_word' id='word_1_226' title='bbox 997 1975 1230 2032; x_wconf 89' lang='lat' dir='ltr'><strong>cumque</strong></span> <span class='ocrx_word' id='word_1_227' title='bbox 1253 1961 1470 2031; x_wconf 85' lang='lat' dir='ltr'><strong>pallium</strong></span> <span class='ocrx_word' id='word_1_228' title='bbox 1495 1977 1656 2030; x_wconf 88' lang='lat' dir='ltr'><strong>supra</strong></span> 
     </span>
    </p>
   </div>
   <div class='ocr_carea' id='block_1_36' title="bbox 91 2044 1658 2122">
    <p class='ocr_par' dir='ltr' id='par_1_36' title="bbox 91 2044 1658 2122">
     <span class='ocr_line' id='line_1_36' title="bbox 91 2044 1658 2122; baseline 0.006 -25"><span class='ocrx_word' id='word_1_229' title='bbox 91 2044 252 2100; x_wconf 68' lang='lat' dir='ltr'><strong>altare</strong></span> <span class='ocrx_word' id='word_1_230' title='bbox 293 2046 475 2102; x_wconf 82' lang='lat' dir='ltr'><strong>Sancti</strong></span> <span class='ocrx_word' id='word_1_231' title='bbox 541 2048 840 2104; x_wconf 86' lang='lat' dir='ltr'><strong>Salvatoris</strong></span> <span class='ocrx_word' id='word_1_232' title='bbox 895 2050 1084 2106; x_wconf 87' lang='lat' dir='ltr'><strong>fuisset</strong></span> <span class='ocrx_word' id='word_1_233' title='bbox 1140 2052 1467 2122; x_wconf 89' lang='lat' dir='ltr'><strong>depositum,</strong></span> <span class='ocrx_word' id='word_1_234' title='bbox 1529 2052 1658 2107; x_wconf 91' lang='lat' dir='ltr'><strong>illud</strong></span> 
     </span>
    </p>
   </div>
   <div class='ocr_carea' id='block_1_37' title="bbox 99 2136 1657 2213">
    <p class='ocr_par' dir='ltr' id='par_1_37' title="bbox 99 2136 1657 2213">
     <span class='ocr_line' id='line_1_37' title="bbox 99 2136 1657 2213; baseline 0.008 -27"><span class='ocrx_word' id='word_1_235' title='bbox 99 2136 398 2206; x_wconf 80' lang='lat' dir='ltr'><strong>sibitnetipsi</strong></span> <span class='ocrx_word' id='word_1_236' title='bbox 442 2153 604 2209; x_wconf 85' lang='lat' dir='ltr'><strong>super</strong></span> <span class='ocrx_word' id='word_1_237' title='bbox 663 2141 918 2197; x_wconf 88' lang='lat' dir='ltr'><strong>humeros</strong></span> <span class='ocrx_word' id='word_1_238' title='bbox 962 2144 1257 2213; x_wconf 85' lang='lat' dir='ltr'><strong>aptavisse,</strong></span> <span class='ocrx_word' id='word_1_239' title='bbox 1315 2160 1378 2200; x_wconf 91' lang='lat' dir='ltr'><strong>ac</strong></span> <span class='ocrx_word' id='word_1_240' title='bbox 1441 2146 1657 2199; x_wconf 91' lang='lat' dir='ltr'><strong>demum</strong></span> 
     </span>
    </p>
   </div>
   <div class='ocr_carea' id='block_1_38' title="bbox 104 2228 1660 2304">
    <p class='ocr_par' dir='ltr' id='par_1_38' title="bbox 104 2228 1660 2304">
     <span class='ocr_line' id='line_1_38' title="bbox 104 2228 1660 2304; baseline 0.008 -26"><span class='ocrx_word' id='word_1_241' title='bbox 104 2228 411 2294; x_wconf 76' lang='lat' dir='ltr'><strong>processisse</strong></span> <span class='ocrx_word' id='word_1_242' title='bbox 457 2231 520 2284; x_wconf 89' lang='lat' dir='ltr'><strong>ad</strong></span> <span class='ocrx_word' id='word_1_243' title='bbox 596 2247 753 2286; x_wconf 87' lang='lat' dir='ltr'><strong>sacra</strong></span> <span class='ocrx_word' id='word_1_244' title='bbox 809 2235 1115 2303; x_wconf 83' lang='lat' dir='ltr'><strong>peragenda</strong></span> <span class='ocrx_word' id='word_1_245' title='bbox 1154 2254 1168 2290; x_wconf 90' lang='lat'><strong>:</strong></span> <span class='ocrx_word' id='word_1_246' title='bbox 1202 2236 1343 2304; x_wconf 89' lang='lat' dir='ltr'><strong>quod</strong></span> <span class='ocrx_word' id='word_1_247' title='bbox 1399 2251 1522 2290; x_wconf 88' lang='lat' dir='ltr'><strong>cmn</strong></span> <span class='ocrx_word' id='word_1_248' title='bbox 1573 2235 1660 2291; x_wconf 87' lang='lat' dir='ltr'><strong>die</strong></span> 
     </span>
    </p>
   </div>
   <div class='ocr_carea' id='block_1_39' title="bbox 101 2316 1656 2394">
    <p class='ocr_par' dir='ltr' id='par_1_39' title="bbox 101 2316 1656 2394">
     <span class='ocr_line' id='line_1_39' title="bbox 101 2316 1656 2394; baseline 0.009 -26"><span class='ocrx_word' id='word_1_249' title='bbox 101 2316 355 2372; x_wconf 72' lang='lat' dir='ltr'><strong>Dotninica</strong></span> <span class='ocrx_word' id='word_1_250' title='bbox 389 2336 436 2374; x_wconf 81' lang='lat' dir='ltr'><strong>iv</strong></span> <span class='ocrx_word' id='word_1_251' title='bbox 482 2321 608 2377; x_wconf 90' lang='lat' dir='ltr'><strong>ldus</strong></span> <span class='ocrx_word' id='word_1_252' title='bbox 639 2321 780 2378; x_wconf 85' lang='lat' dir='ltr'><strong>Junii</strong></span> <span class='ocrx_word' id='word_1_253' title='bbox 829 2324 1030 2378; x_wconf 83' lang='lat' dir='ltr'><strong>factum</strong></span> <span class='ocrx_word' id='word_1_254' title='bbox 1071 2325 1234 2380; x_wconf 87' lang='lat' dir='ltr'><strong>fuisse</strong></span> <span class='ocrx_word' id='word_1_255' title='bbox 1265 2327 1656 2394; x_wconf 74' lang='lat' dir='ltr'><strong>observaverit,</strong></span> 
     </span>
    </p>
   </div>
   <div class='ocr_carea' id='block_1_40' title="bbox 91 2405 1660 2481">
    <p class='ocr_par' dir='ltr' id='par_1_40' title="bbox 91 2405 1660 2481">
     <span class='ocr_line' id='line_1_40' title="bbox 91 2405 1660 2481; baseline 0.01 -23"><span class='ocrx_word' id='word_1_256' title='bbox 91 2405 141 2458; x_wconf 63' lang='lat' dir='ltr'><strong>il</strong></span> <span class='ocrx_word' id='word_1_257' title='bbox 165 2408 257 2460; x_wconf 82' lang='lat' dir='ltr'><strong>hoc</strong></span> <span class='ocrx_word' id='word_1_258' title='bbox 271 2425 410 2463; x_wconf 88' lang='lat' dir='ltr'><strong>anno</strong></span> <span class='ocrx_word' id='word_1_259' title='bbox 436 2410 594 2477; x_wconf 73' lang='lat'><strong>1095,</strong></span> <span class='ocrx_word' id='word_1_260' title='bbox 630 2429 735 2481; x_wconf 88' lang='lat' dir='ltr'><strong>quo</strong></span> <span class='ocrx_word' id='word_1_261' title='bbox 767 2414 882 2469; x_wconf 69' lang='lat' dir='ltr'><strong>haec</strong></span> <span class='ocrx_word' id='word_1_262' title='bbox 909 2415 1024 2474; x_wconf 82' lang='lat' dir='ltr'><strong>dies</strong></span> <span class='ocrx_word' id='word_1_263' title='bbox 1045 2415 1315 2472; x_wconf 82' lang='lat' dir='ltr'><strong>incidebat</strong></span> <span class='ocrx_word' id='word_1_264' title='bbox 1339 2417 1390 2472; x_wconf 92' lang='lat' dir='ltr'><strong>in</strong></span> <span class='ocrx_word' id='word_1_265' title='bbox 1415 2417 1660 2473; x_wconf 87' lang='lat' dir='ltr'><strong>Domini-</strong></span> 
     </span>
    </p>
   </div>
   <div class='ocr_carea' id='block_1_41' title="bbox 87 2504 809 2572">
    <p class='ocr_par' dir='ltr' id='par_1_41' title="bbox 87 2504 809 2572">
     <span class='ocr_line' id='line_1_41' title="bbox 87 2504 809 2572; baseline 0.014 -23"><span class='ocrx_word' id='word_1_266' title='bbox 87 2514 218 2562; x_wconf 88' lang='lat' dir='ltr'><strong>cam,</strong></span> <span class='ocrx_word' id='word_1_267' title='bbox 247 2504 540 2572; x_wconf 80' lang='lat' dir='ltr'><strong>contigisse</strong></span> <span class='ocrx_word' id='word_1_268' title='bbox 569 2505 809 2558; x_wconf 76' lang='lat' dir='ltr'><strong>constat.</strong></span> 
     </span>
    </p>
   </div>
   <div class='ocr_carea' id='block_1_42' title="bbox 145 2589 1662 2668">
    <p class='ocr_par' dir='ltr' id='par_1_42' title="bbox 145 2589 1662 2668">
     <span class='ocr_line' id='line_1_42' title="bbox 145 2589 1662 2668; baseline 0.01 -28"><span class='ocrx_word' id='word_1_269' title='bbox 145 2589 375 2658; x_wconf 70' lang='lat' dir='ltr'><strong>Accepto</strong></span> <span class='ocrx_word' id='word_1_270' title='bbox 427 2592 590 2660; x_wconf 89' lang='lat' dir='ltr'><strong>pallio</strong></span> <span class='ocrx_word' id='word_1_271' title='bbox 633 2594 920 2651; x_wconf 80' lang='lat' dir='ltr'><strong>Anselmus</strong></span> <span class='ocrx_word' id='word_1_272' title='bbox 953 2596 1172 2653; x_wconf 91' lang='lat' dir='ltr'><strong>Urbano</strong></span> <span class='ocrx_word' id='word_1_273' title='bbox 1210 2598 1497 2668; x_wconf 90' lang='lat' dir='ltr'><strong>opistolam</strong></span> <span class='ocrx_word' id='word_1_274' title='bbox 1525 2601 1662 2656; x_wconf 85' lang='lat' dir='ltr'><strong>scri-</strong></span> 
     </span>
    </p>
   </div>
   <div class='ocr_carea' id='block_1_43' title="bbox 82 2681 1659 2748">
    <p class='ocr_par' dir='ltr' id='par_1_43' title="bbox 82 2681 1659 2748">
     <span class='ocr_line' id='line_1_43' title="bbox 82 2681 1659 2748; baseline 0.009 -16"><span class='ocrx_word' id='word_1_275' title='bbox 82 2681 197 2748; x_wconf 81' lang='lat' dir='ltr'><strong>psit,</strong></span> <span class='ocrx_word' id='word_1_276' title='bbox 225 2682 339 2737; x_wconf 72' lang='lat' dir='ltr'><strong>hzec</strong></span> <span class='ocrx_word' id='word_1_277' title='bbox 363 2693 449 2737; x_wconf 92' lang='lat' dir='ltr'><strong>est</strong></span> <span class='ocrx_word' id='word_1_278' title='bbox 472 2683 538 2737; x_wconf 74' lang='lat'><strong>37</strong></span> <span class='ocrx_word' id='word_1_279' title='bbox 566 2685 688 2740; x_wconf 87' lang='lat' dir='ltr'><strong>libri</strong></span> <span class='ocrx_word' id='word_1_280' title='bbox 716 2702 774 2740; x_wconf 91' lang='grc' dir='ltr'><strong>ιιι</strong></span> <span class='ocrx_word' id='word_1_281' title='bbox 808 2697 864 2740; x_wconf 85' lang='grc' dir='ltr'><strong>ιιι</strong></span> <span class='ocrx_word' id='word_1_282' title='bbox 889 2689 937 2742; x_wconf 91' lang='lat' dir='ltr'><strong>ei</strong></span> <span class='ocrx_word' id='word_1_283' title='bbox 982 2689 1052 2744; x_wconf 89' lang='lat' dir='ltr'><strong>ob</strong></span> <span class='ocrx_word' id='word_1_284' title='bbox 1100 2699 1308 2744; x_wconf 80' lang='lat' dir='ltr'><strong>tantum</strong></span> <span class='ocrx_word' id='word_1_285' title='bbox 1338 2692 1659 2748; x_wconf 88' lang='lat' dir='ltr'><strong>beneﬁcium</strong></span> 
     </span>
    </p>
   </div>
   <div class='ocr_carea' id='block_1_44' title="bbox 83 2774 1663 2851">
    <p class='ocr_par' dir='ltr' id='par_1_44' title="bbox 83 2774 1663 2851">
     <span class='ocr_line' id='line_1_44' title="bbox 83 2774 1663 2851; baseline 0.01 -28"><span class='ocrx_word' id='word_1_286' title='bbox 83 2774 269 2840; x_wconf 66' lang='lat' dir='ltr'><strong>gratias</strong></span> <span class='ocrx_word' id='word_1_287' title='bbox 295 2776 554 2840; x_wconf 88' lang='lat' dir='ltr'><strong>referret,</strong></span> <span class='ocrx_word' id='word_1_288' title='bbox 582 2791 977 2849; x_wconf 71' lang='lat' dir='ltr'><strong>excusaretque</strong></span> <span class='ocrx_word' id='word_1_289' title='bbox 1005 2797 1079 2843; x_wconf 84' lang='lat' dir='ltr'><strong>se,</strong></span> <span class='ocrx_word' id='word_1_290' title='bbox 1107 2783 1249 2851; x_wconf 90' lang='lat' dir='ltr'><strong>quod</strong></span> <span class='ocrx_word' id='word_1_291' title='bbox 1279 2781 1508 2837; x_wconf 76' lang='lat' dir='ltr'><strong>Romam</strong></span> <span class='ocrx_word' id='word_1_292' title='bbox 1533 2784 1663 2839; x_wconf 89' lang='lat' dir='ltr'><strong>illud</strong></span> 
     </span>
    </p>
   </div>
   <div class='ocr_carea' id='block_1_45' title="bbox 82 2867 1664 2942">
    <p class='ocr_par' dir='ltr' id='par_1_45' title="bbox 82 2867 1664 2942">
     <span class='ocr_line' id='line_1_45' title="bbox 82 2867 1664 2942; baseline 0.009 -26"><span class='ocrx_word' id='word_1_293' title='bbox 82 2867 140 2919; x_wconf 88' lang='lat' dir='ltr'><strong>ab</strong></span> <span class='ocrx_word' id='word_1_294' title='bbox 163 2882 222 2921; x_wconf 88' lang='lat' dir='ltr'><strong>eo</strong></span> <span class='ocrx_word' id='word_1_295' title='bbox 248 2867 373 2938; x_wconf 86' lang='lat' dir='ltr'><strong>ipso</strong></span> <span class='ocrx_word' id='word_1_296' title='bbox 397 2880 716 2940; x_wconf 86' lang='lat' dir='ltr'><strong>recepturus</strong></span> <span class='ocrx_word' id='word_1_297' title='bbox 751 2889 857 2927; x_wconf 91' lang='lat' dir='ltr'><strong>non</strong></span> <span class='ocrx_word' id='word_1_298' title='bbox 907 2875 1260 2942; x_wconf 88' lang='lat' dir='ltr'><strong>accessisset;</strong></span> <span class='ocrx_word' id='word_1_299' title='bbox 1303 2879 1398 2932; x_wconf 90' lang='lat' dir='ltr'><strong>sed</strong></span> <span class='ocrx_word' id='word_1_300' title='bbox 1431 2877 1517 2931; x_wconf 86' lang='lat' dir='ltr'><strong>hic</strong></span> <span class='ocrx_word' id='word_1_301' title='bbox 1561 2877 1664 2932; x_wconf 81' lang='lat' dir='ltr'><strong>mi-</strong></span> 
     </span>
    </p>
   </div>
   <div class='ocr_carea' id='block_1_46' title="bbox 85 2960 1666 3039">
    <p class='ocr_par' dir='ltr' id='par_1_46' title="bbox 85 2960 1666 3039">
     <span class='ocr_line' id='line_1_46' title="bbox 85 2960 1666 3039; baseline 0.009 -29"><span class='ocrx_word' id='word_1_302' title='bbox 85 2974 190 3014; x_wconf 81' lang='lat' dir='ltr'><strong>rate</strong></span> <span class='ocrx_word' id='word_1_303' title='bbox 219 2960 370 3016; x_wconf 87' lang='lat' dir='ltr'><strong>beati</strong></span> <span class='ocrx_word' id='word_1_304' title='bbox 400 2963 502 3017; x_wconf 85' lang='lat' dir='ltr'><strong>viri</strong></span> <span class='ocrx_word' id='word_1_305' title='bbox 549 2965 870 3020; x_wconf 84' lang='lat' dir='ltr'><strong>modestiam</strong></span> <span class='ocrx_word' id='word_1_306' title='bbox 904 2976 958 3022; x_wconf 91' lang='lat' dir='ltr'><strong>et</strong></span> <span class='ocrx_word' id='word_1_307' title='bbox 1006 2967 1352 3033; x_wconf 79' lang='lat' dir='ltr'><strong>cltaritatem,</strong></span> <span class='ocrx_word' id='word_1_308' title='bbox 1399 2970 1492 3039; x_wconf 86' lang='lat' dir='ltr'><strong>qui</strong></span> <span class='ocrx_word' id='word_1_309' title='bbox 1523 2971 1666 3024; x_wconf 90' lang='lat' dir='ltr'><strong>inter</strong></span> 
     </span>
    </p>
   </div>
   <div class='ocr_carea' id='block_1_47' title="bbox 83 3052 1666 3132">
    <p class='ocr_par' dir='ltr' id='par_1_47' title="bbox 83 3052 1666 3132">
     <span class='ocr_line' id='line_1_47' title="bbox 83 3052 1666 3132; baseline 0.008 -29"><span class='ocrx_word' id='word_1_310' title='bbox 83 3052 197 3108; x_wconf 71' lang='lat' dir='ltr'><strong>alias</strong></span> <span class='ocrx_word' id='word_1_311' title='bbox 224 3057 602 3117; x_wconf 77' lang='lat' dir='ltr'><strong>excusationis</strong></span> <span class='ocrx_word' id='word_1_312' title='bbox 635 3074 854 3124; x_wconf 84' lang='lat' dir='ltr'><strong>causas,</strong></span> <span class='ocrx_word' id='word_1_313' title='bbox 895 3076 960 3113; x_wconf 87' lang='lat' dir='ltr'><strong>ne</strong></span> <span class='ocrx_word' id='word_1_314' title='bbox 999 3062 1225 3115; x_wconf 85' lang='lat' dir='ltr'><strong>verbum</strong></span> <span class='ocrx_word' id='word_1_315' title='bbox 1255 3063 1470 3132; x_wconf 85' lang='lat' dir='ltr'><strong>quidem</strong></span> <span class='ocrx_word' id='word_1_316' title='bbox 1503 3063 1666 3117; x_wconf 90' lang='lat' dir='ltr'><strong>habet</strong></span> 
     </span>
    </p>
   </div>
   <div class='ocr_carea' id='block_1_48' title="bbox 82 3146 1664 3225">
    <p class='ocr_par' dir='ltr' id='par_1_48' title="bbox 82 3146 1664 3225">
     <span class='ocr_line' id='line_1_48' title="bbox 82 3146 1664 3225; baseline 0.006 -27"><span class='ocrx_word' id='word_1_317' title='bbox 82 3146 432 3223; x_wconf 64' lang='lat' dir='ltr'><strong>demolestiis</strong></span> <span class='ocrx_word' id='word_1_318' title='bbox 487 3165 623 3219; x_wconf 88' lang='lat' dir='ltr'><strong>quas</strong></span> <span class='ocrx_word' id='word_1_319' title='bbox 670 3165 732 3204; x_wconf 91' lang='lat' dir='ltr'><strong>ea</strong></span> <span class='ocrx_word' id='word_1_320' title='bbox 762 3152 1049 3208; x_wconf 87' lang='lat' dir='ltr'><strong>occasione</strong></span> <span class='ocrx_word' id='word_1_321' title='bbox 1090 3169 1120 3206; x_wconf 92' lang='lat' dir='ltr'><strong>a</strong></span> <span class='ocrx_word' id='word_1_322' title='bbox 1153 3169 1280 3225; x_wconf 77' lang='lat' dir='ltr'><strong>rege</strong></span> <span class='ocrx_word' id='word_1_323' title='bbox 1319 3163 1371 3207; x_wconf 89' lang='lat' dir='ltr'><strong>et</strong></span> <span class='ocrx_word' id='word_1_324' title='bbox 1396 3153 1664 3224; x_wconf 84' lang='lat' dir='ltr'><strong>episcopis</strong></span> 
     </span>
    </p>
   </div>
   <div class='ocr_carea' id='block_1_49' title="bbox 82 3241 768 3312">
    <p class='ocr_par' dir='ltr' id='par_1_49' title="bbox 82 3241 768 3312">
     <span class='ocr_line' id='line_1_49' title="bbox 82 3241 768 3312; baseline 0.009 -21"><span class='ocrx_word' id='word_1_325' title='bbox 82 3241 426 3302; x_wconf 76' lang='lat' dir='ltr'><strong>gravissimas</strong></span> <span class='ocrx_word' id='word_1_326' title='bbox 449 3243 768 3312; x_wconf 78' lang='lat' dir='ltr'><strong>pertulerat.</strong></span> 
     </span>
    </p>
   </div>
   <div class='ocr_carea' id='block_1_50' title="bbox 81 3346 1656 3426">
    <p class='ocr_par' dir='ltr' id='par_1_50' title="bbox 81 3346 1656 3426">
     <span class='ocr_line' id='line_1_50' title="bbox 81 3346 1656 3426; baseline 0.006 -26"><span class='ocrx_word' id='word_1_327' title='bbox 81 3346 443 3426; x_wconf 70' lang='lat' dir='ltr'><strong>CLXXXVII._</strong></span> <span class='ocrx_word' id='word_1_328' title='bbox 468 3352 658 3426; x_wconf 58' lang='lat' dir='ltr'><strong>Anglia</strong></span> <span class='ocrx_word' id='word_1_329' title='bbox 680 3363 896 3426; x_wconf 65' lang='lat' dir='ltr'><strong>pacata,</strong></span> <span class='ocrx_word' id='word_1_330' title='bbox 947 3353 1228 3410; x_wconf 81' lang='lat' dir='ltr'><strong>llerberlns</strong></span> <span class='ocrx_word' id='word_1_331' title='bbox 1257 3357 1367 3409; x_wconf 72' lang='lat' dir='ltr'><strong>sedi</strong></span> <span class='ocrx_word' id='word_1_332' title='bbox 1413 3355 1656 3426; x_wconf 76' lang='lat' dir='ltr'><strong>Tltetfor-</strong></span> 
     </span>
    </p>
   </div>
   <div class='ocr_carea' id='block_1_51' title="bbox 142 3423 1664 3495">
    <p class='ocr_par' dir='ltr' id='par_1_51' title="bbox 142 3423 1664 3495">
     <span class='ocr_line' id='line_1_51' title="bbox 142 3423 1664 3495; baseline 0.007 -23"><span class='ocrx_word' id='word_1_333' title='bbox 142 3423 636 3495; x_wconf 10' lang='lat' dir='ltr'><strong>densiprestituitur.</strong></span> <span class='ocrx_word' id='word_1_334' title='bbox 667 3423 950 3495; x_wconf 83' lang='lat' dir='ltr'><strong>Privilegia</strong></span> <span class='ocrx_word' id='word_1_335' title='bbox 977 3443 1070 3495; x_wconf 81' lang='lat' dir='ltr'><strong>pro</strong></span> <span class='ocrx_word' id='word_1_336' title='bbox 1091 3429 1419 3481; x_wconf 82' lang='lat' dir='ltr'><strong>monasteriis</strong></span> <span class='ocrx_word' id='word_1_337' title='bbox 1449 3427 1511 3482; x_wconf 87' lang='lat' dir='ltr'><strong>S.</strong></span> <span class='ocrx_word' id='word_1_338' title='bbox 1543 3423 1664 3482; x_wconf 64' lang='grc' dir='ltr'><strong>1υο-</strong></span> 
     </span>
    </p>
   </div>
   <div class='ocr_carea' id='block_1_52' title="bbox 142 3493 440 3557">
    <p class='ocr_par' dir='ltr' id='par_1_52' title="bbox 142 3493 440 3557">
     <span class='ocr_line' id='line_1_52' title="bbox 142 3493 440 3557; baseline 0.003 -12"><span class='ocrx_word' id='word_1_339' title='bbox 142 3496 236 3557; x_wconf 84' lang='lat' dir='ltr'><strong>nis,</strong></span> <span class='ocrx_word' id='word_1_340' title='bbox 268 3493 440 3547; x_wconf 70' lang='lat' dir='ltr'><strong>Betti.</strong></span> 
     </span>
    </p>
   </div>
   <div class='ocr_carea' id='block_1_53' title="bbox 141 3603 1664 3662">
    <p class='ocr_par' dir='ltr' id='par_1_53' title="bbox 141 3603 1664 3662">
     <span class='ocr_line' id='line_1_53' title="bbox 141 3603 1664 3662; baseline 0.003 -6"><span class='ocrx_word' id='word_1_341' title='bbox 141 3603 353 3658; x_wconf 79' lang='lat' dir='ltr'><strong>Exinde</strong></span> <span class='ocrx_word' id='word_1_342' title='bbox 393 3618 523 3657; x_wconf 89' lang='lat' dir='ltr'><strong>vero</strong></span> <span class='ocrx_word' id='word_1_343' title='bbox 573 3603 798 3659; x_wconf 51' lang='lat' dir='ltr'><strong>Iberum</strong></span> <span class='ocrx_word' id='word_1_344' title='bbox 857 3605 953 3660; x_wconf 73' lang='lat' dir='ltr'><strong>fuit</strong></span> <span class='ocrx_word' id='word_1_345' title='bbox 991 3607 1129 3661; x_wconf 83' lang='lat' dir='ltr'><strong>inter</strong></span> <span class='ocrx_word' id='word_1_346' title='bbox 1159 3607 1432 3662; x_wconf 33' lang='lat' dir='ltr'><strong>Ut‘l&#39;auum</strong></span> <span class='ocrx_word' id='word_1_347' title='bbox 1472 3619 1526 3661; x_wconf 89' lang='lat' dir='ltr'><strong>et</strong></span> <span class='ocrx_word' id='word_1_348' title='bbox 1556 3607 1664 3660; x_wconf 78' lang='lat' dir='ltr'><strong>An-</strong></span> 
     </span>
    </p>
   </div>
   <div class='ocr_carea' id='block_1_54' title="bbox 83 3697 1661 3768">
    <p class='ocr_par' dir='ltr' id='par_1_54' title="bbox 83 3697 1661 3768">
     <span class='ocr_line' id='line_1_54' title="bbox 83 3697 1661 3768; baseline 0.002 -19"><span class='ocrx_word' id='word_1_349' title='bbox 83 3697 180 3762; x_wconf 66' lang='lat' dir='ltr'><strong>glos</strong></span> <span class='ocrx_word' id='word_1_350' title='bbox 206 3698 1036 3763; x_wconf 62' lang='lat' dir='ltr'><strong>conuuerciunl,ellleriicrtus,</strong></span> <span class='ocrx_word' id='word_1_351' title='bbox 1069 3701 1180 3768; x_wconf 85' lang='lat' dir='ltr'><strong>qui,</strong></span> <span class='ocrx_word' id='word_1_352' title='bbox 1213 3702 1352 3768; x_wconf 85' lang='lat' dir='ltr'><strong>quod</strong></span> <span class='ocrx_word' id='word_1_353' title='bbox 1389 3699 1661 3755; x_wconf 84' lang='lat' dir='ltr'><strong>Urbanum</strong></span> 
     </span>
    </p>
   </div>
   <div class='ocr_carea' id='block_1_55' title="bbox 83 3773 1660 3860">
    <p class='ocr_par' dir='ltr' id='par_1_55' title="bbox 83 3773 1660 3860">
     <span class='ocr_line' id='line_1_55' title="bbox 83 3773 1660 3860; baseline 0.006 -26"><span class='ocrx_word' id='word_1_354' title='bbox 83 3789 385 3853; x_wconf 74' lang='lat' dir='ltr'><strong>potitilicem</strong></span> <span class='ocrx_word' id='word_1_355' title='bbox 412 3789 720 3858; x_wconf 73' lang='lat' dir='ltr'><strong>agnmisset</strong></span> <span class='ocrx_word' id='word_1_356' title='bbox 747 3794 871 3844; x_wconf 76' lang='lat' dir='ltr'><strong>Sede</strong></span> <span class='ocrx_word' id='word_1_357' title='bbox 904 3807 998 3844; x_wconf 83' lang='lat' dir='ltr'><strong>sua</strong></span> <span class='ocrx_word' id='word_1_358' title='bbox 1029 3773 1213 3860; x_wconf 73' lang='lat' dir='ltr'><strong>pulstts</strong></span> <span class='ocrx_word' id='word_1_359' title='bbox 1242 3808 1271 3843; x_wconf 88' lang='lat' dir='ltr'><strong>a</strong></span> <span class='ocrx_word' id='word_1_360' title='bbox 1304 3792 1463 3860; x_wconf 71' lang='lat' dir='ltr'><strong>regiis</strong></span> <span class='ocrx_word' id='word_1_361' title='bbox 1496 3793 1660 3846; x_wconf 84' lang='lat' dir='ltr'><strong>mini-</strong></span> 
     </span>
    </p>
   </div>
   <div class='ocr_carea' id='block_1_56' title="bbox 83 3878 1666 3950">
    <p class='ocr_par' dir='ltr' id='par_1_56' title="bbox 83 3878 1666 3950">
     <span class='ocr_line' id='line_1_56' title="bbox 83 3878 1666 3950; baseline 0.005 -21"><span class='ocrx_word' id='word_1_362' title='bbox 83 3879 196 3932; x_wconf 83' lang='lat' dir='ltr'><strong>stris</strong></span> <span class='ocrx_word' id='word_1_363' title='bbox 223 3878 432 3942; x_wconf 80' lang='lat' dir='ltr'><strong>fuerat,</strong></span> <span class='ocrx_word' id='word_1_364' title='bbox 464 3893 583 3933; x_wconf 86' lang='lat' dir='ltr'><strong>eam</strong></span> <span class='ocrx_word' id='word_1_365' title='bbox 636 3882 856 3950; x_wconf 82' lang='lat' dir='ltr'><strong>recepit.</strong></span> <span class='ocrx_word' id='word_1_366' title='bbox 893 3881 989 3936; x_wconf 88' lang='lat' dir='ltr'><strong>llic</strong></span> <span class='ocrx_word' id='word_1_367' title='bbox 1038 3898 1068 3936; x_wconf 86' lang='lat' dir='ltr'><strong>e</strong></span> <span class='ocrx_word' id='word_1_368' title='bbox 1117 3883 1378 3936; x_wconf 86' lang='lat' dir='ltr'><strong>monacho</strong></span> <span class='ocrx_word' id='word_1_369' title='bbox 1427 3883 1666 3937; x_wconf 85' lang='lat' dir='ltr'><strong>Fiscam-</strong></span> 
     </span>
    </p>
   </div>
   <div class='ocr_carea' id='block_1_57' title="bbox 85 3972 1666 4046">
    <p class='ocr_par' dir='ltr' id='par_1_57' title="bbox 85 3972 1666 4046">
     <span class='ocr_line' id='line_1_57' title="bbox 85 3972 1666 4046; baseline 0.004 -24"><span class='ocrx_word' id='word_1_370' title='bbox 85 3973 217 4024; x_wconf 70' lang='lat' dir='ltr'><strong>nensi</strong></span> <span class='ocrx_word' id='word_1_371' title='bbox 249 3974 430 4027; x_wconf 74' lang='lat' dir='ltr'><strong>abbas</strong></span> <span class='ocrx_word' id='word_1_372' title='bbox 471 3972 837 4028; x_wconf 75' lang='lat' dir='ltr'><strong>Ilatncsicnsis</strong></span> <span class='ocrx_word' id='word_1_373' title='bbox 871 3973 1046 4030; x_wconf 86' lang='lat' dir='ltr'><strong>factus</strong></span> <span class='ocrx_word' id='word_1_374' title='bbox 1091 3977 1459 4046; x_wconf 86' lang='lat' dir='ltr'><strong>cpisc0patum</strong></span> <span class='ocrx_word' id='word_1_375' title='bbox 1502 3975 1666 4030; x_wconf 82' lang='lat' dir='ltr'><strong>Thet-</strong></span> 
     </span>
    </p>
   </div>
   <div class='ocr_carea' id='block_1_58' title="bbox 86 4065 1666 4140">
    <p class='ocr_par' dir='ltr' id='par_1_58' title="bbox 86 4065 1666 4140">
     <span class='ocr_line' id='line_1_58' title="bbox 86 4065 1666 4140; baseline 0.007 -26"><span class='ocrx_word' id='word_1_376' title='bbox 86 4065 386 4120; x_wconf 84' lang='lat' dir='ltr'><strong>t&#39;nrdenseln</strong></span> <span class='ocrx_word' id='word_1_377' title='bbox 423 4067 565 4119; x_wconf 84' lang='lat' dir='ltr'><strong>haud</strong></span> <span class='ocrx_word' id='word_1_378' title='bbox 611 4068 729 4120; x_wconf 86' lang='lat' dir='ltr'><strong>sine</strong></span> <span class='ocrx_word' id='word_1_379' title='bbox 780 4068 1034 4121; x_wconf 61' lang='lat' dir='ltr'><strong>Simoni.»</strong></span> <span class='ocrx_word' id='word_1_380' title='bbox 1090 4069 1398 4138; x_wconf 70' lang='lat' dir='ltr'><strong>suspicione</strong></span> <span class='ocrx_word' id='word_1_381' title='bbox 1441 4069 1666 4140; x_wconf 69' lang='lat' dir='ltr'><strong>adeptus</strong></span> 
     </span>
    </p>
   </div>
   <div class='ocr_carea' id='block_1_59' title="bbox 87 4154 1667 4225">
    <p class='ocr_par' dir='ltr' id='par_1_59' title="bbox 87 4154 1667 4225">
     <span class='ocr_line' id='line_1_59' title="bbox 87 4154 1667 4225; baseline 0.008 -22"><span class='ocrx_word' id='word_1_382' title='bbox 87 4154 267 4220; x_wconf 63' lang='lat' dir='ltr'><strong>fuerat;</strong></span> <span class='ocrx_word' id='word_1_383' title='bbox 293 4173 537 4225; x_wconf 85' lang='lat' dir='ltr'><strong>cumque</strong></span> <span class='ocrx_word' id='word_1_384' title='bbox 559 4173 619 4210; x_wconf 88' lang='lat' dir='ltr'><strong>ea</strong></span> <span class='ocrx_word' id='word_1_385' title='bbox 651 4159 715 4210; x_wconf 89' lang='lat' dir='ltr'><strong>de</strong></span> <span class='ocrx_word' id='word_1_386' title='bbox 745 4173 903 4210; x_wconf 44' lang='lat' dir='ltr'><strong>can»:</strong></span> <span class='ocrx_word' id='word_1_387' title='bbox 926 4157 1152 4212; x_wconf 73' lang='lat' dir='ltr'><strong>Romam</strong></span> <span class='ocrx_word' id='word_1_388' title='bbox 1187 4159 1430 4223; x_wconf 65' lang='lat' dir='ltr'><strong>adiisset,</strong></span> <span class='ocrx_word' id='word_1_389' title='bbox 1463 4171 1519 4212; x_wconf 92' lang='lat' dir='ltr'><strong>ut</strong></span> <span class='ocrx_word' id='word_1_390' title='bbox 1548 4178 1667 4216; x_wconf 82' lang='lat' dir='ltr'><strong>sese</strong></span> 
     </span>
    </p>
   </div>
   <div class='ocr_carea' id='block_1_60' title="bbox 88 4246 1664 4322">
    <p class='ocr_par' dir='ltr' id='par_1_60' title="bbox 88 4246 1664 4322">
     <span class='ocr_line' id='line_1_60' title="bbox 88 4246 1664 4322; baseline 0.001 -20"><span class='ocrx_word' id='word_1_391' title='bbox 88 4246 270 4303; x_wconf 82' lang='lat' dir='ltr'><strong>l&#39;rbani</strong></span> <span class='ocrx_word' id='word_1_392' title='bbox 296 4265 552 4305; x_wconf 77' lang='lat' dir='ltr'><strong>censura:</strong></span> <span class='ocrx_word' id='word_1_393' title='bbox 584 4251 892 4320; x_wconf 70' lang='lat' dir='ltr'><strong>subjiceret,</strong></span> <span class='ocrx_word' id='word_1_394' title='bbox 931 4267 960 4303; x_wconf 93' lang='lat' dir='ltr'><strong>a</strong></span> <span class='ocrx_word' id='word_1_395' title='bbox 996 4268 1119 4322; x_wconf 80' lang='lat' dir='ltr'><strong>rege</strong></span> <span class='ocrx_word' id='word_1_396' title='bbox 1148 4253 1442 4322; x_wconf 89' lang='lat' dir='ltr'><strong>increpitus</strong></span> <span class='ocrx_word' id='word_1_397' title='bbox 1469 4251 1664 4318; x_wconf 67' lang='lat' dir='ltr'><strong>fuel-ar,</strong></span> 
     </span>
    </p>
   </div>
   <div class='ocr_carea' id='block_1_61' title="bbox 86 4342 1662 4416">
    <p class='ocr_par' dir='ltr' id='par_1_61' title="bbox 86 4342 1662 4416">
     <span class='ocr_line' id='line_1_61' title="bbox 86 4342 1662 4416; baseline 0.004 -24"><span class='ocrx_word' id='word_1_398' title='bbox 86 4352 131 4392; x_wconf 86' lang='lat' dir='ltr'><strong>ct</strong></span> <span class='ocrx_word' id='word_1_399' title='bbox 159 4342 376 4407; x_wconf 81' lang='lat' dir='ltr'><strong>baculo,</strong></span> <span class='ocrx_word' id='word_1_400' title='bbox 409 4359 567 4410; x_wconf 88' lang='lat' dir='ltr'><strong>quem</strong></span> <span class='ocrx_word' id='word_1_401' title='bbox 623 4344 672 4396; x_wconf 92' lang='lat' dir='ltr'><strong>ci</strong></span> <span class='ocrx_word' id='word_1_402' title='bbox 719 4344 1001 4412; x_wconf 71' lang='lat' dir='ltr'><strong>pmnitenti</strong></span> <span class='ocrx_word' id='word_1_403' title='bbox 1051 4345 1358 4400; x_wconf 79' lang='lat' dir='ltr'><strong>reddiderat</strong></span> <span class='ocrx_word' id='word_1_404' title='bbox 1404 4346 1662 4416; x_wconf 69' lang='lat' dir='ltr'><strong>pontifex,</strong></span> 
     </span>
    </p>
   </div>
   <div class='ocr_carea' id='block_1_62' title="bbox 88 4433 1666 4508">
    <p class='ocr_par' dir='ltr' id='par_1_62' title="bbox 88 4433 1666 4508">
     <span class='ocr_line' id='line_1_62' title="bbox 88 4433 1666 4508; baseline 0.004 -24"><span class='ocrx_word' id='word_1_405' title='bbox 88 4433 330 4499; x_wconf 81' lang='lat' dir='ltr'><strong>privatus.</strong></span> <span class='ocrx_word' id='word_1_406' title='bbox 375 4434 480 4488; x_wconf 88' lang='lat' dir='ltr'><strong>Sed</strong></span> <span class='ocrx_word' id='word_1_407' title='bbox 509 4435 670 4487; x_wconf 83' lang='lat' dir='ltr'><strong>rebus</strong></span> <span class='ocrx_word' id='word_1_408' title='bbox 694 4451 758 4488; x_wconf 89' lang='lat' dir='ltr'><strong>eo</strong></span> <span class='ocrx_word' id='word_1_409' title='bbox 784 4437 940 4488; x_wconf 83' lang='lat' dir='ltr'><strong>modo</strong></span> <span class='ocrx_word' id='word_1_410' title='bbox 986 4451 1092 4506; x_wconf 84' lang='lat' dir='ltr'><strong>quo</strong></span> <span class='ocrx_word' id='word_1_411' title='bbox 1115 4437 1372 4502; x_wconf 79' lang='lat' dir='ltr'><strong>diximus,</strong></span> <span class='ocrx_word' id='word_1_412' title='bbox 1396 4442 1666 4508; x_wconf 64' lang='lat' dir='ltr'><strong>composi-</strong></span> 
     </span>
    </p>
   </div>
   <div class='ocr_carea' id='block_1_63' title="bbox 89 4523 1745 4620">
    <p class='ocr_par' dir='ltr' id='par_1_63' title="bbox 89 4523 1745 4620">
     <span class='ocr_line' id='line_1_63' title="bbox 89 4523 1745 4620; baseline 0.004 -45"><span class='ocrx_word' id='word_1_413' title='bbox 89 4525 164 4584; x_wconf 60' lang='lat' dir='ltr'><strong>tis,</strong></span> <span class='ocrx_word' id='word_1_414' title='bbox 188 4527 298 4579; x_wconf 87' lang='lat' dir='ltr'><strong>sedi</strong></span> <span class='ocrx_word' id='word_1_415' title='bbox 326 4540 446 4578; x_wconf 79' lang='lat' dir='ltr'><strong>sua:</strong></span> <span class='ocrx_word' id='word_1_416' title='bbox 482 4523 698 4578; x_wconf 75' lang='lat' dir='ltr'><strong>t&#39;cIiClttS</strong></span> <span class='ocrx_word' id='word_1_417' title='bbox 732 4535 836 4587; x_wconf 84' lang='lat' dir='ltr'><strong>est,</strong></span> <span class='ocrx_word' id='word_1_418' title='bbox 868 4542 1028 4594; x_wconf 87' lang='lat' dir='ltr'><strong>quam</strong></span> <span class='ocrx_word' id='word_1_419' title='bbox 1062 4543 1203 4582; x_wconf 88' lang='lat' dir='ltr'><strong>anno</strong></span> <span class='ocrx_word' id='word_1_420' title='bbox 1239 4530 1502 4596; x_wconf 88' lang='lat' dir='ltr'><strong>sequenti,</strong></span> <span class='ocrx_word' id='word_1_421' title='bbox 1535 4529 1669 4582; x_wconf 82' lang='lat' dir='ltr'><strong>Nor-</strong></span> <span class='ocrx_word' id='word_1_422' title='bbox 1703 4567 1745 4620; x_wconf 67' lang='grc' dir='ltr'>ο</span> 
     </span>
    </p>
   </div>
   <div class='ocr_carea' id='block_1_64' title="bbox 87 4621 1668 4699">
    <p class='ocr_par' dir='ltr' id='par_1_64' title="bbox 87 4621 1668 4699">
     <span class='ocr_line' id='line_1_64' title="bbox 87 4621 1668 4699; baseline 0.003 -28"><span class='ocrx_word' id='word_1_423' title='bbox 87 4623 287 4680; x_wconf 64' lang='grc' dir='ltr'>ιγίςιιιιι.</span> <span class='ocrx_word' id='word_1_424' title='bbox 361 4629 675 4674; x_wconf 83' lang='lat' dir='ltr'><strong>coostructa</strong></span> <span class='ocrx_word' id='word_1_425' title='bbox 735 4621 805 4674; x_wconf 90' lang='lat' dir='ltr'><strong>ibi</strong></span> <span class='ocrx_word' id='word_1_426' title='bbox 866 4637 1000 4699; x_wconf 73' lang='lat' dir='ltr'><strong>nova</strong></span> <span class='ocrx_word' id='word_1_427' title='bbox 1061 4621 1311 4687; x_wconf 87' lang='lat' dir='ltr'><strong>basilica,</strong></span> <span class='ocrx_word' id='word_1_428' title='bbox 1371 4624 1668 4686; x_wconf 82' lang='lat' dir='ltr'><strong>transtulit,</strong></span> 
     </span>
    </p>
   </div>
   <div class='ocr_carea' id='block_1_65' title="bbox 90 4711 1668 4782">
    <p class='ocr_par' dir='ltr' id='par_1_65' title="bbox 90 4711 1668 4782">
     <span class='ocr_line' id='line_1_65' title="bbox 90 4711 1668 4782; baseline 0.005 -22"><span class='ocrx_word' id='word_1_429' title='bbox 90 4727 301 4781; x_wconf 87' lang='lat' dir='ltr'><strong>e.nnquc</strong></span> <span class='ocrx_word' id='word_1_430' title='bbox 361 4727 533 4781; x_wconf 86' lang='lat' dir='ltr'><strong>usque</strong></span> <span class='ocrx_word' id='word_1_431' title='bbox 588 4711 654 4764; x_wconf 90' lang='lat' dir='ltr'><strong>ad</strong></span> <span class='ocrx_word' id='word_1_432' title='bbox 718 4723 945 4767; x_wconf 85' lang='lat' dir='ltr'><strong>mortem</strong></span> <span class='ocrx_word' id='word_1_433' title='bbox 983 4715 1208 4782; x_wconf 83' lang='lat' dir='ltr'><strong>pacilicc</strong></span> <span class='ocrx_word' id='word_1_434' title='bbox 1263 4716 1450 4770; x_wconf 91' lang='lat' dir='ltr'><strong>tenuit.</strong></span> <span class='ocrx_word' id='word_1_435' title='bbox 1515 4717 1668 4771; x_wconf 80' lang='lat' dir='ltr'><strong>Circa</strong></span> 
     </span>
    </p>
   </div>
   <div class='ocr_carea' id='block_1_66' title="bbox 91 4799 1670 4874">
    <p class='ocr_par' dir='ltr' id='par_1_66' title="bbox 91 4799 1670 4874">
     <span class='ocr_line' id='line_1_66' title="bbox 91 4799 1670 4874; baseline 0.006 -22"><span class='ocrx_word' id='word_1_436' title='bbox 91 4801 214 4855; x_wconf 76' lang='lat' dir='ltr'><strong>idem</strong></span> <span class='ocrx_word' id='word_1_437' title='bbox 246 4799 463 4872; x_wconf 81' lang='lat' dir='ltr'><strong>tempus</strong></span> <span class='ocrx_word' id='word_1_438' title='bbox 490 4803 797 4859; x_wconf 82' lang='lat' dir='ltr'><strong>Willelmus</strong></span> <span class='ocrx_word' id='word_1_439' title='bbox 829 4806 975 4874; x_wconf 86' lang='lat' dir='ltr'><strong>prior</strong></span> <span class='ocrx_word' id='word_1_440' title='bbox 1000 4806 1186 4859; x_wconf 81' lang='lat' dir='ltr'><strong>Sancti</strong></span> <span class='ocrx_word' id='word_1_441' title='bbox 1215 4805 1392 4861; x_wconf 90' lang='lat' dir='ltr'><strong>lvonis</strong></span> <span class='ocrx_word' id='word_1_442' title='bbox 1425 4807 1474 4860; x_wconf 92' lang='lat' dir='ltr'><strong>in</strong></span> <span class='ocrx_word' id='word_1_443' title='bbox 1504 4808 1670 4861; x_wconf 85' lang='lat' dir='ltr'><strong>cemi-</strong></span> 
     </span>
    </p>
   </div>
   <div class='ocr_carea' id='block_1_67' title="bbox 93 4894 1672 4965">
    <p class='ocr_par' dir='ltr' id='par_1_67' title="bbox 93 4894 1672 4965">
     <span class='ocr_line' id='line_1_67' title="bbox 93 4894 1672 4965; baseline 0.004 -23"><span class='ocrx_word' id='word_1_444' title='bbox 93 4902 190 4945; x_wconf 83' lang='lat' dir='ltr'><strong>tatu</strong></span> <span class='ocrx_word' id='word_1_445' title='bbox 240 4894 663 4949; x_wconf 78' lang='lat' dir='ltr'><strong>Iluntidoniensi</strong></span> <span class='ocrx_word' id='word_1_446' title='bbox 724 4911 752 4948; x_wconf 83' lang='lat' dir='ltr'><strong>a</strong></span> <span class='ocrx_word' id='word_1_447' title='bbox 813 4896 1078 4950; x_wconf 61' lang='lat' dir='ltr'><strong>llatnesite</strong></span> <span class='ocrx_word' id='word_1_448' title='bbox 1127 4898 1344 4950; x_wconf 86' lang='lat' dir='ltr'><strong>abbatia</strong></span> <span class='ocrx_word' id='word_1_449' title='bbox 1392 4898 1672 4965; x_wconf 67' lang='lat' dir='ltr'><strong>purulentis</strong></span> 
     </span>
    </p>
   </div>
   <div class='ocr_carea' id='block_1_68' title="bbox 93 4983 1669 5058">
    <p class='ocr_par' dir='ltr' id='par_1_68' title="bbox 93 4983 1669 5058">
     <span class='ocr_line' id='line_1_68' title="bbox 93 4983 1669 5058; baseline 0.004 -25"><span class='ocrx_word' id='word_1_450' title='bbox 93 4983 422 5055; x_wconf 82' lang='lat' dir='ltr'><strong>privilegium</strong></span> <span class='ocrx_word' id='word_1_451' title='bbox 457 4987 666 5055; x_wconf 88' lang='lat' dir='ltr'><strong>accepit</strong></span> <span class='ocrx_word' id='word_1_452' title='bbox 691 4985 758 5039; x_wconf 86' lang='lat' dir='ltr'><strong>ab</strong></span> <span class='ocrx_word' id='word_1_453' title='bbox 793 4986 1034 5050; x_wconf 88' lang='lat' dir='ltr'><strong>Urbano,</strong></span> <span class='ocrx_word' id='word_1_454' title='bbox 1075 5004 1182 5058; x_wconf 88' lang='lat' dir='ltr'><strong>quo</strong></span> <span class='ocrx_word' id='word_1_455' title='bbox 1213 5004 1401 5041; x_wconf 76' lang='lat' dir='ltr'><strong>omnes</strong></span> <span class='ocrx_word' id='word_1_456' title='bbox 1426 4987 1542 5055; x_wconf 77' lang='lat' dir='ltr'><strong>ejus</strong></span> <span class='ocrx_word' id='word_1_457' title='bbox 1572 4989 1669 5040; x_wconf 82' lang='lat' dir='ltr'><strong>IUt‘I</strong></span> 
     </span>
    </p>
   </div>
   <div class='ocr_carea' id='block_1_69' title="bbox 95 5077 1671 5138">
    <p class='ocr_par' dir='ltr' id='par_1_69' title="bbox 95 5077 1671 5138">
     <span class='ocr_line' id='line_1_69' title="bbox 95 5077 1671 5138; baseline 0.004 -12"><span class='ocrx_word' id='word_1_458' title='bbox 95 5077 453 5138; x_wconf 66' lang='lat' dir='ltr'><strong>possessiones</strong></span> <span class='ocrx_word' id='word_1_459' title='bbox 513 5093 576 5130; x_wconf 89' lang='lat' dir='ltr'><strong>ac</strong></span> <span class='ocrx_word' id='word_1_460' title='bbox 647 5077 1017 5132; x_wconf 86' lang='lat' dir='ltr'><strong>immunitates</strong></span> <span class='ocrx_word' id='word_1_461' title='bbox 1073 5079 1486 5133; x_wconf 69' lang='lat' dir='ltr'><strong>confirmantur.</strong></span> <span class='ocrx_word' id='word_1_462' title='bbox 1545 5080 1671 5132; x_wconf 89' lang='lat' dir='ltr'><strong>Illud</strong></span> 
     </span>
    </p>
   </div>
   <div class='ocr_carea' id='block_1_70' title="bbox 97 5167 1674 5243">
    <p class='ocr_par' dir='ltr' id='par_1_70' title="bbox 97 5167 1674 5243">
     <span class='ocr_line' id='line_1_70' title="bbox 97 5167 1674 5243; baseline 0.006 -26"><span class='ocrx_word' id='word_1_463' title='bbox 97 5167 312 5222; x_wconf 87' lang='lat' dir='ltr'><strong>habetur</strong></span> <span class='ocrx_word' id='word_1_464' title='bbox 346 5172 398 5223; x_wconf 93' lang='lat' dir='ltr'><strong>in</strong></span> <span class='ocrx_word' id='word_1_465' title='bbox 431 5169 731 5225; x_wconf 83' lang='lat' dir='ltr'><strong>Monastico</strong></span> <span class='ocrx_word' id='word_1_466' title='bbox 755 5171 1074 5243; x_wconf 70' lang='lat' dir='ltr'><strong>Anglic-ano,</strong></span> <span class='ocrx_word' id='word_1_467' title='bbox 1101 5175 1189 5228; x_wconf 87' lang='lat' dir='ltr'><strong>ubi</strong></span> <span class='ocrx_word' id='word_1_468' title='bbox 1219 5175 1420 5228; x_wconf 79' lang='lat' dir='ltr'><strong>nullam</strong></span> <span class='ocrx_word' id='word_1_469' title='bbox 1451 5176 1674 5228; x_wconf 85' lang='lat' dir='ltr'><strong>chroni-</strong></span> 
     </span>
    </p>
   </div>
   <div class='ocr_carea' id='block_1_71' title="bbox 97 5266 1673 5335">
    <p class='ocr_par' dir='ltr' id='par_1_71' title="bbox 97 5266 1673 5335">
     <span class='ocr_line' id='line_1_71' title="bbox 97 5266 1673 5335; baseline 0.003 -23"><span class='ocrx_word' id='word_1_470' title='bbox 97 5277 201 5316; x_wconf 86' lang='lat' dir='ltr'><strong>cam</strong></span> <span class='ocrx_word' id='word_1_471' title='bbox 229 5275 412 5318; x_wconf 90' lang='lat' dir='ltr'><strong>notam</strong></span> <span class='ocrx_word' id='word_1_472' title='bbox 454 5266 636 5318; x_wconf 86' lang='lat' dir='ltr'><strong>habet.</strong></span> <span class='ocrx_word' id='word_1_473' title='bbox 674 5266 814 5319; x_wconf 90' lang='lat' dir='ltr'><strong>Idem</strong></span> <span class='ocrx_word' id='word_1_474' title='bbox 857 5267 1121 5335; x_wconf 86' lang='lat' dir='ltr'><strong>pontifex,</strong></span> <span class='ocrx_word' id='word_1_475' title='bbox 1156 5277 1213 5320; x_wconf 90' lang='lat' dir='ltr'><strong>ut</strong></span> <span class='ocrx_word' id='word_1_476' title='bbox 1251 5267 1413 5320; x_wconf 84' lang='lat' dir='ltr'><strong>habet</strong></span> <span class='ocrx_word' id='word_1_477' title='bbox 1443 5267 1673 5320; x_wconf 80' lang='lat' dir='ltr'><strong>Eadme-</strong></span> 
     </span>
    </p>
   </div>
   <div class='ocr_carea' id='block_1_72' title="bbox 103 5357 1676 5428">
    <p class='ocr_par' dir='ltr' id='par_1_72' title="bbox 103 5357 1676 5428">
     <span class='ocr_line' id='line_1_72' title="bbox 103 5357 1676 5428; baseline 0.006 -25"><span class='ocrx_word' id='word_1_478' title='bbox 103 5369 200 5417; x_wconf 90' lang='lat' dir='ltr'><strong>rus,</strong></span> <span class='ocrx_word' id='word_1_479' title='bbox 260 5358 530 5412; x_wconf 86' lang='lat' dir='ltr'><strong>concessit</strong></span> <span class='ocrx_word' id='word_1_480' title='bbox 583 5358 862 5412; x_wconf 84' lang='lat' dir='ltr'><strong>monachis</strong></span> <span class='ocrx_word' id='word_1_481' title='bbox 905 5358 1135 5414; x_wconf 70' lang='lat' dir='ltr'><strong>abbatize</strong></span> <span class='ocrx_word' id='word_1_482' title='bbox 1169 5357 1302 5413; x_wconf 88' lang='lat' dir='ltr'><strong>Belli</strong></span> <span class='ocrx_word' id='word_1_483' title='bbox 1339 5361 1477 5428; x_wconf 88' lang='lat' dir='ltr'><strong>apud</strong></span> <span class='ocrx_word' id='word_1_484' title='bbox 1507 5359 1676 5413; x_wconf 77' lang='lat' dir='ltr'><strong>Exce-</strong></span> 
     </span>
    </p>
   </div>
   <div class='ocr_carea' id='block_1_73' title="bbox 102 5445 1676 5520">
    <p class='ocr_par' dir='ltr' id='par_1_73' title="bbox 102 5445 1676 5520">
     <span class='ocr_line' id='line_1_73' title="bbox 102 5445 1676 5520; baseline 0.005 -26"><span class='ocrx_word' id='word_1_485' title='bbox 102 5445 273 5499; x_wconf 82' lang='lat' dir='ltr'><strong>striam</strong></span> <span class='ocrx_word' id='word_1_486' title='bbox 307 5450 792 5510; x_wconf 85' lang='lat' dir='ltr'><strong>commorantibus,</strong></span> <span class='ocrx_word' id='word_1_487' title='bbox 849 5458 903 5502; x_wconf 86' lang='lat' dir='ltr'><strong>ut</strong></span> <span class='ocrx_word' id='word_1_488' title='bbox 965 5451 1015 5503; x_wconf 91' lang='lat' dir='ltr'><strong>in</strong></span> <span class='ocrx_word' id='word_1_489' title='bbox 1069 5450 1287 5520; x_wconf 89' lang='lat' dir='ltr'><strong>proprio</strong></span> <span class='ocrx_word' id='word_1_490' title='bbox 1346 5451 1676 5504; x_wconf 87' lang='lat' dir='ltr'><strong>monasterio</strong></span> 
     </span>
    </p>
   </div>
   <div class='ocr_carea' id='block_1_74' title="bbox 103 5536 1676 5611">
    <p class='ocr_par' dir='ltr' id='par_1_74' title="bbox 103 5536 1676 5611">
     <span class='ocr_line' id='line_1_74' title="bbox 103 5536 1676 5611; baseline 0.006 -25"><span class='ocrx_word' id='word_1_491' title='bbox 103 5536 466 5604; x_wconf 71' lang='lat' dir='ltr'><strong>sepelirentur.</strong></span> <span class='ocrx_word' id='word_1_492' title='bbox 501 5539 738 5594; x_wconf 87' lang='lat' dir='ltr'><strong>Litteras</strong></span> <span class='ocrx_word' id='word_1_493' title='bbox 786 5556 848 5595; x_wconf 82' lang='lat' dir='ltr'><strong>ra</strong></span> <span class='ocrx_word' id='word_1_494' title='bbox 890 5541 956 5596; x_wconf 86' lang='lat' dir='ltr'><strong>de</strong></span> <span class='ocrx_word' id='word_1_495' title='bbox 1002 5557 1060 5595; x_wconf 85' lang='lat' dir='ltr'><strong>re</strong></span> <span class='ocrx_word' id='word_1_496' title='bbox 1089 5543 1158 5596; x_wconf 90' lang='lat' dir='ltr'><strong>ab</strong></span> <span class='ocrx_word' id='word_1_497' title='bbox 1187 5540 1405 5596; x_wconf 86' lang='lat' dir='ltr'><strong>Urbano</strong></span> <span class='ocrx_word' id='word_1_498' title='bbox 1449 5541 1676 5611; x_wconf 81' lang='lat' dir='ltr'><strong>scriptas</strong></span> 
     </span>
    </p>
   </div>
   <div class='ocr_carea' id='block_1_75' title="bbox 107 5628 1679 5703">
    <p class='ocr_par' dir='ltr' id='par_1_75' title="bbox 107 5628 1679 5703">
     <span class='ocr_line' id='line_1_75' title="bbox 107 5628 1679 5703; baseline 0.004 -24"><span class='ocrx_word' id='word_1_499' title='bbox 107 5628 163 5679; x_wconf 86' lang='lat' dir='ltr'><strong>ad</strong></span> <span class='ocrx_word' id='word_1_500' title='bbox 195 5629 495 5686; x_wconf 86' lang='lat' dir='ltr'><strong>Osbernum</strong></span> <span class='ocrx_word' id='word_1_501' title='bbox 535 5634 846 5703; x_wconf 82' lang='lat' dir='ltr'><strong>episcopum</strong></span> <span class='ocrx_word' id='word_1_502' title='bbox 882 5635 1312 5689; x_wconf 77' lang='lat' dir='ltr'><strong>Excestricnsem</strong></span> <span class='ocrx_word' id='word_1_503' title='bbox 1345 5633 1545 5689; x_wconf 85' lang='lat' dir='ltr'><strong>&#39;laudat</strong></span> <span class='ocrx_word' id='word_1_504' title='bbox 1584 5633 1679 5686; x_wconf 86' lang='lat' dir='ltr'><strong>Pa-</strong></span> 
     </span>
    </p>
   </div>
   <div class='ocr_carea' id='block_1_76' title="bbox 109 5720 1678 5796">
    <p class='ocr_par' dir='ltr' id='par_1_76' title="bbox 109 5720 1678 5796">
     <span class='ocr_line' id='line_1_76' title="bbox 109 5720 1678 5796; baseline 0.008 -26"><span class='ocrx_word' id='word_1_505' title='bbox 109 5720 287 5778; x_wconf 82' lang='lat' dir='ltr'><strong>schalis</strong></span> <span class='ocrx_word' id='word_1_506' title='bbox 322 5724 365 5779; x_wconf 90' lang='lat' dir='ltr'><strong>ll</strong></span> <span class='ocrx_word' id='word_1_507' title='bbox 394 5726 550 5796; x_wconf 88' lang='lat' dir='ltr'><strong>epist.</strong></span> <span class='ocrx_word' id='word_1_508' title='bbox 579 5727 675 5791; x_wconf 88' lang='lat'><strong>97;</strong></span> <span class='ocrx_word' id='word_1_509' title='bbox 717 5727 808 5783; x_wconf 76' lang='lat' dir='ltr'><strong>sed</strong></span> <span class='ocrx_word' id='word_1_510' title='bbox 857 5727 956 5782; x_wconf 72' lang='lat' dir='ltr'><strong>illa:</strong></span> <span class='ocrx_word' id='word_1_511' title='bbox 999 5727 1336 5782; x_wconf 79' lang='lat' dir='ltr'><strong>exciderunt.</strong></span> <span class='ocrx_word' id='word_1_512' title='bbox 1371 5725 1529 5782; x_wconf 84' lang='lat' dir='ltr'><strong>Certe</strong></span> <span class='ocrx_word' id='word_1_513' title='bbox 1564 5726 1678 5795; x_wconf 80' lang='lat' dir='ltr'><strong>ejus</strong></span> 
     </span>
    </p>
   </div>
   <div class='ocr_carea' id='block_1_77' title="bbox 112 5806 1678 5876">
    <p class='ocr_par' dir='ltr' id='par_1_77' title="bbox 112 5806 1678 5876">
     <span class='ocr_line' id='line_1_77' title="bbox 112 5806 1678 5876; baseline 0.009 -14"><span class='ocrx_word' id='word_1_514' title='bbox 112 5806 199 5864; x_wconf 83' lang='lat' dir='ltr'><strong>luci</strong></span> <span class='ocrx_word' id='word_1_515' title='bbox 227 5819 502 5875; x_wconf 77' lang='lat' dir='ltr'><strong>monachis</strong></span> <span class='ocrx_word' id='word_1_516' title='bbox 558 5815 795 5876; x_wconf 82' lang='lat' dir='ltr'><strong>infensos</strong></span> <span class='ocrx_word' id='word_1_517' title='bbox 844 5819 1010 5876; x_wconf 73' lang='lat' dir='ltr'><strong>fuisse</strong></span> <span class='ocrx_word' id='word_1_518' title='bbox 1064 5820 1288 5876; x_wconf 76' lang='lat' dir='ltr'><strong>clericos</strong></span> <span class='ocrx_word' id='word_1_519' title='bbox 1344 5819 1678 5876; x_wconf 71' lang='lat' dir='ltr'><strong>Exonienses</strong></span> 
     </span>
    </p>
   </div>
   <div class='ocr_carea' id='block_1_78' title="bbox 1763 1949 3351 2016">
    <p class='ocr_par' dir='ltr' id='par_1_78' title="bbox 1763 1949 3351 2016">
     <span class='ocr_line' id='line_1_78' title="bbox 1763 1949 3351 2016; baseline 0.003 -16"><span class='ocrx_word' id='word_1_520' title='bbox 1763 1949 2054 2014; x_wconf 77' lang='lat' dir='ltr'><strong>dispositis,</strong></span> <span class='ocrx_word' id='word_1_521' title='bbox 2091 1949 2300 2004; x_wconf 85' lang='lat' dir='ltr'><strong>marino</strong></span> <span class='ocrx_word' id='word_1_522' title='bbox 2325 1951 2532 2014; x_wconf 87' lang='lat' dir='ltr'><strong>itinere,</strong></span> <span class='ocrx_word' id='word_1_523' title='bbox 2565 1951 2641 2005; x_wconf 92' lang='lat' dir='ltr'><strong>uti</strong></span> <span class='ocrx_word' id='word_1_524' title='bbox 2687 1951 2850 2006; x_wconf 89' lang='lat' dir='ltr'><strong>habet</strong></span> <span class='ocrx_word' id='word_1_525' title='bbox 2896 1951 3203 2016; x_wconf 83' lang='lat' dir='ltr'><strong>Bertoldus,</strong></span> <span class='ocrx_word' id='word_1_526' title='bbox 3255 1968 3351 2006; x_wconf 82' lang='lat' dir='ltr'><strong>seu</strong></span> 
     </span>
    </p>
   </div>
   <div class='ocr_carea' id='block_1_79' title="bbox 1761 2042 3354 2113">
    <p class='ocr_par' dir='ltr' id='par_1_79' title="bbox 1761 2042 3354 2113">
     <span class='ocr_line' id='line_1_79' title="bbox 1761 2042 3354 2113; baseline 0.003 -21"><span class='ocrx_word' id='word_1_527' title='bbox 1761 2044 2080 2097; x_wconf 84' lang='lat' dir='ltr'><strong>transcensis</strong></span> <span class='ocrx_word' id='word_1_528' title='bbox 2106 2042 2345 2110; x_wconf 77' lang='lat' dir='ltr'><strong>Alpibus,</strong></span> <span class='ocrx_word' id='word_1_529' title='bbox 2365 2045 2507 2112; x_wconf 87' lang='lat' dir='ltr'><strong>quod</strong></span> <span class='ocrx_word' id='word_1_530' title='bbox 2530 2043 2618 2097; x_wconf 90' lang='lat' dir='ltr'><strong>alii</strong></span> <span class='ocrx_word' id='word_1_531' title='bbox 2638 2043 2835 2113; x_wconf 88' lang='lat' dir='ltr'><strong>passim</strong></span> <span class='ocrx_word' id='word_1_532' title='bbox 2864 2052 3118 2098; x_wconf 73' lang='lat' dir='ltr'><strong>auctores</strong></span> <span class='ocrx_word' id='word_1_533' title='bbox 3145 2043 3354 2110; x_wconf 83' lang='lat' dir='ltr'><strong>volunt,</strong></span> 
     </span>
    </p>
   </div>
   <div class='ocr_carea' id='block_1_80' title="bbox 1762 2129 3362 2203">
    <p class='ocr_par' dir='ltr' id='par_1_80' title="bbox 1762 2129 3362 2203">
     <span class='ocr_line' id='line_1_80' title="bbox 1762 2129 3362 2203; baseline 0.003 -21"><span class='ocrx_word' id='word_1_534' title='bbox 1762 2131 1815 2183; x_wconf 87' lang='lat' dir='ltr'><strong>in</strong></span> <span class='ocrx_word' id='word_1_535' title='bbox 1853 2129 2062 2185; x_wconf 78' lang='lat' dir='ltr'><strong>Gallias</strong></span> <span class='ocrx_word' id='word_1_536' title='bbox 2109 2133 2361 2186; x_wconf 83' lang='lat' dir='ltr'><strong>divertere</strong></span> <span class='ocrx_word' id='word_1_537' title='bbox 2404 2133 2588 2202; x_wconf 69' lang='lat' dir='ltr'><strong>erepit:</strong></span> <span class='ocrx_word' id='word_1_538' title='bbox 2642 2142 2697 2186; x_wconf 92' lang='lat' dir='ltr'><strong>et</strong></span> <span class='ocrx_word' id='word_1_539' title='bbox 2745 2133 2960 2203; x_wconf 82' lang='lat' dir='ltr'><strong>quidem</strong></span> <span class='ocrx_word' id='word_1_540' title='bbox 3000 2147 3184 2188; x_wconf 79' lang='lat' dir='ltr'><strong>mense</strong></span> <span class='ocrx_word' id='word_1_541' title='bbox 3214 2133 3362 2188; x_wconf 75' lang='lat' dir='ltr'><strong>Iulio</strong></span> 
     </span>
    </p>
   </div>
   <div class='ocr_carea' id='block_1_81' title="bbox 1763 2223 3350 2295">
    <p class='ocr_par' dir='ltr' id='par_1_81' title="bbox 1763 2223 3350 2295">
     <span class='ocr_line' id='line_1_81' title="bbox 1763 2223 3350 2295; baseline 0.006 -23"><span class='ocrx_word' id='word_1_542' title='bbox 1763 2232 2030 2290; x_wconf 81' lang='lat' dir='ltr'><strong>vertente,</strong></span> <span class='ocrx_word' id='word_1_543' title='bbox 2057 2234 2112 2278; x_wconf 89' lang='lat' dir='ltr'><strong>ut</strong></span> <span class='ocrx_word' id='word_1_544' title='bbox 2137 2239 2200 2278; x_wconf 82' lang='lat' dir='ltr'><strong>ex</strong></span> <span class='ocrx_word' id='word_1_545' title='bbox 2243 2223 2466 2293; x_wconf 79' lang='lat' dir='ltr'><strong>Hugone</strong></span> <span class='ocrx_word' id='word_1_546' title='bbox 2495 2224 2889 2282; x_wconf 81' lang='lat' dir='ltr'><strong>Flaviniacensi</strong></span> <span class='ocrx_word' id='word_1_547' title='bbox 2921 2227 3173 2295; x_wconf 76' lang='lat' dir='ltr'><strong>colligere</strong></span> <span class='ocrx_word' id='word_1_548' title='bbox 3202 2227 3350 2281; x_wconf 83' lang='lat' dir='ltr'><strong>licet.</strong></span> 
     </span>
    </p>
   </div>
   <div class='ocr_carea' id='block_1_82' title="bbox 1762 2313 3353 2389">
    <p class='ocr_par' dir='ltr' id='par_1_82' title="bbox 1762 2313 3353 2389">
     <span class='ocr_line' id='line_1_82' title="bbox 1762 2313 3353 2389; baseline 0.004 -22"><span class='ocrx_word' id='word_1_549' title='bbox 1762 2313 1895 2368; x_wconf 86' lang='lat' dir='ltr'><strong>Nam</strong></span> <span class='ocrx_word' id='word_1_550' title='bbox 1936 2314 1980 2369; x_wconf 89' lang='lat' dir='ltr'><strong>is</strong></span> <span class='ocrx_word' id='word_1_551' title='bbox 2015 2315 2064 2369; x_wconf 92' lang='lat' dir='ltr'><strong>in</strong></span> <span class='ocrx_word' id='word_1_552' title='bbox 2095 2315 2366 2372; x_wconf 77' lang='lat' dir='ltr'><strong>Chronico</strong></span> <span class='ocrx_word' id='word_1_553' title='bbox 2395 2316 2563 2373; x_wconf 81' lang='lat' dir='ltr'><strong>refert</strong></span> <span class='ocrx_word' id='word_1_554' title='bbox 2590 2315 2864 2388; x_wconf 82' lang='lat' dir='ltr'><strong>llugonem</strong></span> <span class='ocrx_word' id='word_1_555' title='bbox 2899 2317 3140 2389; x_wconf 78' lang='lat' dir='ltr'><strong>Lugduni</strong></span> <span class='ocrx_word' id='word_1_556' title='bbox 3169 2320 3353 2374; x_wconf 84' lang='lat' dir='ltr'><strong>archi-</strong></span> 
     </span>
    </p>
   </div>
   <div class='ocr_carea' id='block_1_83' title="bbox 1762 2407 3359 2476">
    <p class='ocr_par' dir='ltr' id='par_1_83' title="bbox 1762 2407 3359 2476">
     <span class='ocr_line' id='line_1_83' title="bbox 1762 2407 3359 2476; baseline 0.006 -18"><span class='ocrx_word' id='word_1_557' title='bbox 1762 2407 2071 2476; x_wconf 87' lang='lat' dir='ltr'><strong>episcopum</strong></span> <span class='ocrx_word' id='word_1_558' title='bbox 2119 2408 2206 2462; x_wconf 87' lang='lat' dir='ltr'><strong>die</strong></span> <span class='ocrx_word' id='word_1_559' title='bbox 2258 2409 2414 2464; x_wconf 88' lang='lat' dir='ltr'><strong>tertia</strong></span> <span class='ocrx_word' id='word_1_560' title='bbox 2463 2420 2588 2464; x_wconf 89' lang='lat' dir='ltr'><strong>ante</strong></span> <span class='ocrx_word' id='word_1_561' title='bbox 2631 2419 2878 2464; x_wconf 87' lang='lat' dir='ltr'><strong>octavam</strong></span> <span class='ocrx_word' id='word_1_562' title='bbox 2908 2411 3093 2467; x_wconf 81' lang='lat' dir='ltr'><strong>Sancti</strong></span> <span class='ocrx_word' id='word_1_563' title='bbox 3126 2411 3359 2468; x_wconf 65' lang='lat' dir='ltr'><strong>JoannES&#39;</strong></span> 
     </span>
    </p>
   </div>
   <div class='ocr_carea' id='block_1_84' title="bbox 1762 2499 3356 2570">
    <p class='ocr_par' dir='ltr' id='par_1_84' title="bbox 1762 2499 3356 2570">
     <span class='ocr_line' id='line_1_84' title="bbox 1762 2499 3356 2570; baseline 0.003 -18"><span class='ocrx_word' id='word_1_564' title='bbox 1762 2499 2021 2567; x_wconf 67' lang='lat' dir='ltr'><strong>Baptistae</strong></span> <span class='ocrx_word' id='word_1_565' title='bbox 2074 2513 2141 2554; x_wconf 81' lang='lat' dir='ltr'><strong>ex</strong></span> <span class='ocrx_word' id='word_1_566' title='bbox 2200 2499 2334 2555; x_wconf 88' lang='lat' dir='ltr'><strong>urbe</strong></span> <span class='ocrx_word' id='word_1_567' title='bbox 2383 2499 2742 2570; x_wconf 84' lang='lat' dir='ltr'><strong>Compostella</strong></span> <span class='ocrx_word' id='word_1_568' title='bbox 2809 2517 3089 2557; x_wconf 87' lang='lat' dir='ltr'><strong>reversum</strong></span> <span class='ocrx_word' id='word_1_569' title='bbox 3146 2505 3356 2557; x_wconf 67' lang='grc' dir='ltr'>ιιιιιιιιίε</span> 
     </span>
    </p>
   </div>
   <div class='ocr_carea' id='block_1_85' title="bbox 1763 2590 3357 2663">
    <p class='ocr_par' dir='ltr' id='par_1_85' title="bbox 1763 2590 3357 2663">
     <span class='ocr_line' id='line_1_85' title="bbox 1763 2590 3357 2663; baseline 0.002 -20"><span class='ocrx_word' id='word_1_570' title='bbox 1763 2591 2005 2645; x_wconf 81' lang='lat' dir='ltr'><strong>habuisse</strong></span> <span class='ocrx_word' id='word_1_571' title='bbox 2032 2607 2182 2661; x_wconf 76' lang='lat' dir='ltr'><strong>papa:</strong></span> <span class='ocrx_word' id='word_1_572' title='bbox 2214 2593 2356 2646; x_wconf 87' lang='lat' dir='ltr'><strong>urbis</strong></span> <span class='ocrx_word' id='word_1_573' title='bbox 2381 2593 2447 2646; x_wconf 86' lang='lat' dir='ltr'><strong>de</strong></span> <span class='ocrx_word' id='word_1_574' title='bbox 2477 2592 2668 2663; x_wconf 82' lang='lat' dir='ltr'><strong>Apulia</strong></span> <span class='ocrx_word' id='word_1_575' title='bbox 2693 2590 2942 2648; x_wconf 79' lang='lat' dir='ltr'><strong>venientis</strong></span> <span class='ocrx_word' id='word_1_576' title='bbox 2974 2604 3021 2646; x_wconf 86' lang='lat' dir='ltr'><strong>et</strong></span> <span class='ocrx_word' id='word_1_577' title='bbox 3051 2594 3120 2646; x_wconf 84' lang='lat' dir='ltr'><strong>ad</strong></span> <span class='ocrx_word' id='word_1_578' title='bbox 3153 2593 3357 2648; x_wconf 73' lang='lat' dir='ltr'><strong>Gallius</strong></span> 
     </span>
    </p>
   </div>
   <div class='ocr_carea' id='block_1_86' title="bbox 1763 2681 3360 2751">
    <p class='ocr_par' dir='ltr' id='par_1_86' title="bbox 1763 2681 3360 2751">
     <span class='ocr_line' id='line_1_86' title="bbox 1763 2681 3360 2751; baseline 0.002 -17"><span class='ocrx_word' id='word_1_579' title='bbox 1763 2681 2084 2750; x_wconf 75' lang='lat' dir='ltr'><strong>festinantis.</strong></span> <span class='ocrx_word' id='word_1_580' title='bbox 2112 2681 2280 2737; x_wconf 85' lang='lat' dir='ltr'><strong>Favet</strong></span> <span class='ocrx_word' id='word_1_581' title='bbox 2325 2683 2488 2738; x_wconf 89' lang='lat' dir='ltr'><strong>etiam</strong></span> <span class='ocrx_word' id='word_1_582' title='bbox 2532 2683 2750 2736; x_wconf 89' lang='lat' dir='ltr'><strong>traditio</strong></span> <span class='ocrx_word' id='word_1_583' title='bbox 2778 2683 3110 2747; x_wconf 78' lang='lat' dir='ltr'><strong>Astcnsium,</strong></span> <span class='ocrx_word' id='word_1_584' title='bbox 3143 2683 3256 2751; x_wconf 88' lang='lat' dir='ltr'><strong>qui,</strong></span> <span class='ocrx_word' id='word_1_585' title='bbox 3285 2685 3360 2737; x_wconf 88' lang='lat' dir='ltr'><strong>nti</strong></span> 
     </span>
    </p>
   </div>
   <div class='ocr_carea' id='block_1_87' title="bbox 1765 2773 3361 2845">
    <p class='ocr_par' dir='ltr' id='par_1_87' title="bbox 1765 2773 3361 2845">
     <span class='ocr_line' id='line_1_87' title="bbox 1765 2773 3361 2845; baseline 0.001 -18"><span class='ocrx_word' id='word_1_586' title='bbox 1765 2773 2023 2838; x_wconf 86' lang='lat' dir='ltr'><strong>diximus,</strong></span> <span class='ocrx_word' id='word_1_587' title='bbox 2055 2783 2250 2843; x_wconf 90' lang='lat' dir='ltr'><strong>putant</strong></span> <span class='ocrx_word' id='word_1_588' title='bbox 2279 2775 2540 2845; x_wconf 82' lang='lat' dir='ltr'><strong>majorem</strong></span> <span class='ocrx_word' id='word_1_589' title='bbox 2578 2790 2690 2829; x_wconf 66' lang='lat' dir='ltr'><strong>suae</strong></span> <span class='ocrx_word' id='word_1_590' title='bbox 2725 2775 2875 2830; x_wconf 89' lang='lat' dir='ltr'><strong>urbis</strong></span> <span class='ocrx_word' id='word_1_591' title='bbox 2917 2776 3220 2830; x_wconf 60' lang='lat' dir='ltr'><strong>ecclesiam&quot;</strong></span> <span class='ocrx_word' id='word_1_592' title='bbox 3250 2775 3361 2830; x_wconf 75' lang='lat' dir='ltr'><strong>Ka-</strong></span> 
     </span>
    </p>
   </div>
   <div class='ocr_carea' id='block_1_88' title="bbox 1766 2865 3357 2939">
    <p class='ocr_par' dir='ltr' id='par_1_88' title="bbox 1766 2865 3357 2939">
     <span class='ocr_line' id='line_1_88' title="bbox 1766 2865 3357 2939; baseline 0.001 -19"><span class='ocrx_word' id='word_1_593' title='bbox 1766 2865 1941 2922; x_wconf 87' lang='lat' dir='ltr'><strong>lendis</strong></span> <span class='ocrx_word' id='word_1_594' title='bbox 1965 2867 2091 2922; x_wconf 83' lang='lat' dir='ltr'><strong>Julii</strong></span> <span class='ocrx_word' id='word_1_595' title='bbox 2135 2866 2294 2936; x_wconf 90' lang='lat' dir='ltr'><strong>hujus</strong></span> <span class='ocrx_word' id='word_1_596' title='bbox 2323 2868 2451 2923; x_wconf 89' lang='lat' dir='ltr'><strong>anni</strong></span> <span class='ocrx_word' id='word_1_597' title='bbox 2482 2869 2550 2924; x_wconf 91' lang='lat' dir='ltr'><strong>ab</strong></span> <span class='ocrx_word' id='word_1_598' title='bbox 2587 2867 2808 2922; x_wconf 87' lang='lat' dir='ltr'><strong>Urbano</strong></span> <span class='ocrx_word' id='word_1_599' title='bbox 2842 2869 2894 2922; x_wconf 92' lang='lat' dir='ltr'><strong>in</strong></span> <span class='ocrx_word' id='word_1_600' title='bbox 2939 2868 3138 2924; x_wconf 84' lang='lat' dir='ltr'><strong>Gallias</strong></span> <span class='ocrx_word' id='word_1_601' title='bbox 3164 2885 3357 2939; x_wconf 77' lang='lat' dir='ltr'><strong>pzopc-</strong></span> 
     </span>
    </p>
   </div>
   <div class='ocr_carea' id='block_1_89' title="bbox 1768 2957 3363 3017">
    <p class='ocr_par' dir='ltr' id='par_1_89' title="bbox 1768 2957 3363 3017">
     <span class='ocr_line' id='line_1_89' title="bbox 1768 2957 3363 3017; baseline 0.003 -5"><span class='ocrx_word' id='word_1_602' title='bbox 1768 2970 1922 3014; x_wconf 82' lang='lat' dir='ltr'><strong>rante</strong></span> <span class='ocrx_word' id='word_1_603' title='bbox 1945 2957 2320 3016; x_wconf 81' lang='lat' dir='ltr'><strong>consecratam</strong></span> <span class='ocrx_word' id='word_1_604' title='bbox 2346 2960 2514 3016; x_wconf 88' lang='lat' dir='ltr'><strong>fuisse</strong></span> <span class='ocrx_word' id='word_1_605' title='bbox 2539 2976 2552 3014; x_wconf 93' lang='lat'>:</span> <span class='ocrx_word' id='word_1_606' title='bbox 2583 2963 2722 3016; x_wconf 92' lang='lat' dir='ltr'><strong>unde</strong></span> <span class='ocrx_word' id='word_1_607' title='bbox 2748 2961 2856 3016; x_wconf 87' lang='lat' dir='ltr'><strong>falli</strong></span> <span class='ocrx_word' id='word_1_608' title='bbox 2883 2977 3106 3017; x_wconf 87' lang='lat' dir='ltr'><strong>necesse</strong></span> <span class='ocrx_word' id='word_1_609' title='bbox 3131 2974 3214 3016; x_wconf 84' lang='lat' dir='ltr'><strong>est</strong></span> <span class='ocrx_word' id='word_1_610' title='bbox 3268 2980 3363 3016; x_wconf 83' lang='lat' dir='ltr'><strong>eos</strong></span> 
     </span>
    </p>
   </div>
   <div class='ocr_carea' id='block_1_90' title="bbox 1766 3054 3360 3125">
    <p class='ocr_par' dir='ltr' id='par_1_90' title="bbox 1766 3054 3360 3125">
     <span class='ocr_line' id='line_1_90' title="bbox 1766 3054 3360 3125; baseline 0.001 -18"><span class='ocrx_word' id='word_1_611' title='bbox 1766 3054 1857 3123; x_wconf 70' lang='lat' dir='ltr'><strong>Qui</strong></span> <span class='ocrx_word' id='word_1_612' title='bbox 1913 3055 2083 3118; x_wconf 88' lang='lat' dir='ltr'><strong>aiunt,</strong></span> <span class='ocrx_word' id='word_1_613' title='bbox 2121 3055 2266 3125; x_wconf 91' lang='lat' dir='ltr'><strong>quod</strong></span> <span class='ocrx_word' id='word_1_614' title='bbox 2332 3071 2494 3112; x_wconf 86' lang='lat' dir='ltr'><strong>nemo</strong></span> <span class='ocrx_word' id='word_1_615' title='bbox 2543 3067 2785 3110; x_wconf 79' lang='lat' dir='ltr'><strong>veterum</strong></span> <span class='ocrx_word' id='word_1_616' title='bbox 2837 3055 3004 3120; x_wconf 88' lang='lat' dir='ltr'><strong>dixit,</strong></span> <span class='ocrx_word' id='word_1_617' title='bbox 3043 3055 3360 3125; x_wconf 83' lang='lat' dir='ltr'><strong>pontiﬁcem</strong></span> 
     </span>
    </p>
   </div>
   <div class='ocr_carea' id='block_1_91' title="bbox 1770 3145 3358 3218">
    <p class='ocr_par' dir='ltr' id='par_1_91' title="bbox 1770 3145 3358 3218">
     <span class='ocr_line' id='line_1_91' title="bbox 1770 3145 3358 3218; baseline 0.001 -20"><span class='ocrx_word' id='word_1_618' title='bbox 1770 3147 1820 3199; x_wconf 94' lang='lat' dir='ltr'><strong>in</strong></span> <span class='ocrx_word' id='word_1_619' title='bbox 1850 3146 2128 3218; x_wconf 82' lang='lat' dir='ltr'><strong>pervigilio</strong></span> <span class='ocrx_word' id='word_1_620' title='bbox 2163 3148 2531 3216; x_wconf 87' lang='lat' dir='ltr'><strong>apostolorum</strong></span> <span class='ocrx_word' id='word_1_621' title='bbox 2567 3147 2710 3202; x_wconf 85' lang='lat' dir='ltr'><strong>Petri</strong></span> <span class='ocrx_word' id='word_1_622' title='bbox 2747 3159 2800 3202; x_wconf 85' lang='lat' dir='ltr'><strong>et</strong></span> <span class='ocrx_word' id='word_1_623' title='bbox 2833 3147 2983 3201; x_wconf 82' lang='lat' dir='ltr'><strong>Pauli</strong></span> <span class='ocrx_word' id='word_1_624' title='bbox 3024 3145 3358 3218; x_wconf 70' lang='lat' dir='ltr'><strong>Magalouant</strong></span> 
     </span>
    </p>
   </div>
   <div class='ocr_carea' id='block_1_92' title="bbox 1691 3217 3360 3313">
    <p class='ocr_par' dir='ltr' id='par_1_92' title="bbox 1691 3217 3360 3313">
     <span class='ocr_line' id='line_1_92' title="bbox 1691 3217 3360 3313; baseline 0.001 -20"><span class='ocrx_word' id='word_1_625' title='bbox 1691 3217 1732 3275; x_wconf 65' lang='grc' dir='ltr'>Ο</span> <span class='ocrx_word' id='word_1_626' title='bbox 1769 3241 1867 3295; x_wconf 87' lang='lat' dir='ltr'><strong>hoc</strong></span> <span class='ocrx_word' id='word_1_627' title='bbox 1900 3257 2043 3296; x_wconf 85' lang='lat' dir='ltr'><strong>anno</strong></span> <span class='ocrx_word' id='word_1_628' title='bbox 2088 3242 2406 3309; x_wconf 88' lang='lat' dir='ltr'><strong>advenisse;</strong></span> <span class='ocrx_word' id='word_1_629' title='bbox 2460 3252 2513 3298; x_wconf 87' lang='lat' dir='ltr'><strong>et</strong></span> <span class='ocrx_word' id='word_1_630' title='bbox 2564 3235 2886 3313; x_wconf 84' lang='lat' dir='ltr'><strong>quidede</strong></span> <span class='ocrx_word' id='word_1_631' title='bbox 2932 3243 2998 3296; x_wconf 85' lang='lat' dir='ltr'><strong>ad</strong></span> <span class='ocrx_word' id='word_1_632' title='bbox 3046 3252 3360 3311; x_wconf 84' lang='lat' dir='ltr'><strong>sequentem</strong></span> 
     </span>
    </p>
   </div>
   <div class='ocr_carea' id='block_1_93' title="bbox 1767 3332 3076 3390">
    <p class='ocr_par' dir='ltr' id='par_1_93' title="bbox 1767 3332 3076 3390">
     <span class='ocr_line' id='line_1_93' title="bbox 1767 3332 3076 3390; baseline 0.002 -5"><span class='ocrx_word' id='word_1_633' title='bbox 1767 3348 1968 3386; x_wconf 89' lang='lat' dir='ltr'><strong>annum</strong></span> <span class='ocrx_word' id='word_1_634' title='bbox 1997 3332 2187 3388; x_wconf 86' lang='lat' dir='ltr'><strong>referri</strong></span> <span class='ocrx_word' id='word_1_635' title='bbox 2216 3335 2413 3390; x_wconf 89' lang='lat' dir='ltr'><strong>debere</strong></span> <span class='ocrx_word' id='word_1_636' title='bbox 2439 3350 2537 3390; x_wconf 87' lang='lat' dir='ltr'><strong>suo</strong></span> <span class='ocrx_word' id='word_1_637' title='bbox 2569 3335 2684 3390; x_wconf 92' lang='lat' dir='ltr'><strong>loco</strong></span> <span class='ocrx_word' id='word_1_638' title='bbox 2705 3333 3076 3389; x_wconf 88' lang='lat' dir='ltr'><strong>ostendemus.</strong></span> 
     </span>
    </p>
   </div>
   <div class='ocr_carea' id='block_1_94' title="bbox 1769 3443 3359 3515">
    <p class='ocr_par' dir='ltr' id='par_1_94' title="bbox 1769 3443 3359 3515">
     <span class='ocr_line' id='line_1_94' title="bbox 1769 3443 3359 3515; baseline 0.001 -18"><span class='ocrx_word' id='word_1_639' title='bbox 1769 3443 2106 3499; x_wconf 67' lang='lat' dir='ltr'><strong>CLXXXIX.</strong></span> <span class='ocrx_word' id='word_1_640' title='bbox 2147 3445 2322 3498; x_wconf 81' lang='lat' dir='ltr'><strong>Anicii</strong></span> <span class='ocrx_word' id='word_1_641' title='bbox 2401 3447 2588 3511; x_wconf 81' lang='lat' dir='ltr'><strong>festum</strong></span> <span class='ocrx_word' id='word_1_642' title='bbox 2657 3447 3040 3515; x_wconf 77' lang='lat' dir='ltr'><strong>Assmnptionis</strong></span> <span class='ocrx_word' id='word_1_643' title='bbox 3115 3447 3359 3500; x_wconf 76' lang='lat' dir='ltr'><strong>celebrat.</strong></span> 
     </span>
    </p>
   </div>
   <div class='ocr_carea' id='block_1_95' title="bbox 2138 3515 2986 3570">
    <p class='ocr_par' dir='ltr' id='par_1_95' title="bbox 2138 3515 2986 3570">
     <span class='ocr_line' id='line_1_95' title="bbox 2138 3515 2986 3570; baseline 0.001 -1"><span class='ocrx_word' id='word_1_644' title='bbox 2138 3516 2391 3569; x_wconf 72' lang='lat' dir='ltr'><strong>Ecclesia.-</strong></span> <span class='ocrx_word' id='word_1_645' title='bbox 2429 3515 2680 3570; x_wconf 75' lang='lat' dir='ltr'><strong>l’ulenliw</strong></span> <span class='ocrx_word' id='word_1_646' title='bbox 2707 3519 2986 3570; x_wconf 80' lang='lat' dir='ltr'><strong>dedicatio.</strong></span> 
     </span>
    </p>
   </div>
   <div class='ocr_carea' id='block_1_96' title="bbox 1839 3607 3363 3677">
    <p class='ocr_par' dir='ltr' id='par_1_96' title="bbox 1839 3607 3363 3677">
     <span class='ocr_line' id='line_1_96' title="bbox 1839 3607 3363 3677; baseline 0 -17"><span class='ocrx_word' id='word_1_647' title='bbox 1839 3609 1893 3662; x_wconf 92' lang='lat' dir='ltr'><strong>ld</strong></span> <span class='ocrx_word' id='word_1_648' title='bbox 1929 3619 2090 3677; x_wconf 74' lang='lat' dir='ltr'><strong>porro</strong></span> <span class='ocrx_word' id='word_1_649' title='bbox 2118 3617 2324 3662; x_wconf 87' lang='lat' dir='ltr'><strong>certum</strong></span> <span class='ocrx_word' id='word_1_650' title='bbox 2373 3617 2456 3662; x_wconf 89' lang='lat' dir='ltr'><strong>est</strong></span> <span class='ocrx_word' id='word_1_651' title='bbox 2491 3623 2555 3662; x_wconf 85' lang='lat' dir='ltr'><strong>ex</strong></span> <span class='ocrx_word' id='word_1_652' title='bbox 2611 3607 2861 3662; x_wconf 82' lang='lat' dir='ltr'><strong>Bertoldo</strong></span> <span class='ocrx_word' id='word_1_653' title='bbox 2893 3607 3122 3676; x_wconf 88' lang='lat' dir='ltr'><strong>aliisque</strong></span> <span class='ocrx_word' id='word_1_654' title='bbox 3177 3619 3363 3664; x_wconf 77' lang='lat' dir='ltr'><strong>aucto-</strong></span> 
     </span>
    </p>
   </div>
   <div class='ocr_carea' id='block_1_97' title="bbox 1769 3685 3360 3769">
    <p class='ocr_par' dir='ltr' id='par_1_97' title="bbox 1769 3685 3360 3769">
     <span class='ocr_line' id='line_1_97' title="bbox 1769 3685 3360 3769; baseline 0.002 -17"><span class='ocrx_word' id='word_1_655' title='bbox 1769 3699 1937 3763; x_wconf 81' lang='lat' dir='ltr'><strong>ribus,</strong></span> <span class='ocrx_word' id='word_1_656' title='bbox 1991 3700 2286 3762; x_wconf 64' lang='lat' dir='ltr'><strong>L’rbanmn,</strong></span> <span class='ocrx_word' id='word_1_657' title='bbox 2335 3700 2426 3769; x_wconf 90' lang='lat' dir='ltr'><strong>qui</strong></span> <span class='ocrx_word' id='word_1_658' title='bbox 2480 3700 2534 3754; x_wconf 92' lang='lat' dir='ltr'><strong>in</strong></span> <span class='ocrx_word' id='word_1_659' title='bbox 2591 3698 2795 3755; x_wconf 83' lang='lat' dir='ltr'><strong>Gallias</strong></span> <span class='ocrx_word' id='word_1_660' title='bbox 2855 3701 2923 3755; x_wconf 89' lang='lat' dir='ltr'><strong>ad</strong></span> <span class='ocrx_word' id='word_1_661' title='bbox 2978 3685 3360 3756; x_wconf 56' lang='lat' dir='ltr'><strong>celebrandum</strong></span> 
     </span>
    </p>
   </div>
   <div class='ocr_carea' id='block_1_98' title="bbox 1769 3789 3364 3861">
    <p class='ocr_par' dir='ltr' id='par_1_98' title="bbox 1769 3789 3364 3861">
     <span class='ocr_line' id='line_1_98' title="bbox 1769 3789 3364 3861; baseline 0 -17"><span class='ocrx_word' id='word_1_662' title='bbox 1769 3791 2061 3845; x_wconf 80' lang='lat' dir='ltr'><strong>concilium</strong></span> <span class='ocrx_word' id='word_1_663' title='bbox 2124 3791 2442 3856; x_wconf 86' lang='lat' dir='ltr'><strong>advenerat,</strong></span> <span class='ocrx_word' id='word_1_664' title='bbox 2507 3793 2647 3861; x_wconf 90' lang='lat' dir='ltr'><strong>apud</strong></span> <span class='ocrx_word' id='word_1_665' title='bbox 2715 3791 2968 3845; x_wconf 79' lang='lat' dir='ltr'><strong>Anicium</strong></span> <span class='ocrx_word' id='word_1_666' title='bbox 3021 3789 3364 3860; x_wconf 68' lang='lat' dir='ltr'><strong>&#39;v&#39;allavornm</strong></span> 
     </span>
    </p>
   </div>
   <div class='ocr_carea' id='block_1_99' title="bbox 1769 3881 3359 3955">
    <p class='ocr_par' dir='ltr' id='par_1_99' title="bbox 1769 3881 3359 3955">
     <span class='ocr_line' id='line_1_99' title="bbox 1769 3881 3359 3955; baseline 0.001 -20"><span class='ocrx_word' id='word_1_667' title='bbox 1769 3885 1960 3937; x_wconf 89' lang='lat' dir='ltr'><strong>urbem</strong></span> <span class='ocrx_word' id='word_1_668' title='bbox 2011 3884 2171 3953; x_wconf 72' lang='lat' dir='ltr'><strong>vulgo</strong></span> <span class='ocrx_word' id='word_1_669' title='bbox 2227 3882 2449 3938; x_wconf 85' lang='lat' dir='ltr'><strong>Podium</strong></span> <span class='ocrx_word' id='word_1_670' title='bbox 2499 3882 2593 3953; x_wconf 81' lang='lat' dir='ltr'><strong>[Le</strong></span> <span class='ocrx_word' id='word_1_671' title='bbox 2628 3881 2740 3954; x_wconf 81' lang='lat' dir='ltr'><strong>Puy</strong></span> <span class='ocrx_word' id='word_1_672' title='bbox 2771 3901 2832 3936; x_wconf 87' lang='lat' dir='ltr'><strong>en</strong></span> <span class='ocrx_word' id='word_1_673' title='bbox 2886 3881 3090 3955; x_wconf 78' lang='lat' dir='ltr'><strong>l&#39;elay.]</strong></span> <span class='ocrx_word' id='word_1_674' title='bbox 3137 3884 3359 3946; x_wconf 82' lang='lat' dir='ltr'><strong>dictum,</strong></span> 
     </span>
    </p>
   </div>
   <div class='ocr_carea' id='block_1_100' title="bbox 1768 3973 3363 4045">
    <p class='ocr_par' dir='ltr' id='par_1_100' title="bbox 1768 3973 3363 4045">
     <span class='ocr_line' id='line_1_100' title="bbox 1768 3973 3363 4045; baseline 0.001 -19"><span class='ocrx_word' id='word_1_675' title='bbox 1768 3974 2205 4043; x_wconf 84' lang='lat' dir='ltr'><strong>Assumptionem</strong></span> <span class='ocrx_word' id='word_1_676' title='bbox 2239 3973 2367 4042; x_wconf 57' lang='lat' dir='ltr'><strong>Dtip</strong></span> <span class='ocrx_word' id='word_1_677' title='bbox 2388 3992 2478 4028; x_wconf 69' lang='lat' dir='ltr'><strong>ira:</strong></span> <span class='ocrx_word' id='word_1_678' title='bbox 2510 3973 2742 4045; x_wconf 74' lang='lat' dir='ltr'><strong>Virginis</strong></span> <span class='ocrx_word' id='word_1_679' title='bbox 2769 3974 3094 4030; x_wconf 84' lang='lat' dir='ltr'><strong>celebrasse.</strong></span> <span class='ocrx_word' id='word_1_680' title='bbox 3121 3976 3363 4030; x_wconf 79' lang='lat' dir='ltr'><strong>Consen—</strong></span> 
     </span>
    </p>
   </div>
   <div class='ocr_carea' id='block_1_101' title="bbox 1771 4053 3361 4133">
    <p class='ocr_par' dir='ltr' id='par_1_101' title="bbox 1771 4053 3361 4133">
     <span class='ocr_line' id='line_1_101' title="bbox 1771 4053 3361 4133; baseline 0.003 -16"><span class='ocrx_word' id='word_1_681' title='bbox 1771 4065 1834 4117; x_wconf 92' lang='lat' dir='ltr'><strong>tit</strong></span> <span class='ocrx_word' id='word_1_682' title='bbox 1881 4065 2170 4118; x_wconf 83' lang='lat' dir='ltr'><strong>GaufriJus</strong></span> <span class='ocrx_word' id='word_1_683' title='bbox 2201 4066 2347 4133; x_wconf 85' lang='lat' dir='ltr'><strong>prior</strong></span> <span class='ocrx_word' id='word_1_684' title='bbox 2384 4066 2653 4120; x_wconf 80' lang='lat' dir='ltr'><strong>Vosiensis</strong></span> <span class='ocrx_word' id='word_1_685' title='bbox 2698 4068 2748 4119; x_wconf 88' lang='lat' dir='ltr'><strong>in</strong></span> <span class='ocrx_word' id='word_1_686' title='bbox 2783 4053 3078 4131; x_wconf 58' lang='lat' dir='ltr'><strong>Chronic»,</strong></span> <span class='ocrx_word' id='word_1_687' title='bbox 3129 4079 3277 4122; x_wconf 85' lang='grc' dir='ltr'>ιοιιιο</span> <span class='ocrx_word' id='word_1_688' title='bbox 3323 4070 3361 4122; x_wconf 91' lang='lat' dir='ltr'><strong>ll</strong></span> 
     </span>
    </p>
   </div>
   <div class='ocr_carea' id='block_1_102' title="bbox 1771 4157 3362 4230">
    <p class='ocr_par' dir='ltr' id='par_1_102' title="bbox 1771 4157 3362 4230">
     <span class='ocr_line' id='line_1_102' title="bbox 1771 4157 3362 4230; baseline 0.001 -19"><span class='ocrx_word' id='word_1_689' title='bbox 1771 4157 2121 4212; x_wconf 75' lang='lat' dir='ltr'><strong>Bibliotheca:</strong></span> <span class='ocrx_word' id='word_1_690' title='bbox 2171 4158 2489 4225; x_wconf 70' lang='lat' dir='ltr'><strong>Labbeauzr,</strong></span> <span class='ocrx_word' id='word_1_691' title='bbox 2522 4160 2608 4212; x_wconf 91' lang='lat' dir='ltr'><strong>ubi</strong></span> <span class='ocrx_word' id='word_1_692' title='bbox 2650 4158 2799 4212; x_wconf 88' lang='lat' dir='ltr'><strong>addit</strong></span> <span class='ocrx_word' id='word_1_693' title='bbox 2851 4159 3150 4224; x_wconf 77' lang='lat' dir='ltr'><strong>Urbanum,</strong></span> <span class='ocrx_word' id='word_1_694' title='bbox 3203 4177 3362 4230; x_wconf 86' lang='lat' dir='ltr'><strong>quem</strong></span> 
     </span>
    </p>
   </div>
   <div class='ocr_carea' id='block_1_103' title="bbox 1771 4260 3362 4331">
    <p class='ocr_par' dir='ltr' id='par_1_103' title="bbox 1771 4260 3362 4331">
     <span class='ocr_line' id='line_1_103' title="bbox 1771 4260 3362 4331; baseline 0.001 -16"><span class='ocrx_word' id='word_1_695' title='bbox 1771 4263 1939 4316; x_wconf 82' lang='lat' dir='ltr'><strong>virum</strong></span> <span class='ocrx_word' id='word_1_696' title='bbox 1999 4261 2396 4328; x_wconf 76' lang='lat' dir='ltr'><strong>prwdicandnm</strong></span> <span class='ocrx_word' id='word_1_697' title='bbox 2455 4260 2708 4330; x_wconf 86' lang='lat' dir='ltr'><strong>appellat,</strong></span> <span class='ocrx_word' id='word_1_698' title='bbox 2758 4278 2850 4329; x_wconf 81' lang='lat' dir='ltr'><strong>per</strong></span> <span class='ocrx_word' id='word_1_699' title='bbox 2891 4261 3259 4331; x_wconf 73' lang='lat' dir='ltr'><strong>Burgundiam</strong></span> <span class='ocrx_word' id='word_1_700' title='bbox 3316 4274 3362 4316; x_wconf 86' lang='lat' dir='ltr'><strong>et</strong></span> 
     </span>
    </p>
   </div>
   <div class='ocr_carea' id='block_1_104' title="bbox 1772 4352 3358 4428">
    <p class='ocr_par' dir='ltr' id='par_1_104' title="bbox 1772 4352 3358 4428">
     <span class='ocr_line' id='line_1_104' title="bbox 1772 4352 3358 4428; baseline 0.001 -22"><span class='ocrx_word' id='word_1_701' title='bbox 1772 4353 2058 4408; x_wconf 84' lang='lat' dir='ltr'><strong>Franciam</strong></span> <span class='ocrx_word' id='word_1_702' title='bbox 2111 4355 2163 4407; x_wconf 87' lang='lat' dir='ltr'><strong>in</strong></span> <span class='ocrx_word' id='word_1_703' title='bbox 2210 4352 2412 4408; x_wconf 77' lang='lat' dir='ltr'><strong>Callias</strong></span> <span class='ocrx_word' id='word_1_704' title='bbox 2460 4357 2692 4419; x_wconf 86' lang='lat' dir='ltr'><strong>venisse,</strong></span> <span class='ocrx_word' id='word_1_705' title='bbox 2741 4357 2936 4428; x_wconf 78' lang='lat' dir='ltr'><strong>quibus</strong></span> <span class='ocrx_word' id='word_1_706' title='bbox 2966 4357 3144 4412; x_wconf 77' lang='lat' dir='ltr'><strong>verbis</strong></span> <span class='ocrx_word' id='word_1_707' title='bbox 3184 4366 3358 4410; x_wconf 89' lang='lat' dir='ltr'><strong>totum</strong></span> 
     </span>
    </p>
   </div>
   <div class='ocr_carea' id='block_1_105' title="bbox 1772 4444 3362 4516">
    <p class='ocr_par' dir='ltr' id='par_1_105' title="bbox 1772 4444 3362 4516">
     <span class='ocr_line' id='line_1_105' title="bbox 1772 4444 3362 4516; baseline 0 -18"><span class='ocrx_word' id='word_1_708' title='bbox 1772 4444 1888 4512; x_wconf 89' lang='lat' dir='ltr'><strong>ejus</strong></span> <span class='ocrx_word' id='word_1_709' title='bbox 1919 4445 2018 4498; x_wconf 90' lang='lat' dir='ltr'><strong>iter</strong></span> <span class='ocrx_word' id='word_1_710' title='bbox 2055 4445 2486 4511; x_wconf 82' lang='lat' dir='ltr'><strong>comprehendit,</strong></span> <span class='ocrx_word' id='word_1_711' title='bbox 2523 4448 2664 4515; x_wconf 88' lang='lat' dir='ltr'><strong>quod</strong></span> <span class='ocrx_word' id='word_1_712' title='bbox 2687 4448 2772 4516; x_wconf 83' lang='lat' dir='ltr'><strong>ab</strong></span> <span class='ocrx_word' id='word_1_713' title='bbox 2807 4462 2872 4501; x_wconf 93' lang='lat' dir='ltr'><strong>eo</strong></span> <span class='ocrx_word' id='word_1_714' title='bbox 2907 4457 3031 4500; x_wconf 86' lang='lat' dir='ltr'><strong>ante</strong></span> <span class='ocrx_word' id='word_1_715' title='bbox 3068 4446 3362 4500; x_wconf 83' lang='lat' dir='ltr'><strong>concilium</strong></span> 
     </span>
    </p>
   </div>
   <div class='ocr_carea' id='block_1_106' title="bbox 1771 4535 3364 4591">
    <p class='ocr_par' dir='ltr' id='par_1_106' title="bbox 1771 4535 3364 4591">
     <span class='ocr_line' id='line_1_106' title="bbox 1771 4535 3364 4591; baseline -0.001 -1"><span class='ocrx_word' id='word_1_716' title='bbox 1771 4535 2249 4590; x_wconf 77' lang='lat' dir='ltr'><strong>Claromontanum</strong></span> <span class='ocrx_word' id='word_1_717' title='bbox 2285 4536 2592 4590; x_wconf 90' lang='lat' dir='ltr'><strong>confectum</strong></span> <span class='ocrx_word' id='word_1_718' title='bbox 2620 4547 2722 4591; x_wconf 86' lang='lat' dir='ltr'><strong>est.</strong></span> <span class='ocrx_word' id='word_1_719' title='bbox 2779 4536 2834 4590; x_wconf 86' lang='lat' dir='ltr'><strong>Si</strong></span> <span class='ocrx_word' id='word_1_720' title='bbox 2869 4548 3048 4590; x_wconf 87' lang='lat' dir='ltr'><strong>tamen</strong></span> <span class='ocrx_word' id='word_1_721' title='bbox 3088 4552 3193 4590; x_wconf 89' lang='lat' dir='ltr'><strong>non</strong></span> <span class='ocrx_word' id='word_1_722' title='bbox 3229 4535 3364 4588; x_wconf 85' lang='lat' dir='ltr'><strong>fallit</strong></span> 
     </span>
    </p>
   </div>
   <div class='ocr_carea' id='block_1_107' title="bbox 1774 4625 3362 4698">
    <p class='ocr_par' dir='ltr' id='par_1_107' title="bbox 1774 4625 3362 4698">
     <span class='ocr_line' id='line_1_107' title="bbox 1774 4625 3362 4698; baseline -0.004 -12"><span class='ocrx_word' id='word_1_723' title='bbox 1774 4628 2028 4686; x_wconf 82' lang='lat' dir='ltr'><strong>chronica</strong></span> <span class='ocrx_word' id='word_1_724' title='bbox 2059 4636 2184 4683; x_wconf 89' lang='lat' dir='ltr'><strong>uota</strong></span> <span class='ocrx_word' id='word_1_725' title='bbox 2215 4627 2458 4698; x_wconf 76' lang='lat' dir='ltr'><strong>epistola:</strong></span> <span class='ocrx_word' id='word_1_726' title='bbox 2489 4629 2772 4696; x_wconf 79' lang='lat' dir='ltr'><strong>ipsiesmet</strong></span> <span class='ocrx_word' id='word_1_727' title='bbox 2803 4627 3076 4698; x_wconf 84' lang='lat' dir='ltr'><strong>pontiﬁcis</strong></span> <span class='ocrx_word' id='word_1_728' title='bbox 3103 4629 3168 4680; x_wconf 87' lang='lat' dir='ltr'><strong>ad</strong></span> <span class='ocrx_word' id='word_1_729' title='bbox 3195 4625 3362 4696; x_wconf 36' lang='lat' dir='ltr'><strong>Lam:</strong></span> 
     </span>
    </p>
   </div>
   <div class='ocr_carea' id='block_1_108' title="bbox 1773 4716 3366 4794">
    <p class='ocr_par' dir='ltr' id='par_1_108' title="bbox 1773 4716 3366 4794">
     <span class='ocr_line' id='line_1_108' title="bbox 1773 4716 3366 4794; baseline -0.006 -17"><span class='ocrx_word' id='word_1_730' title='bbox 1773 4724 1982 4778; x_wconf 90' lang='lat' dir='ltr'><strong>bertum</strong></span> <span class='ocrx_word' id='word_1_731' title='bbox 2007 4722 2423 4794; x_wconf 81' lang='lat' dir='ltr'><strong>Atrebateuscm</strong></span> <span class='ocrx_word' id='word_1_732' title='bbox 2464 4719 2807 4789; x_wconf 84' lang='lat' dir='ltr'><strong>episcopum,</strong></span> <span class='ocrx_word' id='word_1_733' title='bbox 2848 4717 2934 4772; x_wconf 89' lang='lat' dir='ltr'><strong>ille</strong></span> <span class='ocrx_word' id='word_1_734' title='bbox 2973 4716 3087 4785; x_wconf 89' lang='lat' dir='ltr'><strong>jam</strong></span> <span class='ocrx_word' id='word_1_735' title='bbox 3126 4717 3366 4770; x_wconf 77' lang='lat' dir='ltr'><strong>subme—</strong></span> 
     </span>
    </p>
   </div>
   <div class='ocr_carea' id='block_1_109' title="bbox 1774 4799 3370 4879">
    <p class='ocr_par' dir='ltr' id='par_1_109' title="bbox 1774 4799 3370 4879">
     <span class='ocr_line' id='line_1_109' title="bbox 1774 4799 3370 4879; baseline -0.007 -8"><span class='ocrx_word' id='word_1_736' title='bbox 1774 4819 1919 4872; x_wconf 85' lang='lat' dir='ltr'><strong>dium</strong></span> <span class='ocrx_word' id='word_1_737' title='bbox 1969 4799 2094 4871; x_wconf 81' lang='lat' dir='ltr'><strong>Julii</strong></span> <span class='ocrx_word' id='word_1_738' title='bbox 2140 4815 2318 4869; x_wconf 74' lang='lat' dir='ltr'><strong>Anicii</strong></span> <span class='ocrx_word' id='word_1_739' title='bbox 2373 4801 2738 4877; x_wconf 63' lang='lat' dir='ltr'><strong>versabatur,</strong></span> <span class='ocrx_word' id='word_1_740' title='bbox 2777 4816 2889 4865; x_wconf 71' lang='lat' dir='ltr'><strong>ItlEC</strong></span> <span class='ocrx_word' id='word_1_741' title='bbox 2931 4809 3129 4879; x_wconf 84' lang='lat' dir='ltr'><strong>quippe</strong></span> <span class='ocrx_word' id='word_1_742' title='bbox 3167 4808 3370 4866; x_wconf 73' lang='lat' dir='ltr'><strong>dicitur</strong></span> 
     </span>
    </p>
   </div>
   <div class='ocr_carea' id='block_1_110' title="bbox 1773 4899 3371 4978">
    <p class='ocr_par' dir='ltr' id='par_1_110' title="bbox 1773 4899 3371 4978">
     <span class='ocr_line' id='line_1_110' title="bbox 1773 4899 3371 4978; baseline -0.003 -20"><span class='ocrx_word' id='word_1_743' title='bbox 1773 4908 1898 4960; x_wconf 73' lang='lat' dir='ltr'><strong>data</strong></span> <span class='ocrx_word' id='word_1_744' title='bbox 1947 4909 1997 4960; x_wconf 92' lang='lat' dir='ltr'><strong>in</strong></span> <span class='ocrx_word' id='word_1_745' title='bbox 2035 4925 2096 4960; x_wconf 90' lang='lat' dir='ltr'><strong>ea</strong></span> <span class='ocrx_word' id='word_1_746' title='bbox 2145 4905 2276 4960; x_wconf 88' lang='lat' dir='ltr'><strong>urbe</strong></span> <span class='ocrx_word' id='word_1_747' title='bbox 2316 4921 2442 4957; x_wconf 83' lang='lat' dir='ltr'><strong>xvm</strong></span> <span class='ocrx_word' id='word_1_748' title='bbox 2497 4902 2768 4956; x_wconf 61' lang='lat' dir='ltr'><strong>Ii&#39;at&#39;cndas</strong></span> <span class='ocrx_word' id='word_1_749' title='bbox 2807 4900 3045 4969; x_wconf 74' lang='lat' dir='ltr'><strong>Augusti.</strong></span> <span class='ocrx_word' id='word_1_750' title='bbox 3094 4899 3168 4956; x_wconf 68' lang='lat' dir='ltr'><strong>At</strong></span> <span class='ocrx_word' id='word_1_751' title='bbox 3214 4901 3371 4978; x_wconf 78' lang='lat' dir='ltr'><strong>fallor</strong></span> 
     </span>
    </p>
   </div>
   <div class='ocr_carea' id='block_1_111' title="bbox 1774 4989 3368 5068">
    <p class='ocr_par' dir='ltr' id='par_1_111' title="bbox 1774 4989 3368 5068">
     <span class='ocr_line' id='line_1_111' title="bbox 1774 4989 3368 5068; baseline -0.008 -17"><span class='ocrx_word' id='word_1_752' title='bbox 1774 5015 1872 5066; x_wconf 76' lang='lat' dir='ltr'><strong>ego</strong></span> <span class='ocrx_word' id='word_1_753' title='bbox 1899 4998 2012 5067; x_wconf 86' lang='lat' dir='ltr'><strong>ipse</strong></span> <span class='ocrx_word' id='word_1_754' title='bbox 2056 4997 2156 5052; x_wconf 77' lang='lat' dir='ltr'><strong>nisi</strong></span> <span class='ocrx_word' id='word_1_755' title='bbox 2183 4998 2462 5068; x_wconf 78' lang='lat' dir='ltr'><strong>legendum</strong></span> <span class='ocrx_word' id='word_1_756' title='bbox 2488 4997 2559 5050; x_wconf 86' lang='lat' dir='ltr'><strong>sit</strong></span> <span class='ocrx_word' id='word_1_757' title='bbox 2583 5012 2711 5048; x_wconf 71' lang='grc' dir='ltr'>,ιι-ιιι</span> <span class='ocrx_word' id='word_1_758' title='bbox 2739 4992 3008 5047; x_wconf 65' lang='lat' dir='ltr'><strong>Kalendae</strong></span> <span class='ocrx_word' id='word_1_759' title='bbox 3028 4989 3368 5063; x_wconf 64' lang='grc' dir='ltr'>δεμιωιιριιιέδ,</span> 
     </span>
    </p>
   </div>
   <div class='ocr_carea' id='block_1_112' title="bbox 1774 5083 3368 5159">
    <p class='ocr_par' dir='ltr' id='par_1_112' title="bbox 1774 5083 3368 5159">
     <span class='ocr_line' id='line_1_112' title="bbox 1774 5083 3368 5159; baseline -0.002 -18"><span class='ocrx_word' id='word_1_760' title='bbox 1774 5106 1893 5159; x_wconf 67' lang='lat' dir='ltr'><strong>quan</strong></span> <span class='ocrx_word' id='word_1_761' title='bbox 1946 5091 2057 5158; x_wconf 86' lang='lat' dir='ltr'><strong>ipsa</strong></span> <span class='ocrx_word' id='word_1_762' title='bbox 2117 5090 2230 5143; x_wconf 87' lang='lat' dir='ltr'><strong>dies</strong></span> <span class='ocrx_word' id='word_1_763' title='bbox 2276 5099 2360 5143; x_wconf 88' lang='lat' dir='ltr'><strong>est</strong></span> <span class='ocrx_word' id='word_1_764' title='bbox 2411 5086 2811 5154; x_wconf 84' lang='lat' dir='ltr'><strong>Assumptionis</strong></span> <span class='ocrx_word' id='word_1_765' title='bbox 2848 5084 3030 5141; x_wconf 69' lang='lat' dir='ltr'><strong>beatm</strong></span> <span class='ocrx_word' id='word_1_766' title='bbox 3065 5083 3266 5148; x_wconf 63' lang='lat' dir='ltr'><strong>Maritc,</strong></span> <span class='ocrx_word' id='word_1_767' title='bbox 3301 5087 3368 5138; x_wconf 87' lang='lat' dir='ltr'><strong>ab</strong></span> 
     </span>
    </p>
   </div>
   <div class='ocr_carea' id='block_1_113' title="bbox 1776 5173 3366 5242">
    <p class='ocr_par' dir='ltr' id='par_1_113' title="bbox 1776 5173 3366 5242">
     <span class='ocr_line' id='line_1_113' title="bbox 1776 5173 3366 5242; baseline -0.003 -12"><span class='ocrx_word' id='word_1_768' title='bbox 1776 5179 2089 5232; x_wconf 88' lang='lat' dir='ltr'><strong>auctoribus</strong></span> <span class='ocrx_word' id='word_1_769' title='bbox 2134 5176 2250 5242; x_wconf 79' lang='lat' dir='ltr'><strong>cjns</strong></span> <span class='ocrx_word' id='word_1_770' title='bbox 2307 5175 2430 5241; x_wconf 77' lang='lat' dir='ltr'><strong>:evi,</strong></span> <span class='ocrx_word' id='word_1_771' title='bbox 2477 5175 2554 5227; x_wconf 92' lang='lat' dir='ltr'><strong>uti</strong></span> <span class='ocrx_word' id='word_1_772' title='bbox 2612 5175 2876 5236; x_wconf 73' lang='lat' dir='ltr'><strong>diximus,</strong></span> <span class='ocrx_word' id='word_1_773' title='bbox 2941 5185 3262 5229; x_wconf 83' lang='lat' dir='ltr'><strong>mcnmrata.</strong></span> <span class='ocrx_word' id='word_1_774' title='bbox 3301 5173 3366 5226; x_wconf 79' lang='lat' dir='ltr'><strong>Et</strong></span> 
     </span>
    </p>
   </div>
   <div class='ocr_carea' id='block_1_114' title="bbox 1776 5257 3370 5340">
    <p class='ocr_par' dir='ltr' id='par_1_114' title="bbox 1776 5257 3370 5340">
     <span class='ocr_line' id='line_1_114' title="bbox 1776 5257 3370 5340; baseline -0.004 -16"><span class='ocrx_word' id='word_1_775' title='bbox 1776 5272 1992 5340; x_wconf 84' lang='lat' dir='ltr'><strong>quidem</strong></span> <span class='ocrx_word' id='word_1_776' title='bbox 2049 5257 2300 5324; x_wconf 87' lang='lat' dir='ltr'><strong>mendum</strong></span> <span class='ocrx_word' id='word_1_777' title='bbox 2334 5269 2434 5322; x_wconf 91' lang='lat' dir='ltr'><strong>hoc</strong></span> <span class='ocrx_word' id='word_1_778' title='bbox 2465 5268 2584 5321; x_wconf 86' lang='lat' dir='ltr'><strong>loco</strong></span> <span class='ocrx_word' id='word_1_779' title='bbox 2635 5267 2688 5324; x_wconf 85' lang='lat' dir='ltr'><strong>in</strong></span> <span class='ocrx_word' id='word_1_780' title='bbox 2727 5268 2931 5324; x_wconf 86' lang='lat' dir='ltr'><strong>Urbani</strong></span> <span class='ocrx_word' id='word_1_781' title='bbox 2977 5267 3259 5337; x_wconf 70' lang='lat' dir='ltr'><strong>epistolae:</strong></span> <span class='ocrx_word' id='word_1_782' title='bbox 3294 5266 3370 5318; x_wconf 85' lang='lat' dir='ltr'><strong>ir-</strong></span> 
     </span>
    </p>
   </div>
   <div class='ocr_carea' id='block_1_115' title="bbox 1782 5357 3368 5436">
    <p class='ocr_par' dir='ltr' id='par_1_115' title="bbox 1782 5357 3368 5436">
     <span class='ocr_line' id='line_1_115' title="bbox 1782 5357 3368 5436; baseline -0.021 -2"><span class='ocrx_word' id='word_1_783' title='bbox 1782 5362 2012 5432; x_wconf 49' lang='lat' dir='ltr'><strong>&quot;elisisse</strong></span> <span class='ocrx_word' id='word_1_784' title='bbox 2042 5360 2317 5415; x_wconf 57' lang='lat' dir='ltr'><strong>{alendum</strong></span> <span class='ocrx_word' id='word_1_785' title='bbox 2355 5367 2459 5422; x_wconf 65' lang='grc' dir='ltr'><strong>εει,</strong></span> <span class='ocrx_word' id='word_1_786' title='bbox 2485 5360 2631 5426; x_wconf 78' lang='lat' dir='ltr'><strong>quod</strong></span> <span class='ocrx_word' id='word_1_787' title='bbox 2658 5362 2709 5414; x_wconf 85' lang='lat' dir='ltr'><strong>itt</strong></span> <span class='ocrx_word' id='word_1_788' title='bbox 2744 5376 2928 5414; x_wconf 74' lang='lat' dir='ltr'><strong>mense</strong></span> <span class='ocrx_word' id='word_1_789' title='bbox 2953 5359 3112 5420; x_wconf 74' lang='lat' dir='ltr'><strong>Julii),</strong></span> <span class='ocrx_word' id='word_1_790' title='bbox 3155 5357 3246 5426; x_wconf 80' lang='lat' dir='ltr'><strong>qui</strong></span> <span class='ocrx_word' id='word_1_791' title='bbox 3277 5371 3368 5436; x_wconf 68' lang='lat' dir='ltr'><strong>sex</strong></span> 
     </span>
    </p>
   </div>
   <div class='ocr_carea' id='block_1_116' title="bbox 1779 5445 3370 5515">
    <p class='ocr_par' dir='ltr' id='par_1_116' title="bbox 1779 5445 3370 5515">
     <span class='ocr_line' id='line_1_116' title="bbox 1779 5445 3370 5515; baseline -0.006 -10"><span class='ocrx_word' id='word_1_792' title='bbox 1779 5448 1958 5506; x_wconf 70' lang='lat' dir='ltr'><strong>Nonas</strong></span> <span class='ocrx_word' id='word_1_793' title='bbox 1987 5450 2169 5508; x_wconf 83' lang='lat' dir='ltr'><strong>habet.</strong></span> <span class='ocrx_word' id='word_1_794' title='bbox 2196 5449 2375 5502; x_wconf 88' lang='lat' dir='ltr'><strong>nullus</strong></span> <span class='ocrx_word' id='word_1_795' title='bbox 2406 5448 2522 5506; x_wconf 74' lang='lat' dir='ltr'><strong>dies</strong></span> <span class='ocrx_word' id='word_1_796' title='bbox 2549 5462 2798 5505; x_wconf 87' lang='lat' dir='ltr'><strong>occurrat</strong></span> <span class='ocrx_word' id='word_1_797' title='bbox 2829 5465 2963 5503; x_wconf 82' lang='lat' dir='ltr'><strong>xvm</strong></span> <span class='ocrx_word' id='word_1_798' title='bbox 2989 5458 3114 5501; x_wconf 86' lang='lat' dir='ltr'><strong>ante</strong></span> <span class='ocrx_word' id='word_1_799' title='bbox 3142 5445 3370 5515; x_wconf 73' lang='lat' dir='ltr'><strong>Augusti</strong></span> 
     </span>
    </p>
   </div>
   <div class='ocr_carea' id='block_1_117' title="bbox 1778 5525 3372 5613">
    <p class='ocr_par' dir='ltr' id='par_1_117' title="bbox 1778 5525 3372 5613">
     <span class='ocr_line' id='line_1_117' title="bbox 1778 5525 3372 5613; baseline -0.008 -13"><span class='ocrx_word' id='word_1_800' title='bbox 1778 5544 2080 5608; x_wconf 79' lang='lat' dir='ltr'><strong>Kalendas;</strong></span> <span class='ocrx_word' id='word_1_801' title='bbox 2131 5541 2232 5596; x_wconf 86' lang='lat' dir='ltr'><strong>nisi</strong></span> <span class='ocrx_word' id='word_1_802' title='bbox 2272 5541 2520 5598; x_wconf 71' lang='lat' dir='ltr'><strong>notarius</strong></span> <span class='ocrx_word' id='word_1_803' title='bbox 2547 5525 3071 5613; x_wconf 16' lang='lat' dir='ltr'><strong>appellaverit&#39;xvm</strong></span> <span class='ocrx_word' id='word_1_804' title='bbox 3103 5525 3372 5591; x_wconf 77' lang='lat' dir='ltr'><strong>Kalendas</strong></span> 
     </span>
    </p>
   </div>
   <div class='ocr_carea' id='block_1_118' title="bbox 1778 5621 3369 5708">
    <p class='ocr_par' dir='ltr' id='par_1_118' title="bbox 1778 5621 3369 5708">
     <span class='ocr_line' id='line_1_118' title="bbox 1778 5621 3369 5708; baseline -0.013 -6"><span class='ocrx_word' id='word_1_805' title='bbox 1778 5637 2032 5708; x_wconf 75' lang='lat' dir='ltr'><strong>Augusti.</strong></span> <span class='ocrx_word' id='word_1_806' title='bbox 2083 5634 2228 5688; x_wconf 75' lang='lat' dir='ltr'><strong>dicm</strong></span> <span class='ocrx_word' id='word_1_807' title='bbox 2280 5633 2453 5704; x_wconf 73' lang='lat' dir='ltr'><strong>ipsam</strong></span> <span class='ocrx_word' id='word_1_808' title='bbox 2491 5636 2554 5690; x_wconf 79' lang='grc'><strong>15</strong></span> <span class='ocrx_word' id='word_1_809' title='bbox 2585 5637 2825 5708; x_wconf 86' lang='lat' dir='ltr'><strong>ejusdem</strong></span> <span class='ocrx_word' id='word_1_810' title='bbox 2867 5634 3068 5688; x_wconf 84' lang='lat' dir='ltr'><strong>mensis</strong></span> <span class='ocrx_word' id='word_1_811' title='bbox 3120 5621 3369 5702; x_wconf 67' lang='lat' dir='ltr'><strong>Augusti,</strong></span> 
     </span>
    </p>
   </div>
   <div class='ocr_carea' id='block_1_119' title="bbox 1781 5713 3371 5802">
    <p class='ocr_par' dir='ltr' id='par_1_119' title="bbox 1781 5713 3371 5802">
     <span class='ocr_line' id='line_1_119' title="bbox 1781 5713 3371 5802; baseline -0.005 -20"><span class='ocrx_word' id='word_1_812' title='bbox 1781 5745 1886 5798; x_wconf 91' lang='lat' dir='ltr'><strong>quo</strong></span> <span class='ocrx_word' id='word_1_813' title='bbox 1921 5726 2176 5782; x_wconf 80' lang='lat' dir='ltr'><strong>Kalendae</strong></span> <span class='ocrx_word' id='word_1_814' title='bbox 2228 5727 2284 5783; x_wconf 83' lang='lat' dir='ltr'><strong>in</strong></span> <span class='ocrx_word' id='word_1_815' title='bbox 2335 5729 2596 5800; x_wconf 77' lang='lat' dir='ltr'><strong>Angusto,</strong></span> <span class='ocrx_word' id='word_1_816' title='bbox 2653 5713 2753 5784; x_wconf 82' lang='lat' dir='ltr'><strong>etsi</strong></span> <span class='ocrx_word' id='word_1_817' title='bbox 2805 5745 2834 5782; x_wconf 92' lang='lat' dir='ltr'><strong>a</strong></span> <span class='ocrx_word' id='word_1_818' title='bbox 2881 5725 3132 5794; x_wconf 86' lang='lat' dir='ltr'><strong>sequenti</strong></span> <span class='ocrx_word' id='word_1_819' title='bbox 3187 5737 3371 5802; x_wconf 85' lang='lat' dir='ltr'><strong>mense</strong></span> 
     </span>
    </p>
   </div>
   <div class='ocr_carea' id='block_1_120' title="bbox 1783 5819 3371 5898">
    <p class='ocr_par' dir='ltr' id='par_1_120' title="bbox 1783 5819 3371 5898">
     <span class='ocr_line' id='line_1_120' title="bbox 1783 5819 3371 5898; baseline -0.003 -22"><span class='ocrx_word' id='word_1_820' title='bbox 1783 5821 1938 5893; x_wconf 72' lang='lat' dir='ltr'><strong>vulgo</strong></span> <span class='ocrx_word' id='word_1_821' title='bbox 1965 5823 2230 5892; x_wconf 76' lang='lat' dir='ltr'><strong>dicantur,</strong></span> <span class='ocrx_word' id='word_1_822' title='bbox 2257 5824 2527 5880; x_wconf 78' lang='lat' dir='ltr'><strong>recenseti</strong></span> <span class='ocrx_word' id='word_1_823' title='bbox 2552 5823 2835 5895; x_wconf 89' lang='lat' dir='ltr'><strong>incipiunt,</strong></span> <span class='ocrx_word' id='word_1_824' title='bbox 2865 5819 3017 5891; x_wconf 73' lang='lat' dir='ltr'><strong>cujus</strong></span> <span class='ocrx_word' id='word_1_825' title='bbox 3044 5819 3117 5875; x_wconf 87' lang='lat' dir='ltr'><strong>rei</strong></span> <span class='ocrx_word' id='word_1_826' title='bbox 3144 5819 3371 5898; x_wconf 67' lang='lat' dir='ltr'><strong>fortasse</strong></span> 
     </span>
    </p>
   </div>
  </div>
