3892 6320
463 360 472 368 λ
562 323 668 386 ηδ

1841 336 1901 390 Β.
1943 335 2155 391 URBAl‘

2260 335 2274 390 l
2312 335 2394 392 PA
2405 336 2514 392 ΡίΕ
3676 330 3752 394 iiib

565 445 666 496 alia
696 450 937 514 exempla
971 448 1197 518 proferri
1222 425 1458 520 possunt:
1493 449 1546 502 ld
1576 464 1706 502 sane
1728 448 2014 504 dicendum
2037 461 2141 514 est,
2173 455 2218 510 Α
2249 451 2388 520 apud
2421 448 2646 504 Pedium
2691 465 2977 504 convocare
3024 449 3349 519 disposuerat
3377 487 3392 512 ,
3443 447 3528 502 scd
3562 456 3758 529 cum,utiv

565 537 608 588 si
647 551 828 590 verum
863 538 940 592 sit
999 540 1257 610 majorem
1300 539 1562 596 Valentia:
1588 541 1734 596 urbis
1775 539 2054 596 basilicam
2080 541 2147 594 ab

571 625 812 691 Urbano,
844 644 966 682 cum
1006 629 1073 683 ad
1113 629 1403 685 concilium
1450 631 1927 688 Claromontanum
1955 645 2152 699 prope-

571 729 735 785 raret,
764 719 925 774 Nonis
950 721 1178 792 Augusti
1201 722 1508 776 dedicatam
1542 722 1739 788 fuisse;
1772 719 1915 790 quod
1937 720 2151 790 quidem

569 829 752 868 verum
781 830 900 869 esse
942 815 1108 870 certis
1135 799 1476 885 ar'gumcntis
1507 825 1755 872 constare
1783 820 2015 874 videtur.

643 904 825 958 Primo
857 905 1189 960 €lll‘0lllCUlll
1225 915 1380 960 vetus
1426 908 1800 978 episcoporum
1835 909 2151 964 Valentino-

569 1013 687 1050 rum
719 997 797 1051 sic
829 998 893 1052 tle
913 997 1195 1053 Guntardo
1216 999 1469 1067 episcopo
1500 999 1694 1054 habet:
1720 1001 1797 1054 Eo
1823 1003 2150 1070 prwsidente,

568 1087 716 1140 bome
761 1089 1026 1142 memoria:
1075 1087 1321 1143 Urbanus
1349 1089 1412 1142 11
1461 1090 1696 1160 pontifex
1745 1091 2010 1146 Romanus
2051 1092 2156 1145 Ec-

569 1179 847 1234 clesiarnm
903 1180 1099 1234 Christi
1143 1199 1325 1236 curam
1387 1199 1588 1253 gerens,
1647 1184 1773 1236 dum
1800 1185 1868 1237 ad
1917 1185 2154 1254 generale

568 1267 844 1320 concilium
902 1269 996 1322 iret
1029 1267 1410 1325 Claromontem
1441 1289 1533 1341 per
1575 1274 1710 1327 hanc
1750 1274 1928 1326 urbem
1956 1273 2151 1345 iterfa-

570 1360 734 1424 ciens,
770 1371 872 1415 ctc.
915 1362 1146 1432 ldipsum
1178 1365 1380 1419 diserte
1418 1374 1649 1420 testatur
1686 1364 1836 1431 llugo
1870 1365 2156 1420 Gratiano-

570 1449 842 1517 pol‘tanus
887 1453 1188 1521 cpiscopus,
1221 1453 1271 1506 in
1320 1469 1461 1524 smpc
1505 1454 1716 1507 laudato
1749 1453 1948 1520 libello,
1995 1468 2153 1522 quem

569 1544 841 1613 integrum
875 1545 925 1598 in
970 1544 1280 1615 Appendice
1326 1544 1644 1601 referemus.
1673 1547 1827 1613 Quod
1880 1562 2006 1601 vero
2039 1547 2155 1601 haec

568 1632 795 1687 ecclesia
826 1633 992 1689 Nonis
1041 1637 1170 1706 ipsis
1196 1638 1423 1708 Augusti
1451 1637 1696 1692 dedicata
1730 1637 1916 1704 fuerit,
1961 1639 2156 1707 probat

568 1725 943 1780 anniversaria
967 1727 1082 1795 ejus
1107 1728 1446 1796 solemnitas,
1479 1730 1581 1784 hoc
1622 1730 1736 1800 ipso
1763 1730 1846 1785 die
1868 1730 1921 1784 in
1944 1739 2154 1785 vetusto

2253 543 2525 612 conjicere
2576 552 2678 606 est,
2731 540 2969 596 nondum
3007 557 3094 596 res
3123 550 3306 596 essent
3333 541 3755 612 dispositre,ipsam.

2255 632 2493 698 tandem,
2516 648 2638 686 cum
2681 631 2857 686 Anicii
2883 641 3048 696 esset,
3073 633 3209 701 apud
3241 631 3660 686 Clarummontem
3678 634 3750 687 Ar-

2254 739 2542 778 vernorum
2576 723 2856 778 civitatem
2902 723 3284 778 celebrandam
3315 722 3520 776 indixit.
3545 721 3676 777 Certe
3695 723 3754 776 lit-

2256 826 2382 870 term
2421 816 2617 887 quibus
2651 815 3003 871 Lambertum
3039 816 3451 870 Atrebatensem
3488 815 3687 884 pontifex
3709 819 3758 870 ad

2254 911 2356 964 hoc
2381 908 2667 964 concilium
2694 909 2966 974 invitavit,
2994 907 3192 971 Anicii,
3221 915 3280 961 ut
3327 921 3449 960 mox
3491 905 3758 970 dicebamus,

2253 1002 2392 1056 data:
2431 1011 2586 1067 sunt;
2624 1010 2679 1056 et
2726 1001 3010 1056 Bertoldus
3059 1001 3128 1056 de
3173 999 3390 1055 Urbano
3437 998 3636 1068 loquens
3659 1001 3754 1069 apud

2255 1093 2478 1148 Pedium
2502 1102 2774 1158 versante,
2792 1091 3072 1162 synodum,
3089 1091 3286 1160 inquit,
3310 1090 3378 1143 ad
3405 1088 3756 1143 Montemclanun

2254 1185 2308 1238 in
2335 1194 2570 1238 octavam
2596 1184 2781 1240 Sancti
2814 1183 3033 1238 Martini
3063 1181 3349 1253 apostolica
3373 1183 3652 1235 auctoritate
3675 1199 3757 1234 cou-

2255 1278 2411 1342 dixit,
2440 1279 2507 1330 ad
2534 1293 2692 1347 quam
2737 1277 3063 1330 diversarum
3114 1274 3502 1344 provinciarum
3540 1272 3758 1340 epismpos,

2255 1368 2428 1422 missis
2470 1367 2678 1430 litteris,
2707 1368 2959 1420 canonica
2987 1366 3261 1419 vocatione
3284 1364 3534 1417 invitavit.
3558 1360 3649 1416 Has
3669 1362 3760 1415 litte-

2257 1474 2346 1513 ras
2375 1459 2441 1513 ad
2483 1457 2928 1526 metropolitanos
2959 1457 3193 1525 scriptas
3243 1455 3437 1519 fuisse,
3481 1462 3536 1507 ut
3571 1453 3655 1522 ipsi
3691 1468 3761 1505 non

2257 1548 2428 1603 solum
2457 1546 2828 1618 suﬁ‘ragaucos
2867 1562 2995 1602 suos
3023 1547 3310 1616 episcopos
3339 1553 3431 1598 aut
3456 1543 3670 1605 abbates,
3699 1542 3763 1595 sed

2258 1640 2423 1694 etiam
2447 1638 2582 1692 alios
2601 1637 2968 1693 Ecclesiarum
2991 1637 3332 1708 praepositos,
3350 1634 3456 1688 imo
3481 1642 3531 1688 et
3545 1631 3765 1688 maculans

2257 1729 2530 1800 principes
2576 1730 2642 1783 ad
2671 1728 2960 1784 concilium
2989 1727 3261 1798 pontiﬁcis
3314 1725 3526 1781 nomine
3560 1737 3761 1778 convoca-

570 1813 1098 1884 Missaliassignata;
1154 1819 1263 1874 imo
1305 1835 1425 1888 quae
1473 1821 1638 1875 etiam
1669 1837 1811 1877 nunc
1864 1823 2156 1891 quotannis
2189 1803 2232 1858 Β
2260 1830 2400 1886 rent,
2451 1821 2708 1876 discimus
2745 1836 2810 1876 ex
2864 1819 3092 1892 epistola
3143 1817 3415 1890 Raynoldi
3442 1815 3763 1885 archiepiscopi

565 1904 755 1959 eadem
786 1905 872 1960 die
904 1907 1164 1964 Valentia:
1194 1910 1521 1966 celebratur.
1551 1912 1646 1966 His
1674 1913 1928 1968 omnibus
1957 1913 2154 1969 suifra-

569 2005 725 2067 gatur
755 2006 907 2053 vetus
936 2002 1236 2073 inscriptio,
1283 2003 1480 2060 litteris
1531 2003 1840 2059 uncialibus
1868 2005 2034 2076 lapidi
2069 2007 2153 2061 in-

566 2092 796 2161 sculpta,
845 2103 901 2147 ct
950 2094 1042 2147 uni
1086 2110 1152 2148 ex
1183 2096 1424 2166 ejusdem
1472 2096 1716 2151 ecclesia:
1748 2095 1934 2165 januis
1975 2098 2152 2163 allixa,

569 2197 690 2253 quae
729 2181 1166 2238 Calvinianorum
1197 2184 1459 2252 furorem,
1489 2187 1738 2257 quamvis
1769 2186 2014 2244 nonnihil
2037 2191 2155 2246 vio-

569 2274 701 2340 lata,
757 2291 881 2331 cum
928 2277 1070 2332 hanc
1121 2277 1408 2333 ecclesiam
1474 2278 1676 2336 saeculo
1718 2294 1826 2334 xvr
1857 2278 2154 2339 diruerent.

573 2367 768 2423 evasit.
799 2369 892 2427 Sic
910 2385 1040 2426 vero
1069 2369 1234 2424 habet
1263 2387 1277 2423 :

711 2458 862 2516 Aauo
900 2477 964 2516 an
1002 2460 1393 2514 INCABNATIONE
1424 2460 1622 2516 Donum
1659 2477 1946 2519 ultu-:smo

716 2545 1049 2600 possessum
1083 2569 1097 2583 .
1134 2569 1149 2583 .
1181 2568 1198 2583 .
1233 2569 1246 2581 .
1288 2529 1468 2584 Nonas
1495 2533 1776 2600 AUGUSTI,

710 2599 962 2656 Unaanus
999 2615 1128 2655 pars
1164 2615 1431 2656 sacuaous
1469 2619 1574 2657 cuu
1603 2599 1871 2659 nuonccm

709 2685 974 2726 EPISCOPIS
1005 2687 1058 2725 IN
1085 2686 1293 2725 BONORE
1331 2686 1520 2726 BEAT/E
1563 2672 1756 2729 MANE
1783 2690 2017 2732 VIRGINIS

708 2755 778 2794 ετ
806 2756 1123 2797 sucronem
1149 2757 1440 2796 unum:
1468 2744 1727 2799 Coenam
1769 2761 1838 2800 ET

711 2809 971 2866 Cvrnum
1001 2828 1137 2867 ωηο
1168 2827 1459 2867 eccuzsuu
1489 2830 1797 2870 DEDICM’IT.

567 2895 798 2962 Quinam
848 2909 1028 2955 autem
1078 2890 1230 2956 fuere
1277 2902 1562 2959 duodecim
1614 2905 1690 2960 illi
1747 2907 2012 2978 episcopi,
2065 2924 2156 2980 qui

568 2989 694 3044 huic
717 2991 1018 3047 celebritati
1046 3009 1169 3048 eum
1197 2992 1421 3051 Urbano
1449 2995 1744 3054 interfuere
1770 3000 2016 3057 divinare
2049 3018 2156 3058 non

569 3082 726 3148 licet;
758 3090 817 3138 at
855 3098 922 3138 ex
953 3084 1195 3156 Hugonis
1223 3087 1404 3143 libello
1429 3087 1690 3146 discimus
1717 3091 2015 3149 Guidonem
2070 3109 2160 3149 ar-

567 3173 975 3244 chiepiscopum
1028 3175 1387 3233 Viennensem
1441 3182 1686 3247 pontiﬁci
1729 3183 2031 3240 Valentiam
2085 3187 2154 3241 ad
2185 3165 2226 3221 Ο
2262 3199 2346 3246 set
2394 3165 2773 3245 utconcilium
2807 3186 2978 3259 possit
3005 3187 3146 3241 intra
3172 3201 3381 3257 paucos
3411 3185 3520 3240 dies
3551 3170 3765 3236 celebrari.
3854 3241 3855 3256 χ

569 3266 919 3321 dedicandam
955 3267 1211 3340 majorem
1242 3268 1357 3338 ejus
1386 3273 1536 3327 urbis
1559 3273 1844 3330 ecclesiam
1877 3277 2155 3333 accedenti

567 3353 891 3423 occurrisse,
925 3355 1106 3426 ibique
1135 3358 1446 3429 pontiﬁcem
1494 3360 1544 3414 ei
1591 3363 1730 3417 diem
1758 3364 1962 3421 dixisse
2013 3368 2153 3437 apud

577 3443 875 3510 Romanos,
908 3445 1000 3502 ubi
1035 3447 1250 3504 volebat
1290 3449 1439 3506 litem
1463 3451 1531 3506 de
1571 3452 1956 3511 Salmoricensi
1996 3472 2152 3528 pago,

565 3553 685 3607 qua:
708 3535 1028 3606 jamdudum
1060 3541 1200 3596 inter
1229 3541 1404 3613 ipsum
1447 3553 1501 3598 et
1535 3543 1819 3615 Hugonem
1866 3545 2156 3606 Gratiano-

567 3628 868 3698 politanum
917 3631 1228 3702 epiSCOpllm
1271 3634 1603 3700 vertebatur,
1656 3638 1880 3694 omnino
1910 3640 2156 3698 deﬁnire.

573 3719 957 3791 Adfuitllugo,
988 3731 1047 3776 ut
1075 3723 1192 3793 ipse
1217 3725 1283 3779 de
1300 3719 1357 3779 se
1379 3725 1636 3797 loquitur,
1665 3729 1752 3785 die
1773 3730 2022 3788 condicta
2055 3752 2067 3788 :
2103 3744 2159 3789 at

567 3808 764 3876 Guido,
789 3811 931 3867 haud
955 3812 1175 3868 dubium
1193 3815 1336 3885 quod
1359 3831 1536 3872 causae
1559 3835 1670 3874 suae
1690 3821 1978 3888 diﬁideret,
2000 3840 2160 3881 occu-

570 3907 695 3970 pata
724 3901 823 3956 loci
853 3902 1574 3972 Rotmanensismunitione,
1599 3913 1963 3968 comminatus
1995 3925 2078 3970 est
2103 3932 2162 3972 se

579 4005 776 4060 papam
815 3992 885 4046 ibi
928 4001 1289 4059 retenturum,
1314 3996 1358 4050 si
1396 4006 1584 4053 contra
1631 3999 1804 4070 ipsum
1837 4005 2160 4060 sententiam

582 4083 784 4148 ferret;
813 4099 988 4154 quare
1011 4085 1276 4156 pontifex,
1300 4096 1359 4141 ut
1388 4090 1709 4149 mitissimus
1735 4103 1876 4160 erat,
1897 4093 2160 4164 judicium

568 4176 729 4242 hujus
757 4177 868 4233 litis
894 4177 959 4232 ad
987 4176 1227 4234 futuram
1275 4182 1541 4253 synodum
1571 4189 1888 4242 reservavit.
1924 4189 2007 4243 An
2033 4204 2162 4246 vero

573 4267 910 4324 Botmanuos
942 4278 1070 4327 tunc
1118 4271 1337 4340 adierit,
1372 4290 1479 4330 non
1530 4277 1668 4333 adeo
1693 4289 1900 4335 certum
1946 4292 2060 4348 est;
2108 4283 2161 4339 id

573 4369 758 4414 tamen
788 4362 1014 4419 innuere
1051 4362 1267 4420 videtur
1309 4365 1484 4437 Hugo.
1527 4369 1620 4426 sed
1660 4371 1915 4427 observat
1946 4375 2163 4444 pontiﬁ-

573 4468 695 4508 cem
747 4453 850 4509 liac
873 4456 1160 4513 occasione
1200 4475 1296 4513 suo
1315 4460 1464 4530 jure,
1511 4463 1720 4518 abbatia
1757 4466 1993 4522 videlicet
2029 4468 2160 4524 Rot-

572 4636 919 4703 exspoliatum
941 4639 1122 4707 fuisse.

571 4729 727 4786 CXC.
759 4729 933 4786 Anicii
971 4734 1158 4788 indicit
1193 4736 1474 4791 concilium
1517 4739 1658 4808 apud
1693 4737 2155 4797 Clarummontem.

652 4821 734 4876 Ex
760 4823 847 4878 his
876 4833 1028 4893 patet
1057 4824 1340 4882 Urbanum
1380 4839 1502 4900 post
1528 4831 1829 4888 dedicatam
1861 4833 2016 4888 initio
2045 4834 2158 4888 Au-

573 4914 714 4984 gusti
752 4915 1090 4974 Valentinum
1139 4921 1451 4989 ecclesiam,
1495 4923 1610 4978 sive
1656 4939 1751 4994 per
1790 4927 2159 4982 Rotmanense

573 5003 851 5074 oppidum,
881 5009 996 5064 sive
1022 5010 1125 5065 alia
1148 5013 1390 5082 qualibet
1420 5013 1530 5076 via,
1563 5017 1724 5085 paulo
1765 5028 1892 5074 ante
1922 5019 2156 5074 medium

571 5093 812 5161 ejusdem
839 5101 1044 5156 mensis
1065 5102 1289 5174 Augusti
1310 5104 1561 5161 Anicium
1584 5108 1888 5176 advenisse,
1913 5110 2003 5164 ubi
2030 5125 2156 5165 con~

571 5182 758 5239 cilium
802 5190 942 5256 quod
987 5203 1173 5260 postea
1217 5196 1358 5265 apud
1403 5196 1864 5254 Clarummontem
1913 5199 2155 5255 habitum

566 5282 670 5340 est,
705 5278 986 5337 celebrare
1014 5285 1390 5342 constituerat.
1441 5288 1498 5343 Id
1541 5289 1792 5345 ultimum
1825 5291 2027 5348 diserte
2061 5294 2158 5350 ha-

566 5369 699 5426 bent
732 5380 982 5428 auctores
1036 5375 1202 5430 etiam
1245 5378 1502 5448 aequales.
1559 5379 1866 5437 Transactis
1913 5383 2156 5454 Alpibus,

566 5463 744 5535 inquit
770 5463 1024 5522 Albertus
1071 5466 1342 5539 Aquensis
1372 5472 1512 5528 libro
1544 5489 1562 5527 ι
1594 5473 1844 5530 Historiae
1874 5474 2153 5550 Jerosoly-

566 5555 804 5620 mitante,
851 5568 1159 5613 conventum
1192 5561 1351 5616 totius
1402 5563 1743 5618 occidentalis
1797 5562 2068 5632 Franciaz,
2107 5575 2156 5621 et

567 5647 848 5702 concilium
877 5651 1018 5718 apud
1051 5650 1277 5704 Pedium
1300 5653 1556 5707 civitatem
1583 5653 1795 5710 Sancta:
1821 5654 2014 5712 Maria:
2040 5656 2157 5727 ﬁeri

567 5740 813 5795 decreuit.
848 5739 1000 5797 Hanc
1025 5745 1392 5813 synodum,'si
1414 5744 1684 5802 Willelmo
1713 5747 1940 5818 Tyrensi
1977 5749 2158 5804 archi-

568 5830 818 5903 episcopo
836 5834 1385 5907 credamusmrimum
1418 5839 1558 5908 apud
1602 5837 1936 5912 Vigiliarum,
1969 5841 2153 5897 deinde

2257 1916 2542 1970 llemensis
2587 1915 2653 1968 ad
2706 1914 3054 1969 Lambertum
3105 1911 3518 1967 Atrebatensem
3561 1921 3615 1961 ea
3648 1920 3762 1960 occa-

2257 2007 2406 2061 sione
2437 2004 2585 2059 data.
2614 2004 2681 2058 Et
2712 2003 2932 2073 quidem
2955 2016 3136 2076 operte
3163 1999 3400 2070 pretium
3423 2003 3535 2051 erat
3581 1993 3764 2048 utetiam

2258 2095 2532 2167 principes
2561 2097 2626 2149 ad
2665 2093 2956 2152 concilium
2987 2093 3261 2156 venirent,
3303 2105 3426 2144 cum
3467 2087 3532 2141 ob
3570 2086 3614 2139 id
3649 2084 3764 2154 petis

2259 2189 2454 2242 simqu
2505 2185 2770 2240 celebrari
2810 2186 3034 2240 deberet
3080 2191 3139 2237 ut
3175 2181 3452 2251 expeditio
3495 2177 3663 2233 bellica
3704 2173 3765 2226 ad-

2258 2292 2450 2333 versus
2477 2276 2719 2331 infideles
2745 2275 3148 2338 decerneretur,
3179 2288 3303 2344 quae
3325 2285 3420 2327 eos
3451 2266 3657 2323 maxime
3677 2278 3760 2334 spe-

2259 2368 2464 2424 ctabat.
2495 2366 2620 2421 Hiec
2654 2365 2922 2437 Raynoldi
2954 2361 3361 2434 metropolitani
3400 2357 3630 2431 epistola,
3667 2351 3762 2424 quod

2259 2459 2533 2532 encyclica
2562 2458 2769 2515 Urbani
2802 2457 3045 2528 perierit,
3073 2456 3295 2512 dabitur
3333 2453 3474 2508 inter
3506 2450 3609 2521 ejus
3633 2445 3762 2518 ponti-

2260 2553 2378 2607 ﬁcis
2423 2551 2655 2618 litteras,
2707 2566 2872 2621 quam
2923 2557 3181 2620 sequetur
3228 2547 3406 2602 altera
3447 2543 3553 2613 jam
3587 2538 3766 2608 superius

2261 2641 2502 2706 laudata,
2531 2656 2696 2711 quam
2742 2639 2984 2710 pontifex
3031 2638 3098 2692 ad
3123 2637 3475 2692 Lambertum
3503 2627 3701 2700 scripsit,
3729 2634 3765 2676 ut

2260 2739 2483 2802 paratus
2517 2729 2587 2784 sit
2616 2728 2869 2784 Ecclesia:
2909 2743 3021 2783 suae
3047 2737 3270 2782 causam
3298 2725 3550 2779 adversus
3579 2719 3765 2774 Camera-

2261 2838 2460 2878 ccnses
2479 2822 2535 2876 in
2560 2821 2791 2877 concilio
2822 2836 2947 2876 mox
2981 2820 3162 2874 futuro
3188 2830 3548 2889 propugnare.

2296 2934 2474 2990 CXCI.
2523 2933 2715 2988 Varias
2739 2934 2972 3006 regiones
3021 2940 3269 3002 peragrat
3302 2926 3559 2982 Urbanus.
3596 2919 3748 2976 Festive

2796 3005 2986 3074 ubique
3011 3013 3306 3072 susceptus.

2333 3096 2467 3153 Cum
2494 3096 2678 3168 itaque
2701 3094 2943 3167 pontifex
2960 3109 3048 3149 res
3063 3108 3171 3149 non
3198 3093 3276 3148 ita
3300 3090 3581 3164 dispositas
3604 3079 3766 3141 invenis

2261 3279 2437 3335 varias
2461 3279 2621 3334 urbes
2656 3293 2720 3332 ac
2740 3277 3048 3347 provincias
3077 3276 3354 3331 interdum
3383 3274 3601 3330 invisere
3625 3259 3766 3321 consli-

2265 3371 2388 3434 tuit,
2421 3371 2473 3424 in
2503 3369 2699 3442 quibus
2722 3367 2981 3424 ecclesias
3004 3367 3312 3434 dedicaret,
3344 3374 3436 3422 aut
3463 3359 3669 3433 negotia.
3691 3363 3768 3421 ιιυε
3854 3359 3855 3400 ³

2256 3461 2573 3532 jamdudum
2605 3459 2840 3515 excitata
2865 3458 3146 3513 terminari
3173 3474 3283 3514 non
3317 3462 3606 3529 potuerant,
3639 3457 3767 3503 coram

2262 3551 2467 3620 positus
2499 3547 2706 3605 facilius
2743 3557 3115 3620 componeret,
3174 3551 3319 3620 quod
3370 3551 3438 3605 ab
3483 3547 3590 3616 ipso
3629 3540 3768 3594 factum

2264 3642 2430 3696 fuisse
2459 3641 2718 3696 discimus
2753 3657 2820 3698 ex
2851 3641 3020 3697 variis
3053 3643 3261 3712 passim
3299 3636 3648 3696 instrumentis
3678 3626 3770 3685 anti-

2265 3733 2388 3804 quis
2413 3742 2468 3789 et
2511 3733 2804 3804 pontiﬁciis
2854 3733 3260 3803 diplomatibus.
3312 3733 3503 3788 Mirum
3527 3723 3771 3814 autemel

2266 3839 2469 3900 quanto
2495 3829 2662 3882 animi
2698 3826 2918 3896 affectu,
2944 3835 3216 3898 quantave
3253 3824 3553 3885 reverentia
3593 3810 3769 3890 pontifex
3854 3811 3855 3846 ὲ

2267 3919 2466 3988 ubique
2507 3927 2755 3988 receptus
2802 3918 2981 3985 fuerit,
3021 3934 3121 3990 pro
3169 3919 3361 3974 innata
3413 3919 3467 3973 in
3511 3913 3770 3986 Francorum
3854 3981 3855 3984 η

2267 4011 2539 4066 mentibus
2571 4023 2699 4080 erga
2741 4009 2924 4065 sedem
2953 4009 3310 4081 apostolicam
3339 4019 3394 4066 et
3433 4006 3541 4076 ejus
3566 3995 3772 4081 antistites
3854 4015 3855 4070 ᾖ

2267 4099 2477 4155 sincera
2505 4079 2810 4165 devotione,
2858 4079 3001 4170 quasi
3032 4115 3099 4155 eo
3140 4100 3317 4172 major
3363 4111 3489 4156 tunc
3535 4094 3642 4156 luit,
3674 4079 3769 4154 QUOJ
3854 4109 3855 4128 λ

2267 4194 2509 4264 pontifex
2537 4208 2600 4248 ex
2634 4194 2750 4265 ipsa
2778 4193 3056 4250 Francica:
3093 4195 3270 4264 gentis
3307 4191 3575 4249 nobilitate
3595 4187 3770 4240 exortus

2269 4286 2563 4340 sanctitate
2599 4301 2664 4340 ac
2699 4286 2897 4341 virtute
2925 4295 2982 4340 et
3011 4286 3259 4341 doctrina
3312 4281 3534 4341 celebris
3567 4281 3701 4333 esset,
3737 4273 3771 4317 ει
3854 4273 3855 4310 1

2268 4377 2546 4448 praeclaris
2576 4378 2770 4433 animae
2822 4393 2887 4433 ac
2916 4378 3162 4448 corporis
3206 4379 3422 4434 dotibus
3454 4373 3604 4447 probe
3630 4367 3772 4422 instru-

2271 4477 2411 4523 ctus.
2442 4467 2607 4523 Addit
2640 4467 2936 4525 Cuibertus
2959 4469 3119 4523 aliam
3150 4476 3319 4524 tantae
3355 4465 3543 4522 laetitiae
3563 4462 3765 4516 causam:
3854 4463 3855 4525 ί

580 4545 842 4611 manensi,
873 4561 994 4617 quae
1041 4549 1109 4603 ad
1156 4548 1458 4606 Romanam
1505 4553 1805 4610 Ecclesiam
1855 4558 2161 4614 pertinebat
2195 4539 2238 4594 Ῑ)
2265 4559 2440 4629 Papa,
2478 4559 2674 4629 inquit,
2723 4561 2868 4631 regni
2904 4560 3068 4615 nostri
3095 4551 3773 4643 ﬁnesingredienslanlalrf
3854 4565 3855 4643 ᾖ

1425 4637 1428 4640 ῃ
2264 4651 2784 4722 bium,oppidorum,
2815 4650 3163 4722 villarumque
3195 4650 3381 4706 laetitia
3429 4657 3474 4704 et
3502 4637 3770 4728 concursiottt
3854 4637 3855 4708 ξ

2262 4743 2553 4814 exeipit”.
2603 4752 2801 4814 quanto
2843 4744 3078 4798 omnium
3113 4743 3202 4814 qui
3259 4732 3770 4816 adviveremmemont‘
3854 4765 3855 4776 ς

2262 4812 2650 4906 incompertum
2679 4834 2850 4902 fuerat
2899 4835 3039 4905 quod
3067 4812 3353 4906 aliquando
3380 4827 3650 4903 apostolica
3679 4812 3773 4871 sedis
3854 4851 3855 4854 η

2262 4929 2476 4981 antistes
2507 4925 2561 4980 in
2609 4926 2852 4996 regiones
2913 4927 3009 4981 has
3066 4927 3267 4981 venisse
3335 4925 3596 4980 uideretur.
3636 4907 3772 4996 Nullus

2262 5019 2458 5088 quippe
2483 4991 2730 5088 pontifex
2765 5033 2796 5072 a
2835 5017 3031 5074 Leonis
3069 5016 3143 5072 lX
3184 5028 3425 5088 tempore
3461 5013 3511 5068 in
3536 5004 3702 5065 Gallias
3728 4991 3772 5047 ad

2263 5109 2468 5164 Urbani
2502 5118 2744 5178 tempora
2777 5109 2991 5164 venisse
3017 5117 3373 5165 memoratur.

2260 5219 2464 5276 CXCII.
2504 5219 2800 5296 Ecclesiapt
2834 5221 2985 5296 Casa:
3017 5222 3119 5296 Dei
3159 5221 3386 5296 dedicat.
3416 5207 3667 5296 Pririlegia
3688 5211 3772 5254 τοῖν

2542 5291 2700 5346 cedit.
2735 5291 2867 5346 Item
2899 5291 3203 5346 Blasiliensi
3231 5291 3549 5362 parthenoni.

2337 5383 2591 5440 Urbanus
2616 5384 2800 5453 itaque
2826 5382 3019 5438 Anicio
3041 5397 3313 5453 egressus,
3358 5379 3578 5450 primum
3617 5367 3660 5420 in
3685 5369 3767 5413 m0-

2259 5474 2556 5529 nasterium
2587 5473 2737 5529 Casa:
2768 5473 2864 5528 Dei
2891 5473 3183 5530 divertisse
3205 5474 3429 5535 videtur,
3447 5465 3526 5521 ubi
3548 5459 3604 5516 ad
3630 5458 3766 5526 prem

2260 5566 2440 5622 Ponlii
2476 5565 2594 5635 ejus
2621 5565 2726 5621 loci
2755 5567 2969 5622 abbatis
2999 5565 3292 5622 ecclesiam
3321 5580 3351 5618 a
3379 5567 3551 5619 sancto
3589 5544 3767 5605 Roberlo

2258 5659 2435 5729 primo
2461 5659 2778 5714 monasterii
2809 5660 3006 5715 abbate
3049 5667 3106 5714 et
3138 5660 3411 5714 conditore
3438 5653 3685 5716 incoeptam
3731 5635 3766 5681 εί

2259 5749 2327 5804 ab
2357 5751 2474 5820 ipso
2501 5749 2697 5805 Pontio
2725 5758 2856 5805 tunc.
2889 5751 3218 5820 absolutam,
3245 5751 3297 5808 in
3328 5749 3566 5804 honorem
3588 5734 3753 5820 sancit?"

2260 5813 2390 5897 rum'
2419 5843 2609 5900 Vitatis
2641 5851 2695 5901 et
2720 5843 2986 5914 Agricola:
3023 5813 3320 5919 martyrum
3354 5813 3763 5912 solemniterdcdi-
