3892 6320
617 349 719 405 159

1947 358 2004 412 Β.
2045 358 2202 414 URBI

2333 360 2371 415 Il
2400 361 2480 417 PA
2492 363 2598 419 ΡᾸΕ
3729 391 3792 447 ιω

619 470 906 516 concessu.
961 462 1038 516 Eo
1090 464 1382 536 diplomate
1439 466 1682 532 pontifex
1743 465 1957 523 Odiloni
2011 470 2192 575 abbati
2227 477 2270 532 Α
2301 471 2602 542 depositum
2629 480 2707 536 eis
2739 482 2979 540 tradidit.
3009 484 3360 545 Postmoaum
3399 491 3622 554 fervente
3643 506 3793 575 morbo,

619 553 845 624 rijusque
877 555 1154 610 monachis
1189 556 1462 613 abbatiam
1507 559 1695 614 Sancti
1723 559 1942 616 Eusebii
1978 570 2032 615 et
2063 561 2197 618 alias

621 644 988 714 possessiones
1007 645 1310 710 conﬁrmat,
1333 647 1556 717 Vultqne
1581 663 1673 704 eos
1692 649 1792 704 sub
1805 651 2026 719 speciali
2053 651 2199 706 sedis

619 729 924 797 apostolicae
973 731 1200 788 tuitioue
1256 733 1464 800 haberi,
1521 750 1587 790 ac
1641 747 1893 807 tanquam
1947 737 2083 793 oculi
2113 738 2198 794 sui

617 819 869 890 pupilt'am
897 823 1167 876 custodiri.

653 909 900 966 CXCVII.
943 912 1486 986 Tricastri‘privilegia
1507 916 1596 971 dat
1630 919 1895 973 canonicis
1925 918 1986 976 S.
2019 919 2160 989 Ruﬁ.

689 1004 942 1074 Ejusdem
973 1007 1172 1065 mensis
1203 1008 1288 1063 die
1320 1009 1386 1063 l9
1412 1009 1652 1078 pontifex
1685 1012 1826 1080 apud
1863 1012 2202 1068 Tricastrem-

620 1105 733 1147 sem
779 1094 965 1151 Sancti
1006 1095 1156 1150 Pauli
1189 1097 1377 1154 urbem
1425 1099 1778 1170 Dalphinatus
1824 1101 2025 1157 bullam
2053 1104 2201 1159 dedit

620 1181 673 1234 in
704 1183 935 1251 gratiam
980 1183 1209 1249 Alberzi,
1236 1195 1331 1241 seu
1378 1188 1558 1251 potius
1598 1188 1817 1245 Arberti
1860 1189 2091 1259 abbatis,
2144 1199 2201 1246 et

619 1273 1008 1329 canonicornm
1037 1277 1096 1330 S.
1151 1276 1297 1342 Ituﬁ,
1337 1288 1566 1348 quorum
1613 1283 2024 1349 monasterium,
2071 1298 2199 1338 con-

620 1365 952 1433 gregationis
1005 1368 1339 1437 cognominis
1389 1377 1571 1438 caput.
1625 1378 1752 1426 tunc
1800 1386 1968 1443 prope
2019 1388 2199 1429 muros

620 1457 1026 1513 Avenionenses
1068 1459 1466 1528 situmppostea
1511 1462 1582 1518 ob
1618 1462 1988 1531 Albigensium
2019 1463 2199 1520 clades

623 1546 674 1599 in
706 1549 1019 1603 suburbituu
1049 1550 1328 1616 Valentius,
1374 1567 1438 1606 ac
1482 1553 1695 1608 tandem
1743 1555 1796 1608 in
1840 1569 1959 1609 eam
2007 1555 2199 1610 urbem

621 1639 818 1694 saeculo
845 1657 930 1696 χιιι
965 1642 1283 1698 translatum
1315 1652 1419 1698 est.
1444 1644 1503 1698 In
1531 1660 1597 1699 eo
1634 1645 1923 1715 diplomate
1949 1645 2201 1702 Urbanus

620 1728 890 1786 Ecclesias
937 1730 1139 1788 Sancto
1187 1733 1326 1790 Rufo
1361 1734 1632 1804 subiectas
1681 1745 1947 1803 recenset,
2003 1749 2200 1806 eosque

619 1839 740 1876 cum
769 1823 888 1878 aliis
937 1825 1053 1892 ejus
1082 1828 1516 1897 possessionibus
1545 1830 1854 1894 conﬁrmat,
1885 1830 2032 1885 salva
2060 1831 2201 1884 Ave-
2233 1821 2275 1875 Β

617 1915 896 1971 nionensis
926 1919 1160 1987 episcopi
1199 1920 1459 1975 canonica
1504 1923 1828 1979 reverentia.
1870 1923 2028 1977 Aliud
2070 1922 2198 1976 item

616 2004 820 2060 Urbani
865 2010 1185 2079 rescriptum
1217 2012 1282 2064 ad
1311 2011 1589 2066 Albertnm
1628 2013 1792 2067 etiam
1835 2012 2022 2069 Sancti
2072 2012 2196 2067 Ituﬁ

615 2097 884 2162 abbatem,
905 2101 994 2153 sed
1013 2102 1129 2155 sine
1153 2101 1256 2156 ulla
1282 2103 1536 2173 temporis
1555 2113 1680 2158 nota
1697 2105 1896 2160 excod.
1917 2121 2018 2161 ms.
2035 2105 2204 2159 habe-

619 2188 816 2252 mtts,lu
833 2205 937 2258 quo
950 2193 1204 2260 prmclara
1221 2194 1486 2249 habentur
1501 2195 1775 2250 canonica:
1789 2196 1911 2250 vita:
1923 2196 2119 2264 elogia,
2136 2210 2202 2250 ea

616 2278 834 2333 omnino
851 2297 967 2349 qua:
981 2283 1033 2336 in
1049 2285 1168 2338 aliis
1182 2283 1246 2338 ad
1261 2284 1394 2339 alios
1413 2286 1702 2340 canonicos
1717 2286 1991 2357 regulares
2005 2287 2205 2356 episto-

617 2368 681 2423 lis
697 2379 748 2423 et
766 2371 924 2428 bullis
940 2371 1136 2444 passim
1155 2377 1449 2442 habentur;
1477 2378 1570 2432 sed
1597 2379 2002 2434 Sammartbani
2059 2389 2202 2434 to'mo

620 2463 685 2516 IV
708 2464 894 2521 Gallim
911 2467 1256 2536 Christianm,
1281 2471 1332 2525 in
1360 2472 1601 2542 catalogo
1626 2472 1881 2526 abbatum
1901 2469 2203 2530 sanctiRuﬂ

616 2559 905 2613 Arberium
930 2570 983 2614 et
1009 2550 1382 2628 Adelbertum,
1414 2580 1476 2618 ac
1508 2564 1552 2619 si
1594 2565 1700 2619 duo
1742 2565 1940 2620 diversi
1979 2567 2206 2622 abbates

617 2648 840 2716 fuerint,
879 2647 1236 2722 distinguunt,
1266 2669 1329 2707 ac
1371 2653 1536 2723 priori
1575 2655 1821 2710 tribuunt
1865 2655 2203 2726 privilegium

611 2724 793 2808 primo
820 2741 935 2796 loco
966 2759 994 2796 a
1020 2745 1174 2798 nobis
1197 2744 1730 2818 laudatum,ejusque
1755 2748 2046 2801 maximam
2071 2763 2134 2818 pa
2146 2765 2198 2802 r-

619 2840 726 2883 tem
754 2831 1044 2899 exhibent;
1071 2835 1134 2887 de
1155 2833 1444 2890 Adelicrto
1459 2845 1635 2891 autem
1652 2837 1786 2891 nihil
1807 2831 1950 2892 aliud
1977 2838 2203 2905 habent,

619 2921 723 2975 nisi
747 2923 886 2990 quod
918 2925 967 2978 ei
997 2923 1245 2980 Urbanus
1290 2925 1351 2981 11
1381 2929 1573 2982 dire-xit
1614 2931 1944 3000 rescriptum,
1981 2931 2121 2996 quod
2150 2936 2204 2985 tn
2259 2945 2266 2952 '

617 3014 828 3068 scriniis
857 3015 1124 3085 inquiunt,
1153 3019 1312 3088 hujus
1353 3020 1577 3075 abbatite
1624 3030 1891 3076 servatur.
1937 3023 2007 3076 At
2049 3021 2206 3077 fallor

618 3105 720 3160 nisi
753 3106 894 3161 idem
929 3110 1040 3179 ipse
1077 3111 1149 3165 sit
1203 3112 1289 3166 cui
1321 3121 1610 3183 utrumque
1643 3113 1842 3168 Urbani
1876 3105 2200 3184 rescriptum

2299 566 2391 634 qui
2430 566 2572 637 Ignis
2605 568 3047 629 Sancti—Antonii
3098 577 3258 649 vulgo
3313 583 3617 654 appellatur,
3663 566 3795 663 adjun;

2299 667 2444 712 ctum
2493 668 2577 716 est
2625 667 2957 721 monasterio
3014 673 3435 743 xenodochium,
3485 679 3569 734 ubi
3602 697 3797 756 pauperes

2299 751 2658 824 undequaque
2685 757 3063 816 adventantes
3119 765 3522 834 reciperentur,
3566 751 3798 847 fratresque

2299 845 2545 901 nonnulli
2594 847 2648 902 in
2705 864 2895 906 eorum
2942 853 3309 912 ministerium
3349 859 3580 930 deputati
3626 845 3798 940 fuerunt,

2299 935 2390 1032 qui
2420 951 2541 991 cum
2567 939 2802 1010 primum
2831 945 3114 1002 monachis
3147 963 3246 1018 per
3276 949 3496 1021 aliquod
3539 963 3715 1028 tempus
3739 935 3800 1032 pa;

2300 1024 2554 1095 ruissent,
2579 1038 2788 1100 postea,
2819 1032 2888 1087 ob
2917 1033 3160 1104 ingentes
3189 1038 3566 1114 eleemosynas
3590 1024 3690 1117 quae
3722 1024 3800 1108 etu-

2300 1117 2584 1185 gabantur,
2614 1120 2867 1179 elatiores
2907 1124 3057 1193 facti,
3089 1129 3170 1185 eis
3217 1131 3452 1190 subesse
3492 1135 3798 1199 detrectarunt.

2299 1204 2506 1264 Graves
2558 1209 2704 1267 inter
2730 1223 2989 1284 utrosque
3035 1219 3167 1274 rixas
3218 1230 3280 1278 et
3331 1224 3675 1286 dissensiones
3714 1245 3801 1290 orta

2301 1310 2448 1362 sunt.
2479 1303 2675 1372 quibus
2725 1305 2779 1360 in
2831 1307 2946 1364 dies
2973 1314 3378 1383 crescentibus,
3426 1333 3511 1375 res
3548 1336 3607 1377 eo
3631 1323 3799 1391 devenit,

2300 1401 2358 1446 nt
2396 1394 2733 1465 hospitalarii
2784 1398 2857 1454 illi
2914 1404 3249 1471 potentiores
3278 1407 3482 1474 eﬁ‘ecti,
3525 1409 3643 1484 jugo
3666 1431 3799 1469 mont-

2300 1485 2523 1541 chorum
2572 1489 2786 1559 penitus
2825 1506 3074 1560 excusso,
3121 1495 3205 1550 sui
3235 1494 3386 1566 juris
3430 1514 3548 1558 esse
3593 1505 3800 1573 coeperint,

2301 1593 2365 1634 ac
2411 1581 2730 1637 tandemin
2777 1585 3021 1641 ordinem
3069 1587 3342 1659 insignem
3389 1596 3716 1658 excreverint.
3746 1600 3802 1666 qui

2301 1670 2567 1741 hodieque
2592 1684 2919 1742 perseverat.
2948 1676 3101 1734 Hanc
3125 1694 3248 1736 esse
3276 1682 3544 1752 originem
3572 1685 3804 1740 abbatiaet

2303 1762 2513 1818 ordinis
2573 1764 2863 1822 Antoniani
2926 1769 3098 1826 aiunt.
3173 1772 3300 1828 Sed
3352 1775 3606 1843 pontiﬁcii
3660 1777 3805 1832 itineris

2303 1855 2497 1910 seriem
2523 1872 2938 1927 persequamur.

2406 1945 2637 2001 CXCIX.
2663 1946 2906 2004 Urbanus
2925 1951 3213 2009 Matiscone
3231 1957 3472 2012 concedit
3489 1958 3739 2029 privilegia.

2373 2035 2653 2093 Urbanum
2706 2039 2914 2096 Vienna
2953 2051 3008 2097 et
3048 2043 3317 2116 Lugduno
3350 2050 3703 2116 pertransiisse
3725 2053 3804 2104 vin-

2303 2128 2480 2184 simile
2502 2138 2605 2198 est,
2629 2139 2686 2185 at
2709 2132 2871 2188 nullis
2895 2135 3278 2194 instrumentis
3312 2140 3544 2210 probare
3569 2157 3801 2212 possumus;

2302 2232 2426 2273 eum
2459 2235 2590 2277 vero
2616 2222 2706 2278 die
2735 2223 2797 2276 l7
2824 2224 3076 2281 Octobris
3099 2226 3404 2286 Matiscone
3434 2233 3687 2288 exstitisse
3708 2233 3804 2288 colli-

2303 2311 2479 2381 gimus
2499 2328 2564 2368 ex
2593 2315 2762 2395 ~veteri
2794 2317 2987 2373 notitia
3013 2319 3304 2391 privilegii,
3333 2324 3481 2393 quod
3516 2325 3715 2394 hacipsa
3735 2325 3803 2387 die,

2303 2415 2358 2460 et
2391 2406 2607 2476 quidem
2657 2423 2799 2468 anno
2849 2411 2986 2466 1096
3029 2428 3126 2483 pro
3165 2415 3332 2480 1095,
3363 2418 3442 2472 ιιιί
3472 2417 3656 2474 habere
3694 2415 3804 2470 solent

2304 2497 2566 2568 pleraque
2600 2497 2716 2569 ejus
2741 2501 2839 2555 aevi
2872 2503 3261 2572 instrumenta,
3303 2508 3627 2564 monasterio
3653 2507 3801 2562 canoni-

2305 2607 2494 2646 eorum
2528 2595 2862 2665 regul‘arium
2915 2596 3100 2654 Sancti
3146 2599 3296 2655 Petri
3331 2616 3499 2673 prope
3532 2602 3657 2657 hanc
3681 2599 3802 2652 urbem

2305 2683 2410 2737 sito
2459 2685 2749 2752 concessit,
2807 2701 2871 2742 ac
2897 2689 3089 2746 statim.
3123 2689 3448 2747 Cluniacuni
3478 2690 3716 2761 profectus
3739 2698 3802 2740 est.

2304 2775 2475 2844 Hujus
2539 2778 2805 2849 privilegii
2853 2783 3160 2852 exemplum
3234 2786 3484 2855 reperire
3549 2800 3643 2840 non
3691 2783 3802 2842 licuit,

2304 2883 2474 2937 quare
2498 2870 2672 2928 visum
2703 2879 2788 2926 est
2811 2869 2929 2940 ejus
2951 2872 3070 2928 loco
3127 2874 3274 2930 illius
3307 2877 3552 2932 notitiam
3583 2877 3632 2930 in
3655 2875 3799 2941 Ανμέθιι·

2303 2961 2426 3015 dice
2455 2960 2659 3016 referre
2685 2977 2752 3018 ex
2784 2965 2954 3020 veteri
2986 2965 3108 3020 cod.
3160 2980 3267 3021 ms.
3302 2982 3332 3022 a
3364 2966 3605 3023 Severtio
3625 2963 3798 3018 relatam.

2304 3051 2410 3107 CC.
2450 3053 2693 3108 Cluniaci
2738 3055 2834 3109 dat
2861 3055 3190 3129 privilegium,
3223 3059 3470 3129 episcopo
3493 3051 3798 3111 Matisconemi.

2873 3125 3058 3180 Altare"
3092 3125 3324 3182 dedicat.

621 3199 964 3255 tribuendum
994 3211 1098 3268 est,
1151 3204 1278 3259 licet
1313 3206 1428 3276 ejus
1460 3220 1680 3272 nomen,
1736 3208 1813 3261 uti
1869 3209 1985 3263 ﬁeri
2040 3207 2197 3274 solet,
2229 3188 2270 3246 (ἶ
2373 3215 2732 3294 Postridie,id
2755 3227 2838 3295 est
2860 3219 3205 3284 lBOctobris,
3237 3221 3487 3293 pontifex
3511 3213 3799 3276 Cluniacicti-

623 3290 714 3343 alii
745 3291 900 3346 alizer
927 3287 1312 3364 expresserunt.
1349 3295 1415 3350 lit
1439 3306 1495 3350 ut
1526 3298 1618 3362 sit,
1649 3314 1842 3368 parum
1865 3299 2035 3371 nostri
2065 3300 2212 3355 inte:

625 3391 754 3436 rest.
787 3380 994 3438 Prmter
1017 3383 1132 3441 haec
1161 3388 1300 3455 apud
1341 3387 1581 3453 Ivonem,
1609 3387 1950 3455 Gratianum,
1978 3399 2034 3444 et
2069 3389 2202 3444 alios

623 3473 968 3528 decretorum
1027 3475 1343 3532 collectores
1375 3515 1392 3542 ,
1459 3477 1565 3533 duo
1621 3488 1915 3534 occurrunt
1967 3493 2202 3535 canones

621 3562 860 3631 ejusdem
914 3562 1085 3620 ferme
1115 3568 1438 3635 argumenti,
1489 3569 1638 3637 prior
1677 3570 1820 3640 apud
1855 3567 2200 3635 Gratianum,

619 3672 667 3708 c.
704 3655 788 3717 I9,
899 3657 953 3720 ἓ,
985 3673 1037 3720 c,
1067 3655 1120 3710 2.
1154 3657 1287 3712 Dure
1336 3671 1478 3723 sunt,
1529 3661 1756 3731 capitulo
1813 3662 1998 3718 Sancti
2055 3661 2202 3739 Ruﬁ,

623 3756 716 3800 aut
746 3747 946 3816 Ruﬁni,
989 3749 1303 3819 inscriptus,
1338 3753 1392 3806 in
1424 3751 1629 3807 Urbani
1660 3754 1853 3809 litteris
1897 3771 2000 3809 non
2039 3755 2203 3809 habe-

623 3848 746 3902 tur;
777 3837 912 3893 alter
941 3855 1070 3894 vero
1105 3842 1291 3895 eadem
1326 3858 1489 3897 causa
1528 3844 1612 3908 l9,
1647 3859 1702 3913 q.
1733 3844 1786 3905 5,
1829 3861 1880 3900 c.
1923 3846 1978 3909 5,
2018 3847 2206 3900 statui-

622 3947 736 3982 ntus
781 3931 956 3985 abbati
986 3931 1171 3986 Sancti
1207 3933 1404 4004 Ruﬁni,
1448 3951 1516 3990 ex
1563 3938 1802 3991 secundo
1850 3953 1917 3993 ex
1972 3937 2204 3992 laudatis

603 4017 916 4096 privilegiis
941 4024 1228 4098 excerptus
1263 4039 1364 4084 est.
1397 4028 1553 4085 lIunc
1582 4029 1835 4101 praecedit
1866 4031 2002 4086 alius
2030 4048 2200 4087 canon

623 4121 688 4172 de
710 4121 899 4175 eodem
926 4133 1271 4189 argumento,
1296 4123 1388 4178 sed
1418 4123 1620 4178 nemini
1651 4125 1966 4195 inscriptus.
2174 4129 2183 4146 "

710 4200 1000 4266 CXCVIII.
1044 4214 1354 4269 Monasterii
1382 4227 1428 4268 et
1452 4215 1650 4270 ordinis
1683 4217 1896 4271 Antonii
1925 4218 2092 4287 origo.

697 4299 940 4357 Tradunt
963 4313 1212 4359 auctores
1237 4307 1433 4376 vulgati
1474 4302 1748 4362 Urbanum
1780 4312 2205 4380 tunc'tcmpOris

621 4393 900 4450 condendo
930 4396 1223 4465 pet-celebri
1275 4397 1456 4452 Sancti
1487 4398 1707 4453 Antonii
1753 4403 2086 4455 monasterio
2114 4393 2207 4456 oc-

621 4485 893 4541 casionem
926 4488 1237 4556 prmhuisse.
1266 4489 1397 4543 Cum
1431 4491 1596 4556 enim,
1629 4492 1701 4545 uti
1735 4492 1807 4546 illi
1840 4493 2010 4555 aiunt.
2043 4493 2206 4549 Vien—

623 4595 843 4634 nensem
886 4579 1218 4648 provinciam
1271 4581 1358 4635 illo
1404 4583 1570 4637 anno
1606 4594 1940 4654 peragraret,
2001 4585 2206 4640 audivit

620 4679 794 4727 virum
825 4661 1110 4742 quemdam
1136 4668 1393 4738 nobilem,
1429 4675 1730 4731 Guidoncm
1764 4671 1883 4732 aliis
1907 4677 2203 4749 Guigoncm

625 4766 886 4821 Desidet-ii
919 4767 1266 4838 appellatum,
1301 4769 1472 4823 solere
1511 4787 1692 4825 secum
1733 4787 1829 4838 per
1869 4774 2079 4826 diversa
2109 4774 2208 4828 hac

626 4861 855 4929 illucque
887 4862 1080 4914 itinera
1108 4878 1305 4932 corpus
1343 4863 1516 4916 sancti
1546 4864 1787 4927 Antonii,
1819 4868 1997 4935 magni
2038 4881 2210 4935 quon-

626 4955 748 5004 dam
797 4953 942 5006 illius
993 4953 1343 5007 eretnitarum
1373 4954 1730 5024 patriarchas,
1785 4957 2018 5024 deferre,
2063 4959 2207 5028 Quod

623 5043 1088 5113 Constantinopoli
1115 5045 1180 5100 ab
1213 5043 1417 5114 aliquot
1441 5045 1596 5099 annis
1623 5045 1904 5101 advectum
1935 5064 1960 5100 a
1997 5049 2212 5118 majori-

622 5133 722 5186 bus
741 5122 852 5187 suis
877 5145 1174 5205 acceperat.
1194 5135 1248 5191 Id
1268 5134 1488 5206 indigne
1512 5135 1698 5191 tulisse
1722 5137 1922 5192 dicitur
1947 5138 2206 5208 pontifex,

621 5240 686 5278 ac
729 5216 836 5278 sub
865 5229 1228 5283 anathctnatis
1274 5229 1722 5284 interminatione
1752 5231 1986 5286 vetuisse
2033 5248 2101 5286 ne
2157 5232 2210 5286 id

624 5315 674 5367 in
700 5325 975 5384 posterum
1017 5317 1189 5383 ﬁeret,
1221 5320 1624 5390 itnpcrasseque
1653 5327 1704 5373 ut
1743 5328 1849 5374 tam
1872 5323 2209 5377 venerabiles

625 5399 890 5477 reliquiae,
911 5409 962 5461 in
995 5405 1225 5463 ecclesia
1253 5413 1632 5483 aliqua,quam
1661 5413 1974 5482 ipse'Guido
2001 5417 2204 5479 mallet,

623 5502 726 5554 sub
761 5501 1150 5556 monachorum
1179 5504 1315 5557 bene
1345 5505 1640 5559 viventium
1680 5507 1928 5566 custodia
1977 5509 2210 5577 depone-

629 5579 1234 5663 ret'ttr.'Urbanijussis
1283 5597 1674 5655 obtemperavit
1728 5598 1927 5672 Guigo,
1981 5599 2213 5658 advoca-

630 5685 818 5756 tisque
848 5701 878 5742 a
930 5687 1110 5742 Monte
1146 5685 1334 5754 Majori
1375 5703 1538 5758 prope
1586 5691 1858 5746 Arelatem
1906 5694 2209 5758 monachis,

629 5773 868 5838 sacrum
901 5797 1100 5852 corpus
1151 5775 1203 5836 in
1246 5781 1366 5836 vico
1418 5781 1558 5838 Mota
1596 5783 1854 5839 Desidcrii
1907 5795 2211 5854 nuncupata

2235 4531 2284 4590 D

2303 3315 2454 3372 stens
2503 3307 2770 3364 Landrico
2820 3309 3214 3389 Matisconensi
3273 3315 3559 3384 episcopo,
3609 3308 3684 3379 qui
3725 3318 3801 3358 cum

2300 3402 2446 3461 haud
2482 3402 2641 3458 dubie
2685 3411 2906 3458 secutus
2935 3403 3128 3470 fuerat,
3175 3407 3468 3463 tuitionem
3496 3405 3628 3463 sedis
3656 3406 3800 3469 aposto-

2305 3489 2422 3545 licae
2451 3491 2767 3563 elllagitanti
2792 3493 3026 3549 libenter
3056 3495 3300 3560 indulsit,
3343 3497 3469 3551 data
3497 3493 3647 3554 bulla,
3678 3485 3751 3558 qua
3771 3483 3800 3534 ti

2300 3591 2358 3658 et
2384 3582 2500 3651 ejus
2521 3583 2931 3639 successoribus
2982 3585 3163 3640 omnia
3199 3584 3607 3644 Matisconensis
3625 3575 3802 3636 Ecclesia

2306 3669 2447 3726 bona
2479 3681 2533 3727 et
2563 3673 2843 3745 privilegia
2867 3675 3284 3733 conﬁrmantur.
3320 3680 3479 3735 Vetat
3518 3677 3661 3732 etiam
3686 3665 3801 3738 pomi-

2300 3749 2396 3814 Ϊθκ
2453 3777 2521 3816 ιιο
2582 3763 2869 3834 QUisquam
2925 3766 3165 3836 ejusdem
3211 3767 3474 3824 Ecclesizn
3525 3762 3722 3821 clericis,
3748 3761 3801 3805 ιιει

2300 3854 2566 3935 ‘claustro,
2617 3872 2711 3912 seu
2774 3857 2890 3928 ejus
2918 3851 3168 3915 domibus
3218 3862 3420 3916 audeat
3455 3842 3801 3914 violen‘tiamali-

2309 3958 2468 4012 quam
2493 3945 2756 4016 irrogare.
2793 3947 2926 4002 Data
2955 3940 3038 4003 est
3064 3965 3131 4003 xv
3163 3950 3285 4005 Kal.
3316 3947 3638 4007 Novembris.

2377 4036 2511 4090 Cum
2543 4037 2761 4091 advenit
2811 4039 3128 4096 Cluniacum
3166 4042 3442 4107 Urbanus,
3473 4042 3580 4111 jam
3611 4049 3638 4090 a
3664 4034 3801 4095 septum

2310 4124 2466 4180 annis
2496 4125 2760 4195 insignem
2789 4126 3069 4183 basilicam
3094 4140 3384 4188 exstruere
3408 4134 3631 4198 eteperat
3650 4122 3804 4204 sancit:

2310 4213 2464 4286 Ilugo
2491 4211 2606 4285 ejus
2633 4217 2736 4271 loci
2776 4218 2966 4282 abbas,
3004 4234 3165 4288 quam
3201 4222 3270 4275 ab
3313 4223 3430 4292 ipso
3456 4213 3684 4289 pontifice
3705 4201 3801 4256 dedi-

2292 4298 2422 4361 cari
2452 4307 2723 4377 cupiebat.
2752 4306 2954 4364 Verum
2989 4325 3107 4364 cum
3134 4311 3362 4386 nimium
3392 4321 3516 4365 tunc
3541 4303 3691 4360 adhuc
3713 4296 3816 4386 assii.

2310 4400 2648 4470 imperfecta,
2672 4387 2886 4457 curavit
2945 4413 3167 4478 sanctus
3220 4392 3401 4460 abbas.
3429 4418 3512 4458 res
3542 4401 3607 4454 ita
3638 4393 3801 4478 disponi.

2311 4500 2370 4545 ut.
2397 4492 2588 4546 saltem
2622 4493 2800 4563 majus
2838 4475 3030 4560 altare,
3063 4495 3386 4551 adveniente
3436 4487 3681 4563 pontiﬁce,
3710 4475 3802 4532 eoi“

2309 4591 2453 4638 statu
2481 4594 2628 4639 esset
2661 4593 2716 4638 ut
2758 4597 2943 4654 posset
2993 4587 3062 4642 ab
3102 4586 3194 4642 illo
3241 4584 3564 4650 consecrari,
3615 4571 3728 4646 quod
3749 4579 3799 4661 rt?-

2313 4673 2426 4742 ipsa
2461 4674 2661 4729 factum
2687 4686 2769 4730 est
2802 4677 2889 4730 die
2921 4676 2989 4731 25
3019 4678 3291 4735 Octobris.
3335 4678 3499 4746 IIujus
3527 4662 3801 4749 dedicationis

2313 4767 2560 4821 meminit
2611 4778 2802 4822 auctor
2847 4767 3102 4824 Chronici
3155 4767 3524 4826 Cluniacensis
3565 4758 3622 4815 ad
3662 4757 3801 4806 annttttl

2285 4856 2471 4934 Δ1095,
2518 4865 2579 4919 et
2609 4858 2916 4914 Ot°dcricns
2956 4859 3147 4915 Vitalis
3206 4862 3362 4916 initio
3404 4856 3517 4912 libri
3558 4830 3803 4934 1!."me

2315 4949 2592 5005 Urbanum
2623 4950 2822 5006 multas
2861 4961 3174 5007 sanctorum
3208 4954 3460 5009 basilicas
3495 4949 3543 5002 in
3566 4934 3719 4997 Galliis
3742 4925 3791 5020 dt“

2313 5042 2543 5107 dicasse,
2571 5057 2706 5112 quas
2739 5035 3038 5116 privilegiis
3053 5044 3363 5114 apostolica:
3395 5038 3527 5098 sedis
3547 5017 3802 5116 subliltlaml':

2315 5129 2450 5186 Tum
2473 5133 2753 5203 signanter
2780 5134 2958 5188 laudat
2990 5136 3451 5209 Cet'tsecrationcm
3484 5120 3648 5181 altaris
3671 5107 3802 5209 S‘mi’.‘

2316 5225 2464 5280 Petri
2517 5229 2659 5298 apud
2699 5206 3011 5283 Cluniacunt
3041 5230 3330 5284 coenobium
3370 5229 3434 5282 ab
3470 5236 3530 5278 eo
3559 5217 3734 5269 factum.
3757 5193 3799 5245 Ᾱι

2314 5325 2456 5393 quod
2484 5324 2584 5380 iste
2607 5337 2799 5379 auctor
2827 5325 3025 5394 aliique
3046 5327 3267 5394 passim,
3301 5326 3425 5378 data
3445 5299 3801 5396 occasione..tttlv

2315 5419 2482 5473 verbo
2534 5419 2911 5484 laudaverunt,
2970 5418 3142 5472 fusius
3195 5417 3476 5488 exponitur
3513 5408 3558 5460 in
3588 5394 3797 5495 "ac":

2309 5499 2618 5566 'strumento
2667 5511 2812 5581 quod
2871 5480 2972 5565 sub
3010 5503 3165 5565 titulo
3199 5508 3449 5564 libertatis
3493 5494 3582 5601 ςίξιζῖ

2314 5601 2516 5656 editum
2533 5585 2624 5657 est
2649 5569 2702 5658 in
2726 5595 3060 5657 Bibliotheca
3090 5585 3537 5657 Cluniacensi'ilbi

2317 5694 2490 5748 solum
2539 5692 2735 5764 majus,
2775 5695 2866 5750 sed
2910 5703 2965 5749 et
3006 5691 3322 5749 matutinalc
3365 5689 3521 5744 altare
3547 5658 3797 5764 ab

2320 5785 2423 5838 alia
2453 5801 2587 5847 VCI‘O.
2617 5743 2735 5840 Irin,
2761 5802 2789 5839 a
2822 5785 2994 5840 tribus
3021 5783 3141 5839 aliis
3169 5777 3451 5854 episcopis,
3481 5759 3646 5830 ncml’é
3670 5743 3796 5806 Μεθ’
