3892 6320
49 342 150 396 tat
1533 333 1541 340 ’
1617 332 1641 386 Ὗ

1745 334 1794 386 με.
1953 293 1958 300 λ
2349 349 2356 358 -
3239 339 3345 393 tos

46 472 118 509 ne
149 449 524 523 Lugdunettsi,
552 448 805 504 Daiberto
820 446 1018 501 Pisano
1038 455 1092 500 et
1113 445 1364 521 Brunone
1390 445 1644 518 Signiens
1674 465 1716 518 Α
1756 456 1867 498 tum
1929 457 1986 500 ut
2043 457 2262 516 paratus
2311 447 2377 501 sit
2409 448 2460 501 in
2490 450 2717 505 concilio
2772 451 3201 517 Claromontanc;
3230 472 3344 510 suae

46 549 92 601 si
125 553 450 601 consecrata
483 542 666 596 fuisse.
695 540 830 595 Tum
863 542 1092 595 refertur
1115 539 1322 611 prolixa
1350 540 1478 594 satis
1510 556 1640 594 ora-
1751 539 2004 594 Ecclesia:
2027 541 2422 598 restitutionem
2463 559 2633 614 nuper
2674 545 2871 602 far-tam
2900 551 3057 615 tueri,
3088 552 3234 616 quod
3267 551 3337 607 ibi

49 643 153 703 tio,
209 653 372 710 quant
428 634 672 706 pontifex
701 635 843 688 inter
876 634 1166 687 missarum
1203 633 1647 688 consecrationis-

43 747 155 802 que
198 729 467 784 solemnia
504 728 759 782 habuisse
795 727 1017 792 dicitur,
1045 727 1096 781 in
1131 743 1237 796 qua
1268 725 1646 796 limitesjuris-

47 824 350 880 sdictionis
390 821 707 878 monasterii
754 821 1073 892 designavit.
1112 815 1314 876 Praeter
1345 837 1406 876 ea
1438 821 1647 875 inveni-

43 934 167 970 mus
196 918 255 970 in
282 923 498 970 vetusto
524 915 642 969 cod.
674 930 774 968 ms.
805 914 964 969 aliam
994 913 1231 983 ejusdem
1265 915 1339 969 rei
1373 915 1641 981 notitiam,

43 1010 168 1072 ubi,
234 1017 361 1078 post
408 1006 677 1061 recensita
716 1006 882 1060 multa
931 1006 1192 1060 beneﬁcia
1242 1023 1362 1075 qua:
1393 1003 1644 1062 Urbanus

43 1100 392 1154 monasterio
424 1098 767 1153 Cluniacensi
795 1098 1122 1164 contulerat,
1155 1108 1418 1153 statutum
1453 1115 1481 1152 a
1508 1115 1638 1154 san-

43 1204 134 1247 cto
185 1192 420 1264 llugone
477 1191 647 1246 fuisse
711 1191 910 1247 dicitur
967 1201 1026 1246 ut
1075 1193 1315 1262 ejusdem
1365 1195 1641 1265 pontiﬁcis

47 1284 533 1347 commemoratio,
565 1284 806 1353 quandiu
865 1284 1089 1348 viveret,
1124 1285 1174 1338 in
1204 1286 1445 1354 generali
1477 1286 1640 1342 missa

49 1377 368 1448 specialiter
424 1387 706 1448 ageretur;
745 1386 799 1430 ct
823 1384 882 1430 ut
918 1386 1040 1446 post
1074 1376 1189 1446 ejus
1216 1387 1466 1443 mortem,
1498 1395 1640 1448 prac-

51 1482 133 1524 ter
161 1470 347 1524 debita
373 1468 603 1540 singulis
642 1467 884 1535 ejusdem
915 1469 1017 1523 loci
1051 1471 1331 1526 monachis
1359 1470 1637 1546 suffragia,

51 1561 162 1629 ejus
203 1561 584 1616 anniversaria
641 1561 998 1632 depositionis
1043 1562 1158 1616 dies
1215 1563 1534 1618 solemniter
1584 1564 1638 1618 in

51 1661 371 1722 perpetuum
403 1651 799 1707 celebraretur.
831 1651 1096 1708 Czeterum
1124 1654 1282 1709 banni
1309 1671 1402 1710 seu
1421 1655 1640 1724 jurisdi-

56 1743 248 1796 ctiouis
275 1741 652 1796 Cluniacensis
681 1743 942 1797 terminos
965 1745 1034 1799 ab
1058 1742 1279 1809 Urbano
1306 1747 1638 1816 prmstitutos

1750 630 1963 686 astituri
1997 642 2177 688 οδευιιι
2202 631 2626 690 Cameracenses
2655 642 2914 695 adverstts
2939 657 3055 696 eam
3087 644 3326 698 decerta-

1752 723 1879 777 turi.
1911 722 2154 795 Denique
2183 727 2234 780 in
2275 727 2517 797 ejusdem
2550 728 2826 786 Lamberti
2855 734 3054 798 Cestis,
3089 733 3176 789 tibi
3203 753 3334 791 con-

1749 813 1958 866 tinuata
2006 829 2190 870 rerum
2255 816 2356 872 hoc
2412 833 2555 871 anno
2622 832 3150 892 gestaruntscrtes,
3205 830 3336 880 cum‘

1748 901 1947 957 itinere
2004 904 2292 960 Bernensis
2327 908 2620 974 provincia:
2647 911 3020 980 episcoporum
3047 915 3112 968 ad
3139 915 3324 970 Claro-

1741 1001 2062 1048 ‘monlanam
2111 998 2374 1067 synodum
2411 1009 2662 1054 accurate
2689 1011 2743 1054 et
2773 1003 3096 1071 singulatitn‘
3120 1007 3326 1060 descri-

1743 1084 1914 1152 bitur,
1948 1086 2084 1140 nihil
2111 1090 2333 1144 omnino
2382 1091 2447 1145 de
2478 1092 2580 1147 hac
2628 1095 2832 1164 synodo
2873 1097 3129 1158 occurrit,
3163 1114 3326 1167 quam

1744 1176 1974 1246 proinde
2007 1179 2254 1234 ﬁctitiam
2289 1196 2408 1237 esse
2443 1184 2636 1237 merito
2671 1187 3000 1240 credendum
3039 1174 3136 1242 est:
3175 1189 3327 1245 Ilaud

1745 1271 1922 1341 magis
1953 1285 2162 1326 certum
2193 1285 2274 1328 est
2297 1278 2440 1344 quod
2460 1275 2766 1352 Souchetus
2803 1281 2852 1332 in
2883 1278 3125 1352 Notislad
3152 1282 3328 1336 lvonis

1744 1364 1901 1432 epist.
1961 1364 2028 1419 78
2080 1376 2134 1421 et
2194 1367 2466 1424 Robertus
2517 1386 2584 1424 ex
2634 1372 2904 1427 Amalrieo
2953 1372 3244 1430 Biterrensi
3272 1376 3326 1430 in

1743 1456 1917 1508 veteri
1948 1455 2119 1510 Gallia
2173 1457 2479 1512 Christiana
2512 1462 2687 1526 aiunt,
2728 1462 3005 1518 Urbanum
3041 1468 3326 1522 ecclesiam

1744 1544 1974 1599 abbaliaa
1999 1546 2242 1603 Dolensis
2266 1551 2407 1619 apud
2434 1551 2706 1623 Bituriges
2723 1555 2822 1610 hoc
2848 1571 2991 1611 anno
3024 1559 3323 1615 dedicasse.

1743 1632 1846 1688 Vix
1883 1636 2027 1690 enim
2078 1637 2130 1691 id
2184 1638 2330 1694 ferre
2361 1651 2538 1710 potest
2579 1645 2843 1712 pontiﬁcii
2878 1647 3085 1703 itineris
3125 1649 3325 1714 series;

1742 1734 1796 1780 et
1840 1727 2058 1797 quidem
2112 1729 2226 1785 inec
2257 1732 2526 1789 dedicatio
2557 1750 2585 1787 a
2612 1735 2858 1791 Paschali
2902 1739 2940 1792 ll
2973 1739 3173 1794 Urbani
3205 1756 3328 1795 suc-

59 1834 858 1904 mnﬁrmammsubsequenles
877 1826 1265 1907 pontiﬁces.“
1291 1841 1630 1910 polissimum
1669 1828 1708 1885 Β
1744 1831 1962 1872 cessore
1988 1820 2128 1874 facta
2151 1819 2318 1876 fuisse
2334 1823 2534 1878 dicitur
2559 1825 2610 1879 iu
2640 1826 3252 1886 ChronicoTuronensi.

61 1925 404 1981 innocentius
429 1925 468 1980 ll
494 1927 610 1996 qui,
644 1927 748 1982 hoc
777 1927 892 1998 ipso
925 1930 1012 1985 die
1049 1945 1157 1999 quo
1189 1930 1439 1987 Urbanus
1466 1932 1640 2002 majus

68 2019 236 2073 altare
263 2028 698 2084 consecraverat,
752 2020 1032 2079 basilicam
1057 2022 1229 2090 ipsam
1251 2024 1552 2094 dedicavit,
1583 2035 1642 2080 ut

77 2124 140 2161 ex
170 2110 284 2178 ejus
314 2119 366 2162 et
386 2109 609 2163 aliorum
642 2095 1380 2182 pontiﬁcum.diplomatibus
1410 2126 1559 2189 patet
1587 2120 1642 2174 in

84 2197 400 2253 Bibliotheca
429 2199 764 2254 Cluniacensi
797 2202 978 2256 editis.
1017 2203 1156 2274 llinc
1187 2205 1471 2276 utriusque
1497 2209 1642 2263 dedi-

81 2291 298 2345 cationis
322 2292 569 2346 memoria
597 2292 758 2347 simul
787 2294 838 2348 in
871 2297 1110 2366 antiquis
1132 2297 1339 2368 aliquot
1371 2301 1641 2370 Martyro-

79 2383 224 2452 logiis
255 2384 520 2438 recnlitur.
561 2385 686 2440 llzec
723 2395 996 2456 postrema
1030 2390 1298 2446 dedicatio
1331 2408 1472 2448 anno
1503 2395 1640 2450 1150

76 2491 172 2529 non
203 2479 472 2546 sequenti,
516 2489 571 2532 ut
597 2478 732 2535 fallit
766 2481 1214 2553 chron0graphus
1242 2480 1638 2555 Cluniacensis,

67 2579 268 2637 peracta
291 2579 396 2624 est.

126 2661 392 2716 Creterum
412 2678 518 2717 non
547 2664 708 2718 modo
737 2664 980 2721 Cluniaci
1009 2667 1271 2739 principis
1299 2671 1637 2735 monasterii,

61 2753 144 2808 sed
190 2754 427 2810 aliorum
499 2772 713 2826 quoque
776 2759 844 2813 ad
889 2759 1020 2814 illttd
1059 2763 1418 2830 spectantium
1439 2761 1561 2832 jura
1586 2773 1644 2819 et

62 2845 447 2915 praerogativas
499 2863 744 2903 asserere
775 2848 987 2903 studuit
1021 2848 1295 2924 Urbanus,
1320 2861 1378 2906 ut
1403 2863 1552 2924 patet
1573 2870 1637 2909 ex

64 2933 251 2999 multis,
278 2951 412 3005 qua:
433 2937 636 3008 passim
668 2949 984 3004 occurrunt,
1018 2944 1403 3017 monumentis.
1431 2943 1640 3001 Lauda-

63 3033 138 3077 tur
166 3027 306 3084 hanc
344 3028 399 3082 in
445 3043 559 3084 rem
587 3027 703 3099 ejus
731 3030 874 3086 bulla
917 3033 1039 3088 data
1066 3042 1260 3090 octavo
1289 3034 1406 3104 ejus
1426 3036 1640 3105 pontiﬁ-

62 3128 220 3184 catus,
262 3119 320 3175 id
375 3130 460 3176 est
498 3125 750 3192 praesenti
801 3140 944 3180 anno
985 3141 1091 3195 qua
1140 3126 1436 3182 Charitatis
1461 3128 1639 3185 Beata:

63 3211 227 3269 Maria:
277 3230 456 3284 supra
487 3214 720 3287 Ligerim
755 3218 1074 3282 monasterii
1099 3217 1221 3287 jura
1252 3229 1308 3276 et
1334 3221 1650 3290 exemptio».

65 3321 170 3359 nem
196 3307 518 3360 confirmat.
548 3308 616 3362 At
644 3308 847 3378 excidit
876 3311 992 3366 haec
1018 3310 1183 3382 bulla,
1208 3309 1361 3378 cujus
1387 3312 1639 3367 notitiam

63 3394 300 3450 debemus
321 3396 483 3452 Actis
498 3389 902 3463 controversiae,
915 3415 1036 3470 qua:
1053 3398 1153 3454 sub
1168 3399 1432 3456 Rollando
1447 3401 1642 3456 abbate

63 3485 279 3542 Cluniaci
325 3500 522 3542 exorta
566 3499 670 3556 est,
720 3490 1029 3546 aun01220
1055 3492 1340 3549 occasione
1363 3492 1654 3548 electionis.

63 3581 235 3646 prioris
261 3581 336 3638 de
373 3581 450 3638 Ch
460 3583 673 3637 aritate.

119 3693 236 3749 CCI.
266 3693 363 3748 An
391 3692 568 3748 Remis
595 3694 876 3751 concilium
905 3695 1258 3750 celebraverit.
1289 3693 1568 3750 Dolemem

582 3764 853 3819 ecclesiam
882 3767 1110 3820 dedicat.

120 3853 172 3910 Si
216 3857 461 3912 Andreze
505 3854 739 3912 Cbesnio
785 3857 1106 3925 credamus,
1153 3857 1428 3925 Urbanus,
1453 3872 1637 3914 mense

67 3944 267 4002 Octobri
296 3945 472 4016 hujus
502 3949 652 4016 anni,
680 3946 868 4002 Remis
892 3947 1084 4004 habuit
1107 3948 1415 4014 concilium,
1449 3947 1502 4002 in
1535 3963 1642 4018 quo

63 4037 348 4094 anathema
405 4037 517 4108 jam
577 4046 736 4093 antea
787 4038 1046 4094 adversus
1099 4037 1404 4109 Philippum
1457 4051 1640 4109 regem

64 4129 214 4186 latum
268 4132 651 4198 confirmavit,
698 4132 1098 4204 expeditionem
1140 4147 1354 4189 sacram
1381 4132 1642 4188 adversus

69 4224 294 4280 inﬁdeles
317 4224 593 4290 decrevit,
619 4224 956 4298 sancivitque
984 4232 1043 4280 ut
1073 4225 1326 4294 deinceps
1352 4224 1642 4279 inAssum-

64 4317 246 4384 ptionis
320 4316 578 4386 Deiparae
634 4316 862 4388 virginis
915 4317 1201 4387 pervigilio
1254 4315 1522 4398 jejunium
1571 4315 1640 4370 ab

65 4410 296 4464 oumibus
323 4408 755 4474 observaretur;
789 4424 854 4464 ac
874 4409 1106 4480 denique
1126 4409 1321 4491 indixit
1345 4408 1488 4462 aliud
1511 4422 1643 4463 con-

1743 1930 1892 1986 CCll.
1912 1931 1990 1987 Sil
1997 1935 2182 1988 viniaci
2197 1911 2385 2016 corpus
2402 1937 2463 2016 ετ
2483 1938 2672 2016 {filioli
2685 1942 2956 2016 transfert.
2985 1943 3327 2016 Privilegium

2203 2008 2294 2058 dat
2321 2010 2462 2077 apud
2491 2008 2860 2066 Monticulunt.

1816 2094 2075 2152 Cluniaeo
2127 2097 2310 2168 itaque
2357 2115 2609 2170 egressus
2663 2100 2916 2159 Urbanus
2971 2104 3327 2168 Silviniaeum

1743 2206 1909 2261 prope
1957 2191 2183 2249 Molinas
2235 2194 2688 2252 Burbonicnsium
2731 2201 2986 2271 oppidum
3032 2205 3197 2270 venit,
3236 2207 3328 2261 ubi

1744 2296 1940 2350 corpus
1988 2279 2166 2337 sancti
2223 2284 2400 2353 Majoli
2447 2289 2722 2343 transtulit
2762 2291 2812 2344 iu
2847 2291 3023 2347 locum
3056 2296 3327 2349 decentioo

1745 2387 1878 2436 rem,
1941 2382 1997 2428 et
2041 2375 2486 2432 Archimbaldum
2533 2394 2696 2449 super
2749 2383 3013 2443 tumulum
3049 2387 3219 2454 patris
3246 2389 3327 2442 sui

1743 2451 2116 2521 Archimbaldi
2181 2470 2359 2537 quarti
2407 2468 2595 2537 jurare
2643 2471 2775 2530 fecit
2820 2491 2879 2544 se
2923 2451 3186 2532 toto—vitae
3217 2495 3331 2534 sua:

1745 2557 1987 2622 tempore
2044 2556 2204 2623 bona,
2265 2574 2387 2628 quae
2417 2575 2446 2613 a
2486 2569 2640 2629 patre
2692 2572 2786 2615 aut
2817 2579 2844 2616 a
2880 2565 3174 2635 majoribus
3215 2568 3328 2622 suis

1745 2651 2077 2705 monasterio
2119 2653 2313 2707 collata
2367 2653 2598 2720 fuerant,
2634 2655 2840 2712 illibata
2871 2670 3237 2715 servaturum.
3271 2661 3327 2715 Id

1743 2738 1916 2810 ipsum
1951 2749 2180 2796 testatur
2203 2745 2443 2813 pontifex
2484 2761 2537 2800 In
2568 2746 2712 2802 bulla
2743 2763 2903 2817 quam
2937 2750 3051 2819 ejus
3076 2752 3180 2807 loci
3213 2748 3328 2808 mo-

1743 2829 1932 2885 nachis
1953 2831 2133 2886 Idibus
2160 2831 2477 2889 Novembris
2499 2836 2638 2905 apud
2657 2836 3005 2902 Monticulutn
3035 2845 3328 2909 concessit,

1745 2916 1797 2970 iit
1829 2932 1934 2986 qua
1973 2917 2215 2973 declarat
2262 2935 2318 2974 se
2357 2930 2626 2990 praesente
2657 2923 2911 2978 Duranno
2946 2926 3328 2996 episcopoAr-

1745 3009 2026 3073 vernensi,
2053 3009 2444 3066 menasterium
2477 3011 2830 3068 Silviniacum
2849 3017 2956 3071 'sub
2989 3019 3208 3088 speciali
3243 3036 3327 3074 se-

1743 3101 1825 3155 dis
1853 3103 2162 3172 apostolica:
2184 3105 2409 3159 tuitione
2431 3106 2755 3176 suscepisse,
2783 3108 3007 3179 ejusque
3032 3113 3328 3180 possessio~

1745 3207 1861 3254 nes,
1907 3207 2043 3262 quas
2093 3193 2406 3264 singillatim
2455 3206 2723 3262 recenset,
2767 3200 3152 3258 conﬁrmasse:
3187 3205 3326 3260 hanc

1743 3283 1944 3340 bullam
1995 3282 2200 3342 Joellus
2255 3287 2546 3342 Remorum
2585 3291 2986 3358 archiantistes,
3019 3298 3326 3364 petentibus

1750 3377 2029 3434 Silvirtiaci
2087 3381 2390 3447 monachis,
2447 3397 2475 3435 a
2531 3397 2589 3437 se
2627 3371 2798 3438 visam
2827 3394 2880 3438 et
2907 3387 3156 3442 collatam
3183 3405 3326 3446 anno

1745 3466 1885 3522 1245
1916 3468 2180 3540 integram
2209 3487 2273 3526 ac
2294 3471 2551 3527 illibatam
2580 3474 2854 3529 inventam
2885 3476 3055 3533 fuisse
3083 3481 3322 3536 declara-

1743 3559 1821 3612 vit
1866 3560 2083 3628 publico
2143 3563 2498 3628 intruutento,
2553 3567 2694 3635 qttod
2725 3568 2898 3638 sigillo
2943 3585 3040 3626 suo
3071 3573 3320 3630 munivit.

1745 3649 2059 3708 Pontiﬁccm
2113 3653 2165 3709 in
2194 3669 2259 3710 eo
2289 3655 2408 3710 loco
2444 3657 2560 3714 dies
2588 3657 2702 3714 fere
2729 3670 2852 3716 octo
2885 3663 3132 3734 exegisse
3159 3666 3325 3721 disci-

1744 3760 1864 3801 mus
1891 3759 1958 3799 ex
1985 3747 2152 3801 veteri
2185 3747 2546 3804 instrumento
2598 3751 2857 3807 chartarii
2891 3754 3322 3824 Silviniaeensis,

1743 3835 2028 3891 occasione
2056 3835 2427 3893 Archimbaldi
2452 3838 2840 3898 Bttrboniensis
2879 3845 3140 3917 principis
3163 3851 3323 3905 modo

1745 3931 2028 3986 memorati
2058 3930 2222 3998 facto,
2250 3933 2342 4003 qui
2366 3934 2533 3990 malas
2555 3939 2974 3994 consuetudines
2999 3956 3028 3994 a
3045 3950 3200 4010 patre
3225 3957 3325 3998 suo

1744 4037 1985 4092 exactas,
2040 4035 2095 4082 et
2140 4027 2208 4082 ab
2239 4027 2428 4082 eodem
2469 4031 2631 4084 morti
2660 4032 2907 4099 proximo
2941 4033 3211 4090 relaxatus
3239 4052 3325 4090 re-

1743 4134 1946 4174 novare
1990 4118 2336 4174 moliebatur.
2399 4139 2417 4172 ‹
2457 4120 2658 4198 Eodem
2689 4131 2950 4203 tempore,
2988 4126 3139 4179 verba
3162 4128 3325 4196 ipsius

1743 4212 1939 4266 charta:
1997 4211 2187 4280 refero,
2247 4211 2392 4267 facto
2436 4211 2576 4267 intra
2623 4213 2824 4269 Gallias
2873 4231 2973 4285 pro
3003 4217 3324 4284 quibusdam

1743 4312 1944 4358 sanctae
1993 4302 2246 4358 Ecclesia:
2278 4303 2604 4360 utilitatibus
2645 4307 2878 4362 adventu
2907 4308 3090 4363 domui
3123 4309 3325 4366 Urbani

1741 4383 1894 4468 papa:
1918 4395 1983 4462 ll,
2037 4412 2160 4452 cum
2217 4397 2358 4466 apud
2389 4395 2747 4454 Silviniacum
2796 4398 2910 4456 fere
2942 4416 3039 4470 per
3062 4402 3174 4457 dies
3201 4413 3327 4457 octo

67 4497 228 4553 cuium
263 4499 415 4569 apud
447 4499 910 4557 ριπυηηηοηιειη
947 4489 1196 4570 proximo
1225 4516 1408 4557 mense
1433 4501 1641 4557 haben-
1661 4523 1716 4583 Β
1745 4498 2070 4563 moraretur,
2122 4497 2177 4542 et
2225 4489 2460 4558 quodam
2520 4490 2607 4545 die
2657 4491 2710 4545 in
2765 4493 3000 4561 capitulo
3042 4495 3325 4561 resideret,

69 4590 199 4645 dum.
256 4590 396 4646 Haec
451 4591 542 4646 ille
569 4592 623 4645 in
659 4590 894 4650 Historia
924 4592 1291 4648 Romanorum
1325 4593 1637 4664 pontiﬁcum

67 4680 233 4736 Gallia:
281 4683 460 4739 edita.
488 4685 558 4736 At
585 4693 847 4754 quantum
877 4699 906 4738 a
938 4699 1068 4740 vero
1099 4685 1182 4738 vir
1214 4700 1346 4742 sane
1381 4685 1638 4762 eruditis-

72 4771 224 4830 simus
265 4775 630 4841 aberraverit,
688 4785 837 4847 patet
900 4790 1007 4832 non
1054 4777 1231 4831 solum
1279 4792 1347 4832 ex
1410 4777 1638 4832 aliorum

70 4874 381 4929 auctorum,
431 4876 675 4920 veterum
726 4874 781 4921 et
839 4866 1203 4937 recentiorum
1251 4865 1486 4930 silentio,
1544 4866 1638 4922 sed

70 4964 214 5018 etiam
256 4980 326 5020 ex
377 4963 580 5020 Urbani
625 4963 877 5019 itinerum
925 4962 1088 5030 serie,
1139 4976 1204 5018 ac
1248 4961 1494 5020 omnibus
1524 4959 1641 5028 ejus

71 5055 156 5106 :evi
183 5053 566 5109 instrumentis
601 5069 629 5107 a
660 5053 818 5108 nobis
857 5053 1104 5124 prolatis,
1134 5068 1255 5123 qua:
1280 5051 1482 5107 nullam
1513 5061 1640 5107 tunc

76 5145 320 5214 temporis
377 5145 645 5216 synodum
687 5145 876 5201 Remis
905 5144 1144 5200 habitam
1183 5144 1348 5199 fuisse
1370 5157 1532 5214 super
1555 5159 1639 5198 sa-

76 5234 234 5305 tisque
285 5239 544 5309 probant.
593 5237 661 5291 Et
713 5238 929 5307 quidem
966 5237 1296 5308 Raynoldus,
1345 5234 1637 5293 Remorum

78 5334 188 5380 tunc
214 5329 668 5400 metropolitanus
698 5345 825 5385 suos
861 5327 1227 5400 suﬁ'raganeos
1255 5330 1323 5385 ad
1351 5328 1639 5385 concilium

80 5415 545 5475 Claromontanum
583 5429 677 5476 'ex
729 5420 934 5476 Urbani
989 5421 1306 5490 praescripto
1353 5419 1635 5485 invitavit;

87 5520 323 5567 revocato
351 5511 421 5567 ob
472 5513 609 5568 hanc
644 5513 929 5579 rationem,
957 5513 1099 5581 quod
1138 5511 1290 5567 initio
1318 5510 1640 5568 Novembris

81 5593 438 5656 celebrandum
469 5602 762 5670 indixerat,
810 5601 1040 5657 concilio
1063 5601 1404 5672 provinciali,
1435 5609 1494 5656 u'.
1525 5601 1640 5671 ipse

83 5688 192 5744 dicit
219 5692 272 5746 in
296 5693 523 5763 epistola
551 5695 664 5765 jam
695 5694 912 5749 laudata
943 5695 1008 5749 ad
1038 5695 1406 5750 Lambertum.
1435 5695 1639 5751 Deinde
1678 5684 1680 5686 ’

89 5779 186 5846 ipse
242 5785 477 5854 pontifex
536 5786 898 5856 peculiaribus
924 5786 1120 5843 litteris
1151 5787 1358 5844 monuit
1380 5785 1640 5843 Lamber-

1745 4592 2068 4640 cunctorum
2130 4581 2644 4638 circumscdcutinm
2703 4583 2930 4640 fratrum
2989 4594 3164 4640 cretus
3209 4586 3328 4658 ejus

1744 4677 1974 4747 pedibus
2005 4675 2322 4745 provolutus
2352 4674 2610 4730 auxilium
2659 4676 2948 4746 implorare
2970 4678 3132 4747 coepit
3165 4694 3326 4749 super

1744 4767 1900 4823 malis
1945 4765 2290 4836 quaejamdiu
2314 4766 2530 4822 fuerant
2556 4768 2816 4838 perpessi.
2842 4767 3106 4838 Suscepta
3136 4785 3325 4824 eorum

1739 4861 2001 4932 petitione
2057 4859 2448 4930 benignissime
2491 4860 2720 4915 domnus
2773 4876 2934 4930 papa,
2997 4876 3119 4916 cum
3156 4861 3324 4916 altera

1742 4954 1830 5009 die
1884 4962 2171 5023 rogaretur
2215 4967 2242 5006 a
2289 4952 2400 5022 jam
2447 4952 2592 5008 dicto
2628 4951 3033 5017 Archimbaldo,
3067 4961 3125 5007 ut
3157 4955 3326 5023 patris

1741 5033 1827 5099 sui
1874 5044 2112 5099 animam
2153 5043 2453 5114 apostolica
2500 5042 2808 5097 absolveret
2833 5041 3177 5108 auctoritate,
3205 5055 3326 5115 post

1741 5136 2010 5208 expletam
2026 5135 2443 5201 absolutionem,
2468 5144 2757 5203 antequam
2773 5149 2802 5186 a
2825 5148 2884 5188 se
2910 5133 3327 5190 At'chimbaldus

1742 5229 1885 5284 idem
1944 5244 1973 5282 a
2024 5244 2084 5286 se
2135 5228 2456 5292 discedtret,
2513 5235 2802 5294 antequam
2857 5227 3018 5281 etiam
3051 5241 3083 5282 a
3123 5229 3328 5283 tumulo

1741 5323 1904 5391 pedes
1947 5330 2274 5386 removeret,
2308 5319 2527 5375 monitis
2569 5319 2739 5388 ipsius
2789 5320 3040 5390 princeps
3076 5319 3327 5390 praefatas

1742 5428 1934 5468 omnes
1964 5413 2136 5469 malas
2184 5412 2604 5468 consuetudines
2655 5427 2789 5481 quas
2826 5412 3022 5483 injuste
3051 5415 3328 5484 quaerebat

1744 5503 1988 5573 reliquit;
2011 5515 2068 5562 et
2087 5514 2146 5558 ut
2187 5503 2380 5558 melius
2404 5502 2484 5558 sui
2511 5503 2638 5557 dicti
2665 5518 2873 5559 memor
2905 5515 3051 5560 esset
3079 5505 3324 5560 osculum

1740 5596 1890 5667 pacis
1920 5595 1987 5651 ab
2013 5598 2202 5652 eodem
2227 5611 2361 5669 papa
2383 5597 2614 5666 accepit.
2649 5615 2667 5648 ›
2698 5596 2803 5651 Sed
2833 5613 3019 5652 eorum
3041 5597 3328 5654 immemor

1739 5705 1833 5744 eas
1886 5689 2047 5760 paulo
2100 5702 2222 5760 post
2269 5690 2585 5745 renovavit:
2619 5704 2788 5760 quare
2814 5705 2903 5746 res
2943 5689 3009 5744 ad
3039 5691 3328 5747 concilium
3381 5767 3384 5770 4

1739 5783 2217 5840 Claromontanum
2247 5782 2423 5839 delata
2463 5792 2562 5842 est.
2589 5792 2649 5838 ut
2677 5780 2818 5837 infra
2852 5782 3113 5838 dicemus.
