4028 6310
633 276 735 333 165

802 391 971 449 CCIII.
1012 390 1451 445 Clarummontem
1502 398 1707 443 aarentt
1748 388 2016 442 Urbanus.

703 485 1013 557 Peragratis
1040 483 1291 549 Urbanus
1314 481 1398 535 his
1425 481 1721 551 provinciis
1748 481 2207 536 Clarummontem

630 578 716 634 die
750 576 1072 633 Novembris
1107 574 1173 628 14
1204 582 1299 627 aut
1329 573 1576 632 sequenti
1603 573 1841 637 advenit,
1870 588 1991 626 cum
2038 573 2207 626 inter-

627 686 692 725 ea
720 669 954 740 episcopi
987 683 1052 723 ex
1075 666 1243 722 variis
1268 667 1416 721 orbis
1441 665 1738 721 Christiani
1771 666 2079 737 regionibus
2105 665 2210 720 huc

625 767 998 832 pr0perarent.
1046 757 1122 811 Ex
1164 757 1248 812 his
1285 756 1610 813 Lambertus
1648 758 2076 814 Atrebatensise
2111 774 2205 813 sua

623 851 757 904 urbe
787 849 873 904 die
900 847 971 903 28
1004 846 1254 903 Octobris
1300 844 1603 917 profectus,
1645 846 1883 902 Pruvino
1930 846 2205 903 Senonum

624 943 860 1008 transiit,
888 955 995 1011 quo
1016 955 1084 995 ex
1108 939 1304 1011 oppido
1328 954 1579 1009 egressus
1602 955 1702 994 vnt
1734 939 1859 994 ldus
1888 938 2207 995 Novembris

622 1050 651 1087 a
689 1032 997 1089 Guaruerio
1034 1033 1267 1103 quodam
1303 1032 1473 1087 milite
1509 1030 1717 1086 castelli
1753 1032 1818 1086 de
1845 1030 1984 1085 Pont
2018 1039 2207 1102 captus

621 1133 727 1178 est.
752 1124 821 1177 At
851 1139 915 1178 ea
944 1124 1009 1179 de
1051 1138 1110 1178 re
1141 1122 1377 1178 monitus
1414 1122 1657 1192 pontifex
1696 1120 2059 1176 Guarnerium
2090 1130 2205 1175 sta-

624 1219 719 1271 tim
793 1216 993 1271 litteris
1045 1215 1115 1269 ob
1167 1223 1371 1269 tantam
1426 1214 1787 1269 temeritatem
1862 1210 2202 1282 objurgavit;

626 1305 898 1375 simulque
966 1304 1101 1360 alias
1154 1304 1363 1360 litteras
1405 1303 1659 1358 Richerio
1712 1302 1984 1357 Senonum
2026 1302 2203 1356 archi-

624 1396 882 1466 episcopo
909 1396 1153 1466 scripsit,
1189 1404 1249 1449 ut
1273 1396 1521 1449 eumdem
1569 1394 1793 1449 militem
1837 1392 2203 1449 commonefa-

622 1499 791 1555 ctum,
820 1489 866 1544 si
916 1505 1024 1543 non
1054 1489 1421 1559 resipisceret,
1451 1487 1611 1543 simul
1655 1503 1778 1542 cum
1810 1502 1908 1543 suo
1950 1487 2067 1557 ejus
2092 1486 2204 1541 loco

619 1579 1149 1634 excommunicationi
1206 1579 1507 1646 subjiceret.
1530 1578 1731 1633 Verum
1763 1579 2083 1649 priusquam
2110 1593 2203 1633 eas

620 1674 917 1742 recepisset
972 1673 1327 1738 Guarnerius,
1376 1688 1407 1727 a
1468 1671 1715 1743 Philippo
1764 1672 2020 1742 episcopo
2069 1671 2203 1726 Tre-

616 1764 769 1819 censi
815 1780 913 1819 suo
970 1763 1137 1820 fratre
1174 1764 1469 1833 increpitus
1496 1762 1610 1833 jam
1656 1764 1995 1819 satisfecerat
2038 1762 2200 1817 Lam-

614 1854 797 1921 berto;
856 1871 1088 1925 eumque
1141 1854 1242 1910 sibi
1288 1856 1699 1911 reconciliatum
1759 1854 2197 1911 Antissiodorum

614 1961 808 2017 usque,
839 1946 931 2001 ubi
980 1946 1069 2001 die
1107 1963 1138 2000 v
1205 1945 1394 1999 Iduum
1426 1944 1671 2015 ejusdem
1717 1945 1920 2000 mensis
1957 1945 2194 2011 advenit,

612 2034 912 2091 honorifice
943 2034 1125 2089 fuerat
1148 2034 1463 2090 comitatus.
1487 2033 1785 2089 Occasione
1812 2043 1994 2089 tamen
2034 2032 2195 2103 hujus

609 2125 867 2181 facinoris
905 2125 1118 2181 videtur
1168 2125 1418 2181 conditus
1452 2124 1620 2180 fuisse
1648 2140 1823 2180 canon
1866 2124 1936 2179 32
1978 2125 2194 2181 concilii

608 2217 1091 2282 Claromontensis,
1125 2227 1185 2272 ut
1219 2232 1318 2273 suo
1365 2218 1484 2273 loco
1524 2218 1787 2273 dicemus.
1828 2218 1998 2273 Porro
2033 2218 2196 2273 Lam-

616 2308 808 2363 hcrtus
833 2308 1192 2363 Antissiodori
1223 2317 1419 2378 praeter
1455 2308 1767 2364 Richcrium
1799 2308 2191 2374 Senonensem,

610 2398 1095 2469 comprovinciales
1126 2412 1189 2454 ac
1226 2399 1435 2454 vicinos
1472 2414 1601 2455 suos
1632 2400 1924 2455 Gervinum
1966 2400 2193 2456 Ambia—

607 2506 831 2546 nensem
857 2498 910 2546 et
932 2489 1235 2547 Gerardum
1252 2490 1615 2547 Morinensem
1643 2493 1925 2563 episcopos
1970 2493 2191 2563 reperit,

608 2580 931 2652 quibuscum
975 2581 1243 2651 reliquum
1278 2581 1490 2637 itineris
1543 2582 1799 2649 confecit,
1843 2593 1899 2639 et
1948 2584 2195 2640 Clarum-

609 2682 847 2726 montem
886 2671 1108 2726 advenit
1150 2673 1237 2726 die
1286 2687 1356 2727 xv
1392 2671 1665 2729 Kalendas
1708 2674 2042 2745 Decembris,
2072 2691 2193 2747 qua:

606 2764 891 2821 Dominica
945 2772 1085 2829 erat,
1152 2765 1247 2820 ubi
1289 2782 1321 2818 a
1370 2766 1615 2836 pontiﬁce
1652 2766 1868 2837 benigne
1899 2783 1954 2821 tn
2007 2769 2189 2823 osculo

604 2864 785 2910 sancto
809 2864 1076 2926 susceptus
1103 2855 1536 2911 benedictionem
1573 2855 1929 2929 apostolicam
1960 2857 2188 2927 recepit.

661 2968 837 3026 CCIV.
872 2966 1042 3023 Simul
1084 2976 1133 3021 et
1172 2966 1265 3049 alii
1294 2968 1706 3049 episcopi,.etc.,
1742 2968 1882 3039 apud
1913 2968 2157 3024 Clarum-

1102 3048 1327 3092 montem
1355 3050 1658 3093 conveniunt
1668 3077 1683 3092 ο

636 3119 806 3188 Ὀυῐη
845 3132 1025 3202 itaque
1085 3132 1267 3187 omnia
1332 3112 1401 3186 ad
1458 3132 1837 3187 celebrandum
1895 3133 2185 3189 concilium

601 3223 864 3293 disposita
911 3230 1119 3289 essent,
1170 3221 1237 3277 ad
1273 3220 1326 3276 id
1353 3221 1497 3276 enim
1533 3221 1693 3292 longo
1738 3232 1895 3278 antea
1940 3222 2187 3279 Urbanus

602 3315 895 3371 Henricum
922 3312 1191 3380 Siculum,
1232 3311 1324 3382 qui
1372 3321 1496 3382 post
1522 3313 1701 3368 varias
1740 3313 1985 3369 fortunas
2011 3315 2189 3369 cardi-

602 3406 745 3462 nalis
774 3414 828 3461 et
853 3405 1131 3475 patriacha
1165 3403 1539 3459 Antiocltenus
1566 3403 1783 3458 tandem
1816 3402 1938 3471 fuit,
1970 3407 2188 3476 praemi-

599 3506 782 3565 serat,
822 3502 1193 3553 convenerunt
1225 3503 1405 3551 autem
1454 3495 1703 3550 condicto
1746 3496 1834 3551 die
1880 3497 2020 3567 apud
2059 3497 2183 3554 Cla-

600 3597 966 3646 rummontem
1008 3603 1074 3643 ex
1111 3588 1366 3643 omnibus
1399 3587 1571 3643 ferme
1596 3588 1823 3659 Europa:
1862 3588 2030 3661 plagis
2062 3606 2183 3645 eum

609 3683 831 3738 Urbano
880 3696 1020 3751 papa
1092 3680 1518 3751 archiepiscopi,
1600 3681 1880 3752 episcopi,
1938 3682 2179 3747 abbates,

598 3773 799 3844 aliique
845 3771 1087 3826 omnium
1134 3771 1384 3826 ordinum
1440 3771 1540 3826 viri
1583 3772 1821 3827 illustres
1856 3787 1993 3843 pene
2025 3774 2183 3827 innu-

599 3864 753 3920 meri.
794 3862 997 3919 Auctor
1040 3861 1298 3918 Chronici
1333 3862 1519 3917 Sancti
1573 3862 1753 3918 Vitoni
1804 3864 2180 3932 Virdunensis,

600 3965 748 4009 torno
771 3953 792 4008 l
824 3953 1173 4009 Bibliothecae
1202 3952 1526 4017 Labbeanze,
1549 3954 1627 4007 ait
1650 3954 1717 4008 ad
1738 3953 1868 4010 illud
1890 3956 2179 4010 concilium

598 4049 864 4118 episcopos
920 4063 1048 4117 pene
1112 4045 1271 4099 totius
1333 4043 1472 4099 orbis
1549 4053 1908 4114 congregatos
1970 4044 2175 4112 fuisse,

596 4141 821 4210 exceptis
868 4137 1233 4207 Lotharingis,
1284 4134 1590 4189 Alemannis
1642 4145 1690 4189 et
1739 4135 2034 4206 Hungaris.
2068 4137 2180 4192 Hoc

599 4241 776 4285 tamen
821 4229 1211 4285 celeberrimum
1254 4225 1423 4282 fuisse
1458 4227 1648 4283 scribit
1683 4227 1955 4283 Bobertus
1994 4227 2131 4282 libro
2160 4245 2177 4283 t

596 4320 847 4374 Historiae
904 4317 1416 4389 Jerosolymitanae,
1485 4326 1738 4371 conventu
1795 4317 2070 4373 Gallorum
2116 4336 2177 4373 ac

1972 272 2032 327 Β.
2078 270 2187 328 URI

2289 270 2335 326 11
2371 273 2414 327 11
2453 273 2651 331 ΡΑΡᾹΞ
3769 297 3858 354 itit!

2241 392 2283 442 Λ
2316 404 2470 455 num,
2531 406 2653 445 cum
2704 391 2844 459 apud
2900 390 3360 449 Clarummoutem
3424 406 3586 468 esset,
3631 420 3759 463 aoua
3809 432 3860 469 ac

2313 481 2512 551 legatos
2571 484 2881 547 transmisit,
2939 493 3077 541 teste
3136 485 3429 544 Laurentio
3495 488 3763 553 Leodicnsi
3817 505 3861 557 in

2314 573 2551 629 llistoria
2587 575 2755 645 episc.
2806 575 3247 633 Virdunensium.
3299 579 3484 636 Nullus
3531 599 3655 640 vero
3684 605 3744 643 ex
3769 594 3863 647 An-

2313 663 2418 732 glia
2450 665 2739 737 episc0pus
2773 668 2881 723 huc
2935 669 3222 724 advenisse
3267 686 3493 740 usquam
3530 691 3859 740 memoratur:

2313 754 2452 810 Boso
2485 765 2663 811 tamen
2696 758 3015 825 monachus,
3046 760 3135 828 qui
3162 763 3501 830 postmodum
3527 763 3681 822 Becci
3718 772 3862 831 abbas

2312 846 2433 911 fuit,
2459 862 2489 901 a
2529 858 2719 904 sancto
2746 848 3005 906 Anselmo
3035 851 3444 909 Cantuariensis
3486 858 3863 935 archiepiscOpo

2312 936 2537 1003 missus,
2570 938 2686 1009 ejus
2747 941 2968 996 nomine
3023 942 3099 997 ibi
3155 942 3421 1009 interfuit,
3474 956 3536 1001 ut
3593 964 3657 1005 ex
3715 952 3863 1022 ipsius

2309 1027 2537 1085 Bosonis
2553 1030 2673 1085 Vita
2696 1031 2972 1087 discimus.

2749 1123 2901 1179 CCV.
2942 1124 3141 1179 Eorum
3181 1144 3435 1183 numerus

2383 1215 2670 1272 Bertoldus
2718 1217 2966 1272 tredecim
3014 1220 3428 1291 archiepiscopos
3477 1240 3592 1278 cum
3630 1228 3732 1283 suis
3768 1237 3860 1305 καί.

2308 1305 2595 1376 fraganeis,
2664 1308 2730 1362 ad
2791 1310 2930 1365 hanc
3010 1308 3295 1380 synodum,
3368 1330 3531 1383 quam
3599 1325 3864 1387 generalem

2309 1397 2560 1465 appellat,
2614 1399 2936 1453 convenisse
2979 1400 3145 1455 tradit
3205 1401 3260 1456 in
3308 1418 3413 1472 qua
3456 1404 3561 1459 205
3601 1418 3863 1477 pastorales

2305 1484 2465 1553 virgis
2490 1494 2683 1540 notatw
2716 1496 2857 1541 sunt.
2887 1485 3167 1544 Urbanum
3202 1507 3379 1546 omnes
3407 1494 3669 1566 episcopos
3697 1498 3865 1559 Gal/ite

2306 1582 2353 1626 et
2390 1572 2667 1641 Hispania:
2698 1578 2839 1646 apud
2888 1575 3337 1635 Clarummontem
3370 1597 3742 1654 congregasse.
3780 1590 3865 1645 ibi-

2306 1680 2410 1734 que
2435 1667 2714 1721 concilium
2747 1668 2928 1739 ingens
2955 1670 3257 1728 celebrasse
3282 1675 3357 1728 ait
3381 1674 3673 1735 0rdericus
3702 1680 3867 1740 Vitatis

2307 1756 2461 1812 initio
2487 1758 2610 1814 libri
2642 1775 2719 1827 Ix,
2744 1761 2855 1828 cui,
2903 1762 3098 1833 inquit,
3126 1764 3495 1822 interfuerunt
3530 1771 3867 1841 archiepisco-

2298 1849 2352 1921 pi
2386 1849 2665 1918 tredecim,
2719 1851 2956 1922 episcopi
3021 1854 3241 1911 ducenti
3291 1866 3346 1912 et
3402 1859 3590 1929 viginti
3633 1863 3868 1934 quinque,

2302 1956 2423 1994 cum
2469 1940 2804 1996 multitudine
2839 1942 3111 2011 abbatum,
3158 1945 3493 2017 aliarumque
3532 1964 3866 2021 personarum,

2296 2030 2481 2100 quibus
2506 2030 2637 2085 adeo
2675 2042 2980 2086 sanctarum
3018 2051 3161 2090 cura:
3195 2035 3450 2107 delegata:
3486 2050 3605 2094 sunt
3634 2041 3871 2100 Ecclesia-

2298 2138 2440 2177 rum.
2464 2120 2750 2177 Consentit
2775 2132 2967 2179 auctor
2993 2124 3282 2181 Gestorum
3335 2128 3613 2186 Lamberti
3652 2136 3868 2209 episcOpi

2296 2211 2688 2276 Atrebatensis,
2718 2227 2811 2282 qut
2833 2213 3053 2270 totidem
3068 2216 3513 2291 archiepiscopos
3541 2230 3595 2278 et
3618 2224 3872 2296 episcopos

2296 2318 2417 2357 cum
2445 2302 2703 2359 Romanis
2728 2304 3093 2363 cardinalibus
3126 2309 3191 2365 ad
3216 2310 3320 2365 hoc
3341 2314 3589 2381 generale
3603 2318 3867 2374 concilium

2295 2396 2613 2450 convenisse
2646 2396 2831 2463 tradit,
2870 2406 2923 2453 et
2943 2407 3140 2468 praeter
3162 2417 3257 2457 eos
3288 2404 3506 2460 abbates
3540 2413 3810 2478 nonaginta
3833 2422 3872 2465 et

2309 2504 2369 2542 eo
2399 2488 2885 2560 amplius,exceptis
2908 2493 3137 2547 honestis
3180 2505 3226 2549 et
3282 2497 3544 2567 religiosis
3576 2500 3870 2555 diversarum

2308 2578 2576 2649 regionum
2630 2590 2679 2633 et
2742 2583 3132 2650 provinciarum
3190 2587 3396 2643 clericis
3453 2602 3500 2645 et
3528 2592 3703 2647 ‘laicis.
3746 2594 3871 2650 Idem

2295 2679 2484 2739 postea
2509 2670 2561 2724 in
2604 2669 2710 2726 line
2739 2673 2953 2742 repetit,
2985 2676 3089 2729 nisi
3116 2680 3257 2745 quod
3293 2682 3739 2754 archiepiscopus
3761 2704 3873 2756 qua-

2293 2760 2576 2814 tuordecim
2600 2762 2797 2818 habeat
2819 2764 2871 2817 in
2890 2764 3093 2835 aliquot
3112 2770 3270 2825 editis
3299 2782 3356 2827 ct
3378 2789 3513 2830 mss.
3539 2774 3691 2831 Unus
3715 2786 3873 2834 tamen

2293 2852 2458 2906 codex
2514 2862 2718 2919 noster,
2778 2864 2832 2911 et
2867 2857 3084 2926 quidem
3123 2863 3392 2917 vetustior
3421 2865 3756 2923 solummodo
3782 2879 3873 2924 tre-

2292 2944 2464 2999 decim
2517 2946 2760 3015 praefert.
2820 2948 2877 3004 ln
2915 2952 3083 3007 veteri
3140 2956 3334 3011 notitia
3390 2958 3637 3029 ejusdem
3683 2964 3873 3017 concilii

2221 3074 2265 3129 B
2292 3038 2431 3106 apud
2476 3037 2753 3094 Labbeum
2807 3056 2873 3096 ex
2917 3043 3104 3099 codice
3151 3046 3339 3102 Cencii
3365 3049 3669 3107 Camerarii
3705 3070 3873 3109 consc-

2292 3129 2437 3185 disse
2472 3146 2594 3186 cum
2622 3130 2845 3188 Urbano
2865 3134 3117 3192 dicuntur
3152 3140 3557 3216 archiepiscopi
3589 3146 3875 3212 duodecim.

2290 3222 2525 3293 episcopi
2556 3225 2830 3293 octoginta
2848 3235 2902 3282 et
2936 3227 3204 3286 innumeri
3241 3232 3496 3292 abbates.
3525 3236 3738 3293 Clarius
3764 3255 3875 3295 vero

2290 3311 2478 3367 scribit
2512 3313 2565 3367 in
2610 3312 2884 3371 Chronico
2931 3316 3120 3375 Sancti
3178 3322 3331 3378 Petri
3380 3325 3506 3382 Vivi
3560 3326 3875 3386 Senonensis

2289 3402 2415 3458 huic
2435 3404 2665 3460 concilio
2695 3420 2995 3477 praesentes
3026 3410 3193 3469 fuisse
3221 3422 3506 3475 trecentos
3533 3421 3807 3493 episcopos
3829 3431 3877 3477 et

2288 3495 2531 3552 abhates.
2556 3495 2739 3554 Novus
2768 3502 3003 3573 scriptor
3031 3503 3323 3564 Gestorum
3367 3511 3464 3567 Dei
3496 3528 3596 3583 per
3624 3514 3873 3582 Francos,

2287 3593 2559 3645 trecentos
2602 3598 2658 3645 et
2704 3592 2890 3648 decem
2924 3604 3034 3651 tam
3088 3599 3379 3673 episcopos
3419 3621 3589 3677 quam
3644 3610 3874 3665 abbates.

2287 3676 2530 3748 Denique
2574 3677 2872 3739 Guibertus
2924 3684 3027 3742 hoc
3074 3690 3374 3750 concilium
3428 3676 3579 3753 tanta
3637 3700 3875 3755 celebrius

2284 3770 2446 3839 fuisse
2477 3770 2631 3838 dicit,
2662 3783 2860 3844 quanto
2897 3778 3194 3836 excellentis
3223 3794 3270 3838 et
3308 3788 3592 3846 inusitata:
3629 3809 3874 3862 persouw,

2285 3865 2564 3923 Urbanum
2608 3870 2881 3943 intelligit,
2922 3890 3017 3927 ora
3049 3890 3278 3943 cernere,
3342 3881 3504 3936 verba
3551 3884 3740 3939 audire
3773 3894 3874 3938 erat

2281 3959 2707 4019 desiderabilius.
2741 3963 2878 4019 Tum
2903 3966 3085 4022 subdit
3110 3985 3123 4022 :
3151 3967 3273 4023 Illic
3297 3984 3499 4041 pra-ter
3525 3976 3874 4046 episcoporum

2281 4060 2328 4104 et
2359 4051 2600 4109 abbatum
2630 4058 2898 4124 examina,
2935 4075 3066 4130 quos
3097 4061 3305 4116 circiter
3341 4068 3753 4138 quadringintos
3793 4082 3874 4138 per

2279 4144 2624 4212 prominentes
2644 4148 2844 4217 ferulas
2880 4149 3045 4219 fuisse
3066 4152 3229 4225 aliqui
3256 4171 3699 4228 numeraveram,
3730 4162 3877 4215 totius

2281 4230 2528 4289 Francia:
2555 4249 2601 4289 et
2631 4240 2996 4308 appendicium
3038 4245 3387 4301 comitatuum
3419 4248 3730 4305 litteratura
3764 4268 3877 4304 con-

2280 4325 2455 4394 ﬂuxit.
2512 4325 2620 4383 Nec
2661 4330 2857 4385 mirum
2900 4332 2943 4386 si
2974 4331 3171 4389 Franci
3219 4343 3381 4393 tanto
3421 4355 3554 4395 cum
3592 4342 3787 4397 ardore
3817 4341 3877 4395 ad

595 4414 976 4470 Germanorum
1015 4423 1120 4468 tam
1173 4414 1532 4483 episcoporum
1570 4430 1729 4484 quam
1758 4415 2071 4485 principum.
2106 4417 2175 4470 At
2207 4457 2257 4517 ο
2283 4416 2546 4473 illustrem
2585 4418 2719 4475 adeo
2757 4429 2812 4475 et
2857 4422 3175 4480 inusitatum
3235 4437 3444 4483 caelum
3498 4431 3872 4487 conﬂuxeriut.

593 4505 901 4569 Alemanni,
944 4521 1175 4575 quorum
1207 4504 1452 4559 nonnulli
1484 4503 1704 4560 Urbano
1732 4514 1888 4560 erant
1915 4508 2177 4564 addictis-

594 4595 736 4658 simi,
760 4595 867 4649 huc
895 4593 1035 4650 forte
1064 4610 1173 4649 non
1211 4603 1605 4663 convenerant,
1636 4596 1779 4665 quod
1811 4606 1935 4652 ante
1975 4615 2177 4668 paucos

594 4701 808 4741 menses
837 4685 1158 4742 Placentino
1190 4685 1442 4752 concilio,
1474 4687 1553 4742 uti
1599 4688 1857 4755 vidimus,
1902 4689 2178 4745 interfuis-

594 4786 733 4831 sent.
764 4778 842 4831 Ex
890 4776 1238 4848 Lotharingis
1277 4786 1481 4843 autem,
1517 4778 1561 4832 si
1592 4777 1877 4835 Meurissio
1903 4782 2174 4837 credimus

591 4879 646 4927 et
674 4870 1131 4935 Sammarthanis,
1164 4869 1291 4924 huic
1324 4869 1555 4925 concilio
1601 4870 1820 4928 adfuere
1851 4874 2033 4944 Poppo
2062 4874 2171 4928 Me-

586 4962 763 5018 ‘tensis
799 4962 1104 5033 episcopus,
1134 4970 1187 5015 et
1226 4961 1358 5015 Pibo
1403 4961 1689 5025 Tullensis,
1723 4964 1811 5032 qui
1847 4964 2003 5032 Pll)0,
2033 4967 2075 5021 si
2110 4967 2169 5023 Ρ.

594 5054 881 5109 Benedicto
912 5053 1208 5122 Capucino,
1264 5054 1471 5107 auctori
1501 5069 1654 5109 novae
1684 5054 1954 5110 Tullensis
1991 5057 2170 5113 llisto-

592 5145 711 5209 rim,
747 5145 1055 5205 credamus,
1104 5141 1158 5195 in
1199 5157 1352 5196 suam
1387 5142 1664 5198 dioecesim
1714 5160 1745 5199 c
1786 5146 2036 5212 concilio,
2085 5150 2169 5204 cui

590 5254 713 5291 cum
743 5235 997 5290 Renardo
1038 5233 1279 5289 Tullcnsi
1317 5236 1514 5291 comite
1557 5246 1611 5291 et
1649 5237 1810 5293 Petro
1839 5238 1955 5307 ejus
2003 5239 2171 5299 fratre

589 5324 927 5391 interfuerat,
977 5323 1167 5389 redux,
1201 5327 1267 5378 ad
1326 5340 1535 5380 sacram
1572 5329 1968 5398 expeditionem
2001 5335 2172 5390 susci-

588 5418 841 5489 piendam
895 5416 1184 5485 plerosque
1241 5417 1397 5472 istius
1470 5421 1708 5489 regionis
1765 5425 1911 5480 viros
1963 5428 2170 5484 nobiles

588 5507 833 5562 adduxit.
886 5506 1173 5561 Richerius
1220 5523 1349 5563 vero
1415 5510 1639 5566 V’irduni
1707 5516 2015 5587 episcopus,
2077 5523 2166 5591 qui

587 5599 745 5668 paulo
778 5609 900 5653 ante
928 5598 1061 5651 illud
1109 5607 1345 5669 tempus,
1373 5601 1583 5671 ejurata
1630 5605 1849 5663 llenrici
1896 5620 2069 5675 secta,
2102 5614 2169 5667 ab

586 5689 810 5761 llugone
841 5689 1189 5761 Lugdunensi
1234 5688 1411 5748 fuerat
1468 5690 1836 5769 consecratus,
1880 5701 1948 5757 ad
1998 5704 2167 5761 Urba-

2282 4508 2491 4564 Etenim
2524 4519 2718 4580 praeter
2752 4514 2994 4572 nativum
3025 4515 3320 4585 fervorem,
3356 4521 3656 4593 Philippus
3687 4541 3805 4589 rex,
3830 4533 3883 4577 ut

2279 4600 2480 4657 Urbani
2512 4602 2650 4657 votis
2691 4603 3108 4672 obsecundaret,
3163 4613 3423 4668 omnibus
3475 4618 3631 4687 regni
3664 4619 3747 4673 sui
3779 4618 3883 4687 epi-

2278 4694 2453 4763 scopis
2504 4703 2560 4749 et
2605 4696 2888 4751 abbatibus
2946 4710 3271 4770 potestatem
3328 4705 3552 4763 fecerat
3620 4710 3729 4766 huc
3767 4727 3882 4766 cum

2276 4786 2421 4841 omni
2470 4790 2762 4844 securitate
2793 4795 3157 4861 commeandi,
3194 4798 3336 4865 quod
3390 4800 3514 4870 ipse
3557 4803 3807 4873 pontifex
3835 4804 3881 4856 in

2276 4878 2474 4935 liztcris
2507 4881 2574 4936 ad
2625 4881 2950 4939 Garnerium
3001 4900 3166 4956 supra
3216 4887 3461 4947 laudatis
3504 4903 3749 4951 testatus
3787 4905 3881 4951 est.

2276 4970 2410 5027 Cum
2460 4982 2595 5029 vero
2643 4976 2803 5045 hujus
2856 4978 3071 5033 concilii
3123 4980 3255 5049 Acta
3295 4996 3569 5041 accurate
3617 4988 3885 5058 descripta

2276 5080 2381 5119 non
2413 5067 2737 5133 habeantur,
2772 5069 2906 5123 nihil
2938 5070 3131 5125 mirum
3164 5082 3247 5128 est
3270 5075 3314 5129 si
3362 5078 3513 5132 varii
3551 5081 3884 5151 quandoque

2282 5158 2487 5215 fuerint
2507 5168 2758 5215 auctores
2788 5161 2839 5215 in
2864 5162 3184 5232 assignando
3200 5167 3603 5236 episcoporum
3637 5173 3731 5241 qui
3767 5174 3889 5227 huic

2286 5248 2514 5305 concilio
2564 5251 2856 5308 interfuere
2903 5269 3147 5309 numero.
3199 5257 3300 5324 Qui
3357 5271 3556 5317 autem
3616 5265 3883 5321 minorem

2273 5357 2434 5412 quam
2466 5345 2647 5399 caeteri
2685 5362 2971 5404 numerum
3007 5355 3379 5423 assignarunt,
3438 5355 3494 5410 id
3549 5356 3759 5413 fecisse
3812 5356 3888 5409 vi-

2272 5432 2468 5487 dentur
2483 5436 2653 5505 quod,
2676 5452 2799 5493 cum
2822 5455 3009 5496 omnes
3035 5444 3293 5511 praesules
3319 5448 3597 5504 omnibus
3626 5448 3889 5505 sessioni-

2270 5526 2372 5580 bus
2415 5539 2711 5607 praesentes
2755 5548 2861 5587 non
2914 5533 3137 5600 fuerint,
3169 5537 3245 5591 illi
3293 5553 3403 5593 eos
3436 5549 3663 5597 tantum
3699 5558 3888 5598 recen-

2271 5620 2481 5674 sucrint
2518 5622 2609 5689 qui
2672 5624 2930 5694 singulari
2979 5627 3139 5682 alicui
3190 5628 3429 5685 sessioni
3487 5633 3882 5690 interfuerant.

2273 5711 2339 5766 Et
2370 5711 2421 5767 id
2474 5713 2671 5783 smpius
2707 5716 2939 5772 occurrit
2993 5718 3046 5773 in
3096 5719 3484 5779 instrumentis
3522 5727 3885 5795 potissimum
