3892 6320
130 331 249 387 165

1645 317 1804 374 V'ITA

3310 332 3407 387 166

125 446 202 499 de
235 442 416 511 aliquo
448 438 764 511 particulari
812 438 1030 509 negotio
1063 438 1343 494 confectis.
1377 438 1452 492 lta
1488 436 1735 492 Urbanus
1766 430 1810 485 Α
1838 431 2123 503 episcopus
2170 444 2306 491 erat.
2350 435 2775 510 Archiepiscopi,
2828 452 3023 509 praeter
3072 441 3322 498 Pisanum
3358 456 3412 500 et

124 540 258 608 ipse
294 539 343 591 in
374 536 599 590 decreto
626 550 723 603 pro
753 533 1171 589 conﬁrmatione
1204 532 1472 603 primatus
1512 529 1726 600 Lugdu-

126 631 341 689 nensis,
368 628 494 682 huic
532 625 830 680 deﬁnitioni
879 623 1191 680 interfuisse
1241 633 1491 691 testatur,
1533 630 1729 691 praeter

124 721 453 776 Ricberium
496 717 867 773 Senonensem
917 717 1410 786 archiepiscopum,
1453 716 1725 769 duodecim

127 812 557 881 archiepiscopo:
614 826 732 862 cum
791 809 1049 878 episcopis
1106 808 1404 877 octoginta,
1454 807 1727 860 abbatibus

125 901 422 970 nonaginta
451 909 496 953 et
527 915 585 952 eo
614 897 861 968 amplius.
899 896 1007 952 Sed
1036 897 1206 967 magis
1233 896 1299 948 ad
1320 910 1433 949 rem
1469 895 1725 963 pertinet,

127 993 282 1060 quod
310 1002 501 1045 auctor
527 990 817 1045 Gestorum
844 990 1221 1059 episcoporum
1248 987 1645 1043 Turonensium
1675 996 1729 1041 et

127 1081 396 1135 abbatum
433 1078 651 1147 Maioris
681 1078 996 1133 Monasterii
1044 1093 1246 1148 paucos
1281 1077 1504 1132 omnino
1542 1091 1729 1130 recen-

128 1181 255 1228 seat
288 1171 561 1225 antistites
614 1171 703 1240 qui
731 1170 1017 1241 privilegio
1038 1170 1281 1239 ejusdem
1320 1168 1637 1223 monasterii
1673 1168 1725 1221 in

130 1263 372 1319 concilio
419 1262 866 1331 subscripserint,
922 1260 1167 1331 quamvis
1206 1261 1379 1329 ipsum
1438 1258 1725 1313 concilium

133 1356 188 1409 in
219 1354 500 1424 pra’sentia
527 1354 928 1422 quingentorum
968 1352 1130 1421 ferme
1165 1351 1385 1405 Patrum
1411 1350 1727 1406 celebratum

135 1448 306 1503 fuisse
356 1448 583 1519 ipsemet
611 1456 768 1501 antea
799 1445 1168 1500 observasset.

208 1560 387 1616 CCVI.
420 1558 581 1614 διάη
632 1569 679 1613 et
719 1558 929 1612 nomina
973 1558 1363 1613 nonnullorum.
1403 1558 1634 1613 Minis:ri

887 1646 1019 1683 αυιε.

887 1646 1019 1698 αριε.

210 1725 340 1780 Haec
367 1724 431 1779 de
459 1738 686 1778 numero
726 1647 1105 1793 episfoporum
1137 1722 1228 1792 qui
1260 1722 1326 1776 ad
1355 1720 1727 1778 Claromonta-

1831 523 2192 594 Rhegiensem
2233 542 2395 597 supra
2427 540 2774 597 memoratos,
2806 541 2961 587 erant
3008 533 3158 603 Hugo
3195 534 3411 607 Lugdu-

1828 617 2051 680 nensis,
2096 617 2322 672 Amatus
2371 618 2812 691 Burdigalensis,
2859 633 3088 694 uterque
3135 626 3186 680 in
3236 627 3407 681 Gallia

1827 705 2099 774 pontiﬁcis
2128 707 2385 769 vicarius,
2410 707 2721 765 Bernardus
2750 711 3040 768 Toletanus
3078 724 3133 768 et
3158 715 3271 785 ipse
3301 716 3408 772 Ur-

1827 794 1953 849 bani
1984 796 2217 851 vicarius
2274 799 2326 851 in
2373 798 2677 869 Hispaniis;
2736 804 2915 857 caeteri
2970 804 3280 876 Raynaldus
3306 807 3411 862 Re-

1829 886 2049 950 mensis.
2092 888 2396 944 Adebertus
2423 890 2778 948 Bituricensis
2798 936 2810 959 ,
2839 895 3096 952 Rodull‘us
3128 899 3408 955 Turonen-

1830 977 1925 1042 sis,
1958 978 2247 1036 Richerius
2279 981 2631 1045 Senonensis.
2682 986 2981 1043 Dalmatius
3014 990 3405 1059 Narbonensis,

1829 1067 2001 1123 Guido
2032 1068 2383 1138 Viennensis,
2439 1072 2801 1145 Berengarius
2858 1078 3303 1150 Tarraconensis,
3357 1094 3411 1141 et

1831 1156 2069 1231 [Petrus]
2107 1160 2383 1227 Axiensis,
2410 1177 2505 1218 seu
2551 1164 2690 1219 forte
2712 1167 2997 1236 Aquensis.
3027 1170 3301 1241 Nonnulli,
3332 1177 3411 1230 uti

1826 1248 1935 1318 jam
1967 1268 2125 1322 supra
2150 1253 2575 1322 observavimus,
2611 1258 2815 1312 addunt
2863 1260 3173 1317 Anselmurn
3208 1266 3409 1321 Medio-

1831 1338 2127 1406 lanensem,
2161 1344 2302 1411 quod
2335 1360 2401 1398 an
2452 1361 2640 1400 vcrmu
2697 1349 2767 1402 sit
2811 1364 3055 1405 asserere
3079 1369 3185 1407 non
3214 1358 3407 1411 ausim.

1831 1432 2107 1489 Rolandus
2137 1449 2265 1491 vero
2317 1436 2581 1505 Dolensis,
2615 1441 2707 1509 qui
2743 1440 2812 1495 ob
2841 1443 2987 1511 pallii
3040 1445 3300 1501 honorem
3332 1450 3410 1503 di-

1831 1523 2061 1580 cebatur
2090 1527 2553 1599 archiepiscopus,
2580 1547 2687 1585 non
2714 1533 2929 1587 videtur
2956 1534 3131 1590 locum
3159 1538 3413 1593 habuisse

1830 1614 1973 1670 inter
1995 1619 2461 1687 metr0politanos.
2491 1621 2787 1694 Episcopos
2821 1640 2950 1680 vero
2974 1626 3185 1695 inveni,
3214 1644 3278 1683 ex
3312 1630 3413 1685 Re-

1830 1710 2000 1764 mensi
2024 1712 2304 1780 provincia
2334 1713 2685 1771 Lambertum
2744 1718 3180 1785 Atrebatensem,
3217 1723 3411 1781 Gerar-

142 1833 267 1873 nam
325 1817 591 1889 synodum
648 1830 981 1881 convenere;
1016 1823 1073 1869 at
1122 1814 1343 1885 quinam
1379 1814 1455 1870 illi
1500 1814 1720 1881 fuerim,
1758 1803 1801 1857 B
1828 1803 1953 1857 dum
1976 1802 3412 1889 Morinensem,GervinumAmbianensem,Rogerum

144 1922 443 1977 quarumve
482 1907 692 1962 sedium
720 1906 1009 1970 antistites,
1050 1920 1210 1960 nemo
1239 1914 1343 1972 est,
1370 1913 1430 1960 ut
1452 1916 1603 1976 puto,
1632 1906 1724 1975 qui

149 1999 386 2052 divinare
432 1988 586 2064 velit,
639 1997 1019 2052 deﬁcientibus
1079 1996 1267 2067 probis
1321 1997 1721 2053 instrumentis.

153 2087 434 2142 Nonnullos
466 2097 669 2150 tamen,
706 2088 796 2157 qui
827 2088 1029 2159 passim
1076 2089 1129 2143 in
1156 2088 1498 2144 revolvendis
1533 2104 1723 2143 eorum

165 2188 447 2248 temporum
474 2180 840 2234 monumentis
866 2188 1554 2245 occurrerunt,recensere
1581 2178 1725 2233 haud

161 2270 412 2341 ingratum
445 2271 786 2341 putavimus;
849 2271 984 2326 alios
1036 2271 1175 2326 forte
1233 2271 1327 2326 alii
1378 2270 1720 2325 indicabunt.

153 2361 226 2415 Kx
257 2363 341 2416 his
370 2362 576 2432 aliquot
601 2371 758 2417 erant
809 2362 1115 2418 cardinales
1160 2378 1227 2417 ex
1260 2362 1530 2433 pontiﬁcis
1555 2362 1726 2418 comi-

148 2461 277 2520 tatu,
334 2454 449 2522 ejus
483 2469 677 2525 nempe
726 2454 1005 2521 ofﬁciales,
1054 2456 1261 2510 scilicet
1304 2454 1541 2509 Joannes
1591 2455 1725 2509 Por-

146 2546 345 2600 tuensis
396 2546 707 2616 episcopus,
751 2548 932 2602 Bruno
981 2546 1286 2617 Signensis,
1319 2546 1594 2601 Walterus
1628 2562 1724 2601 seu

138 2636 427 2693 Gualterus
473 2638 767 2700 Albiensis,
828 2655 921 2693 seu
993 2639 1172 2709 potius
1233 2639 1577 2701 Albanensis,
1633 2640 1724 2707 qui

134 2727 290 2795 paulo
339 2736 502 2783 antea
537 2728 591 2782 in
618 2728 864 2798 Angliam
896 2728 1106 2801 legatus
1148 2728 1346 2795 fuerat,
1387 2729 1727 2784 Daimbertus

136 2819 581 2889 archiepiscopus
613 2819 883 2874 Pisarum.
935 2820 1031 2875 His
1061 2822 1210 2876 addit
1254 2822 1391 2876 liber
1440 2823 1513 2875 De
1557 2822 1725 2889 gestis

135 2910 672 2981 archiepiscoporum
700 2911 1097 2968 Turonensium
1127 2928 1250 2967 mox
1279 2911 1530 2966 laudatus
1573 2911 1721 2965 Ran-

136 3002 347 3070 gerium
401 3003 870 3074 archiepiscopum
926 3003 1312 3075 Rhegiensem,
1368 3004 1723 3070 Richardum,

136 3107 254 3147 eum
304 3091 457 3149 forte
504 3095 598 3165 qui
643 3104 773 3151 tunc
825 3096 995 3152 abbas
1023 3104 1142 3151 erat
1194 3094 1378 3151 Sancti
1410 3095 1643 3152 Victoris
1672 3104 1725 3152 et

1824 1894 2289 1964 Bellovacensem,
2348 1892 2631 1958 Letaldum
2691 1905 3184 1971 Silvanectensem,
3251 1912 3413 1966 Gnal-

1826 1988 2069 2044 cherium
2106 1992 2588 2063 Cameracensem,
2635 2004 2689 2051 et
2725 2006 2950 2053 cmteros
3003 1998 3240 2068 ejusdem
3297 2019 3408 2057 me-

1829 2079 2051 2148 tropolis
2103 2080 2474 2152 suﬁ'raganeos
2504 2126 2519 2151 ,
2567 2095 2627 2140 ut
2680 2088 2843 2143 habet
2886 2099 3077 2145 auctor
3122 2091 3409 2148 Gestorum

1828 2166 2139 2236 Lamberti,
2186 2172 2407 2243 ipseque
2449 2177 2692 2245 pontifex
2752 2179 2927 2234 innuit
2979 2183 3030 2236 in
3089 2184 3312 2251 epistola
3344 2189 3409 2239 ad

1826 2258 2266 2327 Cameracenses,
2299 2266 2500 2335 scripta
2551 2268 2720 2324 altera
2750 2272 2834 2327 die
2861 2282 2979 2343 post
3016 2274 3246 2329 solutum
3288 2295 3412 2331 con-

1827 2349 2035 2403 cilium.
2069 2351 2142 2405 Ex
2174 2354 2367 2423 quibus
2399 2357 2539 2411 haud
2576 2360 2798 2415 dubium
2835 2374 2951 2417 erat
2984 2364 3134 2436 Hugo
3164 2367 3413 2424 Suessioo

1827 2441 2033 2507 nensis,
2074 2451 2130 2495 ut
2173 2456 2358 2500 mouet
2386 2447 2699 2505 Dormasius
2732 2451 3141 2512 Suessionensis
3169 2458 3415 2515 Historia:

1827 2531 2080 2599 scriptor.
2112 2532 2206 2587 His
2236 2536 2515 2593 addendus
2542 2548 2625 2595 est
2674 2540 2931 2598 Hib'odus
2956 2544 3196 2614 ejusdem
3231 2550 3413 2606 Eccle-

1828 2620 1921 2674 siae
1945 2630 2099 2676 antea
2126 2623 2537 2696 episcopus,qui
2564 2636 2691 2685 tunc
2713 2631 2935 2688 dimissa
2964 2637 3091 2692 sede
3118 2639 3167 2692 in
3198 2639 3413 2708 Majori-

1828 2710 2158 2769 Monasterio
2206 2718 2549 2786 morabatur;
2585 2721 2631 2777 is
2663 2724 2777 2792 ipse
2824 2742 2981 2795 quem
3027 2741 3209 2799 postea
3240 2733 3290 2787 in
3323 2735 3420 2788 ab-

1827 2803 2009 2860 batem
2036 2806 2265 2863 electum
2281 2812 2520 2867 nonnulli
2538 2829 2724 2869 rursus
2750 2816 3168 2875 benedicendum
3190 2838 3308 2878 esse
3328 2841 3417 2878 au—

1834 2900 2133 2961 tumabant.
2161 2900 2493 2959 reclamante
2523 2905 2682 2960 Ivone
2704 2909 2862 2976 epist.
2881 2908 2949 2965 88
2979 2911 3045 2975 ad
3067 2910 3338 2968 Pascalem
3374 2916 3416 2969 ll

1829 3000 1890 3041 ea
1919 2985 1986 3041 de
2010 3003 2068 3042 re
2097 2990 2318 3060 scripta.
2348 2992 2423 3047 Ex
2456 2996 2733 3063 provincia
2768 2998 3076 3056 Trevirensi
3109 3004 3418 3060 interluisse

1830 3077 2109 3147 dicuntur,
2139 3094 2198 3137 ut
2225 3099 2384 3155 supra
2424 3089 2854 3157 observavimus,
2912 3095 3091 3166 Peppo
3142 3097 3413 3161 Metensis.

135 3185 467 3251 cardinalis,
522 3196 617 3240 aut
674 3188 830 3243 illum
891 3188 1334 3244 archidiaconum
1390 3188 1723 3255 Metensem,

1830 3179 1877 3223 et
1936 3170 2068 3227 Pibo
2122 3174 2390 3231 Tullensis
2420 3220 2434 3245 ,
2485 3196 2609 3235 cum
2671 3181 2849 3253 legato
2892 3185 3131 3241 Richerii
3177 3192 3415 3260 episcopi

134 3275 269 3331 infra
309 3292 386 3331 ex
421 3276 707 3332 Meurissio
746 3280 1186 3347 memorandum;
1219 3278 1482 3335 Joannem
1516 3279 1723 3337 Galtel-

134 3368 235 3423 lum
270 3386 377 3425 seu
409 3370 590 3438 potius
619 3368 945 3437 Gaetanum,
995 3372 1382 3427 cancellarium
1430 3372 1723 3443 pontiﬁcis,

134 3456 465 3528 Gregorium
507 3458 827 3531 Papiensem
865 3460 1155 3517 diaconum
1196 3472 1251 3519 et
1293 3462 1572 3532 Hugonem
1604 3462 1723 3518 Vir-

133 3549 437 3605 dunensem
490 3552 781 3607 diaconum
826 3553 1084 3609 Romanae
1122 3554 1378 3611 Ecclesia:
1424 3556 1724 3611 ministros.

133 3639 453 3712 Gregorius,
485 3642 577 3698 hic
610 3652 966 3710 memoratus,
994 3644 1039 3699 is
1087 3653 1169 3700 est
1212 3646 1347 3716 ipse,
1390 3645 1494 3700 nisi
1544 3646 1725 3713 fallor,

134 3731 287 3803 hujus
341 3733 587 3789 nominis
638 3735 955 3801 cardinalis,
1013 3736 1126 3806 qui,
1176 3744 1314 3791 teste
1357 3736 1618 3803 Roherto,
1670 3738 1725 3792 in

132 3823 377 3879 Historia
409 3840 580 3883 sacra:
606 3828 988 3898 expeditionis,
1023 3836 1146 3897 post
1178 3827 1386 3884 Urbani
1421 3832 1725 3885 orationem

133 3916 379 3969 omnium
428 3917 649 3972 nomine
696 3918 752 3972 in
798 3919 1031 3973 concilio
1061 3917 1458 3976 confessionem
1497 3920 1625 3977 fecit
1673 3930 1728 3977 et

132 4007 533 4064 absolutionem
578 4010 833 4066 obtinuit.
866 4012 1009 4068 Alibi
1054 4012 1271 4069 invenio
1324 4012 1628 4071 Teusonem
1673 4028 1731 4072 et

132 4093 512 4152 Ranchionem
567 4100 735 4154 etiam
779 4102 1106 4170 cardinales,
1146 4105 1346 4174 quibus
1384 4094 1615 4164 addendi
1658 4124 1726 4164 ex

134 4189 413 4255 pontiﬁcis
441 4190 750 4246 ministerio
778 4192 905 4248 Milo
945 4209 1010 4250 ex
1044 4197 1310 4252 monacho
1344 4198 1530 4255 Sancti
1577 4200 1726 4257 Albi-

135 4280 207 4343 ni,
237 4290 432 4350 postea
494 4280 613 4351 ejus
660 4283 889 4356 legatus,
928 4295 985 4341 et
1022 4288 1289 4345 Henricus
1337 4291 1574 4360 Siculus,
1610 4294 1724 4364 jam

134 4386 288 4441 supra
343 4372 621 4442 laudatus,
680 4390 844 4447 quem
896 4379 1137 4449 pontifex
1182 4392 1242 4437 ut
1299 4388 1609 4441 necessaria
1657 4390 1724 4443 ad

134 4466 403 4532 synodum
447 4466 778 4537 disponeret,
819 4469 1113 4529 Placentia:
1157 4475 1332 4531 adhuc
1384 4478 1624 4534 existens
1672 4480 1723 4534 in

136 4556 330 4615 Gallias
388 4562 748 4630 praemiserat.
791 4564 997 4620 Prteter
1038 4568 1158 4637 hos,
1200 4569 1243 4624 si
1285 4579 1462 4627 tamen
1510 4590 1575 4629 ex
1620 4574 1726 4630 illis

139 4664 236 4702 non
260 4649 395 4715 fuit,
426 4650 739 4709 Meurissius
771 4654 823 4708 in
850 4655 1091 4713 Historia
1118 4660 1497 4729 episcoporum
1526 4662 1727 4720 Meten~

138 4738 271 4793 sium
320 4740 658 4797 Richardum
705 4747 1151 4803 archidiaconnm
1199 4750 1493 4807 Metensem
1526 4770 1729 4810 memo-

139 4839 234 4893 rat,
263 4846 433 4900 quem
455 4834 521 4888 ab
548 4832 784 4890 Henrico
808 4836 1135 4907 imperatore
1157 4842 1284 4896 olim
1308 4858 1429 4897 cum
1448 4842 1729 4899 Hei-iman-

141 4934 205 4973 no
226 4922 488 4993 episcopo
517 4934 614 4978 su‘o
635 4925 869 4995 pulsum,
895 4939 947 4983 et
971 4946 999 4983 a
1027 4931 1289 5003 Gregorio
1310 4932 1393 4988 VII
1415 4937 1725 5007 episcopatu

140 5010 432 5069 Albaneusi
446 5014 785 5083 donatum,iu
801 5036 861 5074 ea
875 5024 1079 5092 synodo
1090 5027 1414 5082 cardinalem
1430 5041 1481 5082 ct
1495 5031 1726 5102 legatum

144 5099 193 5152 in
224 5101 637 5176 Lotharingiam
687 5119 743 5164 et
789 5111 1135 5167 Germaniam
1165 5116 1233 5169 ah
1268 5116 1490 5173 Urbano
1522 5099 1724 5175 factum

146 5188 307 5248 fuisse
319 5197 527 5252 scribit.
544 5200 836 5270 thuidem
860 5203 1117 5276 Ughellus
1132 5207 1182 5265 in
1199 5209 1444 5281 catalogo
1460 5212 1500 5264 Α
1512 5212 1729 5268 lbanen-

148 5284 279 5339 sium
308 5289 684 5360 episcoporum
714 5294 1046 5353 Richardutn
1093 5309 1370 5367 recenset,
1402 5305 1498 5357 sed
1524 5304 1591 5358 ah
1619 5306 1725 5361 Ur-

150 5375 286 5433 bano
334 5384 709 5454 presbyterum
758 5390 1087 5446 cardinalem
1114 5405 1168 5448 et
1195 5410 1225 5448 a
1253 5394 1514 5453 Paschale
1546 5395 1588 5453 li
1610 5403 1724 5471 cpi-

152 5482 366 5539 scopum
400 5474 620 5541 factum,
653 5496 813 5549 quem
839 5499 961 5537 cum
994 5484 1266 5543 Richardo
1289 5488 1606 5550 Massiliensi
1639 5497 1729 5551 ab-

150 5558 271 5616 bate
298 5565 598 5622 confundit.
631 5570 698 5626 Et
740 5572 968 5630 fortasse
1024 5576 1280 5647 Ughellus
1334 5592 1389 5635 ut
1441 5600 1723 5655 personas,

154 5649 221 5704 ita
252 5652 562 5713 Meurissius
579 5661 742 5716 etiam
770 5666 915 5718 varia
936 5674 1177 5737 tempora
1211 5671 1261 5723 in
1293 5690 1455 5728 unum
1485 5680 1721 5734 miscuit.

152 5740 274 5800 Nam
332 5749 641 5836 Gualtcrius
700 5774 806 5815 non
860 5760 1163 5819 Ricltartlus
1218 5774 1345 5821 tunc
1400 5770 1723 5834 Albanensis

1754 4524 1804 4583 D

1832 3262 2210 3323 Virdunensis.
2239 3269 2318 3325 Ex
2362 3270 2741 3343 Lugtlunensi,
2793 3278 2984 3349 Agaue
3012 3278 3320 3347 jEduensis,
3364 3294 3419 3339 ct

1831 3356 2129 3415 Landrieus
2186 3360 2618 3421 Matisconensis.
2681 3368 2757 3422 Et
2798 3368 3251 3441 Rothomagensi.
3301 3376 3418 3431 Odo

1828 3449 2162 3520 Bajocensis,
2225 3453 2562 3512 Gislebertus
2609 3452 2955 3516 Ehroicensis
2993 3473 3048 3518 et
3110 3465 3266 3522 Serlo
3318 3468 3417 3523 Sa-

1828 3540 2051 3609 giensis,
2093 3544 2207 3597 suis
2236 3554 2291 3599 et
2318 3545 2547 3601 aliorum
2592 3549 2831 3619 ejusdem
2872 3553 3160 3621 provincim
3207 3558 3420 3611 antisti-

1831 3640 1966 3698 tum,
1992 3649 2221 3703 quorum
2246 3638 2407 3704 legati
2436 3647 2619 3706 erant,
2667 3643 3002 3707 nominibus,
3028 3657 3086 3699 ut
3119 3645 3281 3703 habet
3322 3648 3418 3705 0r-

1831 3722 2044 3778 dericus
2094 3724 2233 3780 libro
2294 3743 2370 3781 tx.
2422 3728 2502 3782 Ex
2541 3729 2867 3797 Turonensi,
2924 3750 3017 3789 seu
3077 3734 3417 3807 Lugdunensi

1832 3815 2011 3880 tertia,
2047 3816 2266 3873 lloellus
2297 3818 2792 3889 Cenomanncnsis,
2848 3824 3144 3883 Gaufridus
3170 3829 3420 3901 Andcga-

1829 3908 2031 3976 vensis,
2082 3910 2405 3969 Benedictus
2455 3912 2862 3979 Namnetensis,
2909 3927 2963 3972 et
3008 3919 3282 3977 ltolandus
3313 3924 3419 3977 Do.

1830 3998 2036 4067 lensis,
2074 4004 2167 4072 qui
2218 4003 2396 4060 locum
2432 4006 2575 4061 inter
2624 4008 3070 4078 mctropolitanos
3122 4014 3418 4071 ambiebat.

1828 4091 1906 4147 Ex
1961 4095 2261 4152 Senouensi
2322 4115 2415 4154 seu
2469 4100 2815 4171 Lugdunensi
2846 4117 3061 4173 quarta,
3095 4107 3186 4162 lvo
3214 4109 3419 4163 Carna-

1830 4186 2020 4250 tensis,
2052 4187 2291 4245 Joannes
2312 4192 2741 4259 Aurelianensis,
2771 4206 2823 4250 et
2856 4197 2945 4251 alii
2992 4201 3278 4268 provincia:
3308 4204 3419 4255 suf-

1827 4277 2069 4349 fraganei
2100 4298 2165 4336 ex
2205 4283 2405 4339 Urbani
2440 4288 2582 4341 bulla
2628 4305 2725 4358 pro
2767 4292 2999 4361 primatu
3049 4292 3411 4363 Lugtltznensi.

1830 4369 1905 4423 Ex
1942 4369 2235 4427 Viennensi
2264 4374 2413 4446 Hugo
2438 4376 2991 4450 Gratianopolitanus,
3025 4392 3078 4437 et
3105 4384 3417 4441 Guntardus

1828 4460 2111 4519 Valentia).
2153 4465 2229 4520 Ex
2279 4466 2605 4536 Arelatensi,
2665 4472 2974 4527 Desiderins
3032 4475 3414 4532 Cavelliccnsis

1835 4554 2119 4611 defunctus
2144 4558 2356 4613 concilii
2385 4570 2644 4630 tempore,
2684 4572 2738 4617 et
2768 4562 3065 4619 Willclmus
3096 4567 3419 4622 Arausicen-

1834 4646 1931 4710 sis,
1961 4648 2050 4717 qui
2077 4646 2388 4705 Adhemaro
2424 4650 2673 4708 Podiensi
2719 4670 2888 4709 sacra:
2926 4656 3283 4726 expeditionis
3323 4659 3417 4712 du-

1834 4738 1970 4797 ctori
2001 4741 2179 4794 socius
2208 4740 2493 4809 adjunctus
2522 4754 2622 4799 est.
2657 4746 2732 4799 Ex
2776 4746 3094 4801 Bituricensi
3130 4748 3416 4805 Durannus

1834 4829 2317 4901 Claromontensis,
2369 4836 2453 4889 cui
2507 4838 2761 4891 defuncto
2808 4838 3130 4893 substitutus
3161 4853 3241 4894 est
3272 4840 3420 4895 Guil-

1835 4920 2139 4988 lelmus,ab
2166 4925 2307 4994 ipso,
2360 4936 2418 4981 ut
2466 4928 2682 4997 quidem
2736 4930 2905 4987 aiunt.
2960 4928 3177 4984 Urbano
3229 4948 3420 4988 conse-

1836 5027 2035 5077 cratus,
2072 5016 2407 5075 llumbaldus
2446 5020 2867 5086 Leniovicensis,
2899 5021 3235 5077 Adliemarns
3266 5024 3415 5080 l’odii

1834 5120 1925 5160 seu
1962 5108 2289 5173 Anicwnsrs,
2318 5112 2407 5180 qui
2437 5114 2934 5179 erucesignatorum
2967 5114 3073 5167 dux
3103 5131 3193 5168 seu
3220 5118 3416 5171 antesi-

1834 5215 2041 5268 gnanus
2068 5202 2346 5256 institutus
2384 5203 2501 5257 fuit.
2527 5204 2601 5258 Ex
2641 5205 3031 5275 Burdigalensi,
3077 5208 3411 5265 alterAclhe-

1834 5308 2013 5345 marus
2044 5292 2443 5360 Ecolismensis,
2478 5296 2666 5351 Petrus
2697 5298 3051 5364 Pictavensis,
3098 5300 3415 5357 Rarnnulfus

1835 5385 2239 5453 Sanctonensis,
2268 5389 2576 5460 Raynoldus
2602 5392 3074 5456 Petracorirensis,
3107 5395 3197 5462 qui
3243 5395 3291 5446 in
3331 5409 3417 5449 sa-

1835 5495 1927 5533 cra
1959 5480 2303 5548 expeditione
2342 5494 2549 5555 martyr
2594 5485 2915 5540 occubuisse
2946 5486 3163 5551 dicitur,
3196 5497 3248 5540 et
3278 5486 3420 5560 Ray-

1833 5574 2061 5628 mundus
2090 5574 2435 5631 lintenensis.
2489 5580 2562 5634 Ex
2590 5578 2921 5634 Narbonensi
2950 5578 3271 5635 Gotolredus
3302 5582 3416 5636 Ma-

1831 5668 2154 5734 εξεΐίοηρηδὶε,
2188 5668 2514 5727 Βρτιῖίπιίῖυε
2564 5672 2949 5729 Nemausensis
2978 5683 3049 5741 et,
3106 5684 3165 5728 ut
3211 5673 3416 5739 volunt,

1832 5760 2161 5818 Bcrtt'andtts
2213 5762 2558 5835 Lutevensis,
2608 5770 2698 5837 qui
2754 5769 2805 5824 in
2861 5782 3017 5824 sacra
3071 5768 3417 5837 expeditione
