3892 6320
533 278 632 332 Hi7

1955 265 2012 318 u.
2046 264 2295 332 ctum:
2328 263 2365 318 ιι
2399 263 2600 318 mea
2653 299 2658 302 -
3616 276 3680 332 κε

532 395 736 448 antisse
762 392 960 447 dii-itur
987 405 1128 444 anno
1163 387 1310 442 1090.
1344 383 1440 440 ιίιι
1471 386 1724 456 llispauta
1756 398 1880 436 vero
1908 381 2118 435 Daltna-
2151 391 2191 443 Α
2225 381 2468 444 abbat--s,
2519 381 2609 448 qui
2662 395 2783 434 cum
2831 396 3082 452 episcopo
3127 399 3222 438 suo
3249 383 3502 441 Lambcrto
3533 390 3684 449 Atrei»

529 489 639 542 tius
665 486 886 542 Iriensis
906 499 998 540 seu
1027 481 1522 551 Compostellanus,
1549 489 1603 534 et
1634 479 1823 547 Petrus
1851 473 2116 543 l‘ampilo-

531 581 736 640 nensis.
789 575 1185 647 Papebrochius
1229 575 1280 627 in
1320 573 1615 642 Pmpykeo,
1667 586 1766 624 seu
1813 568 2019 623 Couatu
2049 566 2114 620 ad

530 672 836 742 catalogum
883 668 1204 723 Pontificum
1271 665 1534 726 Romam,
1579 668 1655 717 ait
1693 663 1758 716 de
1812 660 2031 714 Urbano
2072 657 2114 712 il

531 774 777 817 sanctum
837 760 1190 830 Oldegarium
1249 757 1748 818 Bareiuouensem,
1812 752 1988 806 solum
2047 765 2117 804 ex

529 855 786 923 Ilispania
849 853 1162 923 episcopum
1221 851 1641 905 Claromontauo
1700 846 1825 900 huic
1885 843 2116 898 concilio

529 947 856 1009 interfuisse,
896 945 1051 1014 cujus
1101 945 1259 1006 Acta,
1312 941 1502 1010 inquit.
1547 939 1900 994 Bareinonem
1930 951 2118 1005 repor-

529 1021 679 1093 tavit.
705 1041 774 1092 At
814 1038 1021 1091 fallitur
1051 1037 1131 1089 vir
1161 1035 1427 1097 eruditus,
1457 1049 1519 1087 ac
1546 1049 1606 1086 ea
1635 1048 1755 1102 qua:
1782 1031 1834 1085 in
1861 1031 1980 1086 Vita
2001 1028 2117 1096 ejus

526 1131 702 1184 sancti
736 1131 821 1185 die
845 1131 877 1183 5
905 1129 1104 1195 Martii,
1133 1129 1198 1182 de
1239 1127 1407 1182 altero
1435 1126 1665 1181 concilio
1698 1125 2118 1181 Claromontano

527 1222 628 1276 sub
666 1221 979 1275 Innocentio
1007 1222 1049 1274 ll
1081 1236 1216 1289 papa
1248 1219 1525 1280 celebrare
1545 1217 1837 1280 habentur,
1873 1216 1940 1268 ad
1971 1214 2113 1268 istud

531 1312 738 1367 Urbani
775 1312 1061 1367 concilium
1095 1312 1309 1364 incaute
1340 1308 1551 1369 retulit,
1611 1315 1669 1360 ut
1717 1323 1780 1362 ex
1834 1306 1951 1376 ipso
1983 1305 2114 1359 Vita:

527 1405 798 1476 Oldegarii
832 1405 947 1459 loco
970 1445 983 1470 ,
1007 1419 1166 1473 quem
1214 1403 1414 1467 laudat,
1448 1403 1654 1457 seilicet
1680 1417 1796 1472 cap.
1829 1403 1862 1456 4
1889 1399 2114 1456 manife-

527 1506 669 1551 stum
698 1505 800 1550 est.

598 1587 717 1641 Jam
745 1588 1036 1641 verointer
1062 1587 1287 1642 abbates
1332 1587 1423 1655 qui
1453 1587 1628 1641 eidem
1672 1584 1903 1641 concilio
1945 1583 2114 1637 inter-

530 1677 770 1744 fuerunt,
795 1680 895 1733 bos
928 1695 993 1732 ex
1048 1679 1215 1731 variis
1253 1677 1616 1730 monumentis
1669 1676 1990 1745 colligimus,
2024 1674 2115 1727 ιιι.

2225 473 2357 527 tensi
2396 481 2448 526 et
2476 474 2596 526 aliis
2626 472 2867 540 ejusdem
2897 475 3144 531 dimcesis
3175 477 3471 545 primoribus
3494 483 3546 535 ad
3568 488 3688 540 conti?

2223 563 2350 616 lium
2400 563 2628 632 profecti
2675 563 2845 619 fuisse
2901 567 3151 622 dicuntur
3199 569 3250 622 in
3302 569 3453 638 ipsius
3497 572 3690 630 Lamberti

2223 652 2422 708 Gestis.
2469 653 2672 709 Aderat
2723 654 2885 708 etiam
2947 672 3011 711 ex
3057 656 3692 728 TaurinensiprovinciaEr-

2225 745 2558 814 mengaudus
2609 745 2776 799 abbas
2833 745 3147 811 Cluseusis,
3192 757 3245 802 ut
3301 763 3363 802 ex
3416 748 3514 818 ejus
3539 754 3694 822 epistola

2224 835 2500 898 discimus,
2534 852 2697 904 quam
2741 853 2845 892 ms.
2902 839 3192 904 habemus;
3253 839 3304 893 in
3330 855 3389 894 ea
3413 843 3575 910 quippe
3593 844 3698 898 Ram-

2224 927 2427 980 null’um
2485 930 2796 997 episcopum
2827 929 3226 985 Santouensem
3254 941 3398 1001 rogat
3431 942 3480 985 ut
3505 937 3699 1004 negotium

2223 1019 2287 1074 de
2312 1019 2550 1074 Ecclesia
2595 1020 2790 1086 Vallis,
2841 1024 2984 1090 quod
3012 1032 3201 1076 contra
3235 1023 3626 1092 Angeriacensem
3645 1030 3703 1079 ab-

2221 1111 2401 1166 batem
2451 1112 2707 1176 habebat,
2763 1126 3134 1183 componeret.
3177 1114 3318 1169 sicut
3363 1115 3408 1173 ei
3457 1114 3505 1169 in
3546 1116 3704 1172 concilio

2221 1205 2651 1260 Claromontensi
2685 1205 2956 1275 pollicitus
2982 1205 3177 1261 fuerat.

2592 1316 2788 1372 CCVII.
2821 1317 3112 1372 Concilium
3138 1320 3428 1374 inchoatur.

2290 1409 2646 1480 Congregatis
2698 1410 2882 1479 itaque
2921 1425 2988 1463 ex
3029 1411 3177 1464 omni
3231 1420 3382 1480 parte.
3434 1411 3710 1479 pontiﬁcﬂtus,

2225 1500 2474 1557 Urbanus
2503 1517 2594 1554 XIV
2625 1500 2894 1555 Kalendas
2931 1499 3246 1556 Decembris
3275 1500 3537 1556 concilium
3560 1501 3695 1556 incito:

2219 1593 2297 1646 vit
2332 1593 2447 1662 ipsa
2473 1593 2559 1646 die
2597 1602 2788 1646 octava
2827 1591 2951 1646 festi
2993 1592 3166 1646 sancti
3199 1592 3432 1655 Martini,
3460 1600 3511 1644 ut
3534 1591 3712 1646 observat

2220 1685 2525 1749 Ilertoldus,
2555 1685 2643 1740 cui
2673 1686 2948 1741 consentit
2985 1685 3201 1740 Clarius
3234 1685 3285 1739 in
3310 1685 3556 1741 Chronico
3588 1686 3712 1740 Sancti

527 1774 792 1840 tfllardlltll
825 1786 1018 1840 Ilclllpc
1053 1770 1238 1825 sane”
1274 1770 1505 1824 Victoris
1552 1770 1822 1833 Μειδδὶιίω,
1871 1769 1961 1837 qui
1991 1777 2108 1822 erat
2141 1763 2183 1817 Β
2214 1779 2358 1833 Petri
2394 1777 2511 1832 Vivi
2545 1777 2898 1844 Seuoueusis,
2921 1778 3061 1832 sicut
3082 1789 3136 1832 et
3161 1779 3331 1848 ipsius
3363 1777 3556 1832 concilii
3586 1778 3715 1830 notitia

526 1864 786 1919 Romamn
820 1864 1071 1917 Ecclesiae
1098 1863 1422 1928 cardiualis;
1474 1861 1767 1917 Gervinum
1821 1860 2113 1916 Centulen-

525 1971 639 2011 sem
667 1943 916 2009 abbatem
947 1954 1108 2008 simul
1138 1954 1633 2009 etAmbianensem
1658 1955 1996 2024 episcopum,
2021 1954 2114 2023 qui

523 2047 795 2102 abbatiam
827 2036 1099 2100 dimiitere
1130 2045 1182 2098 iu
1210 2045 1439 2100 concilio
1469 2056 1689 2099 coactus
1730 2044 1861 2111 fuit;
1889 2043 2115 2100 Guiber-

530 2149 641 2193 tum
687 2138 874 2193 Sancti
923 2138 1181 2192 Germani
1219 2137 1751 2203 Autissiodorensis,
1812 2139 1868 2193 iu
1925 2139 2114 2192 eadem

528 2230 758 2299 synodo,
815 2237 909 2282 aut
964 2238 1113 2282 certe
1166 2228 1218 2281 in
1258 2227 1610 2282 Netnauscnsi
1671 2245 1815 2282 anno
1871 2230 2112 2298 sequenti

525 2330 962 2386 exauctoratum,
989 2321 1281 2374 liobertum
1309 2319 1779 2375 arebimonasterii
1813 2321 2117 2390 Remigiaui

525 2414 666 2484 apud
701 2413 901 2467 Remos
928 2414 1180 2467 abbatem
1205 2420 1260 2465 et
1296 2413 1527 2482 primum.
1559 2423 1834 2468 auctorem
1868 2413 2115 2469 Historia:

523 2505 1014 2575 Jerosolymitanze,
1046 2505 1134 2574 qui
1181 2513 1240 2560 et
1279 2505 1392 2573 ipse
1434 2514 1620 2573 postea
1676 2505 1758 2559 sui
1802 2507 2114 2562 monasterii

523 2597 766 2667 regimen
829 2598 1104 2652 dimittere
1159 2597 1470 2667 compulsus
1529 2606 1633 2652 est.
1697 2597 1885 2655 Adfuit
1948 2601 2112 2654 etiam

521 2689 850 2753 Lambcrtus
875 2691 1044 2744 abbas
1079 2690 1268 2745 Sancti
1305 2690 1530 2754 Berlini,
1583 2706 1649 2744 ex
1679 2689 1913 2746 Historia
1947 2691 2112 2747 Mori-

521 2799 743 2847 norum,
775 2783 1168 2838 LauzoSancti
1216 2784 1484 2839 Vincentii
1529 2783 2115 2848 Meteusis,cuiUrba-

525 2893 627 2931 nus
679 2893 826 2932 anno
869 2877 1119 2946 sequenti
1181 2877 1518 2947 privilegium
1567 2877 1806 2933 indulsit.
1835 2878 2114 2935 Baldricus

525 2981 636 3024 tum
664 2969 907 3039 Burgttlii
939 2970 1128 3034 abbas,
1159 2978 1348 3037 postea
1378 2969 1624 3024 Doleusis
1671 2971 1978 3041 episeOpus,
2018 2973 2109 3042 qui

521 3071 577 3116 et
627 3063 741 3133 ipse
804 3062 1098 3116 Historiam
1147 3061 1610 3132 Jerosolymitanre
1651 3065 2010 3134 expeditionis
2058 3074 2112 3120 et

522 3154 627 3207 alia
660 3154 920 3224 opuscula
973 3154 1218 3222 scripsit;
1271 3152 1428 3223 Ilugo
1467 3153 1862 3220 Cluniacensis,
1892 3157 1974 3211 vel
2016 3173 2114 3213 suo

521 3248 744 3302 nomine
788 3245 1155 3309 clarissimus,
1189 3246 1330 3314 quod
1367 3255 1565 3315 praeter
1594 3246 1704 3302 alia‘
1757 3248 1959 3302 indicat
2005 3249 2110 3303 Pa-

522 3339 725 3406 schalis
773 3339 916 3394 bulla
971 3339 1036 3392 ad
1090 3354 1214 3394 eum
1269 3339 1448 3408 ipsutn
1499 3339 1622 3394 data
1655 3355 1751 3410 pro
1779 3342 2115 3412 subjectione

521 3433 699 3488 sancti
732 3431 989 3503 Cypriani
1022 3430 1401 3495 Pictaviensis,
1428 3447 1590 3499 quam
1616 3431 1779 3486 habet
1809 3431 2114 3490 Souchetus

521 3524 575 3578 in
602 3524 746 3578 notis
778 3523 844 3577 ad
871 3521 1049 3577 Vitam
1086 3521 1347 3576 Bernardi
1383 3521 1740 3579 Turonensis.
1801 3523 2111 3581 Bernartius

529 3613 750 3682 blajoris
778 3613 1128 3678 Monasterii,
1193 3623 1248 3668 et
1298 3614 1605 3684 Stephanus
1661 3614 2009 3672 Nueariens's
2045 3634 2110 3672 ex

523 3704 748 3757 dioecesi
798 3703 1125 3766 Turonensi,
1156 3703 1432 3760 Gomidus
1459 3705 1900 3771 Vindocincnsis,
1953 3711 2116 3766 rebus

524 3794 694 3862 gestis
724 3803 778 3846 et
810 3793 1030 3863 scriptis
1073 3793 1321 3858 celebris,
1369 3794 1592 3848 Jarento
1649 3797 1836 3851 Sancti
1884 3797 2109 3870 Benigni

525 3886 902 3949 Itiriouensis,
961 3886 1278 3940 Guutardus
1345 3885 1742 3942 Gemeticensis
1800 3889 1900 3944 sub
1951 3891 2112 3946 linem

524 3974 768 4040 concilii,
805 3985 862 4029 ut
909 3976 1076 4031 habet
1104 3975 1396 4032 Orderieus
1429 3975 1619 4032 Vitalis
1670 3977 1810 4032 libro
1840 3995 1893 4046 x,
1927 3980 2114 4034 defun-

526 4075 853 4134 ctus,quem
903 4067 969 4120 ad
1019 4067 1309 4122 concilium
1357 4083 1472 4121 cum
1520 4068 1718 4122 ca'teris
1773 4069 1982 4140 collegis
2005 4073 2113 4126 suis

527 4154 934 4209 Northmanniw
965 4157 1259 4226 pastoribus
1286 4157 1576 4227 Perrexisse
1607 4157 1747 4212 idem
1778 4169 1968 4214 auctor
1989 4178 2116 4216 nar-

525 4256 611 4300 rat
641 4247 776 4302 libro
801 4263 888 4313 tv;
921 4249 1063 4304 unde
1084 4248 1356 4320 colligitur
1382 4249 1564 4320 plures
1587 4265 1652 4306 ex
1679 4251 1864 4306 eadem
1895 4256 2115 4324 provin-

524 4339 608 4393 cia
633 4339 860 4394 abbatcs
892 4339 1017 4394 huic
1041 4341 1247 4410 synodo
1271 4340 1606 4406 interfuisse,
1635 4358 1864 4413 quorum
1893 4347 2112 4401 nomina

525 4431 868 4485 exciderunt.
927 4431 1024 4485 His
1084 4431 1314 4486 addeudi
1374 4433 1584 4488 Natalis
1645 4433 1836 4491 Sancti
1903 4434 2108 4493 Nicolai

525 4540 694 4594 prope
715 4525 1039 4594 Andcgavos
1073 4519 1600 4589 abbas,Guillelmus
1635 4526 1820 4583 Sancti
1848 4527 2111 4584 Florentii

525 4633 590 4670 ex
631 4618 820 4671 eadem
857 4617 1110 4680 dimcesi;
1138 4615 1469 4671 Gausmarus
1515 4617 1702 4674 Sancti
1748 4618 1892 4674 Petri
1920 4620 2112 4676 Insulae

526 4709 885 4772 Germanicae,
915 4725 1009 4764 seu
1043 4709 1108 4764 de
1141 4708 1285 4764 Cella
1314 4699 1477 4779 prope
1527 4709 1746 4772 Trecas,
1801 4710 2108 4782 Raynaldus

529 4800 714 4856 Sancti
745 4802 1025 4874 Cypriani,
1056 4801 1348 4856 Gervasius
1387 4802 1574 4859 Sancti
1623 4803 1807 4858 Savini
1830 4814 1884 4858 et
1912 4804 2108 4860 Petrus

527 4892 864 4950 Carrotensis
895 4897 1033 4966 apud
1066 4895 1341 4963 Pictones;
1394 4895 1584 4952 Petrus
1634 4896 1856 4956 Aniana:
1887 4899 1940 4953 in
1972 4900 2105 4954 dioe-

529 4985 639 5038 cesi
675 4985 1060 5056 Magtiloneusi,
1091 4986 1395 5044 Ademarus
1437 4987 1626 5045 Sancti
1684 4989 1945 5045 Martialis
1973 4991 2111 5060 apud

532 5077 873 5142 Lemovicas,
907 5089 960 5132 et
1001 5093 1071 5133 ex
1109 5079 1300 5134 eadem
1332 5078 1554 5134 dioecesi
1605 5077 1884 5135 Gerardus
1923 5080 2116 5136 Useer—

529 5167 706 5222 censis
758 5168 1046 5222 Auscultus
1100 5168 1284 5224 Sancti
1314 5168 1544 5224 Joannis
1583 5169 2004 5240 Augeriacensis
2044 5186 2110 5226 ex

529 5258 750 5314 dioecesi
777 5258 1122 5314 Santouensi.
1170 5261 1248 5315 Ex
1297 5261 1560 5316 Arvernia
1607 5275 1760 5325 vero,
1793 5270 1990 5330 praeter
2012 5261 2114 5318 Pe-

533 5362 674 5405 trum
706 5351 890 5406 Sancti
945 5351 1103 5406 Illidii
1162 5353 1593 5420 Claromontani,
1643 5353 1869 5408 aderant
1922 5353 2114 5411 Petrus

528 5442 916 5498 Auriliacensis
963 5456 1015 5498 et
1046 5442 1261 5498 I’rultus
1306 5445 1456 5501 Cassa
1486 5446 1576 5504 Dei
1616 5445 1870 5515 abbates,
1903 5461 2112 5518 anony-

533 5554 652 5590 ltttlS
703 5537 888 5592 Sancti
942 5535 1323 5608 Symphoriani
1359 5539 1425 5596 de
1467 5539 1836 5610 Thigemouet
1875 5541 2114 5596 deeanus

533 5628 720 5684 Sancti
769 5629 916 5686 Petri
968 5629 1033 5684 de
1084 5628 1392 5696 Mauriaeo,
1442 5632 1636 5700 quibus
1679 5631 1940 5702 jungendi
1989 5644 2116 5687 sunt

532 5722 733 5778 AioJus
763 5722 949 5779 Sancti
982 5721 1221 5792 Vedasti,
1255 5735 1308 5778 et
1338 5720 1654 5780 llatnericus
1704 5724 2116 5793 Aquicenteusm

2215 1886 2285 1926 ex
2314 1870 2436 1925 cod.
2463 1869 2764 1926 Camerarii
2786 1869 2897 1938 jam
2925 1870 3141 1926 laudato
3163 1880 3343 1925 eruta.
3370 1870 3516 1924 Certe
3539 1869 3717 1924 Utlnnus

2215 1966 2330 2036 ipse
2369 1967 2421 2020 in
2453 1966 2678 2036 epistola
2723 1967 2789 2021 ad
2821 1966 3171 2022 Lambertum
3214 1967 3596 2022 Atrebatensem
3621 1966 3718 2020 illam

2217 2061 2480 2132 synodum
2539 2060 2592 2114 in
2644 2060 2840 2114 octavis
2905 2060 3076 2113 sancti
3137 2058 3360 2114 Martini
3424 2058 3719 2113 celebrandam

2216 2152 2334 2206 fore
2362 2152 2804 2218 deuuntiaverat;
2856 2153 2998 2222 quod
3035 2153 3102 2207 de
3155 2153 3270 2221 ipsa
3302 2151 3387 2206 die
3425 2164 3592 2206 octava
3615 2149 3722 2204 intel-

2215 2243 2484 2312 ligendum
2512 2260 2630 2298 esse
2658 2253 2806 2314 patet
2831 2258 2898 2297 cx
2930 2243 3196 2314 Raynoldi
3247 2244 3520 2297 Remeusis
3561 2239 3722 2311 epistola

2218 2333 2526 2388 invitatoria
2559 2333 2775 2386 nomine
2805 2331 3006 2387 Urbani
3035 2333 3103 2387 ad
3132 2333 3384 2387 eumdem
3429 2331 3722 2388 Lambertum.

2217 2425 2403 2494 inqua
2448 2423 2649 2478 diserte
2700 2423 2916 2493 legitur,
2972 2421 3263 2476 concilium
3304 2423 3358 2475 in
3401 2419 3573 2474 octavis
3611 2417 3726 2471 sant-ti
3819 2417 3821 2436 ⁵

2221 2514 2437 2569 Martini
2479 2530 2573 2568 sttt
2610 2513 2845 2566 videlicet
2891 2513 2975 2568 die
3025 2511 3152 2566 Kal.
3210 2509 3501 2565 Decembris
3536 2505 3729 2562 celebrari
3821 2505 3823 2520 ⁵

2217 2607 2437 2662 debere.
2477 2606 2615 2660 Hinc
2661 2605 3060 2660 emendandum
3111 2614 3198 2659 est
3253 2603 3544 2658 Chronicvn
3570 2599 3728 2653 Malles-

2216 2712 2402 2759 cense.
2458 2696 2509 2750 in
2543 2711 2650 2766 quo
2702 2695 2832 2750 illud
2880 2709 2941 2748 ιιι
3014 2694 3137 2748 ldus
3193 2691 3510 2748 Novembris
3551 2697 3729 2744 coactum

2215 2785 2382 2840 fuisse
2415 2787 2634 2856 legitur.

2215 2899 2436 2956 CCVIII.
2495 2899 2734 2953 Durandi
2765 2899 2992 2968 episcopi
3037 2895 3438 2952 Claromontani
3476 2910 3599 2949 mors
3619 2902 3656 2946 et
3675 2907 3732 2944 c1-

2906 2971 3120 3039 sequia.

2289 3062 2520 3118 Tantam
2585 3062 2984 3117 solemnitatem
3045 3062 3211 3130 paulo
3277 3060 3507 3116 turbavit
3561 3054 3732 3113 Duranili

2222 3154 2391 3222 ipsius
2440 3154 2750 3209 Arvernicaa
2786 3153 2938 3208 urbis
2974 3152 3211 3222 episcopi
3253 3168 3425 3216 mors,
3479 3165 3586 3221 quzc
3611 3149 3735 3218 primo

2215 3242 2432 3299 concilii
2459 3245 2546 3298 die
2569 3244 2813 3314 contigit.
2856 3243 2958 3298 Ilie
2986 3257 3053 3298 ex
3101 3243 3255 3298 Casa:
3289 3243 3379 3298 Dei
3411 3240 3588 3296 abbate
3613 3238 3736 3291 lactus

2215 3336 2525 3405 episc0pus,
2553 3344 2665 3390 tum
2713 3335 3190 3390 Claromontanam
3223 3335 3516 3391 Ecclesiam
3554 3329 3734 3400 regebat.

2215 3427 2432 3496 quando
2453 3427 2556 3481 huc
2595 3413 3108 3496 advenit'pontilex
3135 3435 3190 3480 ut
3224 3426 3508 3482 concilium
3555 3421 3736 3477 celebra-

2219 3525 2318 3578 ret,
2348 3517 2441 3570 sed
2468 3516 2524 3570 in
2554 3516 2880 3571 necessariis
2929 3517 2996 3570 ad
3043 3515 3361 3585 pontiﬁcem
3409 3515 3628 3582 aliosque
3656 3508 3739 3577 epi-

2216 3623 2410 3678 scopos
2459 3619 2513 3662 et
2536 3607 2761 3663 decebet
2803 3609 3182 3678 excipiendos,
3207 3607 3569 3679 praeparandis
3597 3601 3739 3658 delati-

2215 3711 2372 3772 gatus
2410 3709 2515 3765 est,
2568 3710 2627 3755 ut
2683 3710 2963 3756 contracto
3017 3702 3166 3772 gravi
3229 3703 3440 3767 morbo,
3490 3696 3742 3755 adveniente

2217 3809 2376 3864 Papa.
2412 3793 2525 3863 iam
2565 3793 2632 3848 de
2659 3793 2776 3861 ejus
2808 3793 2917 3848 vita
2949 3809 3088 3862 pene
3139 3794 3538 3864 desperaretur.
3582 3788 3638 3844 Et
3659 3783 3745 3854 qui-

2214 3888 2361 3951 dem,
2394 3895 2450 3940 ut
2477 3887 2639 3941 habet
2671 3885 2824 3955 Htth
2854 3886 3279 3942 Flaviuiacensis
3307 3887 3359 3941 in
3384 3883 3633 3941 Chronico
3663 3877 3744 3930 Vir-

2216 3978 2470 4040 dunensi.
2511 3978 2576 4032 ab
2608 3976 2830 4033 Urbano
2871 3978 3113 4032 visitatus
3151 3986 3200 4031 et
3248 3977 3518 4031 absolutus
3543 3988 3644 4028 cum
3665 3969 3742 4037 iam

2214 4082 2501 4124 extremum
2529 4069 2770 4138 spiritum
2798 4069 3046 4132 traheret,
3084 4079 3233 4122 nocte
3278 4068 3506 4139 sequenti
3557 4063 3739 4135 primam

2215 4159 2425 4216 scilicet
2473 4158 2693 4214 concilii
2736 4159 2914 4223 diem,
2965 4159 3209 4228 spiritum
3261 4158 3500 4214 Creatori
3550 4148 3743 4207 reddidit.

2216 4251 2446 4305 Funeris
2467 4264 2657 4306 curam
2680 4264 2969 4319 suscepere
2993 4249 3146 4319 [Iugo
3172 4245 3568 4318 Gratianopolis
3588 4240 3746 4311 episco-

2216 4357 2339 4412 pus,
2375 4339 2595 4396 Jarento
2637 4338 2823 4396 Sancti
2873 4339 3128 4409 Benigni,
3156 4348 3212 4394 et
3264 4339 3488 4394 Pontius
3523 4335 3654 4391 Casac
3680 4326 3746 4383 Dei

2217 4437 2460 4499 abbates,
2475 4434 2566 4504 qui
2591 4443 2703 4488 tres
2725 4435 2824 4488 sub
2845 4447 2912 4488 eo
2932 4432 3074 4502 apud
3097 4431 3296 4488 Casam
3331 4433 3426 4486 Dei
3451 4425 3746 4486 monasticam

2216 4525 2382 4580 vitam
2407 4526 2709 4588 duxerant;
2746 4539 2846 4578 nec
2873 4539 3110 4592 unquam
3159 4523 3488 4580 celebriores
3531 4513 3750 4584 exsequiae

2215 4619 2346 4674 visa:
2375 4616 2611 4677 fuerant.
2643 4616 2710 4672 ad
2748 4631 2885 4686 quas
2911 4631 3104 4686 nempe
3127 4631 3249 4670 cum
3281 4613 3533 4685 pontiﬁce
3553 4602 3751 4664 Romano

2215 4719 2293 4764 tot
2320 4708 2594 4764 antiStites
2617 4719 2672 4762 et
2697 4707 2940 4762 omnium
2973 4707 3250 4772 ordinum,
3274 4718 3334 4762 et
3359 4705 3583 4760 illustres
3604 4696 3687 4752 viri
3704 4708 3747 4746 ει

2211 4809 2327 4856 ιοιο
2364 4814 2503 4870 pene
2558 4801 2692 4855 orbe
2737 4799 3047 4855 Christiano
3095 4798 3417 4853 convenisse
3455 4791 3737 4848 videbantur

2210 4892 2319 4948 Has
2357 4893 2548 4962 paucis
2587 4893 2770 4949 verbis
2820 4891 2975 4963 Hugo
3031 4890 3331 4946 Flaviniaci
3390 4891 3465 4946 sic
3513 4875 3752 4947 deserit»il

2221 4983 2339 5041 loco
2365 4985 2604 5040 laudato.
2646 4982 2810 5040 Lotus
2849 4983 3041 5053 inquit,
3082 4991 3130 5037 et
3177 4993 3391 5036 curatus
3439 4989 3627 5034 summa
3643 4967 3751 5038 [5150'

2219 5093 2353 5140 rum,
2386 5077 2440 5130 id
2469 5086 2543 5132 est
2581 5076 2786 5132 abbatis
2806 5076 3140 5131 Divionensis
3162 5116 3175 5140 ,
3227 5075 3430 5129 abbatis
3481 5070 3618 5124 Casta
3642 5059 3748 5115 Dei.

2217 5171 2442 5241 episcopi
2471 5169 2969 5240 Gratianopolitani,
3022 5179 3070 5224 et
3121 5169 3348 5223 aliorum
3393 5159 3662 5234 diligentia.
3700 5149 3750 5203 Et

2216 5267 2290 5320 sic
2318 5276 2595 5333 antequam
2633 5265 2912 5320 concilium
2937 5265 3252 5334 inciperetur
3285 5273 3390 5317 toto
3416 5260 3535 5316 orbe
3567 5253 3630 5309 ad
3661 5248 3750 5316 ei!“

2215 5373 2485 5427 exsequias
2514 5366 2836 5422 occurrente,
2863 5356 2927 5411 ab
2966 5359 3076 5427 ipso
3105 5372 3241 5427 papa
3281 5365 3330 5410 et
3369 5348 3607 5423 episcopis
3627 5350 3750 5398 terra

2217 5457 2291 5504 est
2315 5448 2621 5502 mandatum
2650 5463 2770 5502 cum
2798 5447 3006 5518 gloria;
3038 5461 3084 5501 et
3132 5448 3303 5502 sedem
3353 5445 3463 5515 ejus
3500 5432 3750 5496 Willelms

2217 5542 2281 5595 de
2307 5541 2466 5594 Basia
2501 5541 2722 5611 adeptus
2746 5551 2820 5595 est
2858 5539 3015 5594 laude
3063 5538 3190 5593 cleri
3237 5550 3285 5593 et
3311 5535 3484 5609 populi
3535 5529 3748 5592 WW0?“

2217 5632 2449 5702 ejusdem
2480 5633 2770 5701 apostolici.
2812 5632 3014 5701 Duplex
3064 5630 3306 5700 ejusdem
3333 5626 3578 5684 antistitis
3609 5613 3748 5711 θρὶιξισ

2220 5723 2406 5793 phium
2429 5723 2644 5793 scripsit
2671 5721 2952 5780 Baldricus
2981 5732 3092 5779 tum
3127 5721 3486 5794 Burguliensls
3513 5713 3677 5771 abbas.
3703 5715 3744 5753 ιη
