3892 6320
99 399 232 454 199
1419 402 1424 410 ’

3301 405 3404 459 1⁵⁷0

97 510 320 578 quibus
341 505 460 574 ejus
481 504 770 576 exsequias
794 505 1068 575 triumpho
1097 505 1303 560 similes
1329 504 1519 566 fuisse,
1553 517 1705 556 cum-
1740 511 1784 563 Α
1812 503 2116 574 Philippum
2155 519 2281 559 vero
2331 519 2509 576 regem
2561 508 2629 563 ibi
2674 511 2744 566 ob
2795 511 2942 566 illum
2973 524 3184 584 raptum
3236 518 3400 572 fuisse

102 617 236 669 que
271 601 337 654 l3
364 600 450 654 die
493 606 620 653 ante
672 596 1022 652 Decembrem
1087 596 1287 652 obiisse
1343 604 1574 650 testatur
1626 595 1712 650 his
1814 597 2344 650 cxcomnumicatum
2396 615 2502 653 non
2549 599 2838 658 Bertuldus
2875 604 3070 672 solum,
3111 607 3203 660 sed
3233 609 3402 664 ctlvo

95 692 373 745 versibus
398 709 412 744 ε
1813 685 2154 740 Carnotenus
2185 686 2345 756 epist.
2374 688 2436 742 2|
2457 689 2503 753 l,
2532 689 2832 750 Willclmus
2883 693 3400 765 Malmeshuriensis,

96 781 417 850 Exsequias
443 781 684 840 celebres,
713 797 828 850 quia
858 780 1029 849 forma
1057 779 1201 848 fuere
1229 768 1498 846 iriumphi,
1815 775 2115 846 Sigibcrtus
2138 787 2191 831 et
2211 776 2300 830 alii
2333 779 2532 847 passim
2572 792 2902 837 asseverant.
2935 785 3003 838 At
3033 784 3236 840 {rustra
3283 804 3400 842 mo-

184 872 518 942 Dispensavit
549 873 597 925 ei
617 871 786 940 gratia
823 888 1029 924 summa
1061 870 1172 924 Dei.
1815 876 1942 919 vent
1996 866 2118 920 inde
2168 869 2522 936 quaestionem
2579 872 2838 936 nonnulli,
2891 889 2957 928 an
3016 877 3177 931 etiam
3213 879 3311 934 Gal
3337 881 3402 935 ia:

94 960 365 1018 Urbanus
393 964 594 1032 synodo
621 962 853 1033 generali
877 979 1012 1032 papa
1049 971 1250 1025 vocata,
1814 970 2039 1024 regnum
2078 965 2206 1014 tunc
2238 959 2497 1028 temporis
2543 959 2834 1016 interdicto
2882 965 3181 1034 subjectum
3217 966 3400 1035 fuerit,

182 1053 380 1107 Putre;
410 1054 484 1106 bis
512 1066 717 1107 centum
761 1053 916 1105 movit
943 1052 1012 1104 ad
1034 1051 1357 1121 obsequium.
1811 1060 1936 1101 cum
1971 1055 2181 1101 certum
2214 1047 2285 1102 sit
2316 1047 2620 1117 hujusmodi
2653 1057 3240 1114 excommunicationes
3267 1060 3404 1114 nihil

97 1142 326 1201 Tertia.
353 1160 469 1212 ante
493 1143 748 1196 decimam
777 1140 942 1194 lucem
965 1141 1114 1210 prwit
1136 1151 1257 1194 ante
1287 1139 1638 1204 Decembrem,
1813 1153 2052 1207 unquam
2082 1140 2308 1209 populos
2339 1140 2603 1210 affecisse,
2653 1159 2717 1199 ac
2763 1146 2932 1202 multo
2979 1148 3157 1205 minus
3203 1151 3404 1222 aliquid

195 1233 333 1288 Vitta
364 1235 635 1298 pra'sentis
683 1232 857 1286 lumen
890 1232 1084 1286 ademit
1113 1232 1183 1297 ei,
1213 1240 1322 1287 etc.
1813 1243 1881 1282 ex
1937 1229 2117 1283 debita
2166 1231 2384 1300 regibus
2432 1231 2740 1289 obedientia
2796 1243 2891 1290 aut
2947 1242 3250 1296 reverentia
3305 1245 3403 1298 de-

99 1323 160 1385 !a
195 1324 377 1377 altero
406 1323 678 1392 epitaphio
723 1321 867 1376 inter
895 1329 1091 1375 caetera
1115 1320 1194 1374 sic
1227 1320 1390 1375 habet
1415 1337 1438 1374 :.
1817 1321 2068 1386 traxisse,
2101 1331 2160 1375 ut
2187 1338 2251 1376 ex
2284 1323 2462 1379 lvonis
2495 1325 2864 1397 aliorumque,
2898 1330 2988 1397 qui
3019 1329 3315 1389 ferventius
3348 1336 3400 1390 in

181 1415 370 1485 Ipsius
391 1414 664 1482 exsequias
699 1413 844 1466 dicas
874 1411 1131 1465 similasse
1161 1411 1506 1481 triumphum,
1815 1413 2150 1467 adulterinas
2193 1414 2424 1485 Philippi
2477 1417 2691 1487 nuptias
2723 1420 3137 1487 invebebantur,
3187 1426 3405 1495 scriptis

261 1505 332 1558 Et
365 1505 713 1573 dispensautis
739 1503 889 1574 signa
915 1502 1080 1572 fuisse
1109 1502 1206 1556 Dei
1233 1519 1253 1568 ;
1647 1578 1651 1582 _
1816 1514 2003 1575 patct‘:
2031 1521 2336 1577 quanquam
2370 1509 2648 1576 Urbanus,
2675 1522 2734 1567 ιιι
2765 1522 2971 1568 tantum
2994 1517 3304 1572 scandalum
3333 1521 3402 1573 ab

184 1596 376 1666 Adfuit
405 1594 648 1649 Urbanus
686 1608 896 1649 centeno
939 1593 1162 1664 prtesule
1198 1603 1395 1662 septus.
1816 1595 2057 1652 Ecclesia
2083 1599 2416 1662 amoliretur,
2440 1606 2712 1657 censuerit
2735 1620 2855 1659 eum
2879 1609 3261 1664 communione
3282 1624 3404 1665 esse

260 1688 519 1739 Abbatum
545 1702 660 1740 vero
685 1684 855 1754 major
879 1694 989 1738 erat
1021 1700 1289 1747 numerus,
1319 1694 1426 1738 etc.
1817 1688 2164 1757 privandum,
2193 1689 2680 1760 abstinendumque
2709 1707 2738 1746 ιι
2770 1693 2996 1755 solemni
3030 1696 3147 1766 ejus
3174 1713 3403 1753 corona-
3455 1679 3458 1682 λ

104 1798 292 1853 CCIX.
325 1797 466 1862 Quid
510 1798 561 1849 in
604 1794 821 1848 concilio
866 1794 1278 1849 Claromontauo
1328 1804 1553 1864 gestum.
1603 1798 1641 1846 (λ

1932 1797 1986 1846 e,
2013 1797 2132 1851 qua:
2162 1791 2288 1837 tunc
2315 1784 2595 1852 temporis,
2627 1799 2654 1837 a
2681 1784 2934 1842 Remensi
2965 1789 3398 1860 archiepiscopo,
3465 1805 3469 1809 '

365 1869 563 1920 diverse
587 1884 619 1918 a
648 1865 864 1918 diversis
887 1881 1110 1918 canones
1137 1844 1459 1933 referutilur.
1741 1844 1789 1904 Β
1821 1882 1914 1925 aut
1935 1887 2002 1926 eo
2028 1873 2272 1936 absente,
2304 1872 2372 1926 ab
2398 1873 2578 1941 aliquo
2619 1874 2727 1928 alio
2757 1876 3011 1945 episcopo
3036 1877 3086 1930 in
3120 1844 3404 1948 praecipuis

191 1959 356 2012 Multa
386 1965 441 2011 et
485 1956 704 2024 quidem
756 1955 937 2025 gravis
968 1955 1224 2009 momenti
1260 1955 1472 2025 negotia
1504 1954 1555 2008 in
1586 1969 1716 2011 con-
1823 1963 2210 2017 festivitatibus
2268 1963 2383 2015 ﬁeri
2449 1963 2675 2018 solebat.
2731 1964 2842 2020 Nec
2903 1967 3048 2020 aliud
3112 1969 3406 2037 quidquam

120 2051 246 2104 cilio
286 2049 708 2102 Claromontano
760 2054 992 2099 tractata
1039 2044 1206 2100 fuisse
1255 2061 1416 2100 nemo
1468 2054 1572 2107 est,
1626 2046 1718 2114 qui
1820 2053 2126 2120 intelligunt
2154 2053 2243 2106 lvo
2268 2051 2580 2122 similesque
2607 2053 2723 2119 ejus
2750 2057 2848 2109 aevi
2896 2065 3144 2112 auctores
3189 2074 3311 2112 cum
3339 2059 3406 2114 de

133 2155 241 2192 non
265 2138 525 2200 fateatur;
560 2144 615 2189 at
643 2134 730 2188 illa
778 2135 1091 2203 singillatim
1121 2136 1427 2204 expendere
1465 2136 1622 2190 didici
1649 2137 1717 2192 li—
1819 2156 2034 2195 corona:
2065 2141 2368 2208 privatione
2393 2150 2487 2194 aut
2517 2143 2860 2198 restitutione
2890 2145 3202 2213 loquuntur.

134 2245 280 2284 tuum
313 2235 472 2290 esset,
504 2241 628 2280 cum
660 2224 917 2296 pleraque
941 2235 1288 2280 monumenta
1316 2223 1432 2292 ejus
1460 2228 1719 2295 temporis
1854 2227 2010 2284 CCX.
2042 2227 2316 2282 Canouum
2363 2226 2759 2284 Clarontoutani
2789 2233 2996 2288 concilii
3025 2235 3372 2291 collectioues.

128 2319 448 2381 exciderint,
478 2325 534 2371 et
568 2331 630 2370 ea
660 2331 780 2384 quae
803 2325 1095 2384 supersunt
1120 2315 1172 2369 in
1202 2316 1364 2370 variis
1404 2317 1718 2373 auctoribus
1890 2323 2059 2378 Porro
2087 2324 2228 2376 inter
2256 2337 2372 2387 eos,
2398 2323 2486 2391 qui
2529 2323 2786 2390 majorem
2816 2324 2870 2380 in
2899 2325 3216 2396 colligendis
3243 2345 3410 2384 cano-

124 2413 368 2480 dispersa
412 2425 518 2464 non
552 2422 766 2477 semper
798 2422 908 2460 uno
949 2407 1108 2460 modo
1156 2422 1242 2460 res
1283 2416 1714 2476 repraesentem;
1819 2415 1977 2468 nibus
2017 2413 2452 2470 Claromontanis
2496 2414 2827 2484 diligentiam
2865 2433 2975 2485 prae
3011 2419 3221 2474 caeteris
3258 2422 3386 2476 atlhi

120 2506 249 2568 into,
277 2502 423 2575 quod
474 2502 647 2572 magis
689 2500 907 2560 mirere,
942 2513 1178 2552 canones
1222 2499 1337 2568 ejus
1368 2500 1584 2553 concilii
1638 2500 1721 2554 di-
1821 2507 1999 2561 buisse
2032 2509 2302 2572 videatur,
2349 2507 2560 2562 censeri
2585 2508 2741 2562 debet
2784 2518 2975 2565 auctor
3003 2511 3204 2564 codicis
3250 2513 3408 2565 Lam-

117 2598 257 2652 versi
285 2595 490 2650 suntin
537 2593 771 2648 diversis
819 2591 1151 2645 auctoribus.
1186 2589 1263 2645 Nc
1297 2601 1472 2644 tamen
1506 2593 1557 2646 in
1601 2593 1720 2646 ani-
1821 2598 1959 2651 berti
1993 2596 2138 2650 Alre’
2163 2597 2367 2651 alcusis
2388 2597 2648 2666 episcopi,
2680 2599 2770 2667 qui
2800 2598 2916 2666 ejus
2935 2602 3152 2656 concilii
3177 2618 3414 2658 canones

114 2704 264 2740 mum
304 2687 535 2740 induCas
565 2699 657 2738 eos
699 2683 790 2753 qui
822 2690 1111 2751 supersunt
1141 2681 1206 2735 ab
1251 2682 1367 2736 istis
1409 2684 1722 2738 auctoribus
1822 2687 2040 2756 triginta
2099 2686 2236 2741 duos
2280 2688 2518 2741 exhibet.
2568 2688 2818 2743 Labbeus
2873 2691 3058 2746 decem
3097 2692 3295 2760 adjecit
3345 2709 3412 2747 ex

113 2780 285 2833 fuisse
316 2776 603 2841 conﬁctos,
641 2773 979 2833 memineris,
1017 2772 1159 2840 quod
1193 2772 1281 2826 uni
1327 2772 1530 2840 aliquot
1557 2787 1721 2828 cano-
1821 2780 1989 2832 veteri
2038 2779 2352 2833 membrana
2403 2778 2544 2832 Petri
2601 2779 2819 2844 Pithtei,
2880 2797 3074 2836 novem
3128 2798 3193 2836 ex
3227 2785 3413 2838 codice

113 2885 236 2933 nes,
263 2868 362 2921 alii
389 2867 547 2929 alios,
578 2865 791 2920 ueteris
835 2863 1075 2944 omissis,
1104 2878 1239 2931 quos
1275 2862 1340 2914 ad
1371 2877 1430 2916 se
1472 2870 1723 2931 spectare
1822 2870 2009 2925 Ccucii
2038 2870 2360 2934 (latuerat-ii,
2393 2885 2456 2924 ac
2479 2872 2736 2926 tredecim
2761 2889 2823 2926 ex
2843 2874 3028 2928 codice
3061 2875 3413 2946 Dionysiano,

115 2978 224 3016 non
289 2961 578 3030 putabant.
619 2956 944 3020 rettulerint;
1001 2955 1111 3008 imo
1166 2969 1265 3008 nec
1315 2953 1414 3023 ipsi
1464 2968 1722 3020 canones,
1823 2974 1959 3026 quos
1982 2959 2231 3014 Gallicea
2263 2959 2580 3013 Bell’orestio
2612 2959 2748 3013 libro
2775 2976 2828 3013 tv
2857 2963 3146 3016 Annalium
3177 2965 3410 3020 Franco-

110 3070 258 3124 quos
285 3068 498 3115 omnes,
523 3060 613 3104 aut
637 3049 878 3120 plerique
902 3047 1178 3108 exhibent,
1211 3045 1399 3100 eodem
1434 3047 1628 3100 ordine
1660 3061 1724 3100 ac
1825 3066 1942 3103 rum
1967 3049 2283 3117 descriptos,
2334 3049 2584 3103 Serarius
2631 3049 2682 3102 in
2737 3051 2988 3105 Latinum
3043 3055 3412 3112 transtulerat.

111 3146 314 3199 iisdem
358 3142 536 3197 verbis
569 3146 1043 3210 reprzesentantur,
1078 3138 1220 3206 quod
1265 3151 1454 3191 eorum
1514 3145 1720 3189 tantum
1751 3191 1790 3210 Α
1828 3141 2028 3209 Viginti
2084 3141 2324 3210 quinque
2361 3141 2585 3196 omnino
2635 3143 2776 3210 apud
2823 3142 3142 3198 Ortlericum
3185 3136 3413 3203 Vita‘lem

110 3233 509 3295 substantiam,
561 3245 667 3282 non
711 3227 828 3296 ipsa
877 3226 1042 3279 verba
1095 3224 1299 3278 referre
1352 3232 1606 3280 auctores
1644 3224 1720 3278 illi
1749 3224 1790 3248 υ
1827 3232 1980 3286 initio
2011 3230 2131 3285 libri
2189 3247 2241 3284 tx
2285 3241 2654 3295 recensentur,
2692 3247 2754 3286 ac
2787 3231 2957 3288 ferme
3007 3237 3228 3290 tetidem
3277 3239 3414 3306 apud

114 3327 165 3380 in
200 3325 398 3380 animo
436 3321 767 3377 habuerint:
803 3319 940 3372 unde
987 3316 1253 3372 breVial‘iil
1282 3332 1374 3369 se"
1427 3315 1721 3370 summa"ia
1826 3325 2152 3380 Willelmum
2177 3324 3104 3381 t'llalmeslntriensemetMatthzcum
3127 3327 3414 3394 l’arisimn,

114 3431 420 3479 canonum,
447 3412 622 3482 potius
648 3426 810 3479 quam
840 3408 998 3478 hujus
1025 3407 1238 3462 concilii
1280 3422 1514 3461 canones
1543 3406 1723 3476 appcl-
1825 3415 2154 3484 Anglicanas
2182 3413 2498 3481 scriptores.
2528 3413 2728 3468 Praeter
2756 3415 2854 3470 hos
2883 3432 3092 3478 omnes,
3126 3417 3216 3470 alii
3247 3418 3411 3471 etiam

116 3509 212 3561 lari
257 3508 486 3562 debent.
525 3501 811 3557 Bertoldus
835 3500 1023 3568 paucis
1047 3499 1224 3553 verbis
1254 3499 1355 3552 tria
1379 3513 1408 3551 e
1437 3499 1747 3567 praecipuis
1825 3504 2065 3558 nonnulli
2095 3503 2294 3571 passim
2319 3513 2614 3558 occurrunt
2639 3506 2778 3574 apul
2806 3505 2986 3560 varios
3011 3517 3260 3562 auctores
3288 3509 3411 3562 dum

119 3598 280 3667 hujus
315 3594 510 3666 synodi
565 3591 835 3661 capitibus
891 3590 964 3644 ita
1001 3590 1264 3644 exhibet:
1298 3589 1354 3643 ln
1407 3605 1468 3642 ea
1517 3591 1723 3660 synodo
1825 3594 2110 3648 occasione
2150 3594 2370 3656 laudati,
2403 3595 2492 3662 qui
2519 3611 2641 3649 cum
2664 3596 2729 3649 ad
2769 3611 2852 3650 res
2885 3597 3218 3666 privatarum
3243 3599 3414 3653 eccle-

120 3693 373 3744 dominus
417 3703 574 3756 papa,
630 3682 826 3752 inquit,
881 3681 1060 3734 cadent
1117 3691 1342 3745 statuta,
1391 3697 1508 3748 qutc
1568 3693 1616 3733 et
1669 3681 1723 3733 in
1825 3683 2028 3735 siarutn
2062 3691 2530 3751 autpersonarum
2581 3685 2909 3754 pertineant,
2964 3687 3121 3740 simul
3153 3703 3414 3743 cuinam-

121 3780 398 3850 praeterita
449 3775 646 3845 synodo
696 3771 1001 3825 Placentina
1033 3771 1357 3838 conﬁrmavit
1387 3787 1404 3832 ;
1438 3770 1647 3838 insuper
1675 3779 1723 3823 et
1828 3773 1959 3828 leris
2021 3791 2127 3830 non
2181 3775 2467 3836 habentur.
2534 3775 2643 3831 Hos
2695 3792 2896 3832 omnes
2942 3778 3101 3832 simul
3162 3781 3417 3836 collectos

125 3869 439 3940 Philippum
463 3883 628 3936 regem
652 3863 947 3918 Galliarum
973 3862 1459 3925 excommunicauit,
1478 3877 1536 3915 eo
1559 3861 1720 3931 quod,
1825 3866 2050 3920 habebis
2082 3866 2222 3920 inter
2259 3865 2458 3920 Urbani
2497 3868 2772 3936 epistolas.

122 3963 341 4034 propria
374 3975 534 4013 uxore
559 3958 796 4021 dimissa,
837 3954 1017 4007 militis
1047 3955 1126 4006 sui
1153 3970 1365 4007 uxorem
1388 3953 1486 4007 sibi
1521 3954 1575 4007 in
1602 3969 1724 4006 con-
1824 3975 1998 4030 CCXL
2049 3975 2188 4041 Quid
2211 3975 2263 4028 5,,
2287 3976 2356 4028 ei,
2381 3985 2654 4030 smn,an
2694 3978 2768 4032 ορ
2796 3979 3077 4047 beneﬁciis.
3114 3981 3186 4034 De
3211 3983 3415 4038 ίηυεδιί,

120 4053 331 4122 fugiunt
365 4049 609 4111 sociavit;
652 4047 721 4099 ibi
752 4046 906 4099 etiam
938 4043 1098 4098 aliam
1129 4044 1382 4114 synodum
1417 4045 1470 4097 in
1515 4045 1721 4097 tertiam
2359 4048 2514 4100 tutis.
2547 4047 2621 4100 De
2662 4051 2877 4118 treugis.

124 4139 489 4210 subsequentis
522 4134 953 4204 Quadragcsimw
982 4133 1361 4186 hebdomadam
1393 4131 1619 4186 Turonis
1646 4149 1718 4185 cc-
1899 4140 1974 4193 Et)
2025 4150 2204 4196 autem
2265 4138 2605 4206 potissimum
2661 4139 2972 4194 intendebat
3027 4141 3079 4195 in
3126 4143 3418 4202 condendis

126 4231 440 4285 lebrandam
468 4226 810 4280 denuntiavit.
847 4225 916 4277 At
941 4241 1044 4278 nou
1077 4224 1249 4277 solum
1282 4239 1402 4292 qua:
1431 4224 1481 4276 in
1508 4223 1724 4278 Placen-
1827 4235 1986 4303 hujus
2017 4235 2232 4289 concilii
2261 4234 2561 4289 canonibus
2590 4236 2853 4304 pontifex,
2887 4247 2944 4290 ut
2976 4240 3232 4297 adversus
3261 4243 3414 4310 vitia,

130 4325 324 4386 tinam,
358 4322 454 4374 sed
485 4320 647 4373 etiam
682 4333 803 4386 quae
831 4317 881 4369 in
907 4315 1180 4385 prioribus
1207 4315 1427 4385 synodis
1455 4315 1667 4384 Melphi:

1878 4345 1946 4381 tu:
1979 4339 2086 4382 tum
2138 4327 2189 4382 in
2225 4327 2488 4392 Ecclesia,
2525 4330 2761 4384 maxime
2791 4330 3088 4399 Gallicana,
3143 4337 3415 4408 vigebant,

129 4409 425 4464 Beneventi
459 4418 512 4461 ct
535 4405 708 4474 Trojze
734 4406 951 4460 decreta
979 4404 1214 4469 fuerant,
1236 4405 1567 4458 Claroinonti
1595 4420 1666 4458 co:

1878 4419 2064 4473 nnedia
2093 4430 2394 4488 opportuna
2430 4431 2774 4489 prtcpararet,
2826 4425 2968 4492 quod
2994 4426 3105 4494 jam
3149 4404 3276 4480 olim
3316 4404 3415 4483 ob?

133 4501 348 4556 lit-mata
381 4500 575 4559 fuisse,
603 4506 798 4566 praeter
832 4495 965 4550 alios
988 4497 1190 4550 diserte
1212 4495 1469 4564 exprimit
1490 4510 1664 4549 canon

1882 4511 2064 4562 :t-vavit
2092 4507 2389 4564 Orderieus
2414 4507 2604 4562 Vitalis
2635 4508 2772 4564 libro
2800 4525 2874 4564 ιχ.
2911 4512 3045 4568 Hinc
3071 4515 3122 4567 in
3149 4515 3419 4585 plerisque

133 4609 195 4646 ex
221 4595 412 4648 codice
431 4606 532 4643 ms.
559 4589 739 4644 Ccucii
768 4587 1086 4641 Camerarii.
1115 4587 1224 4641 lmo
1248 4597 1303 4641 et
1326 4587 1611 4641 nonnullos
1632 4603 1723 4640 an-
1753 4587 1794 4596 “’
1831 4597 1936 4650 illis
1962 4597 2192 4650 decretis
2221 4597 2349 4650 vitia
2403 4607 2719 4666 carpuntur,
2752 4614 2872 4669 qua;
2903 4610 3012 4654 ιυηι
3059 4602 3420 4660 ίιι.ι)ειιεηρίίε

137 4687 434 4754 tiquiorum
493 4678 843 4736 conciliormn
894 4694 1128 4733 canones
1181 4680 1234 4732 in
1280 4679 1468 4733 eadem
1520 4681 1726 4749 synodo
1828 4687 2210 4742 ecclesiasticis
2248 4687 2614 4756 adipiscendis
2670 4699 2765 4744 aut
2806 4691 3102 4745 retinendis
3152 4701 3206 4745 ιιι
3254 4693 3419 4762 pluri-

139 4781 307 4834 lcctos
336 4792 388 4832 et
419 4776 770 4830 conﬁrmatos
811 4771 974 4826 fuisse
1001 4772 1172 4825 innuit
1221 4771 1541 4826 Latnbertus
1568 4773 1726 4828 Atre-
1832 4796 1977 4834 mum
2025 4779 2479 4844 admittebantur;
2535 4796 2564 4834 a
2610 4782 2807 4852 quibus
2869 4784 3096 4853 proinde
3160 4795 3420 4840 arcentur

140 4872 383 4927 batensis
414 4872 466 4924 in
495 4869 681 4922 charta
732 4864 1040 4920 donationis
1094 4863 1363 4932 prioratus
1420 4863 1728 4920 Ambrisnte
1831 4870 2149 4935 Simoniaci,
2213 4872 2609 4938 concubinarii,
2671 4876 2861 4944 spurii.
2931 4876 3196 4931 Vctantur
3255 4879 3420 4933 etiam

140 4965 401 5020 Gualtcro
450 4961 630 5016 abbati
682 4960 892 5013 Sanctae
946 4957 1228 5012 Trinitatis
1276 4957 1728 5029 Rothomagensis
1785 5000 1791 5006 ι
1830 4962 2212 5017 beneﬁciorum
2237 4962 2536 5032 pluralitas,
2577 4975 2631 5020 et
2653 4980 2720 5026 ex
2751 4981 2856 5019 uno
2885 4966 2938 5020 in
2981 4966 3210 5022 alterum
3247 4978 3424 5026 trans-

145 5059 321 5121 l'aetaz,
345 5058 396 5110 in
427 5071 534 5125 qua
563 5052 774 5116 statuit,
806 5060 865 5104 ut
893 5049 1208 5121 monachus.
1243 5050 1334 5120 qui
1369 5050 1418 5104 ei
1443 5051 1561 5104 loco
1587 5065 1727 5120 prte-
1832 5053 2099 5120 lationes;
2149 5056 2406 5110 statuitur
2454 5065 2532 5121 ut,
2581 5058 2670 5125 qui
2712 5056 3030 5126 dignitatem
3077 5059 3313 5129 aliquam
3370 5061 3421 5116 in

148 5151 421 5214 liceretur,
479 5163 545 5202 eo
590 5146 732 5214 quod
789 5142 928 5198 foret
975 5157 1044 5196 cx
1098 5142 1273 5197 aliena
1326 5143 1572 5208 dioecesi,
1627 5143 1730 5200 sibi
1835 5145 2094 5202 Ecclesiis
2119 5147 2347 5202 voluerit
2390 5149 2636 5218 adipisci,
2669 5164 2735 5203 eo
2778 5149 2969 5205 ordine
2994 5152 3281 5207 decoratus
3326 5154 3420 5217 sit,

149 5244 365 5310 suisque
391 5236 798 5295 successoribus
829 5234 1150 5304 promittere
1193 5234 1386 5289 debeat
1415 5234 1731 5290 canonicam
1835 5239 1926 5308 qui
1957 5241 2021 5293 ad
2047 5239 2196 5293 illum
2227 5241 2453 5309 gradum
2505 5241 2834 5296 conveniens
2877 5253 3000 5309 est;
3035 5254 3093 5298 ιιι
3135 5245 3314 5299 nullus
3355 5257 3421 5300 ex

151 5332 528 5395 obedientiam,
556 5332 689 5383 sicut
737 5326 788 5379 in
819 5325 1252 5391 Chalcedonensi,
1284 5325 1480 5396 inquit,
1513 5327 1732 5381 concilio
1835 5329 1992 5383 laieis
2027 5337 2120 5383 aut
2154 5330 2366 5385 clericis
2413 5330 2550 5385 infra
2594 5332 2934 5388 diaconatum
2983 5337 3308 5391 constitutus
3355 5337 3422 5392 ad

155 5429 337 5498 legitur
357 5426 748 5493 conﬁrmatum,
792 5421 916 5475 etin
973 5420 1391 5474 Claromontensi
1425 5420 1594 5489 digna:
1631 5436 1738 5474 me-
1840 5419 2213 5489 episcoliatum
2252 5430 2596 5487 assumatur;
2646 5431 2706 5477 ut
2734 5423 2858 5480 laici
2895 5427 3134 5482 decimas
3186 5427 3420 5493 solvant,

158 5519 333 5572 marite
364 5513 644 5571 venerabili
669 5510 884 5566 Urbano
921 5510 984 5564 11
1014 5522 1088 5565 est
1121 5523 1446 5566 renovatum.
1481 5510 1736 5568 Nonnulli
1843 5527 1942 5567 nec
1974 5513 2112 5566 bona
2165 5511 2537 5578 ecclesiarum,
2567 5523 2659 5569 aut
2705 5517 3224 5574 ecclesiasticarum“
3251 5520 3424 5574 homi-

162 5609 306 5662 aiunt
331 5606 618 5661 Fulconem
644 5601 1056 5670 Andcgavorum
1084 5603 1338 5656 comitem
1376 5617 1440 5658 eo
1467 5602 1519 5656 in
1549 5602 1734 5658 conei-
1843 5617 1992 5663 num,
2023 5610 2138 5670 post
2165 5616 2350 5657 eorum
2373 5611 2600 5658 mortem
2622 5606 2792 5675 spolia
2823 5608 3054 5679 rapiant.
3085 5608 3419 5675 .lejuuiarum

165 5695 232 5749 lio
272 5696 527 5750 adversus
573 5691 907 5745 Francorum
963 5706 1143 5760 regem
1195 5690 1341 5745 litem
1388 5691 1622 5750 movisse
1666 5693 1736 5748 ob
1841 5700 2005 5760 atque
2027 5690 2424 5748 ordinationum
2465 5703 2702 5766 tempora
2734 5707 3059 5754 statuuntur.
3088 5700 3424 5754 luvcstitura:

165 5785 468 5844 Bertradam
526 5783 628 5837 sibi
689 5782 755 5837 ab
801 5797 868 5835 eo
918 5794 1181 5853 ereptam,
1233 5783 1375 5852 quod
1408 5781 1494 5838 alii
1546 5783 1736 5850 silent;
1797 5777 1801 5781 ’
1844 5782 2202 5853 prohibentur
2227 5784 2458 5853 vulgatis
2487 5789 2784 5844 canonibus
2812 5791 2876 5843 15
2898 5801 2952 5844 et
2989 5791 3072 5854 l6,
3103 5792 3174 5842 ita
3219 5800 3421 5854 tamen,

437 5876 716 5935 ΡΑτιιοι..
762 5872 910 5931 CLI.

3144 5883 3181 5940 6
