3892 6320
532 389 625 448 171

1827 373 1884 426 Β.
1927 366 2119 426 UllliA.

2226 363 2258 417 ll
2290 361 2489 416 PAllrE
3671 365 3752 422 li!

530 513 588 558 ιιι
627 505 1033 572 interpretatur.
1091 505 1144 551 et
1183 509 1240 550 se
1284 493 1351 547 ab
1393 490 1611 546 Urbano
1664 489 1780 557 ipso
1839 485 2106 538 audivisse
2137 489 2184 544 Α
2217 491 2346 531 vero
2394 491 2513 544 qua:
2557 473 2754 527 nullam
2804 474 3208 543 prmslationem
3263 475 3559 540 debebant,
3603 494 3754 536 cense-
3799 484 3801 487 ’

528 599 800 646 asseverat
823 590 913 644 Ivo
938 589 1098 657 epist.
1129 585 1196 639 60
1235 585 1302 639 ad
1343 582 1622 653 Hugonem
1672 578 2106 648 Lugdunensem,

530 691 587 735 ut
620 679 907 736 concilium
961 694 1104 748 reges
1155 687 1356 730 tantum
1406 691 1438 728 a
1487 669 1746 740 corporali
1805 668 2110 722 iuvestitura

529 771 819 835 excludat;
855 787 957 825 non
991 770 1055 822 ab
1109 768 1377 831 electione,
1423 767 1478 819 in
1506 772 1759 834 quantum
1801 772 1923 816 sunt
1954 769 2109 828 caput

529 859 724 930 populi,
766 859 842 914 vel
875 859 1226 924 concessione,
1249 866 1355 912 etc.
1389 856 1502 924 Qua
1534 855 1586 908 in
1624 869 1681 909 re
1711 868 1834 907 cum
1866 851 2110 906 Franco-

529 965 647 1003 rum
673 962 830 1020 reges
860 947 1205 1018 pontiﬁcibus
1236 944 1628 1006 consenserint,
1674 942 1816 996 nulla
1846 940 1913 995 de
1962 942 2114 994 inve-

528 1040 742 1094 stituris
768 1038 1139 1094 controversia
1183 1037 1518 1092 Gallicanam
1562 1033 1858 1088 Ecclesiam
1900 1040 2114 1100 pertur-

529 1129 698 1183 bavit.
749 1130 820 1182 At
856 1144 1031 1184 canon
1076 1143 1328 1198 sequens,
1373 1135 1564 1181 contra
1614 1140 1707 1180 eos
1754 1124 1844 1192 qui
1899 1123 2113 1192 regibus

531 1220 844 1275 fidelitatem
871 1221 1045 1290 ligiam
1063 1229 1342 1290 prtestant,
1368 1219 1572 1273 nullum
1597 1216 1898 1287 unqttamin
1923 1213 2114 1270 Galliis

531 1311 721 1366 habuit
750 1311 1010 1381 vigorem,
1041 1321 1102 1365 ut
1134 1327 1199 1366 ex
1249 1313 1417 1381 ipsius
1443 1311 1621 1364 lvonis
1646 1309 1806 1379 epist.
1846 1307 1949 1362 190
1970 1315 2117 1376 patet

532 1402 598 1457 ad
620 1401 930 1457 Paschalem
969 1403 1011 1458 11
1040 1404 1259 1474 scripta,
1291 1419 1399 1473 qua
1425 1403 1490 1456 de
1514 1416 1572 1456 re
1601 1408 1766 1472 agunt
1798 1397 2020 1454 Juretus
2062 1399 2117 1452 in

533 1493 674 1547 notis
711 1493 778 1546 ad
803 1494 943 1547 hanc
967 1493 1273 1562 epistolam,
1296 1501 1351 1548 et
1374 1492 1569 1547 Petrus
1597 1490 1663 1546 de
1691 1489 1873 1544 Marca
1906 1488 1997 1543 lib.
2020 1503 2116 1543 vm

531 1584 862 1648 Concordite,
886 1599 1004 1654 cap.
1029 1584 1120 1640 21.

602 1675 886 1730 Provisum
909 1676 1074 1730 etiam
1109 1675 1162 1729 in
1189 1674 1292 1730 hoc
1318 1673 1552 1729 concilio
1583 1670 1684 1726 l'uit
1717 1670 1946 1740 publicae
1966 1683 2118 1724 secu-

531 1767 700 1831 ritati,
734 1766 970 1820 maxime
999 1781 1188 1821 eorum
1211 1781 1301 1834 qm
1335 1781 1429 1819 sua
1460 1763 1767 1820 conditione
1791 1769 1885 1815 aut
1927 1769 2117 1814 natura

2215 567 2412 626 bantur
2440 563 2859 632 impersonaliter
2905 562 3099 617 teneri.
3137 565 3238 617 Ast
3275 579 3403 617 cum
3437 577 3551 633 post
3581 567 3756 638 aliquod

2216 667 2432 725 tempus
2480 653 2918 706 animadversum
2973 651 3162 707 fuisset
3201 667 3235 706 a
3273 653 3413 708 viris
3455 655 3556 722 piis
3589 666 3638 710 et
3658 673 3756 712 ocu-

2214 748 2336 802 latis
2384 750 2485 802 has
2532 745 2822 812 pensiones
2869 744 3076 813 absque
3129 744 3324 813 aliqua
3379 745 3630 803 Sitnonia:
3670 751 3759 804 labe

2215 837 2332 892 dari
2358 851 2465 890 non
2497 849 2678 906 posse,
2714 841 2772 886 ut
2797 831 3092 902 scripserat
3119 832 3207 888 lvo
3239 835 3408 902 epist.
3443 835 3509 887 12
3536 837 3596 888 ad
3627 839 3760 906 ipsum

2218 928 2520 991 Urbanum,
2556 922 2798 996 pontifex
2835 924 3071 992 primum
3097 924 3152 978 in
3185 923 3528 979 Arvernensi
3553 930 3759 995 concilio,

2218 1027 2332 1072 tum
2363 1016 2527 1070 etiam
2553 1017 2605 1070 in
2643 1012 3020 1076 Nemausensi,
3054 1027 3117 1066 ac
3149 1014 3378 1067 demum
3414 1013 3503 1067 alii
3533 1016 3764 1084 lumtiﬁm

2215 1108 2465 1177 exemplo
2505 1114 2817 1168 vetuerunt,
2866 1119 2936 1160 ne
2982 1104 3240 1174 deinceps
3288 1107 3525 1174 pecunia
3568 1107 3660 1160 ulla
3694 1125 3764 1176 pro

2218 1197 2476 1251 altarium
2504 1195 2876 1265 redemptione
2914 1193 3186 1263 episcopis
3227 1195 3488 1248 daretur.
3527 1195 3601 1250 Ne
3628 1208 3767 1251 Iauu-u

2218 1289 2322 1345 hac
2369 1288 2659 1344 occasione
2707 1287 2971 1357 episc0pi,
3025 1285 3169 1356 quod
3221 1284 3457 1339 nonnisi
3501 1301 3768 1342 comunt-re

2219 1381 2490 1437 solvenda:
2518 1380 2660 1436 illius
2691 1380 2934 1451 pecunia:
2961 1396 3295 1436 consensum
3351 1395 3515 1434 suum
3556 1384 3770 1451 pra-huis-

2219 1482 2367 1538 sent,
2424 1472 2625 1528 altaria
2677 1473 3025 1528 monasteriis
3077 1479 3282 1528 donata
3333 1471 3575 1539 aulerre,
3605 1473 3771 1541 sibique

2221 1566 2532 1620 attribuere
2567 1564 2916 1630 molirentur,
2964 1574 3228 1620 statutum
3263 1567 3320 1620 in
3351 1566 3582 1621 concilio
3616 1565 3768 1620 luerat.

2219 1665 2282 1712 ut
2328 1656 2705 1721 monasteriis,
2752 1671 2872 1727 qua:
2911 1671 3010 1726 per
3049 1673 3222 1713 annos
3275 1659 3510 1728 triginta
3555 1656 3771 1724 ejusmodi

2221 1748 2439 1815 altaria,
2478 1763 2572 1804 seu
2598 1749 2837 1804 decimas
2864 1749 3246 1818 possederant,
3281 1751 3478 1819 quiete
3500 1751 3770 1818 possidenda

523 1856 600 1911 ab
621 1857 768 1911 omni
798 1872 1072 1912 armorum
1107 1856 1334 1924 strepitu
1366 1854 1642 1909 abstinuere
1663 1852 1953 1907 debebant.
1981 1849 2118 1904 Hinc
2151 1857 2194 1911 Β
2224 1839 2688 1909 relinquerentur.
2719 1840 2898 1909 Atque
2926 1855 3046 1896 eam
3079 1842 3300 1897 concilii
3334 1851 3390 1896 et
3429 1841 3627 1896 Urbani
3663 1857 3772 1893 ιιιιιυ-

527 1962 756 2012 canone,
786 1963 893 2017 quo
921 1947 1054 2002 certi
1088 1947 1424 2001 induciarum
1453 1945 1570 1999 dies
1614 1952 1962 2006 statuuntur,
1993 1955 2120 1996 san-

523 2037 692 2091 citum
715 2036 816 2090 fuit
838 2046 896 2090 ut
917 2037 1063 2091 omni
1087 2046 1333 2105 tempore
1353 2035 1626 2099 monachi,
1643 2033 1825 2088 clerici
1841 2072 1854 2093 ,
1886 2031 2118 2094 feminae,

526 2131 580 2177 et
601 2124 691 2193 qui
717 2139 838 2178 cum
869 2125 951 2178 eis
975 2124 1199 2187 fuerint,
1226 2123 1278 2177 in
1305 2139 1431 2192 pace
1473 2131 1835 2191 permaneant.
1867 2119 2122 2174 Celebres

529 2220 716 2281 postea
746 2211 830 2266 ha:
859 2212 1086 2266 induciae
1144 2212 1246 2266 sub
1296 2221 1498 2280 trengze
1545 2220 1600 2264 et
1623 2211 1771 2278 pacis
1815 2208 2122 2264 nominibus

532 2298 877 2367 potissimum
920 2297 1208 2353 occasione
1238 2313 1521 2353 sacrarum
1559 2296 1959 2366 expeditionem
2007 2295 2122 2352 l'ue-

532 2400 688 2454 runt;
714 2389 788 2445 .de
813 2390 1008 2460 quibus
1039 2389 1250 2445 erudite
1282 2405 1381 2458 pro
1411 2402 1509 2442 suo
1538 2403 1688 2442 more
1714 2387 1952 2453 disserit,
1987 2402 2123 2456 pra:-

535 2492 619 2534 ter
653 2480 788 2536 alios
823 2480 1171 2549 quamplures
1202 2489 1470 2543 auctores,
1525 2477 1798 2532 illustriss.
1823 2475 2015 2531 Petrus
2057 2477 2122 2531 de

520 2570 710 2626 Jlarca
739 2571 790 2624 in
821 2569 960 2624 notis
983 2570 1049 2623 ad
1079 2570 1223 2624 hunc
1251 2582 1546 2627 canonem;
1571 2567 1662 2637 qui
1710 2567 1763 2620 in
1803 2566 1926 2620 aliis
1981 2565 2123 2621 notis

530 2665 596 2719 ad
628 2665 729 2720 hoc
752 2663 1039 2718 concilium
1061 2663 1540 2718 Claromontauum
1585 2659 1749 2714 multa
1775 2661 1938 2714 etiam
1963 2657 2123 2713 habet

530 2755 596 2809 tle
625 2754 1036 2819 communione,
1089 2755 1154 2808 de
1201 2751 1706 2814 chrismatiouibus,
1740 2760 1872 2815 etc.,
1903 2750 2042 2803 sicut
2069 2758 2124 2802 et

533 2844 584 2898 itt
620 2843 770 2898 libris
792 2843 867 2896 De
895 2843 1212 2906 concordia,
1236 2851 1290 2896 et
1314 2843 1368 2894 in
1395 2841 1653 2911 opusculo
1678 2840 1751 2894 De
1774 2839 2120 2909 ptimatibus,

533 2933 859 3002 quieomnia
897 2933 986 2988 hic
1010 2933 1179 2988 iusius
1213 2942 1546 3003 pertractare
1574 2931 1641 2985 ad
1691 2940 1933 2985 nostrum
1967 2929 2122 2983 insti-

536 3035 712 3078 tutum
737 3023 869 3079 nihil
893 3032 1122 3094 spectat.

533 3139 734 3194 l'CXll.
762 3138 944 3193 Canon
983 3139 1046 3192 de
1079 3139 1427 3208 redemptione
1471 3137 1763 3208 altarium._
1791 3135 1924 3208 Ejus
1975 3152 2125 3208 occa-

2227 1939 2333 1984 tem
2367 1931 2534 1986 fuisse
2557 1946 2621 1987 ex
2651 1931 2767 2001 ipso
2799 1932 3056 2001 pontilice
3095 1933 3388 1998 discimus,
3433 1933 3524 2002 qui
3570 1947 3627 1986 ea
3657 1933 3710 1982 de
3738 1949 3774 1982 ιε

2225 2019 2446 2090 scripsit
2483 2020 2549 2073 ad
2577 2019 2973 2090 lngelramnttm
3013 2021 3339 2090 episcopum
3385 2021 3772 2080 Lauduuensetu,

2228 2122 2339 2165 tum
2369 2112 2535 2166 etiam
2567 2112 2634 2165 ad
2666 2112 2964 2167 monachos
2995 2114 3166 2168 sancti
3200 2114 3444 2170 Bertini.

2301 2204 2498 2259 Verum
2555 2220 2678 2258 cum
2730 2204 2834 2260 hoc
2877 2205 3180 2270 decretum,
3232 2207 3396 2261 salvo
3447 2205 3773 2276 episcoporum

2226 2309 2406 2348 annuo
2447 2309 2637 2360 censu,
2683 2310 2844 2364 quem
2893 2295 2968 2350 illi
3000 2311 3066 2349 ex
3107 2297 3337 2366 antiquo
3374 2296 3504 2366 jure
3535 2297 3712 2350 habere
3734 2295 3771 2345 ia

2225 2384 2535 2438 ditecescon
2587 2399 2809 2439 suarum
2856 2384 3123 2451 ecclesiis,
3164 2403 3283 2453 seu,
3334 2397 3397 2442 ut
3445 2387 3772 2458 appellabant.

2226 2476 2511 2541 altaribus,
2540 2486 2957 2543 consueverant,
3003 2480 3270 2534 sancitum
3304 2494 3431 2534 esse
3460 2478 3681 2550 pontifex
3705 2479 3770 2528 de-

2226 2567 2510 2631 clarasset,
2545 2567 2790 2622 nonnulli
2822 2569 3061 2638 episcopi
3103 2570 3207 2625 hac
3235 2571 3538 2627 occasione
3568 2569 3774 2640 pecunias

2229 2657 2348 2711 illas
2403 2674 2538 2726 quas
2598 2659 2665 2713 ad
2718 2660 2956 2730 singulas
3005 2655 3391 2730 personarum,
3443 2664 3522 2716 uti
3563 2661 3768 2714 ditium»

2228 2748 2554 2804 mutationes
2585 2765 2683 2819 pro
2713 2750 2966 2806 altarium
3003 2753 3390 2824 redemptione
3421 2752 3767 2824 percipiebnnl.

2229 2840 2294 2894 ad
2325 2850 2561 2895 veterem
2594 2841 2742 2896 illuni
2780 2858 3293 2900 censunLantiuum
3327 2861 3494 2916 quem
3529 2844 3621 2898 sub
3646 2857 3768 2911 syno-

2229 2933 2362 2997 dici,
2396 2934 2648 2993 eircadau
2681 2936 3083 3003 procurationis
3108 2947 3202 2990 aut
3231 2937 3343 2993 alio
3379 2937 3573 3008 quovis
3598 2934 3769 2989 nomine

2230 3024 2432 3080 habere
2481 3025 2627 3080 soliti
2673 3036 2851 3091 cram,
2886 3028 3066 3082 conati
3121 3038 3250 3084 sunt
3304 3028 3622 3099 adjungere,
3673 3023 3768 3077 illud

2231 3116 2442 3172 scilicet
2469 3126 2626 3174 vetus
2654 3119 2892 3173 debitum
2921 3120 3044 3174 novi
3074 3136 3271 3177 census
3310 3122 3623 3178 accessione
3646 3117 3766 3170 adau-

599 3211 746 3264 sioue
793 3209 959 3262 turba:
1017 3201 1332 3262 excitantur.
1389 3207 1659 3276 σοίγε-Μαι
1729 3201 2122 3260 i’iudociueusis
2154 3201 2197 3262 C
2230 3205 2405 3276 gendo
2432 3225 2444 3260 :
2475 3215 2530 3260 at
2574 3207 2945 3262 rcclamarunt
2995 3209 3222 3265 abbatcs
3269 3219 3329 3265 et
3382 3209 3644 3265 monachi.
3688 3205 3766 3259 Nec

605 3280 766 3333 abbas
798 3279 1117 3332 vindicatur.

601 3394 795 3448 Mirum
842 3403 1024 3448 autem
1071 3401 1156 3448 cst
1188 3407 1454 3448 canonem
1495 3391 1560 3444 de
1622 3389 1874 3444 altat-ium
1920 3390 2123 3443 redeat-

529 3485 734 3555 ptione,
761 3483 851 3553 qui
875 3483 1012 3537 adeo
1035 3482 1176 3552 apud
1199 3491 1452 3536 auctores
1467 3479 1792 3542 celebratur,
1821 3478 1872 3532 iit
1898 3478 2125 3547 vulgatis

527 3573 732 3642 passim
764 3570 920 3638 hujus
947 3570 1139 3640 synodi
1179 3585 1448 3624 canonum
1478 3568 1889 3623 collectionibus
1914 3568 2123 3621 deside-

531 3665 662 3717 rari.
717 3663 784 3716 Et
827 3670 1006 3716 tamen
1057 3671 1254 3731 praeter
1299 3660 1540 3715 codicem
1588 3659 1772 3714 Cencii
1825 3657 2122 3714 Camerarii

531 3751 674 3820 apud
725 3749 999 3804 Labbeum
1033 3759 1178 3803 totno
1211 3747 1256 3801 Χ
1283 3747 1492 3803 Cotteil.
1520 3757 1574 3801 et
1609 3747 1772 3801 alimn
1802 3747 2124 3800 Auaniensis

531 3841 847 3896 monasterii
871 3842 1014 3909 apud
1040 3839 1318 3892 Baluzium
1347 3839 1398 3892 in
1424 3839 1564 3892 notis
1589 3839 1654 3890 ad
1677 3853 1800 3907 cap.
1823 3837 1913 3899 5i,
1933 3838 2052 3891 libri
2071 3854 2123 3890 vi

534 3931 610 3983 De
643 3929 932 3983 concordia
987 3927 1354 3983 saccrdotiiet
1410 3926 1644 3995 imperii,
1679 3926 1820 3980 hunc
1862 3941 2122 3980 canonem

533 4021 759 4074 laudant
785 4019 1060 4075 Coifi-idus
1092 4017 1372 4074 Vindociui
1401 4018 1573 4072 abbas
1593 4017 1727 4072 libro
1760 4033 1840 4083 Ill,
1873 4018 2032 4088 epist.
2060 4018 2126 4071 12

533 4111 602 4166 ad
632 4110 912 4181 Ulgerium
953 4111 1392 4165 Andecavcuscm
1437 4109 1775 4178 episcopum,
1807 4119 1861 4163 et
1889 4109 2125 4163 Pascha-

531 4203 600 4258 lis
632 4205 674 4258 ll
701 4219 838 4274 papa
887 4203 957 4258 ad
988 4201 1336 4256 Ramuulhtm
1375 4203 1772 4256 Santonvnsem
1803 4212 1858 4257 et
1905 4203 2121 4257 lvoncm

533 4295 927 4351 Carnotensem
978 4295 1398 4364 episcOpos,qtti
1449 4292 1574 4347 huic
1599 4293 1829 4349 concilio
1859 4294 2121 4350 interluc-

533 4395 679 4446 rant.
716 4385 822 4442 Sed
871 4386 1013 4442 forte
1067 4387 1101 4440 ii
1132 4402 1397 4441 canonum
1429 4385 1747 4440 collectores
1777 4385 1940 4440 istum
1986 4387 2122 4440 omi-

533 4489 747 4546 serunt,
769 4480 912 4549 quod
940 4479 992 4532 itt
1016 4478 1250 4533 concilio
1277 4476 1630 4532 Nemausensi
1673 4477 1861 4531 iisdem
1901 4479 2122 4531 omnino

2227 3297 2450 3352 dubium
2483 3300 2612 3368 quin
2644 3299 2748 3354 huc
2786 3300 3032 3354 revocari
3069 3301 3263 3356 debeat
3292 3303 3527 3358 Golh-idi
3563 3296 3766 3354 \‘iudoci-

2226 3391 2413 3445 ncnsis
2451 3391 2682 3461 epistola
2704 3391 2801 3457 19.,
2832 3393 2955 3447 libri
2986 3409 3044 3448 ιιι
3076 3393 3144 3448 ad
3185 3394 3470 3466 Ulgerium
3505 3395 3763 3464 episcopum

2226 3482 2710 3552 Audegavenscm,
2751 3493 2806 3538 et
2846 3483 3014 3538 altera
3063 3483 3310 3554 ejusdem
3365 3488 3433 3540 ad
3471 3483 3536 3538 G.
3578 3483 3763 3550 legatum

2227 3574 2536 3641 apostolicae
2588 3575 2754 3638 sedis,
2797 3574 2891 3630 lib.
2937 3592 2975 3642 ι,
3029 3577 3190 3646 epist.
3241 3578 3337 3633 27.
3388 3578 3504 3632 lmo
3533 3571 3766 3646 poutitires

2227 3665 2326 3733 ipsi
2365 3665 2758 3721 monachorum
2809 3667 2996 3722 hacin
3046 3684 3104 3723 re
3148 3671 3517 3739 patrocinium
3558 3676 3761 3733 suscepe-

2228 3765 2371 3819 runt,
2407 3757 2484 3810 uti
2517 3766 2666 3826 patet
2705 3773 2770 3813 ex
2811 3774 2916 3813 una
2958 3759 3238 3817 Paschalis
3283 3779 3444 3834 papa:
3481 3758 3684 3831 cpistola
3714 3753 3762 3806 ειεΞ

2226 3845 2442 3902 lvoncnt
2500 3849 2863 3905 Carnotenttm
2911 3862 2966 3908 et
3013 3853 3365 3911 Ramnull‘um
3421 3855 3763 3912 Santouenseut

2227 3940 2530 4010 episcopos,
2555 3953 2610 3998 et
2634 3959 2698 3998 ex
2729 3945 2831 3999 alia
2857 3961 3018 4016 quam
3043 3947 3336 4004 Gattl‘ridtts
3362 3951 3491 4005 item
3518 3948 3762 4003 Carnulum

2227 4028 2518 4100 cpiscopus
2566 4041 2622 4086 et
2674 4033 2987 4101 apostolicae
3038 4036 3182 4090 sedis
3238 4038 3454 4107 legatus
3503 4036 3565 4092 de
3611 4030 3760 4087 eodem

2227 4130 2545 4190 argumento
2589 4123 2807 4194 scripsit
2849 4124 2938 4194 (ex
2981 4124 3205 4181 Goll'ridi
3251 4125 3348 4184 lib.
3390 4146 3432 4193 t,
3481 4142 3564 4197 cp.
3608 4122 3685 4189 27)
3714 4115 3763 4169 ad

2229 4210 2296 4264 Β.
2327 4212 2772 4269 archidiaconum
2822 4224 2876 4270 et
2929 4215 3031 4270 lla.
3081 4217 3349 4272 dccanum
3403 4206 3760 4285 Andegavcusis

2226 4302 2513 4369 Ecclesiae;
2564 4320 2702 4374 quas
2748 4306 2959 4362 litteras
3014 4308 3270 4365 Baluzitrs
3324 4311 3512 4366 retulit
3557 4309 3604 4362 itt
3650 4299 3760 4356 nolis

2229 4394 2294 4446 ad
2329 4393 2423 4450 lib.
2454 4410 2567 4455 vttt,
2595 4411 2717 4465 cap.
2749 4397 2808 4450 5|
2849 4397 2924 4450 Dc
2965 4399 3259 4454 concordia
3297 4397 3581 4457 sacerdotii
3617 4402 3662 4448 et
3684 4391 3758 4443 im-

2229 4483 2384 4551 perii.
2420 4482 2600 4549 Quare
2631 4497 2688 4539 ut
2717 4486 2768 4539 in
2799 4485 2901 4542 hac
2929 4487 3227 4557 qnxstione
3260 4491 3396 4545 nihil
3426 4483 3757 4545 confundatur.

533 4571 715 4628 verbis
765 4584 831 4625 ex
896 4571 999 4624 isto
1051 4569 1382 4624 Arvernensi
1436 4575 1729 4636 repetatur.
1786 4566 1855 4622 Ut
1908 4576 1966 4620 ut
2019 4577 2120 4632 est,
2155 4551 2474 4642 Dapprime
2522 4551 2961 4644 distinguemluni
3007 4588 3093 4632 est
3143 4580 3265 4633 novi
3311 4595 3506 4636 census
3552 4569 3754 4630 exactiO.

531 4663 876 4718 occasionem
908 4660 1066 4731 hujus
1106 4658 1329 4713 canonis
1354 4657 1618 4713 condendi
1661 4671 1778 4711 eam
1828 4655 1992 4710 fuisse
2030 4657 2124 4710 ob-

532 4762 752 4807 servant
797 4753 896 4806 viri
949 4750 1147 4806 eruditi
1203 4748 1394 4803 Petrus
1425 4748 1491 4803 de
1539 4746 1719 4802 Marca
1778 4755 1832 4802 ct
1889 4745 2123 4802 Jacobus

538 4841 883 4910 Sirmundus,
915 4842 1060 4914 quod
1082 4858 1204 4896 cum
1229 4841 1380 4896 multi
1405 4849 1560 4895 antea
1587 4839 1659 4908 pii
1687 4840 1932 4895 homines
1951 4839 2125 4894 cccle-

539 4935 650 4990 sias
681 4949 709 4988 a
734 4950 791 4990 se
819 4936 1086 4998 conditas,
1111 4941 1205 4987 aut
1239 4931 1478 5004 quolibet
1509 4932 1668 4988 modo
1693 4947 1790 4986 suo
1812 4931 1920 5001 juri
1945 4930 2127 5000 subje-

539 5033 659 5078 ctas
682 5025 1026 5079 monasteriis
1045 5023 1423 5088 contulissent,
1441 5023 1493 5078 id
1511 5023 1865 5092 permiseram
1882 5023 2116 5092 episcopi

538 5114 835 5169 dimcesaui
853 5116 1215 5184 (necessarios
1237 5115 1435 5185 quippe
1450 5113 1514 5167 ad
1535 5114 1636 5168 hoc
1650 5122 1770 5168 erat
1787 5128 1974 5168 eorunt
1993 5127 2119 5166 con-

538 5204 753 5275 sensus)
777 5219 841 5259 ea
863 5203 998 5273 lege,
1023 5216 1081 5260 ut
1107 5207 1270 5260 statis
1291 5204 1648 5272 temporibus,
1673 5217 1866 5272 nempe
1898 5202 2121 5273 singulis

538 5297 892 5360 vicariorum,
947 5311 1043 5350 seu
1098 5297 1177 5350 uti
1224 5295 1590 5366 appellabant,
1623 5309 1979 5364 personarum
2027 5305 2122 5349 aut

537 5391 1016 5461 presbyterorum,
1062 5387 1154 5456 qui
1203 5387 1456 5442 videlicet
1504 5386 1723 5440 nomine
1770 5385 1982 5440 abbatis
2029 5398 2121 5442 aut

535 5480 926 5537 monachorum
954 5479 1217 5549 ejusmodi
1243 5477 1516 5547 parochias
1540 5493 1728 5532 curam
1756 5478 2116 5544 sustinebant,

537 5569 929 5632 mutationibus
957 5571 1211 5626 certa-eis
1240 5569 1480 5638 pecunia:
1511 5585 1720 5624 sunnna
1749 5571 2074 5638 penderetur
2102 5589 2114 5625 :

537 5660 634 5731 qui
663 5675 858 5716 census
889 5661 1139 5715 altarium
1162 5661 1446 5729 redemptio
1472 5661 1769 5729 appellatus
1789 5673 1892 5727 est,
1923 5673 1978 5718 et
2004 5663 2119 5719 hzcc

538 5750 733 5807 altaria
805 5754 899 5806 sub
949 5763 1230 5819 personam
1281 5763 1539 5806 concessa
1595 5752 1949 5818 dicebantur;
2013 5754 2116 5812 alia

2231 4672 2325 4716 aut
2393 4665 2596 4718 adtlilio
2659 4666 2726 4719 ad
2789 4677 3027 4723 veterem
3078 4672 3366 4727 occasione
3425 4657 3758 4734 redemptionis

2230 4754 2508 4820 altarium,
2538 4771 2568 4810 a
2601 4758 2800 4812 veteris
2830 4775 3028 4815 census
3055 4762 3258 4817 debito.
3300 4764 3618 4818 Fatebantur
3642 4749 3753 4806 enim

2229 4860 2437 4910 omnes,
2469 4847 2516 4901 si
2546 4861 2650 4902 non
2692 4848 2868 4914 fallor,
2909 4859 3149 4906 veterem
3183 4868 3431 4918 censum,
3456 4853 3519 4906 de
3540 4859 3634 4917 quo
3660 4849 3754 4894 "'0"

2229 4937 2611 5008 loquebamur,
2661 4941 2930 5010 episcopis
2987 4944 3320 4999 reddendum
3373 4959 3517 5007 esse;
3566 4947 3614 4992 al
3651 4945 3752 4987 σοιν

2230 5029 2495 5083 troversia
2519 5038 2639 5084 erat
2665 5029 2809 5084 inter
2836 5030 3041 5101 aliquot
3069 5033 3350 5104 episcopos
3376 5045 3430 5090 et
3453 5030 3667 5087 abbates,
3700 5029 3750 5068 ³η

2227 5117 2348 5172 loco
2385 5119 2774 5190 redemptionis
2822 5121 3075 5178 altarium
3123 5139 3286 5193 quam
3336 5123 3563 5191 synodus
3603 5108 3749 5168 abole-

2225 5221 2409 5276 verat,
2455 5212 2723 5268 introduci
2760 5215 2982 5270 debcrct
3027 5226 3120 5271 aut
3166 5229 3347 5286 posset
3397 5229 3558 5275 novus
3596 5199 3748 5271 aliquis

2225 5315 2438 5366 census,
2465 5313 2557 5358 aut
2585 5306 2841 5374 antiquus
2865 5307 3078 5364 debitus
3103 5313 3311 5378 augeri.
3332 5311 3385 5366 ld
3409 5297 3745 5365 contendebat“

2227 5392 2435 5461 θιίίιιιοι
2475 5395 2735 5464 prtesules
2778 5398 3102 5466 negantibus
3161 5401 3462 5465 abbatibus,
3501 5392 3550 5452 et
3592 5383 3743 5444 merito

2227 5482 2463 5550 quidem,
2499 5493 2558 5538 ιιι
2599 5499 2662 5538 ex
2697 5486 2940 5556 epistolis
2981 5487 3185 5545 Urbani
3227 5501 3282 5546 et
3327 5486 3584 5548 Paschalis
3617 5485 3740 5542 sul":l

2227 5572 2460 5628 laudatis
2506 5585 2674 5644 patet,
2727 5577 2779 5630 in
2823 5580 3022 5647 quibus
3069 5581 3358 5650 pontiﬁces
3409 5570 3739 5636 monachorum

2232 5664 2594 5733 patrocinium
2620 5679 2807 5721 contra
2838 5669 3121 5739 episcopos
3149 5687 3454 5742 suscepere.
3487 5668 3543 5723 Et
3568 5654 3737 5731 quidem

2229 5757 2296 5811 de
2333 5756 2455 5810 novi
2483 5757 2600 5827 ejus
2635 5773 2830 5814 census
2859 5762 3142 5818 exactione
3171 5762 3501 5819 SJlttmtllOdo
3527 5749 3738 5822 agebamr
