3892 6320
112 441 237 497 175

1656 425 1684 476 \
1705 421 1834 475 ἱΤᾹ.

3285 426 3388 482 17L

107 558 278 610 inter
329 547 626 607 Goll'ridum
699 543 975 602 Viudocini
1032 547 1279 602 abbatem
1336 556 1388 602 et
1435 545 1710 616 Ulgeriunt
1744 547 1788 601 Α
1819 538 1978 594 orlali.
2021 553 2084 590 ne.
2115 553 2218 605 qua
2263 547 2572 604 superesset
2619 539 2671 594 in
2707 555 2769 593 co
2817 553 3024 595 canone
3065 538 3390 598 diilicultatis

108 646 575 714 Andcgavcusem
620 651 676 694 et
713 639 848 693 alios
900 639 1208 708 episcopos.
1257 636 1412 693 Unde
1444 637 1566 690 licet
1610 635 1702 689 Pa-

108 735 335 792 schalis
366 732 418 786 in
447 729 928 801 epistolaJaudata
972 729 1228 784 editionis
1271 728 1576 782 Baluziaua:
1613 728 1712 781 ali-

108 841 291 895 quem
323 838 560 879 annuum
589 833 811 876 censum
837 820 1106 890 episcopis
1142 819 1380 874 debitum
1406 820 1706 883 admiserit,

110 917 334 985 ubique
359 923 539 968 tamen
584 911 956 979 rcjiciendum-
991 926 1112 965 esse
1163 910 1537 980 pronuntiavit
1585 925 1708 964 eum

113 1021 355 1060 censum
396 1018 558 1072 quem
589 1001 682 1057 lvo
720 1011 777 1055 et
823 999 1140 1055 Ramnulfus
1172 999 1497 1067 simplicitati
1530 1000 1712 1052 incon-

119 1110 292 1159 τινας
333 1091 664 1158 duplicitates
693 1090 1005 1143 innectentes
1033 1106 1097 1143 ex
1133 1104 1477 1158 personarum
1512 1087 1713 1140 redem-

116 1185 310 1252 ptione
371 1182 586 1235 mutatis
639 1180 936 1234 nominibus
994 1190 1301 1249 extorquere
1354 1177 1712 1233 conabantur.

119 1259 242 1326 Nec
285 1271 355 1325 iis
383 1269 656 1340 episcopis
702 1269 902 1338 imponi
950 1277 1186 1338 poterat,
1237 1278 1428 1338 utpote
1475 1267 1566 1336 qui
1614 1267 1714 1336 ipsi

124 1363 372 1419 concilio
416 1359 770 1423 Arverncnsi,
824 1359 900 1414 uti
948 1370 1069 1429 post
1113 1359 1394 1415 Urbanum
1427 1357 1719 1426 {Paschalis

127 1455 341 1509 ibidem
377 1453 596 1516 asserit,
632 1449 1016 1506 interfuerant.
1058 1449 1335 1506 Com-idus
1363 1460 1542 1505 autem
1587 1466 1716 1504 nus-

125 1560 296 1610 quam
328 1552 570 1597 veterem
613 1541 761 1596 illum
805 1556 1030 1596 censum
1074 1542 1392 1611 impugnare
1433 1555 1722 1611 aggressus

125 1645 238 1700 est,
283 1644 382 1688 aut
414 1632 527 1687 ullo
568 1633 728 1687 modo
754 1647 992 1701 unquam
1015 1633 1294 1687 contendit
1321 1646 1442 1686 eum
1472 1631 1640 1686 fuisse
1667 1632 1720 1686 in

131 1723 470 1778 Arverncnsi
502 1721 735 1777 concilio
776 1723 1046 1788 vetitum;
1093 1722 1187 1777 sed
1216 1737 1341 1776 eum
1368 1735 1591 1776 censum
1639 1737 1724 1776 re-

135 1813 429 1881 probabat,
481 1828 642 1882 quem
688 1811 942 1881 Ulgerius
990 1812 1057 1866 de
1102 1827 1239 1867 novo
1272 1811 1547 1867 nitebatur
1577 1810 1725 1866 indu-

1817 632 2030 682 umbra.

1811 718 2037 774 CCXIII.
2085 718 2313 773 Cononis
2341 721 2402 774 de
2435 722 2782 791 redemptione
2811 725 3060 780 altarium
3106 728 3387 797 appendix.

1885 813 2072 866 Canon
2121 808 2152 864 7
2199 812 2539 883 vulgaturum
2596 814 2970 871 collectionum
3021 817 3234 872 videtur
3272 834 3393 873 esse

1815 905 2172 974 praaced'cntis
2199 905 2265 958 de
2308 905 2560 959 altarium
2592 907 2968 977 redemptione
2997 911 3284 980 appendix.
3315 911 3392 964 Eo

1816 995 2012 1063 quippe
2040 1004 2284 1056 cavetur,
2311 986 2594 1048 ut'altaria
2627 1010 2749 1064 quae
2781 996 3055 1051 canonicis
3087 1008 3177 1051 aut
3209 1015 3393 1052 mona—

1815 1086 1933 1140 cbis
1967 1099 2366 1154 pcr'pcrsouas
2414 1086 2536 1139 data
2593 1086 2815 1150 fuerint,
2872 1096 2994 1155 post
3041 1103 3390 1156 personarum

1818 1187 2046 1230 mortem
2075 1176 2141 1229 ad
2173 1178 2458 1246 episcopos
2488 1177 2734 1244 redeant,
2780 1179 2880 1233 uisu
2924 1179 3024 1248 ipsi
3057 1181 3290 1248 episcopi
3329 1196 3392 1232 ea

1817 1282 1919 1336 per
1948 1267 2160 1321 litteras
2204 1276 2301 1321 aut
2345 1267 2625 1337 privilegia
2660 1269 3012 1323 monasteriis
3051 1270 3392 1324 conlirmcnt.

1821 1358 1936 1413 Iluc
1983 1359 2130 1412 cnim
2181 1369 2469 1414 revocatur
2519 1362 2790 1429 possessio
2843 1361 3059 1430 triginta
3107 1376 3395 1417 annorum.

1821 1462 1940 1516 qua:
1964 1447 2014 1501 iu
2041 1462 2250 1502 canone
2274 1449 2341 1502 de
2367 1448 2620 1503 altainm
2665 1451 3057 1520 redemptione,
3109 1453 3174 1505 ad
3205 1452 3396 1504 altaria

1826 1537 2177 1592 monasteriis
2229 1539 2522 1593 asserenda
2570 1540 2960 1608 praescribitur.
3002 1540 3154 1607 Quod
3185 1557 3314 1595 vero
3345 1540 3397 1593 iu

1823 1642 1888 1681 eo
1917 1628 2192 1693 statuitur,
2231 1638 2287 1681 ut
2315 1629 2498 1683 vicarii
2538 1644 2567 1683 a
2606 1630 2886 1685 monachis
2932 1631 3166 1684 instituti
3211 1631 3263 1684 iu
3311 1648 3402 1700 pa-

1826 1716 2065 1781 rocbiis,
2135 1731 2321 1771 curam
2380 1719 2682 1773 animartnn
2745 1721 2813 1774 ab
2867 1721 3135 1790 episcopis
3185 1721 3402 1791 quidem

1827 1807 2144 1876 suscipiant,
2200 1808 2296 1863 sed
2339 1802 2588 1864 monachi
2627 1811 2856 1866 reddant
2902 1811 3275 1882 temporalium
3317 1829 3405 1866 ra-

136 1919 282 1957 ccrc.
345 1903 721 1957 Contendebat
777 1903 922 1958 cnim
983 1901 1292 1968 Coifi-idus,
1351 1912 1411 1958 ut
1465 1901 1554 1956 ille
1609 1890 2062 1972 ipseBtionetn,
2124 1897 2329 1951 nullam
2397 1899 2602 1969 patitur
2661 1899 3060 1954 diliicultatem.
3119 1901 3172 1954 Si
3225 1910 3405 1956 tanien

141 1995 382 2063 scripsit,
418 1995 512 2048 lib.
541 2011 584 2060 ι,
610 1995 769 2064 epist.
807 1995 876 2049 27
921 1999 989 2051 ad
1030 1994 1352 2050 Gaufridnm
1383 1995 1551 2065 cpisc.
1583 1995 1720 2050 Car-

151 2098 423 2140 uotensem
481 2086 751 2139 annullari
796 2087 1074 2142 decretum
1127 2087 1335 2142 Urbani
1386 2087 1439 2141 in
1493 2087 1724 2167 concilio

160 2179 471 2232 Arveruensi
497 2189 689 2232 conttra
715 2179 1011 2234 Sitnoniam
1040 2179 1424 2248 redemptionis
1449 2179 1723 2244 altarium,

156 2286 271 2338 qua:
308 2272 359 2321 in
381 2269 473 2324 illo
511 2286 703 2340 magno
741 2272 963 2325 concilio
1001 2273 1233 2341 pravitas
1275 2273 1520 2326 Itwretica
1543 2283 1726 2327 vocata

154 2367 338 2423 luerat,
377 2363 670 2424 sancitum,
718 2362 762 2416 si
808 2363 861 2417 id
904 2364 1045 2431 quod
1092 2363 1305 2419 nonnisi
1339 2364 1502 2418 semel
1533 2380 1628 2434 per
1651 2365 1729 2418 vi-

147 2453 320 2506 carios
347 2462 510 2506 antca
539 2453 865 2518 solvebatur,
891 2453 992 2508 sub
1018 2455 1223 2509 nomine
1258 2471 1440 2510 census
1471 2457 1634 2509 annui
1664 2457 1730 2510 de

147 2556 280 2594 novo
316 2542 554 2596 instituti
585 2544 652 2596 ab
683 2543 955 2614 episcopis
985 2544 1238 2615 deinceps
1269 2557 1725 2616 extorqueretur:

142 2635 281 2700 quod
336 2651 526 2702 parum
579 2636 863 2690 interesset
900 2636 967 2690 ad
1003 2637 1303 2692 Simoniam
1357 2639 1727 2704 conllaudam,

144 2744 210 2778 an
246 2728 339 2779 illa
377 2728 606 2796 pecunia
640 2729 839 2792 rarius,
885 2729 1042 2784 sicuti
1085 2741 1243 2786 antea
1294 2732 1480 2800 flebat,
1525 2734 1735 2790 scilicet

147 2822 535 2872 tantummodo
561 2819 612 2873 in
643 2835 996 2883 personarum
1045 2824 1461 2890 mutationibus,
1511 2841 1578 2879 an
1629 2825 1735 2879 Ire-

144 2909 428 2975 quentius,
479 2924 673 2978 nempe
723 2909 952 2981 singulis
995 2914 1176 2976 annis,
1227 2915 1326 2968 sub
1370 2914 1475 2970 alio
1520 2915 1734 2970 nomine

148 2998 508 3065 penderetur.
537 2997 736 3053 Eadem
767 2999 938 3055 ferme
973 3002 1164 3070 repetit
1192 3001 1466 3058 Golfridus
1499 3005 1549 3058 in
1573 3006 1731 3074 epist.

151 3084 230 3147 l2,
260 3085 296 3138 l.
333 3101 422 3150 ιιι,
456 3089 522 3140 ad
544 3088 720 3156 ipsum
751 3087 1027 3157 Ulgcrinm
1064 3091 1288 3159 scripta.
1321 3094 1390 3146 At
1420 3093 1471 3148 in
1499 3095 1582 3149 bis
1608 3111 1737 3148 con-

147 3174 443 3227 troversiis
472 3191 744 3245 nunquam
771 3176 876 3229 ulla
911 3180 1138 3246 quaestio
1162 3180 1262 3233 fuit
1288 3181 1352 3235 de
1377 3184 1539 3236 veteri
1569 3200 1733 3238 censu

1828 1987 1982 2057 plura
2006 1988 2130 2057 quis
2151 1989 2333 2056 cupiat
2356 2005 2418 2043 ea
2449 1989 2515 2044 de
2541 2003 2618 2055 re,
2648 1990 2809 2045 adeat
2831 1990 3106 2044 Baluzium
3132 1991 3184 2044 iu
3209 1991 3407 2046 additis

1828 2080 1894 2134 ad
1931 2097 2050 2150 cap.
2098 2082 2157 2136 3i
2193 2080 2313 2135 libri
2349 2095 2400 2135 vt
2437 2082 2510 2136 De
2539 2083 2831 2138 concordia
2878 2083 3166 2138 sacerdotii
3212 2091 3264 2136 et
3304 2083 3406 2136 im-

1828 2172 1965 2240 perii
1993 2171 2269 2227 illustriss.
2295 2172 2396 2226 viri
2417 2171 2559 2227 Petri
2584 2174 2650 2228 de
2673 2172 2876 2238 lllarca,
2912 2181 2964 2228 et
2989 2174 3123 2227 alios
3156 2172 3408 2228 canonici

1824 2261 1965 2330 juris
1991 2261 2337 2330 interpretes.

2288 2348 2515 2405 CCXIV.
2556 2351 2676 2406 Alia
2716 2354 2942 2407 decreta.

1905 2441 2113 2498 Praeter
2143 2443 2244 2498 bos
2274 2457 2536 2508 canones,
2579 2443 2855 2499 Goﬂ‘ridus
2908 2444 3189 2499 Vindocini
3244 2444 3418 2498 abbas

1834 2533 1928 2589 lib.
1965 2550 2026 2598 tt,
2059 2533 2220 2604 epist.
2257 2533 2489 2590 ‘29et50
2521 2535 2586 2588 ad
2621 2533 2916 2589 Gelli-idum
2948 2535 3257 2605 episcopum
3289 2534 3416 2589 Car-

1835 2637 2134 2692 notcnsem,
2166 2647 2182 2678 ι
2208 2627 2390 2681 laudat
2410 2627 2675 2696 prolatam
2705 2629 2772 2682 ab
2801 2626 3018 2682 Urbano
3045 2643 3180 2698 papa
3208 2626 3260 2681 in
3286 2644 3416 2681 cou-

1835 2720 1959 2774 cilio
1997 2719 2328 2775 Arvcruensi
2382 2721 2732 2783 sententiam,
2783 2719 3037 2774 omnibus
3065 2721 3333 2791 episcopis
3362 2734 3418 2775 et

1836 2808 2146 2872 abbatibus,
2175 2808 2264 2877 qui
2304 2808 2551 2873 aderant,
2591 2809 2959 2873 laudantibus,
3007 2819 3061 2863 ut
3112 2810 3419 2878 quicunque

1839 2880 1957 2954 sine
2015 2899 2299 2954 vocatione
2349 2909 2403 2952 et
2449 2899 2654 2968 judicio
2711 2899 3189 2969 esspoliarentur,
3249 2903 3417 2956 etiam

1841 2992 1957 3046 sine
2017 2991 2303 3045 vocatione
2343 3001 2398 3045 ct
2428 2990 2636 3059 judicio
2688 2991 3122 3056 investirentur;
3189 3006 3256 3045 ne
3317 2995 3424 3048 sci-

1842 3083 1966 3137 licet
2028 3083 2129 3139 sul)
2182 3082 2470 3137 occasione
2527 3083 2832 3137 vocationis
2885 3095 2938 3138 et
2995 3083 3187 3152 judicii
3249 3086 3423 3140 inter-

1841 3175 2048 3229 veniret
2100 3174 2292 3229 dilatio
2326 3215 2340 3236 ,
2401 3184 2454 3227 et
2511 3189 2609 3244 per
2659 3175 2970 3229 dilationem
3024 3187 3117 3230 aut
3170 3177 3435 3232 diuturna.

147 3264 426 3334 episcopis
452 3244 661 3331 debito;
694 3267 834 3322 unde
858 3269 1128 3324 immerito
1148 3267 1446 3326 Goll'ridum
1468 3275 1733 3328 temerita-
1765 3244 1808 3304 C
1842 3276 1935 3318 ειιιι
1991 3265 2325 3334 sempiterna
2398 3275 2643 3320 ἠθηθιόῑ
2719 3267 3056 3338 θλδροιίίιῑίο·
3100 3289 3119 3319 ³
3191 3269 3426 3327 Consule

150 3355 213 3405 tis
263 3354 554 3407 videretur
598 3365 788 3411 notare
835 3357 1084 3412 eruditus
1131 3357 1385 3415 Baluzius
1416 3361 1469 3414 in
1501 3363 1643 3417 notis
1671 3365 1735 3417 ad

148 3443 476 3498 Gratianum
517 3447 568 3512 1,
605 3461 658 3514 q.
691 3447 747 3509 5,
795 3463 845 3500 c.
893 3449 1194 3516 qua'situnt,
1237 3450 1391 3518 quasi
1437 3449 1526 3504 ille
1569 3452 1736 3506 abbas

154 3531 294 3585 malo
333 3532 524 3586 animo
565 3533 864 3588 clausulam
885 3535 1244 3604 expunxisset
1267 3553 1296 3590 e
1317 3552 1524 3591 canone
1553 3539 1739 3592 Claro-

153 3635 444 3686 montatm,
485 3639 606 3692 quae
646 3625 856 3679 salvum
907 3641 1028 3680 esse
1071 3626 1289 3681 volebat
1333 3630 1599 3698 episc0pis
1642 3645 1739 3684 au-

155 3728 318 3766 nuutn
374 3729 620 3780 censum,
653 3726 713 3768 ut
739 3717 819 3770 eis
851 3731 1066 3770 omnem
1097 3718 1316 3772 omnino
1345 3733 1586 3784 censum,
1625 3719 1738 3774 sive

154 3817 402 3862 veterem
440 3809 770 3878 synodalein,
823 3821 880 3864 ut
909 3812 1023 3880 ipse
1052 3812 1304 3868 Baluzius
1336 3815 1588 3882 appellat,
1628 3815 1740 3869 sive

159 3914 374 3952 novum
436 3901 746 3970 denegaret.
805 3903 1022 3957 Certum
1075 3915 1158 3958 est
1205 3905 1347 3958 enim
1395 3921 1462 3958 ex
1511 3915 1740 3977 utraque

156 3990 391 4059 cpistola
439 3989 666 4047 Goflridi
719 3993 954 4059 laudata,
1017 4006 1080 4049 ut
1123 3997 1234 4066 jam
1291 3997 1543 4062 diximus,
1598 4000 1741 4068 quod

159 4081 318 4133 etiam
356 4080 582 4135 cuilibet
605 4082 726 4136 illas
753 4084 1012 4152 epistolas
1039 4095 1244 4141 attente
1272 4086 1487 4156 legenti,
1516 4097 1570 4142 ut
1600 4105 1739 4150 reor,

163 4173 402 4240 patebit,
457 4189 579 4226 eum
631 4176 847 4230 nonnisi
896 4177 962 4231 de
1000 4193 1166 4232 censu
1213 4193 1371 4242 novo,
1415 4194 1575 4248 quem
1628 4182 1744 4234 loco

163 4267 302 4322 illius
345 4267 675 4332 cxactionis,
716 4284 837 4337 qua:
878 4270 944 4324 ad
986 4270 1226 4339 singulas
1259 4270 1588 4325 vicariorum
1623 4287 1742 4325 tnu-

165 4361 406 4413 tationes
439 4368 597 4414 antea
629 4361 742 4414 fieri
775 4360 1002 4424 solebat,
1039 4362 1278 4432 episcopi
1329 4364 1602 4418 intrudere
1655 4379 1745 4418 vo-

165 4452 377 4518 lebant,
426 4453 663 4509 locutum
708 4456 893 4510 fuisse.
947 4455 1101 4510 Unde
1127 4468 1180 4512 ct
1211 4459 1446 4528 episcopi
1490 4461 1748 4514 adversus

164 4560 298 4611 quos
327 4543 828 4614 agebatGoll'ridus
859 4563 1022 4601 causa
1053 4549 1390 4615 ceciderunt,
1427 4560 1480 4604 et
1513 4551 1748 4606 abolitus

167 4642 245 4684 cst
268 4632 503 4686 ontnino
543 4634 866 4689 auctoritate
897 4636 1209 4704 potitilicnm
1244 4654 1413 4694 novus
1441 4639 1529 4694 ille
1553 4656 1748 4696 census

168 4737 326 4788 quem
390 4722 466 4776 illi
513 4725 735 4791 exigere
778 4734 1140 4780 tentaverant.
1190 4726 1301 4782 Cur
1347 4744 1477 4782 vero
1505 4729 1744 4784 clausula

172 4810 255 4863 illa
278 4811 429 4865 salvo
454 4813 629 4881 utique
653 4822 973 4880 censu,etc.,
991 4815 1044 4868 in
1069 4813 1355 4869 Cltartario
1375 4809 1748 4872 Vindocinensi

173 4902 328 4968 desit,
365 4903 669 4971 nihiljuvat
694 4905 961 4970 divinare,
993 4923 1115 4961 cum
1148 4908 1213 4962 de
1239 4922 1301 4962 ea
1333 4908 1475 4961 nulla
1509 4925 1747 4978 unquam

175 4992 338 5049 fuerit
397 4997 539 5048 inter
588 4987 928 5062 Gofl‘ridtnn,
981 5014 1077 5051 seu
1133 4997 1249 5064 ejus
1297 5014 1640 5054 successores
1694 5011 1749 5055 et

175 5083 461 5153 episcopos
481 5086 881 5141 controversia.
918 5086 1033 5140 Non
1072 5087 1218 5142 enim
1250 5089 1576 5144 auctoritate
1612 5090 1752 5146 illius

179 5174 402 5228 canonis
428 5191 486 5230 se
512 5192 748 5245 unquam
781 5194 809 5231 a
841 5177 1085 5248 quolibet
1124 5195 1311 5242 censu,
1354 5181 1447 5235 sed
1478 5189 1686 5235 tantum
1721 5200 1752 5237 a

181 5275 317 5315 novo
339 5261 432 5316 illo
456 5263 734 5330 solvendo,
755 5281 914 5334 quem
944 5267 1062 5321 loco
1087 5268 1472 5338 redemptionis
1497 5270 1750 5327 altarium

186 5348 466 5406 intrudere
492 5354 730 5424 episcopi
757 5355 1024 5422 volebant,
1062 5357 1261 5413 liberos
1298 5373 1418 5413 esse
1454 5363 1750 5418 contende-

187 5451 310 5495 ruut
360 5443 806 5510 Vindocineuscs,
858 5447 1001 5514 quod
1045 5447 1223 5516 reipsa
1271 5462 1458 5503 verum
1513 5459 1648 5504 erat.
1690 5451 1756 5508 Et

191 5525 420 5582 fortasse
469 5545 576 5582 non
613 5529 844 5583 sublata.
876 5539 1002 5584 sunt
1035 5547 1064 5584 a
1105 5532 1596 5588 Vindocinensibus
1643 5535 1756 5591 haec

191 5617 374 5683 verba,
410 5620 501 5673 sed
532 5621 601 5674 ab
631 5619 754 5673 aliis
789 5620 854 5673 ad
891 5620 1152 5689 majorem
1191 5624 1417 5678 canonis
1445 5624 1754 5693 intelligen-

195 5709 320 5763 tiam
346 5712 444 5766 ista
466 5713 520 5766 in
546 5713 667 5767 aliis
691 5711 967 5768 codicibus
989 5713 1168 5768 addita
1197 5714 1437 5780 fuerunt,
1473 5725 1532 5770 ut
1563 5717 1756 5787 aliquis

199 5800 250 5854 in
280 5804 458 5859 codice
500 5806 673 5860 sancti
703 5805 882 5860 Albini
906 5805 972 5860 azl
1002 5819 1187 5861 vocem
1212 5822 1366 5861 censu
1400 5807 1604 5863 addidit
1633 5826 1754 5878 syn~

1837 3366 1989 3410 notas
2066 3357 2118 3409 in
2205 3357 2364 3424 epist.
2451 3355 2554 3409 I72
2629 3357 2806 3411 Ivonis
2881 3355 3195 3412 Caruoieni.
3274 3360 3421 3415 Idem

1836 3446 1924 3500 Ivo
1977 3446 2119 3499 aliud
2163 3444 2343 3499 laudat
2394 3443 2633 3514 ejusdem
2687 3445 2902 3501 concilii
2961 3448 3278 3513 decretum,
3318 3465 3426 3518 quo

1838 3538 2080 3591 sam-itur
2136 3546 2194 3589 ut
2251 3537 2750 3591 excommunicatus
2803 3538 2871 3591 ab
2922 3554 3031 3594 uno
3078 3541 3355 3610 episcopo,
3393 3558 3431 3596 a

1839 3625 2031 3681 vicinis
2083 3643 2297 3697 quoque
2350 3628 2617 3697 episcopis
2654 3632 3178 3688 cxcommunicetur.
3210 3633 3334 3690 Hcce
3360 3640 3436 3691 de

1839 3718 2135 3772 canonibus
2167 3717 2269 3771 illis
2311 3719 2605 3775 observare
2644 3721 2818 3775 visum
2861 3733 2959 3778 est.
2989 3721 3148 3779 Plura
3188 3726 3428 3794 cupienti

1838 3824 2035 3878 praesa
2066 3819 2222 3864 erant
2249 3809 2372 3864 libri
2426 3811 2502 3865 De
2539 3813 2891 3868 conciliorum
2919 3815 3152 3872 decretis
3181 3818 3331 3872 editi.
3360 3820 3432 3876 At

1843 3910 1994 3955 notas
2056 3900 2356 3968 singulares
2413 3902 2464 3956 in
2517 3901 2966 3962 Claromoutauos
3026 3924 3260 3964 canones
3301 3909 3432 3966 fecit

1842 3991 2112 4046 illuszriss.
2149 3991 2338 4047 Petrus
2370 3995 2436 4048 de
2478 3992 2654 4049 Mai-ca
2686 4006 2815 4050 tom.
2848 3993 2895 4052 Χ
2949 3997 3156 4055 Concil.
3205 4001 3429 4068 Labbci,

1845 4085 1909 4137 ad
1936 4099 2069 4151 quos
2095 4084 2258 4138 etiam
2301 4094 2508 4154 spectat
2538 4086 2672 4142 liber
2701 4086 2818 4159 ejus
2841 4090 2915 4144 De
2945 4091 3286 4160 primatibus.

1845 4197 1974 4251 CCX
1987 4196 2045 4250 ι’.
2068 4196 2240 4251 Varia:
2262 4216 2434 4253 cansw
2452 4201 2507 4253 in
2520 4202 2719 4269 synodo
2737 4200 3147 4258 Claromontana
3164 4216 3426 4266 tractatis.

2287 4267 2562 4323 Primatus
2589 4267 2972 4340 Lugdunensis.

1917 4355 2060 4410 Inter
2084 4358 2263 4411 varias
2295 4374 2506 4421 causas,
2539 4375 2657 4428 quae
2700 4361 2754 4415 in
2786 4363 2990 4432 synodo
3016 4364 3431 4421 Claromontana

1849 4448 2063 4515 agitatur.
2089 4457 2236 4510 sunt,
2267 4447 2496 4503 celebris
2518 4466 2579 4503 ca
2611 4462 2690 4505 est
2729 4467 2848 4519 quae
2873 4453 2938 4506 ad
2969 4455 3254 4522 primatum
3283 4457 3428 4527 Lug-

1852 4538 2146 4591 dunensem
2201 4541 2452 4608 pertinet.
2501 4540 2821 4596 Obtinucrat
2876 4543 3140 4600 Gibuinus
3188 4546 3432 4618 Lugduni

1853 4630 2292 4700 arilticpiscopus
2349 4631 2558 4686 litteras
2599 4650 2629 4688 a
2680 4634 2942 4705 Gregorio
2976 4634 3086 4700 VII,
3129 4637 3327 4706 quibus
3382 4641 3432 4692 ci

1853 4721 2142 4788 primatum
2176 4722 2228 4775 in
2252 4732 2484 4791 quatuor
2513 4720 2898 4793 Lugdunenses
2923 4726 3250 4796 provincias,
3276 4729 3326 4782 id
3352 4741 3436 4784 est

1855 4812 1906 4865 in
1941 4812 2108 4879 ipsam
2137 4813 2571 4883 Lugdunensem,
2607 4815 3119 4887 Iiotltomagensem,
3155 4817 3436 4874 Turonen-

1855 4917 1991 4962 seut,
2043 4913 2098 4957 ct
2151 4903 2517 4959 Senonensem
2569 4905 2942 4969 confirmabat,
2997 4908 3216 4978 scriptis
3269 4910 3434 4965 etiam

1854 4993 1975 5046 aliis
1997 4993 2191 5048 litteris
2219 4996 2283 5048 ad
2310 4995 2518 5049 illartnn
2546 4997 2945 5067 provinciarum
2969 5000 3433 5068 tnetropolitauos,

1856 5082 2051 5148 quibus
2082 5084 2160 5138 eis
2192 5083 2519 5156 iniungebat,
2551 5096 2608 5140 ut
2637 5085 2968 5156 Lugdunensi
3000 5086 3248 5143 Ecclesiw
3270 5091 3436 5144 Itono-

1856 5187 1964 5225 rem
1996 5182 2044 5226 et
2098 5177 2457 5237 reverentiam,
2497 5193 2528 5229 a
2584 5176 2895 5245 majoribus,
2951 5179 3122 5248 inquit
3170 5184 3432 5252 pontifex,

1859 5267 2071 5327 nostris,
2089 5266 2152 5320 de
2170 5267 2398 5321 ecclesiis
2418 5269 2597 5322 vestris
2612 5269 2906 5337 prtt’ﬁxam,
2930 5272 3270 5327 cxbiberent.
3293 5274 3434 5330 l‘on—

1857 5356 2039 5412 tiliciis
2051 5356 2242 5412 litteris
2254 5358 2439 5413 statim
2460 5359 2635 5428 paruit
2649 5358 2907 5416 Rodulfus
2923 5361 3275 5429 Turonensis,
3295 5365 3435 5422 forte

1859 5447 2000 5519 quod
2021 5464 2086 5502 eo
2101 5458 2256 5519 pacto
2271 5448 2552 5503 Dolensem
2569 5464 2632 5503 ac
2652 5451 3178 5507 caeterosBritannia:
3202 5455 3432 5510 minoris

1859 5539 2161 5608 episcopos,
2191 5540 2279 5608 qui
2309 5555 2428 5595 sese
2459 5541 2528 5595 ab
2556 5539 2672 5608 ejus
2696 5542 2947 5597 Ecclesia:
2972 5544 3277 5599 obcdicntia
3303 5549 3431 5602 sub-

1861 5628 2147 5694 duxerant,
2194 5627 2406 5682 facilius
2453 5629 2849 5697 restituendos,
2886 5632 3101 5688 favente
3144 5635 3427 5702 pontifice,

1861 5729 2137 5787 speraret;
2172 5729 2228 5774 at
2260 5719 2544 5777 llicherius
2593 5722 2950 5787 Senonensis,
2981 5724 3070 5790 qui
3101 5732 3155 5776 et
3203 5725 3316 5792 ipse
3359 5741 3429 5780 ex

1859 5809 2082 5867 Joannis
2119 5809 2229 5865 γιιι
2266 5811 2542 5883 privilegio
2567 5813 2859 5883 primatum
2890 5828 2947 5868 se
2980 5812 3177 5868 habere
3203 5822 3428 5868 conten-
