3892 6320
415 398 522 456 1⁸15
1687 391 1745 444 Β.
1792 391 1952 445 ἰπὶΒέ

2176 390 2374 444 ΡΑΡῶ
2996 347 3008 352 ⁷
3574 387 3689 442 ne

409 507 601 569 debat,
640 516 854 558 omnem
881 513 1101 572 prorsus
1149 495 1398 551 Ecclesiae
1436 496 1778 567 Lugdunensi
1808 497 1986 563 subje-
2016 508 2060 563 Α
2093 500 2235 553 tilice
2283 511 2334 553 ct
2364 499 2574 554 creteris
2606 499 2823 555 concilii
2860 499 3110 556 Patribns
3141 502 3454 572 conquestis
3489 516 3692 555 mona-

408 606 643 652 ctionem
665 592 964 662 denegavit.
991 589 1143 644 llune
1168 590 1410 643 imitatus
1430 597 1516 643 est
1540 589 1990 657 ltotbomagensis
2090 591 2228 650 cluis,
2252 591 2659 658 archipiscopus
2687 591 2885 646 factum
2917 595 3152 660 negavit,
3178 594 3222 646 si
3269 594 3567 655 monacho,
3587 593 3694 660 qui

409 689 670 752 antistes,
700 684 851 753 cujus
879 683 1156 754 provincia
1212 693 1340 736 tunc
1374 681 1708 737 Francorum
1753 683 1990 736 dominio
2089 679 2326 734 libellum
2385 683 2458 736 De
2512 683 2681 753 gestis
2727 683 3259 753 archiepiscoporum
3309 693 3358 738 ct
3419 685 3696 737 abbatum

409 776 649 843 subjecta
681 789 783 827 non
811 781 950 834 erat,
979 783 1139 841 atque
1170 772 1305 825 adeo
1333 771 1466 824 nihil
1495 771 1607 826 fere
1639 781 1766 826 tunc
1790 771 1990 840 profuit
2090 773 2648 840 Majoris-Monasterii
2680 790 2708 828 a
2735 775 2983 830 Bocbclle
3011 776 3216 830 editum
3246 775 3489 843 scripsit,
3521 775 3693 827 ﬁdem

409 865 653 920 Gebuino
675 862 922 932 Gregorii
951 862 1248 915 decretum.
1292 860 1362 914 At
1416 860 1567 930 Ηυςο
1614 871 1734 929 post
1760 860 1987 916 Gebuiui
2090 863 2814 934 habeamus,responditque
2830 866 2990 935 quod,
3016 867 3062 917 si
3085 864 3190 919 tale
3212 865 3698 934 aliquidunquam

406 956 610 1009 obitum
635 969 665 1007 e
695 953 870 1008 Diensi
900 952 965 1005 ad
991 951 1725 1022 LugdunensemEcclesium
1758 952 1990 1005 transla—
2087 970 2152 1018 ea:
2177 954 2290 1022 eius
2311 970 2399 1006 ore
2419 963 2673 1018 evaserat,
2703 954 2820 1022 plus
2843 970 2906 1008 ea:
2924 957 3264 1006 commotione
3286 969 3404 1005 cum
3432 953 3700 1018 indiguu-

410 1055 517 1109 tus,
547 1047 638 1114 qui
661 1045 731 1098 ob
757 1043 1076 1097 vieariatum
1118 1042 1265 1096 sedis
1295 1041 1602 1110 apostolicae
1631 1043 1732 1096 sibi
1770 1044 1992 1097 deman-
2089 1046 2225 1098 tione
2257 1045 2442 1107 animi,
2472 1061 2626 1115 quam
2647 1061 2711 1098 ex
2733 1044 3104 1098 deliberatione
3122 1045 3450 1113 processisse.
3490 1042 3700 1094 Visan-

408 1136 592 1189 datum
636 1135 874 1188 maxima
924 1133 1250 1187 auctoritate
1283 1133 1534 1201 pollebat,
1579 1149 1793 1188 onmem
1825 1135 1991 1187 movit
2091 1137 2274 1205 itaque
2315 1145 2438 1201 est,
2465 1137 2683 1192 omissis
2728 1138 3189 1202 circumstantiis,
3223 1153 3441 1191 causam
3502 1139 3702 1206 ipsam

407 1226 665 1296 lapidem,
693 1235 752 1279 ut
780 1225 1068 1294 primatum
1099 1225 1209 1279 sedi
1235 1241 1344 1280 sua:
1373 1234 1665 1288 assereret,
1697 1234 1990 1294 nactusque
2089 1229 2398 1283 accuratius
2441 1230 2770 1284 examinare.
2819 1229 2998 1296 Quare
3035 1229 3281 1298 repetitis
3325 1229 3416 1286 iis.
3450 1245 3587 1296 qua:
3644 1231 3705 1280 in

407 1316 722 1385 przeclaram
753 1315 912 1384 hujus
935 1315 1012 1368 rei
1038 1315 1352 1384 praestandae
1379 1315 1740 1378 occasionem,
1773 1330 1989 1369 causam
2088 1319 2254 1373 variis
2274 1318 2522 1373 conciliis
2548 1333 2611 1372 ac
2635 1319 2991 1374 conventibus
3034 1321 3237 1388 agitata
3277 1327 3334 1373 et
3362 1321 3599 1372 decreta
3631 1319 3708 1369 de

409 1410 477 1461 ad
528 1407 818 1462 concilium
866 1407 1347 1461 Claromoutanum
1389 1406 1610 1469 detulit,
1643 1422 1764 1476 qua:
1790 1407 1902 1476 jam
1937 1407 1990 1460 in
2089 1408 2195 1469 hac
2241 1424 2297 1462 re
2349 1406 2599 1471 fuerant,
2631 1409 2874 1479 pontifex
2908 1409 3249 1480 privilegium
3295 1424 3325 1462 a
3367 1424 3425 1462 se
3454 1409 3705 1476 Maiori-

407 1502 578 1556 variis
623 1501 924 1554 minoribus
975 1499 1220 1554 conciliis
1276 1498 1480 1569 agitata
1538 1497 1734 1552 fuerat.
1782 1497 1992 1553 Citatus
2091 1499 2420 1554 llonasterio
2441 1514 2757 1555 concessum
2788 1515 2972 1554 coram
3000 1501 3145 1555 omni
3175 1515 3429 1555 consessu
3457 1499 3708 1552 recitari

412 1591 694 1646 ltieln-rius
719 1590 1085 1653 Senonensis,
1113 1591 1202 1659 qui
1232 1605 1473 1659 przeseus
1504 1591 1714 1654 aderat,
1744 1599 1864 1660 post
1900 1605 1996 1643 va-
2091 1587 2217 1643 fecit
2249 1606 2262 1641 :
2297 1598 2409 1642 tum
2453 1603 2575 1643 cum
2621 1589 2810 1658 paucis
2839 1587 3022 1643 verbis
3052 1590 3518 1650 demonstrasset,
3557 1585 3714 1638 nihil

408 1681 520 1735 rias
571 1679 1077 1748 tergiversationes,
1128 1693 1249 1732 cum
1282 1680 1348 1731 de
1378 1679 1462 1730 die
1503 1678 1556 1732 in
1590 1678 1730 1734 diem
1765 1694 1993 1748 respnn-
2091 1679 2143 1733 iu
2190 1694 2254 1734 eo
2305 1679 2568 1733 contineri
2595 1720 2608 1741 ,
2657 1681 2800 1748 quod
2833 1695 2860 1732 a
2895 1679 3024 1734 sede
3066 1678 3358 1749 apostolica
3409 1676 3712 1746 indulgeri

409 1774 540 1826 dere
568 1770 832 1833 dilI‘errct,
866 1780 1016 1825 sexta
1045 1771 1133 1824 die
1157 1786 1321 1825 causa
1353 1770 1580 1836 cecidit;
1610 1786 1674 1824 ac
1701 1781 1820 1840 post
1858 1771 1992 1825 duas
2092 1788 2196 1825 non
2228 1773 2492 1842 potuerit,
2525 1771 2656 1824 illud
2710 1773 3028 1825 auctoritate
3081 1771 3202 1835 Dei,
3247 1780 3297 1824 et
3345 1771 3480 1822 beati
3543 1765 3712 1818 Petri

409 1861 542 1914 alias
569 1860 719 1924 dies,
766 1876 888 1913 cum
931 1861 1106 1913 adhuc
1149 1859 1516 1912 obedientiam
1550 1860 1990 1928 promittentibus
2022 1859 2062 1916 Β
2091 1861 2340 1928 apostoli,
2381 1861 2715 1929 omniumque
2735 1858 3092 1932 apostolorum
3114 1869 3160 1911 et
3185 1874 3307 1922 sua,
3333 1858 3486 1910 modo
3518 1856 3714 1907 indis-

407 1953 524 2019 ejns
554 1949 937 2019 sullraganeis,
973 1965 1092 2003 eam
1119 1950 1436 2018 promittere
1460 1951 1808 2012 detrectaret,
1841 1951 1988 2019 pallii
2091 1951 2302 2006 solubili
2331 1952 2558 2018 [irritavit
2573 1961 2619 2004 et
2650 1950 3011 2003 auctorizarit.
3037 1949 3226 2002 Latum
3256 1959 3338 2001 est
3368 1948 3469 2000 hoc
3493 1947 3715 2000 decre-

408 2057 506 2093 usu
543 2050 598 2094 et
635 2038 1018 2108 jnrisdictione
1067 2041 1120 2094 in
1168 2055 1294 2095 suos
1334 2040 1704 2112 sull‘raganeos
1753 2043 1994 2112 privatus
2095 2049 2204 2094 tum
2245 2041 2598 2110 praesentibus
2625 2055 2688 2093 ex
2714 2055 2818 2093 una
2863 2049 3017 2108 parte
3044 2038 3449 2106 archiepiscopo
3468 2045 3536 2089 et
3581 2037 3718 2102 ejus

407 2140 532 2192 est,
570 2129 741 2183 donec
783 2130 1008 2184 decreto
1045 2131 1464 2199 obtemperaret.
1513 2130 1711 2184 Eadem
1743 2145 1900 2200 puum
1939 2133 1990 2185 in
2093 2131 2342 2194 clericis;
2369 2147 2432 2182 ex
2459 2130 2626 2184 altera
2670 2144 2830 2193 vero,
2878 2129 3150 2182 Bernardo
3195 2129 3384 2182 abbate
3424 2127 3718 2196 Majoris-

406 2219 869 2288 archiepiscopum
924 2221 1439 2288 ltothomagensem,
1476 2221 1566 2289 qui
1615 2222 1842 2274 concilio
1881 2237 1990 2274 non
2093 2223 2403 2278 Monasterii
2440 2240 2564 2278 cum
2615 2222 2731 2291 ejus
2775 2223 3083 2285 monachis,
3137 2221 3278 2276 inter
3312 2237 3448 2291 quos
3488 2237 3718 2274 recen-

409 2317 691 2376 intererat,
720 2315 938 2367 decreta
966 2321 1070 2378 cst,
1100 2313 1200 2366 nisi
1225 2315 1366 2366 intra
1392 2321 1502 2366 tres
1533 2328 1748 2366 menses
1777 2313 1991 2380 primati
2093 2322 2280 2367 sentur
2327 2313 2635 2384 Rangerius
2679 2312 2970 2366 cardinalis
3017 2321 3071 2367 et
3110 2311 3564 2380 archiepiscopus
3609 2312 3720 2364 lte-

409 2402 751 2472 L-ugduucnsi
781 2402 1164 2472 subiectionem
1203 2403 1418 2472 scripto,
1445 2402 1700 2472 siquidem
1732 2402 1844 2456 viva
1877 2418 1993 2456 voce
2092 2403 2318 2473 giensis,
2358 2403 2690 2458 Gausmarus
2733 2403 2900 2458 abbas
2943 2403 3127 2456 Sancti
3173 2401 3321 2456 Petti
3366 2400 3718 2464 Treceusis,

407 2511 510 2547 non
561 2504 765 2562 posset,
811 2493 1172 2562 polliceretur;
1214 2504 1378 2563 atque
1418 2509 1485 2548 eo
1528 2503 1684 2563 pacto
1729 2492 1996 2562 primatus
2095 2492 2404 2563 Stephanus
2429 2494 2596 2548 abbas
2623 2492 2986 2558 Nucariensis,
3018 2501 3072 2547 et
3100 2492 3354 2562 l-lllgodus
3381 2491 3471 2562 qui
3519 2491 3718 2546 Sues-

407 2585 783 2655 Lugdunensis
828 2589 878 2638 in
911 2601 1004 2640 cas
1047 2587 1307 2641 ecclesias
1358 2586 1600 2640 invaluit.
1641 2585 1765 2639 llaec
1811 2587 1991 2639 omnia
2092 2585 2400 2640 sionensem
2457 2585 2827 2654 episc0patum
2880 2585 3183 2639 dimiserat.
3233 2584 3310 2638 Ex
3357 2583 3508 2637 curia
3565 2599 3722 2638 vero

411 2674 582 2728 fusius
623 2677 865 2746 exposita
918 2687 1047 2730 sunt
1088 2678 1139 2730 in
1174 2677 1315 2730 bulla
1347 2675 1553 2732 Urbani
1585 2692 1648 2731 ea
1678 2676 1747 2732 de
1785 2691 1842 2730 re
1875 2687 1994 2746 post
2093 2677 2334 2730 llomana
2387 2685 2678 2744 praesentes
2727 2685 2884 2729 erant
2931 2675 3276 2738 Portuensis,
3325 2672 3625 2735 Pisensis',
3657 2685 3717 2729 et

408 2753 614 2835 aliquot
637 2767 753 2818 dies
779 2766 922 2818 data.
2095 2765 2395 2834 Signiensis
2421 2766 2682 2834 episcopi,
2712 2764 3018 2818 Richordus
3052 2764 3238 2818 Sancti
3277 2762 3507 2817 Victoris
3548 2761 3718 2816 Mas-

683 2852 908 2907 CL‘KV’I.
942 2852 1026 2906 Lis
1048 2855 1112 2906 de
1137 2854 1545 2909 Solmoriacensi
1566 2871 1722 2924 pago.
2093 2859 2226 2910 Silia:
2251 2853 2418 2910 abbas
2440 2898 2453 2918 ,
2502 2855 2674 2918 Hero,
2709 2856 2969 2909 Albertus
3011 2854 3343 2918 cardinales,
3367 2862 3422 2908 et
3449 2853 3583 2906 alii.
3630 2854 3717 2907 Ex

483 2944 636 3000 llaud
669 2944 865 2999 minori
890 2945 1239 2999 contentione
1266 2945 1527 3014 agebatur
1556 2954 1683 2998 tunc
1710 2945 1988 3012 temporis,
2091 2948 2384 3003 Gallicanis
2423 2948 2687 3016 episcopis
2734 2947 2884 3017 Ilugo
2925 2947 3206 3016 Lugduni,
3230 2948 3452 3000 Amatus
3476 2944 3715 2998 Burdi-

402 3038 534 3092 lieet
586 3052 687 3092 no:
745 3036 878 3088 tanti
918 3035 1076 3089 fuerit
1108 3035 1394 3098 momenti,
1435 3035 1802 3089 controversia
1852 3035 1991 3087 inter
2093 3037 2257 3104 gula),
2305 3037 2618 3107 Raynoldus
2662 3038 2985 3099 ltetuorum,
3043 3036 3328 3091 Ricberius
3374 3033 3717 3094 Senonum,

407 3125 706 3178 Guidonem
731 3123 1088 3177 Viennensem
1116 3121 1990 3192 metropolitauum,etllugcnem
2097 3129 2388 3182 [inﬂandus
2431 3128 2727 3192 Dollcnsis,
2771 3127 3168 3190 Narbonensis,
3205 3127 3595 3190 Axicnsis,'ct
3641 3144 3717 3180 cs

406 3213 1294 3282 Gratianopolitanumepiscopum
1314 3214 1378 3267 de
1401 3228 1536 3282 pago
1555 3213 1990 3274 Sahnoriaceusi,
2024 3207 2062 3267 C
2102 3220 2353 3288 Hispania
2409 3219 2700 3272 Toletanns
2725 3259 2740 3282 ,
2791 3219 3219 3288 archiepiscopi;
3259 3217 3492 3287 episcopi
3561 3232 3721 3270 vero

406 3318 568 3372 quem
606 3311 836 3368 uterque
883 3315 994 3355 suae
1025 3315 1143 3355 esse
1175 3300 1426 3354 dimccsis
1471 3299 1852 3353 contendebat.
1890 3299 1943 3350 Ite

2180 3310 2316 3363 citus
2348 3309 2834 3372 Ceuomannensis,
2860 3319 2915 3362 et
2939 3308 3230 3364 Gaulridus
3253 3307 3717 3376 Audegavensis,

405 3393 700 3446 secundum
730 3390 1034 3462 liugonem,
1059 3401 1117 3444 ut
1138 3389 1248 3458 jam
1273 3405 1377 3442 non
1407 3387 1575 3443 semel
1603 3388 1802 3443 factum
1830 3388 1994 3442 fuisse
2094 3399 2184 3468 qui
2218 3400 2324 3453 duo
2353 3415 2416 3454 ex
2451 3399 2749 3454 Τιιι-οηρηεῑ
2796 3398 3070 3466 provincia
3119 3398 3245 3451 huic
3295 3399 3718 3450 controversia:

403 3486 662 3551 diximus,
701 3483 939 3552 iudicata
971 3493 1076 3543 est,
1099 3482 1188 3552 qui
1223 3497 1251 3536 a
1277 3479 1544 3536 Guidonis
1572 3480 1653 3534 sui
1680 3481 1940 3549 metropol

2183 3490 2500 3558 uponendm,
2541 3498 2600 3543 ut
2629 3487 2796 3544 refert
2822 3489 2910 3543 lvo
2940 3490 3102 3558 epist.
3131 3489 3226 3542 251
3268 3488 3493 3541 multum
3534 3487 3715 3540 insu-

404 3578 516 3631 taui
563 3577 869 3630 obedientia
926 3574 1202 3629 absolutus
1254 3574 1377 3637 fuit,
1421 3575 1595 3628 donec
1637 3574 1727 3627 ille
1771 3574 1997 3628 decreto
2095 3581 2385 3644 (laverunt;
2422 3596 2489 3634 ex
2521 3580 2642 3633 aliis
2681 3595 2809 3634 vero
2840 3579 3162 3648 provinciis,
3195 3579 3306 3649 ipse
3350 3578 3436 3632 Ivo
3471 3576 3720 3630 Carna-

405 3663 640 3721 concilii'
659 3667 931 3729 obediret,
955 3676 1014 3719 ut
1041 3666 1156 3735 ipse
1185 3664 1427 3734 pontifex
1459 3664 1511 3718 in
1541 3663 1734 3719 litteris
1773 3665 1838 3717 ad
1863 3663 1942 3716 Cu

2174 3672 2290 3735 isis,
2323 3671 2602 3726 Johannes
2633 3671 3040 3726 Aurelianensis
3061 3710 3075 3736 ,
3119 3670 3382 3740 Rege-rius
3427 3668 3711 3722 Bellum-

405 3773 599 3829 senem
629 3758 884 3812 consulem
910 3772 974 3811 ac
1000 3756 1203 3810 clerum
1228 3765 1283 3809 et
1306 3756 1560 3826 populum
1587 3755 1993 3826 Gratianopoli-
2094 3764 2300 3826 ct-usis,
2353 3763 2761 3825 Namnetensis,
2805 3761 3134 3815 Pictavensis
3185 3770 3241 3813 et
3283 3760 3372 3814 alii
3413 3759 3711 3828 episcopi.

406 3859 591 3906 tinum
623 3848 938 3902 declaravit.
2094 3870 2216 3907 cum
2267 3853 2540 3934 nonnullis
2577 3854 2865 3911 abbatibus
2909 3861 2962 3906 et
2997 3843 3337 3921 proceribus.
3367 3851 3455 3919 qui
3489 3865 3716 3903 orum-5

641 3937 888 3993 CCXV".
919 3935 995 3990 De
1027 3935 1241 3990 Dolemi
1283 3936 1750 4006 archiepiscopum.
2096 3943 2242 4008 Fiat,
2301 3944 2395 4012 ﬁat
2452 3945 2519 3998 ad
2568 3943 3033 3998 conﬁrmationem
3089 3941 3353 4011 privilegii
3409 3941 3713 3993 acclama-

473 4029 668 4082 Aclum
699 4043 914 4096 quoque
946 4026 1017 4080 ibi
1047 4036 1130 4080 est
1161 4027 1227 4080 de
1253 4042 1415 4081 causa
1447 4026 1688 4080 Dolensis
1715 4027 1992 4093 Ecclesiae,
2093 4043 2305 4087 verunt.

405 4116 558 4184 cujus
595 4117 833 4186 episcopi
865 4132 893 4169 a
938 4115 1274 4170 Turonensis
1312 4115 1626 4184 metropolis
1658 4116 1991 4185 subjectione
2090 4142 2318 4198 (χχιχ,
2351 4143 2471 4196 Alia
2518 4143 2641 4197 “em
2685 4143 2952 4212 privilegia
2997 4155 3221 4198 (mena.
3273 4141 3708 4198 ιγεηαοείηρηες,

403 4228 466 4268 se
517 4211 840 4266 subtrahere
894 4209 1246 4262 conabantur.
1291 4208 1356 4262 Et
1385 4207 1602 4276 quidem
1645 4224 1731 4264 res
1757 4209 1869 4276 jam
1921 4212 1989 4266 ab
2685 4207 3062 4267 'Atrebatcnse.

312 4319 319 4322 ·
409 4303 626 4357 Urbano
658 4301 875 4356 delinita
911 4299 1104 4362 fuerat,
1129 4300 1204 4354 uti
1246 4299 1512 4364 diximus;
1546 4299 1664 4364 sed,
1704 4301 1828 4368 quia
1864 4301 1992 4353 [tol-
2159 4302 2466 4372 Approbata
2513 4303 2641 4358 item
2678 4301 2830 4355 luere
2877 4307 2928 4355 in
2959 4319 3022 4354 eo
3054 4301 3283 4356 co::cilio
3311 4301 3413 4354 alia
3442 4300 3703 4354 aliarum

405 4393 597 4446 laudns
625 4392 868 4444 Doleusis
890 4391 1118 4446 antistes
1140 4391 1300 4461 pallio
1324 4391 1572 4451 donatus,
1601 4391 1986 4460 archiepiscopi
2088 4392 2438 4446 ecclesiarum
2470 4402 2523 4447 ct
2555 4393 3002 4446 monasteriorum
3041 4391 3337 4460 privilegia.
3366 4391 3523 4444 Certe
3547 4389 3701 4454 Ιιμε,

407 4481 564 4537 titulo
613 4485 668 4534 et
731 4481 1034 4547 insignibus
1081 4482 1348 4544 utebatur,
1396 4481 1684 4534 verebatur
1724 4481 1986 4536 Radulfus
2020 4543 2055 4550 __
2091 4481 2230 4535 sicut
2259 4490 2312 4534 et
2342 4481 2455 4550 ipse
2493 4482 2741 4536 Urbanus
2766 4483 2818 4534 in
2848 4482 3014 4535 variis
3044 4481 3339 4549 rescriptis,
3362 4481 3427 4532 de
3449 4481 3530 4532 sui
3560 4497 3706 4533 nio-

403 4571 762 4635 Turonensis,
805 4586 871 4624 ne
902 4569 1017 4639 cjus
1047 4585 1260 4640 quoque
1286 4585 1622 4625 successores
1645 4570 1782 4624 idem
1813 4572 1984 4624 ambi-
2019 4543 2067 4602 ί)
2096 4573 2319 4626 nasterii
2361 4572 2641 4642 privilegio
2679 4571 2910 4626 amrmat
2948 4569 3222 4626 Goﬂ'ridus
3267 4571 3705 4626 \‘indocincnsis

406 4672 555 4718 rent:
581 4676 750 4732 quare
775 4659 1028 4714 eﬂecitut
1056 4659 1253 4712 Urbani
1286 4660 1350 4712 de
1378 4658 1711 4726 subjectione
1743 4659 1986 4714 Dolensis
2096 4664 2282 4728 abbas,
2316 4664 2408 4717 lib.
2446 4681 2481 4717 ll
2505 4705 2518 4727 ,
2558 4664 2714 4732 epist.
2755 4662 2822 4716 i't'
2874 4665 2941 4717 ad
2991 4662 3307 4719 Gaulridum
3363 4663 3697 4731 episcopum

403 4753 659 4810 Ecclesiae
686 4754 963 4808 decretura
995 4753 1046 4805 in
1077 4751 1306 4806 concilio
1327 4753 1760 4820 conﬁrmaretur,
1791 4765 1839 4807 et
1863 4755 1987 4824 qui-
2094 4755 2478 4810 Carnoteusem
2498 4795 2512 4819 ,
2543 4756 2594 4808 in
2626 4771 2729 4824 qua
2767 4755 2966 4810 Urbani
3007 4771 3068 4810 ea
3098 4756 3163 4809 de
3193 4771 3251 4808 re
3281 4756 3550 4810 decretqu
3584 4772 3699 4808 ex-

403 4845 525 4918 dem
556 4845 857 4899 Rollandus
906 4842 1140 4897 Badulfo
1193 4844 1601 4911 metropolitano
1629 4860 1728 4899 suo
1767 4846 1986 4900 obedire
2094 4847 2273 4910 bibet,
2326 4846 2468 4915 quod
2503 4861 2601 4900 suo
2646 4845 2764 4899 loco
2802 4846 2941 4899 inter
2969 4846 3083 4915 ejus
3112 4845 3380 4915 pontiﬁcis
3420 4847 3701 4911 epistolas

403 4935 714 5005 compulsus
735 4945 839 5001 est,
857 4943 916 4989 ut
943 4943 1170 4989 testatur
1187 4933 1487 4989 Wilichnus
1506 4937 1787 5005 episcopus
1809 4936 1989 4990 Picta-
2092 4934 2416 5004 proferetur.
2461 4934 2610 4988 Tunc
2637 4935 2798 4988 etiam
2827 4936 3329 4988 cxcommunicatus
3372 4933 3473 4987 fuit
3511 4933 3656 4986 liblu
3677 4978 3694 4996 ,

403 5027 641 5089 viensis,
669 5026 758 5094 qui
803 5035 929 5081 ante
957 5026 1324 5096 episcopatum
1374 5026 1514 5080 haud
1544 5026 1762 5080 dubium
1793 5029 1847 5082 in
1876 5029 1990 5098 epi-
2088 5028 2321 5079 omnium
2361 5026 2721 5096 religiosorum
2766 5027 2854 5097 qui
2898 5027 3118 5080 aderant
3168 5044 3408 5091 assensu,
3437 5042 3503 5080 eo
3534 5030 3688 5095 quod

404 5115 555 5185 scopi
578 5115 658 5169 sui
686 5117 942 5170 comitatu
967 5118 1142 5170 eidem
1165 5115 1395 5172 concilio
1423 5115 1762 5171 interfuerat.
1789 5118 1992 5172 lnstru-
2088 5115 2336 5171 Olerouis
2360 5117 2648 5171 ecclesiam
2673 5159 2686 5182 ,
2719 5133 2839 5187 quae
2871 5118 2937 5170 ad
2969 5117 3397 5172 Vindocincnscs
3436 5119 3687 5187 pertine-

404 5214 650 5260 mentum
673 5218 734 5257 ea
763 5204 828 5259 de
857 5219 914 5259 re
945 5205 1238 5260 Martenius
1265 5217 1446 5260 noster
1469 5205 1724 5260 retulitiu
1749 5221 1988 5262 veterum
2091 5208 2200 5271 hat,
2237 5205 2436 5275 injuste
2483 5207 2772 5272 retineret;
2818 5206 2972 5273 cujus
3028 5209 3100 5260 rei
3163 5216 3353 5261 testem
3412 5207 3686 5261 habemus

405 5297 744 5367 Scriptorum
777 5311 912 5350 nova
941 5297 1261 5352 collectione
1292 5313 1343 5365 p.
1372 5297 1463 5352 68.
2091 5295 2434 5349 t'iuillelmum
2453 5286 2771 5365 Aquitania:
2812 5298 3035 5362 ducem,
3071 5297 3162 5366 qui
3192 5296 3243 5351 id
3270 5297 3324 5350 in
3360 5297 3552 5350 charta
3578 5312 3686 5350 sua

537 5384 805 5441 CCXVI".
842 5384 915 5438 De.
943 5386 1228 5456 privilegiis
1261 5383 1841 5455 Majort's-Monasterii.
2094 5388 2343 5442 aliirtuat.

475 5477 554 5530 Ad
601 5476 847 5530 eamdem
894 5475 1158 5544 synodum
1206 5475 1383 5529 delata
1436 5474 1538 5528 fuit
1581 5491 1741 5530 causa
1787 5477 1900 5544 jam
1934 5479 1985 5532 in
2164 5479 2429 5550 Tempore
2499 5480 2742 5550 ejusdem
2814 5481 3005 5550 synodi
3067 5480 3404 5551 privilegium
3467 5480 3693 5547 insigne

407 5567 591 5622 multis
613 5566 811 5636 agitata
835 5565 1187 5620 conventibus
1211 5565 1350 5620 inter
1373 5565 1620 5621 eumdem
1646 5565 1984 5638 Radulphum
2090 5572 2356 5624 concessit
2395 5569 2642 5624 Urbanus
2679 5571 2996 5640 parthenoni
3028 5581 3228 5624 sancta:
3257 5569 3439 5624 Mariae
3475 5570 3688 5624 Santo-

406 5670 462 5712 et
493 5656 784 5712 monachos
814 5654 1406 5724 Majoris-Monasterii,
1451 5672 1589 5727 quos
1631 5657 1720 5712 ille
1766 5659 1840 5712 uti
1893 5677 1986 5713 cx-
2091 5660 2402 5729 uensis,qni
2433 5662 2499 5714 ab
2528 5662 2654 5729 ipsis
2683 5663 2783 5715 loci
2807 5662 3174 5717 conditoribus
3198 5661 3455 5714 Romanze
3485 5661 3686 5713 Eccle-

406 5747 833 5804 communicatos
870 5746 1058 5802 haberi
1083 5745 1316 5802 volebat.
1351 5747 1427 5800 Ea
1453 5747 1519 5802 de
1549 5760 1606 5803 re
1635 5761 1819 5804 coram
1849 5763 1982 5816 pon-
2088 5752 2180 5805 sive
2205 5750 2314 5818 juri
2347 5752 2682 5821 mancipatus
2703 5751 2896 5807 fuerat.
2940 5751 3284 5822 Privilcgium
3311 5751 3548 5804 Arscndi
3577 5751 3683 5803 ab-
