3892 6320
100 330 216 384 I77

1661 305 1835 384 rm.

3276 324 3404 390 178‘

98 445 330 498 liatissa:
372 441 722 512 inscriptum,
755 441 937 494 datum
965 452 1048 495 est
1073 441 1159 495 die
1187 457 1237 496 vt
1281 441 1550 496 Kalendas
1585 442 1688 495 Dc-
1725 447 1768 503 Α
1799 453 1854 496 et
1879 446 2156 500 eomitissa
2187 445 2448 501 Montensi
2479 454 2670 500 contra
2712 443 2980 515 legitimos
3019 445 3296 516 episcopos
3325 449 3373 501 ei

95 535 369 599 ccmbris,
399 549 541 588 anno
571 533 706 589 I096
729 549 828 602 pro
858 533 1022 596 I095,
1056 542 1112 587 ttt
1143 535 1400 603 pleraque
1433 535 1538 588 alia
1580 534 1696 602 ejus

99 623 373 692 temporis
403 632 770 686 monumenta,
792 621 946 690 juxta
976 622 1241 678 calculum
1270 623 1528 679 Pisanum
1559 640 1694 694 pra:-

97 712 315 766 ferunt.

175 803 532 859 Observauda
557 801 778 857 omnino
799 811 924 856 sunt
945 817 1029 868 ea,
1059 817 1181 871 qua:
1202 801 1267 857 de
1287 801 1697 858 conﬁrmatione

97 896 370 964 wivilegii
396 895 742 948 renovatiouis
765 905 810 947 et
837 895 1174 947 restitutionis
1203 893 1451 947 Ecclesia:
1481 893 1699 947 Atreba-

102 989 272 1042 tensis
320 994 506 1040 narrat
551 995 742 1038 auctor
779 985 1066 1040 Gestorum
1120 983 1414 1039 Lamberti.
1449 985 1498 1039 Is
1535 983 1700 1040 refert

102 1077 424 1146 pontiﬁcem
457 1076 542 1130 die
572 1092 624 1128 tv
656 1075 923 1130 Kalendas
953 1075 1284 1141 Decembris,
1326 1092 1446 1129 eum
1473 1076 1698 1147 jamjam

104 1167 346 1221 concilio
395 1165 554 1218 linem
603 1174 746 1219 esset
791 1166 1160 1234 impositurus,
1201 1164 1447 1232 jussisse,
1483 1177 1538 1219 ut
1572 1165 1700 1220 illud

107 1259 428 1312 recitaretur
454 1258 507 1310 in
536 1266 808 1325 conspectu
841 1257 1002 1310 totius
1039 1258 1278 1321 concilii,
1310 1257 1362 1310 in
1399 1273 1501 1326 quo
1526 1257 1696 1309 cardi-

109 1348 257 1402 nales
289 1347 516 1400 Ruinani
549 1350 595 1401 ei
633 1348 979 1400 consedebant
1000 1387 1016 1410 ,
1043 1357 1091 1401 et
1120 1348 1492 1417 archiepiscopi
1526 1346 1622 1412 M,
1653 1356 1702 1400 et

108 1439 340 1507 episcopi
364 1437 493 1501 2‘25,
516 1448 562 1491 et
592 1437 803 1491 ubbates
832 1439 1119 1508 nonaginta
1141 1447 1187 1491 et
1212 1437 1460 1506 amplius,
1484 1437 1704 1506 aliisque

111 1531 488 1597 propemodum
520 1528 743 1596 inﬁnitis
773 1530 1029 1598 personis.
1061 1527 1352 1582 Recitalum
1378 1539 1550 1583 autem
1578 1529 1698 1598 fuit,

110 1632 158 1673 et
184 1621 430 1674 distincte
461 1632 510 1674 et
552 1631 728 1690 aperte
754 1622 974 1686 lectum,
1015 1634 1171 1691 atque
1199 1622 1264 1676 ab
1295 1622 1437 1677 omni
1459 1639 1703 1676 consessu

115 1712 326 1764 concilii
355 1711 451 1764 sub
475 1729 663 1781 magno
699 1713 903 1766 silentio
927 1715 1117 1767 intente
1144 1713 1400 1777 auditum,
1435 1713 1702 1768 collauda-

117 1811 225 1851 tum
261 1810 310 1852 et
335 1800 706 1868 con/innatum
740 1818 877 1855 anno
907 1801 1000 1856 Dei
1025 1803 1220 1856 Christi
1247 1803 1402 1858 1095.
1437 1803 1573 1858 Ilinc
1603 1803 1702 1856 uti-
1736 1789 1778 1842 Β

123 1906 241 1943 rum
273 1907 380 1944 non
424 1901 538 1957 est,
569 1892 613 1947 si
659 1893 854 1948 exinde
902 1893 1224 1949 inconcussa
1255 1909 1470 1966 semper
1493 1893 1708 1948 steterit

126 1989 499 2044 Atrebatensis
533 1990 702 2044 Eccle.
723 1991 784 2044 ia:
809 2005 840 2044 a
867 1989 1244 2044 Cameracensi
1270 1989 1564 2060 exemptio,
1587 2003 1708 2058 qua:

133 2098 163 2132 ιι
193 2090 269 2134 tot
296 2081 570 2151 tantisque
591 2082 931 2152 praesulibus,
967 2092 1088 2152 post
1115 2082 1293 2136 varias
1315 2079 1550 2152 synodos
1575 2095 1704 2149 pro-

143 2171 386 2226 vinciales
425 2184 482 2225 et
531 2172 802 2228 Romanas
845 2175 897 2228 in
936 2173 1173 2244 generali
1222 2174 1439 2228 tandem
1479 2171 1706 2227 concilio

139 2265 470 2332 comprobata
505 2275 560 2318 et
595 2265 914 2320 conﬁrmata
950 2265 1147 2320 fuerat.

133 2353 324 2407 CCXX.
357 2355 598 2409 Scliistna
624 2357 677 2408 in
708 2354 1072 2411 Cumeracensi
1098 2357 1311 2412 ecclesia
1330 2374 1703 2427 compressum.

195 2443 632 2498 Atrebateusium
663 2461 840 2500 causa:
874 2446 1083 2500 favebat
1104 2447 1340 2500 schisma
1371 2447 1422 2500 in
1452 2447 1706 2500 Camera-

125 2537 267 2589 ccusi
301 2537 552 2592 Ecclesia
609 2537 692 2592 his
743 2539 1078 2608 teu‘poribus
1133 2541 1449 2604 excitatum,
1501 2541 1708 2594 scilicet

123 2629 259 2681 inter
279 2628 610 2693 Manassen],
632 2646 697 2684 ex
721 2631 1102 2684 archidiacono
1128 2629 1377 2684 Hennensi
1398 2630 1706 2698 episcopum

121 2719 379 2782 electum,
424 2720 474 2771 in
500 2736 657 2788 quem
691 2721 981 2775 [leniorum
1009 2724 1258 2786 antistes,
1283 2725 1574 2796 provincia;
1606 2740 1710 2778 me-

125 2809 508 2878 tmpolitanus,
541 2810 928 2878 propendebat,
956 2821 1011 2865 et
1037 2794 1420 2868 Cualrlterium
1450 2794 1708 2884 qui'hanc

122 2902 298 2954 sedem
347 2900 590 2954 Simonia
622 2902 874 2957 ambiisse
899 2904 1199 2958 dicebatur.
1233 2907 1464 2960 Venerat
1494 2908 1707 2975 quidem

124 2992 218 3045 i~te
239 2991 306 3046 ad
343 2992 783 3057 concilium,suac
815 2995 1096 3059 Ecclesiae,
1129 2996 1202 3048 uti
1229 2997 1564 3060 autumabat,
1586 2997 1710 3064 jura

123 3094 306 3136 contra
365 3083 749 3138 Atrebatenscs
800 3095 1261 3155 propugnaturus;
1309 3097 1397 3150 at,
1448 3102 1568 3140 Cllllt
1614 3104 1708 3141 sua

124 3171 285 3239 ipsius
323 3188 492 3225 causa
516 3173 821 3228 examinata
863 3173 1080 3240 fuisset,
1110 3177 1359 3231 inventus
1390 3185 1473 3230 est
1502 3178 1711 3246 episco-
1742 3170 1786 3192 ’³

125 3263 225 3330 pali
269 3262 452 3333 gradu
487 3265 768 3334 indiguus;
799 3281 968 3335 quare
1005 3266 1128 3336 fuga
1163 3267 1408 3335 elapsus,
1455 3277 1508 3322 ct
1556 3270 1717 3324 tertio

125 3353 324 3407 frustm
365 3356 701 3421 admonitus,
747 3367 806 3410 ut
861 3373 1043 3412 coram
1081 3357 1324 3426 patribus
1375 3359 1489 3429 ipse
1535 3369 1719 3428 ageret

127 3461 353 3500 causam
389 3463 571 3510 suam,
623 3464 742 3501 cum
781 3449 1004 3502 minime
1042 3449 1450 3518 comparuisset,
1482 3449 1545 3502 ab
1576 3451 1716 3503 omni

125 3538 450 3590 sacerdotali
475 3547 522 3590 et
549 3539 832 3609 episcopali
857 3539 1041 3609 o/ﬁcio,
1077 3548 1133 3593 ut
1160 3539 1211 3593 in
1243 3539 1422 3594 Gestis
1447 3539 1716 3595 Lamberli

127 3627 345 3696 legitur,
383 3631 673 3697 approbata
707 3629 969 3687 Manassis
999 3632 1281 3696 electione,
1316 3633 1577 3701 depositus
1605 3643 1716 3696 est;

129 3719 401 3772 intentata
457 3721 507 3773 in
549 3737 671 3774 eum
718 3724 1307 3790 exconununicatione,
1339 3726 1383 3779 si
1414 3741 1470 3778 se
1501 3723 1718 3779 ulterius

129 3812 191 3865 de
224 3812 492 3867 licclesize
543 3811 951 3870 Cameracensis
1011 3817 1319 3884 prwlatione
1374 3818 1720 3872 intromittere

128 3912 376 3967 tentaret,
409 3913 468 3957 ut
496 3905 658 3959 habet
685 3905 937 3962 Urbanus
979 3907 1093 3978 ipse
1123 3908 1174 3962 in
1215 3908 1438 3978 epistola
1474 3924 1536 3964 ea
1566 3911 1630 3965 de
1663 3925 1720 3964 re

131 3997 191 4046 ad
217 3997 653 4050 Cameracenses
697 3999 916 4067 scripta.
963 4000 1012 4053 Is
1038 3999 1252 4068 quidem
1281 4000 1636 4056 Gualcherius
1666 4003 1717 4056 in

128 4085 446 4154 episcopum
490 4101 520 4138 a
571 4087 753 4141 nescio
805 4104 912 4156 quo
959 4098 1306 4145 consecratus
1354 4090 1557 4158 fuerat;
1589 4092 1715 4158 sed,

130 4177 249 4242 quia
294 4179 446 4230 hanc
493 4176 791 4232 electionem
835 4189 882 4232 et
933 4180 1273 4251 episcopalem
1326 4180 1718 4238 Cameracensis

132 4264 384 4318 Ecclesiir
419 4267 820 4321 benedictionem
857 4269 1185 4339 subripuerat
1229 4289 1322 4341 per
1365 4275 1716 4338 invasionem,

130 4363 175 4406 ιι
224 4373 315 4424 per
376 4373 563 4410 manus
623 4357 838 4412 llenrici
871 4363 1304 4417 excommunicati
1350 4367 1715 4433 imperatoris;

1797 534 2033 597 favente,
2072 536 2309 591 schisma
2332 537 2383 590 in
2413 551 2476 590 ea
2509 534 2745 590 Ecclesia
2785 535 3010 600 foveret,
3038 544 3096 590 ut
3121 535 3378 591 discimus

1795 639 1863 678 ex
1907 625 2088 680 libello
2130 627 2205 680 De
2247 626 2643 680 restauratione
2683 623 2868 680 Sancti
2916 624 3130 680 Martini
3175 625 3380 680 Torna-

1796 717 1980 772 eencis
2007 716 2278 788 Spicilegii
2307 726 2450 771 tomo
2479 715 2519 780 I,
2539 725 2594 771 et
2618 732 2682 771 ex
2707 715 2873 771 variis
2903 715 3145 786 epistolis
3169 724 3314 769 tomo
3338 715 3379 769 V
3446 769 3450 773 .

1799 804 2266 861 Miscellaneorum
2308 804 2512 859 Baluzii
2544 805 2746 859 relatis.
2782 804 2874 858 Ha:
2898 805 3069 858 turba:
3105 803 3382 857 Sammar-

1801 894 1981 948 thanis
2021 894 2237 948 errandi
2292 893 2630 948 occasionem
2697 893 3038 963 pra'buerunt
3088 892 3142 946 in
3207 891 3378 946 Gallia

1797 983 2137 1048 Christiana,
2166 983 2254 1039 ubi
2293 984 2428 1038 duos
2451 983 2726 1038 Mauasscs
2754 984 2996 1053 duosque
3025 983 3380 1039 Gualcherios

1800 1065 2136 1127 admiserunt
2171 1073 2256 1128 his
2293 1074 2656 1144 temporibus,
2700 1074 2770 1128 ob
2801 1073 2951 1126 varia
3000 1074 3378 1131 instrumenta.

1803 1166 1855 1219 in
1885 1164 2079 1234 quibus
2121 1162 2434 1229 Mauasses,
2487 1172 2597 1218 tum
2645 1162 3041 1224 Gualcherius,
3089 1173 3146 1217 et
3199 1173 3385 1232 postea

1802 1254 2107 1318 Manasses,
2165 1269 2231 1308 ac
2284 1255 2477 1310 iterum
2531 1252 2892 1310 Gualchcrius
2947 1254 3228 1308 memorati
3288 1252 3385 1306 ha-

1803 1348 2020 1402 bentur.
2369 1417 2378 1424 ⁸

1803 1457 2030 1513 CCXXI.
2061 1455 2310 1511 Cervinus
2340 1457 2995 1529 episcopusAmbianensis
3019 1455 3227 1508 abbatia
3251 1453 3387 1508 Cen-
3431 1526 3436 1529 _

2395 1528 2520 1582 tula:
2539 1528 2798 1596 privatur.

1873 1616 2263 1672 Ambianorum
2310 1615 2605 1670 Eeclesiam
2647 1615 2702 1669 in
2748 1616 2936 1670 eadem
2982 1614 3234 1669 “emensi
3267 1627 3390 1683 pro-

1805 1709 1984 1764 vincia
2017 1719 2144 1764 tunc
2188 1710 2408 1778 regebat
2434 1707 2726 1772 Cervinus,
2757 1710 2846 1778 qui
2880 1723 2945 1761 ex
2979 1708 3243 1761 monacho
3284 1706 3389 1758 Re-

1807 1798 2043 1867 migiano
2065 1799 2205 1868 apud
2237 1799 2436 1853 Remos
2467 1798 2638 1853 factus
2668 1798 3008 1853 Centulensis
3031 1799 3220 1860 abbas,
3251 1797 3388 1850 hanc

1808 1889 1991 1943 sedem
2023 1904 2126 1943 non
2151 1890 2353 1957 absque
2385 1889 2640 1943 Simonize
2681 1889 2990 1958 suspicione
3019 1891 3242 1955 atleptus
3275 1885 3392 1938 fue-

1809 1991 1913 2036 rat.
1951 1980 2235 2049 Utcuuque
2275 1990 2452 2033 tamen
2502 1995 2566 2034 eo
2618 1980 2750 2032 vitio
2791 1988 3079 2048 purgatus,
3113 1979 3189 2031 uti
3228 1991 3387 2045 Supra

1808 2089 1883 2129 ss.
1913 2073 2014 2127 Ill
2044 2081 2097 2126 et
2127 2070 2228 2126 154
2259 2071 2512 2135 diximus,
2545 2071 2815 2125 abbatiam
2847 2070 3002 2124 simul
3029 2077 3082 2122 et
3109 2068 3392 2136 episcopa-

1809 2174 1921 2220 tum
1949 2164 2245 2227 retiuebat,
2271 2178 2468 2234 magno
2496 2160 2808 2216 monasterii
2839 2162 3034 2214 damno
3069 2159 3224 2227 cujus
3251 2160 3391 2213 bona

1807 2259 1877 2313 ab
1923 2273 1988 2312 eo
2035 2255 2490 2324 dilapidabantur.
2536 2253 2670 2308 Cum
2719 2253 2901 2322 itaque
2947 2250 3089 2305 nulla
3150 2250 3394 2304 sultessct

1807 2350 2203 2404 emendationis
2244 2363 2400 2416 Spes,
2441 2347 2632 2416 fratres
2662 2343 3026 2406 Centnlenses,
3069 2359 3100 2394 a
3155 2341 3394 2394 Remensi

1811 2441 2047 2496 Ecclesia
2076 2441 2360 2496 consilium
2391 2445 2744 2509 acceperunt,
2775 2445 2828 2488 ut
2869 2435 3080 2488 domino
3107 2449 3257 2501 papa’
3293 2429 3394 2483 Ur-

1813 2535 1972 2598 bano,
2017 2534 2106 2603 qui
2143 2550 2202 2587 eo
2233 2542 2462 2598 tempore
2498 2529 2777 2583 concilium
2818 2528 2871 2578 in
2916 2524 3255 2578 Claronwnto
3285 2532 3396 2575 erat

1812 2627 1877 2679 de
1925 2626 2164 2693 proximo
2213 2624 2526 2684 habiturus,
2573 2621 2673 2673 loci
2717 2617 3087 2671 desolationem
3136 2615 3395 2684 aperirent

1809 2727 1859 2771 et
1894 2715 2182 2785 majestatis
2208 2714 2320 2784 ejus
2344 2713 2666 2766 clementiam
2693 2709 3050 2779 implorarent.
3079 2708 3145 2760 Et
3181 2707 3396 2774 quidem

1817 2825 1903 2862 res
1941 2822 2198 2877 prospere
2229 2807 2309 2861 eis
2340 2805 2619 2860 successit.
2653 2803 2792 2856 Nunt
2821 2801 3056 2870 ponti/ex
3094 2800 3144 2852 in
3178 2795 3399 2851 concilio

1818 2901 2048 2954 residens
2076 2897 2284 2967 prolata
2329 2897 2382 2950 in
2431 2912 2548 2949 eum
2595 2895 2875 2954 sententia,
2908 2890 3092 2943 baculo
3122 2889 3323 2940 abbatis
3351 2896 3400 2938 et

1817 2991 2190 3044 monac/torum
2219 3004 2346 3041 cura
2377 2985 2651 3054 spolianda
2678 2983 2912 3036 absolvit.
2945 2981 3068 3033 Ilzet‘,
3091 2980 3252 3032 dubio
3275 2992 3398 3046 pro-

1818 3080 1904 3136 cul
1929 3095 2089 3134 causa
2111 3077 2209 3132 fuit
2234 3077 2498 3133 condendi
2527 3075 2751 3130 canonis
2775 3073 2808 3125 4
2839 3072 2977 3140 apml
3007 3069 3321 3125 Ordericum
3345 3078 3400 3122 ct

1819 3171 1954 3224 alios
1975 3181 2224 3224 auctores
2249 3167 2400 3222 relati
2423 3209 2436 3228 ,
2472 3181 2578 3234 quo
2608 3174 2842 3227 vetatur,
2875 3179 2940 3215 ne
2967 3161 3088 3230 quis
3114 3159 3399 3229 episcopus

1817 3264 1981 3319 simul
2009 3271 2066 3316 et
2093 3262 2260 3316 abbas
2284 3260 2372 3315 sit.
2404 3259 2739 3314 Sententiam
2775 3255 2827 3308 in
2855 3254 3147 3307 Corvinum
3183 3250 3397 3321 pontiti-

1820 3356 1898 3410 cis
1924 3370 2018 3408 ore
2048 3351 2310 3422 prolatam
2340 3348 2506 3404 refert
2531 3345 2807 3401 Ilariulfus
2835 3344 3161 3397 domesticus
3189 3350 3397 3401 auctor,

1821 3446 1872 3500 in
1899 3442 2172 3497 Chronico
2197 3438 2502 3495 Ccntulensi
2535 3448 2680 3490 tmno
2723 3433 2786 3487 IV
2835 3433 3138 3502 Spicilegi,
3191 3429 3278 3482 ubi
3323 3429 3396 3480 si:

1821 3536 2052 3590 habetur
2085 3550 2098 3585 :
2131 3551 2148 3582 ι
2183 3533 2262 3586 Tu
2295 3529 2565 3584 abbatiam
2597 3526 2782 3579 Sancti
2831 3523 3070 3577 Iiicltarii
3091 3561 3105 3583 ,
3147 3536 3266 3589 quae
3306 3535 3397 3570 no-

1815 3623 1943 3680 bilis
1970 3623 2098 3676 olim
2126 3631 2182 3676 et
2212 3621 2362 3674 dives
2394 3619 2587 3678 fuerat,
2615 3626 2722 3669 tam
2761 3616 2993 3684 pessime
3037 3611 3309 3672 tractasti,
3345 3617 3396 3660 ιιι

1821 3717 1933 3771 suis
1962 3713 2245 3768 ecclesiam
2273 3707 2602 3765 ornamentis
2643 3707 2985 3776 spoliaveris,
3013 3714 3066 3758 et
3109 3703 3398 3756 tttonarltus

1824 3806 2023 3861 tuultus
2055 3804 2163 3858 tuis
2194 3801 2340 3856 vitiis
2374 3799 2688 3854 resistentes
2732 3796 2945 3851 exsules
2987 3795 3069 3849 fec
3109 3794 3217 3846 ris:
3258 3793 3399 3846 unde

1823 3898 2016 3967 dignus
2042 3911 2165 3950 eras
2193 3904 2247 3946 ιιι
2277 3907 2491 3947 omnem
2525 3891 2754 3959 gratiam
2787 3887 3172 3942 etclcsiastica:
3223 3885 3398 3954 digni-

1823 3991 1950 4045 tatis
1990 4002 2054 4041 ex
2099 3995 2212 4039 toto
2260 3985 2534 4052 perderes,
2561 3981 2723 4036 veluti
2749 3980 2930 4036 ovium
2971 3976 3170 4032 Christi
3201 3985 3401 4030 macta-

1824 4093 1932 4148 tor,
1965 4090 2021 4134 et
2049 4086 2252 4132 sancta:
2283 4077 2535 4130 Ecclesia:
2575 4075 2895 4143 dissipator;
2930 4072 3057 4135 sed,
3089 4086 3154 4123 tte
3197 4069 3317 4123 bina
3353 4079 3400 4120 te

1823 4179 2026 4232 ultione
2067 4177 2231 4230 ferire
2280 4174 2578 4234 videamur,
2608 4180 2724 4225 esto
2747 4179 3031 4222 contentus
3052 4163 3400 4221 Ambianensi

1820 4271 2175 4339 episcopatu,
2210 4282 2371 4336 quem
2426 4275 2535 4317 tam
2585 4263 2718 4316 dure
2774 4261 3084 4330 acquisisti,
3127 4257 3401 4312 monachis

1821 4372 2000 4416 autem
2044 4360 2228 4414 Sancti
2276 4356 2513 4412 ltieharii
2565 4355 2634 4410 sit
2677 4355 2829 4423 cepia
2875 4351 3104 4422 eligendi
3159 4350 3370 4404 abbat's

131 4457 372 4498 sanctum
413 4447 688 4501 concilium
735 4451 1039 4518 adiudicato
1091 4453 1322 4509 Mauassi
1378 4457 1713 4526 episcopatu,
1745 4485 1795 4550 Β
1823 4455 1906 4508 cui
1938 4464 1990 4508 tu
2021 4453 2295 4507 contraire
2346 4451 2490 4504 nulla
2537 4450 2746 4502 ratione
2791 4460 3118 4516 praesumas,
3155 4447 3296 4514 quod
3352 4446 3402 4498 in

133 4536 396 4601 decrevit,
428 4549 480 4590 ut
512 4541 565 4594 in
594 4538 958 4594 Cumeracensi
987 4542 1224 4598 Ecclesia
1250 4586 1265 4609 ,
1316 4548 1516 4614 rejeeto
1550 4546 1717 4602 Gual—

134 4627 333 4693 cherio,
366 4631 700 4684 ordinaretur
719 4632 1020 4700 episcopus;
1049 4635 1137 4704 qui
1167 4645 1344 4690 tamen
1385 4639 1594 4693 nonnisi
1622 4638 1721 4693 sub

137 4716 288 4771 linem
318 4719 454 4772 anei
478 4723 753 4789 sequentis
775 4725 842 4775 ob
868 4724 1083 4777 comitis
1107 4725 1371 4781 Flaudrite
1396 4729 1719 4795 absentiam,

137 4815 186 4856 et
217 4809 408 4861 turbas
450 4810 517 4862 ab
561 4811 676 4879 ipso
716 4810 1042 4868 Gualcherio
1072 4816 1339 4870 excitatas
1369 4828 1722 4873 consecratus

138 4903 235 4955 est,
268 4906 328 4949 ut
360 4911 426 4949 ex
459 4897 718 4954 Manassis
755 4900 1038 4956 Bernensis
1071 4906 1460 4978 archiepisc0pi
1492 4908 1721 4978 epistola

141 4987 200 5035 a.l
224 4984 650 5043 Catneracenses
676 5002 856 5059 patet,
889 4995 1136 5063 quamvis
1167 4997 1280 5051 dies
1310 5001 1375 5051 ad
1424 5002 1561 5055 hanc
1589 5016 1722 5053 con-

144 5079 501 5132 secrationem
557 5083 972 5153 celebrandam,
1026 5088 1082 5140 in
1143 5091 1336 5143 octavis
1395 5089 1724 5148 I’entecostes

143 5167 277 5220 dicta
313 5170 529 5231 fuisset,
564 5181 622 5224 ιιι
650 5188 715 5226 cx
747 5174 850 5228 alia
891 5176 1134 5246 ejusdem
1177 5179 1574 5248 metropolitani
1608 5185 1721 5252 epi-

146 5261 273 5314 stola
306 5265 372 5316 ad
401 5264 743 5319 Lambertum
775 5268 1191 5326 Atrebatensem
1223 5273 1530 5327 invitatoria
1561 5277 1724 5330 disci-

151 5367 282 5406 mus.
314 5354 547 5410 Manassi
595 5367 780 5426 postea
830 5359 1088 5416 sull'ectus
1135 5374 1218 5418 est
1266 5363 1382 5419 Odo
1425 5380 1491 5418 ex
1530 5367 1727 5423 abbate

153 5443 475 5502 Tornacensi
528 5449 710 5504 Sancti
759 5451 998 5520 Martini,
1040 5457 1130 5524 qui
1185 5457 1351 5511 etiam
1403 5473 1433 5511 a
1481 5457 1728 5514 Manasse

157 5540 582 5608 metropolitano,
607 5544 986 5600 assistentibus
1007 5547 1056 5600 ei
1077 5547 1364 5603 Lamberto
1384 5549 1725 5606 Atrebatcusi

159 5625 378 5696 aliisque
420 5633 716 5699 provincia:
761 5639 1030 5708 cpisc0pis
1076 5641 1356 5694 ordinatus
1424 5649 1541 5704 est,
1604 5659 1728 5698 cum

161 5715 358 5774 interea
382 5723 757 5790 Cualchcrius,
785 5728 1016 5784 Ilcnrico
1046 5731 1368 5791 imperatore
1405 5734 1719 5793 adiuvante.

1826 4547 2022 4600 virtute
2045 4544 2280 4614 Spiritus
2308 4544 2478 4598 sancti
2505 4553 2554 4595 te
2577 4542 2868 4596 observare
2889 4541 3162 4610 jubemus.
3185 4559 3202 4590 ι
3227 4537 3401 4590 Rediit

1824 4638 2006 4705 itaque
2047 4636 2314 4691 Cervinus
2359 4635 2410 4688 itt
2445 4650 2596 4688 suam
2637 4634 2818 4688 sedem
2851 4632 3060 4685 abhatia
3091 4629 3402 4685 Centulensi

1806 4727 2092 4800 'privatus,
2123 4728 2214 4798 qui
2270 4727 2434 4782 etiam
2472 4734 2590 4795 post
2640 4725 2845 4794 aliquot
2887 4739 3056 4777 anuos
3094 4723 3402 4791 episcopatu

1821 4821 2014 4874 cedere
2043 4828 2264 4872 coactus
2294 4818 2346 4871 in
2376 4815 2958 4884 Majasilonasterium
3008 4813 3231 4868 secessit
3251 4853 3265 4876 ,
3313 4811 3401 4864 ubi

1824 4921 2008 4980 postea
2038 4909 2324 4965 defunctus
2351 4919 2463 4975 est,
2495 4908 2786 4965 Godcfrido
2816 4916 3008 4960 sancto
3035 4906 3174 4968 viro,
3209 4905 3258 4958 itt
3287 4902 3403 4971 ejus

1825 5001 2000 5054 locum
2049 5014 2114 5053 ex
2161 4999 2355 5054 abbate
2391 4999 2703 5053 monasterii
2753 4996 2934 5051 Sancti
2965 4994 3204 5060 Qttlltlllll
3238 5009 3404 5062 prope

1824 5091 2113 5152 Perouam,
2143 5098 2429 5157 postquam
2487 5089 2601 5142 haec
2651 5087 2808 5140 sedes
2851 5085 3021 5138 ferme
3070 5085 3285 5138 biennio
3314 5099 3404 5134 va-

1824 5189 2020 5244 casset,
2055 5181 2347 5235 substituto
2401 5181 2454 5233 in
2505 5178 2734 5232 concilio
2783 5175 3036 5231 'I‘tecensi
3069 5191 3211 5229 anno
3243 5173 3398 5238 1095,

1827 5283 1886 5328 ut
1928 5271 2095 5326 refert
2138 5271 2430 5326 Cuibcrtus
2489 5271 2769 5339 No'vigenti
2824 5270 2920 5324 lib.
2970 5285 3006 5324 tt
3069 5269 3202 5324 Vita:
3255 5283 3400 5336 sum,

1826 5381 1946 5435 cap.
1975 5365 2028 5419 2.

1826 5477 2074 5534 CCXXII.
2107 5475 2243 5531 l'nio
2268 5475 2700 5530 monasteriorum
2727 5473 3048 5546 Figiacensis
3077 5484 3122 5528 et
3146 5472 3406 5527 Coac/ten-

2450 5546 2519 5598 sis
2549 5546 2777 5613 ﬁrmata.

1899 5637 2229 5695 Confirmata
2283 5637 2383 5690 luit
2441 5637 2493 5690 in
2536 5636 2726 5691 eadem
2755 5637 3170 5692 Claromontana
3200 5632 3406 5704 synodo

1831 5729 2162 5788 Conchensis
2193 5738 2247 5784 et
2276 5727 2608 5799 Figiaccnsis
2640 5729 3090 5786 monasteriorum
3115 5724 3216 5781 sub
3246 5725 3405 5776 unico
