3892 6320
556 271 655 328 179

1863 267 1922 322 Β.
1972 269 2220 324 ιγιιιιΑΝι
2255 271 2294 325 11
2337 273 2532 330 P.\P.-E

3657 287 3728 341 I80

553 383 750 435 abbate
812 385 980 444 unio;
1048 387 1134 442 et,
1191 378 1314 448 quia
1379 386 1568 432 contra
1631 379 1758 433 illud
1828 380 2128 434 institutum
2160 387 2209 442 Α
2239 392 2440 449 turum,
2468 386 2610 455 quod
2642 389 2813 458 reipsa
2860 390 3019 459 paulo
3054 401 3172 460 post
3211 391 3336 447 fecit
3375 407 3540 448 coram
3588 397 3728 453 iisdem

551 471 897 528 Conrhenses
963 471 1212 525 abbatem
1285 469 1561 538 proprium
1643 471 1746 525 sibi
1823 472 2133 540 elegerant,

553 561 698 614 hunc
723 559 934 614 concilii
985 559 1176 614 Patres
1223 567 1729 615 exaut'toravcrunt.
1776 561 1971 616 Verum
2011 577 2132 618 cum

475 692 481 698 .
553 655 667 708 haec
699 669 876 708 rerum
900 652 1184 722 dispositio
1206 654 1702 722 controversiarum
1726 669 1962 723 perenne
1991 664 2135 710 esset

549 742 918 806 seminarium,
951 743 1004 798 in
1036 743 1266 798 concilio
1311 743 1665 798 Nemausensi
1705 745 1953 814 sequenti
1992 759 2135 800 anno

549 839 754 887 mutata
784 832 903 897 fuit,
939 841 999 888 ut
1026 834 1102 889 ibi
1129 834 1390 889 dicemus.

635 921 910 978 CCXXIII.
939 924 1165 978 Anianw
1205 924 1404 978 abba:is
1431 923 1769 994 prwsumptio
1803 940 2058 994 repressa.
2122 949 2131 960 -

615 1015 956 1084 Conquestus
978 1025 1061 1071 est
1097 1031 1276 1070 coram
1301 1017 1489 1086 synodi
1520 1016 1770 1071 Patribus
1803 1015 2132 1071 Bertrandus

547 1103 946 1172 Magaloncnsis
975 1105 1226 1168 antistes,
1264 1107 1342 1158 uti
1376 1104 1543 1160 refert
1575 1104 1762 1160 Gariet
1790 1105 1843 1159 in
1889 1106 2129 1174 ejusdem

549 1193 804 1248 Ecclesia:
855 1195 1232 1265 episcoporum
1289 1196 1563 1258 Historia,
1595 1197 1855 1252 adversus
1909 1197 2129 1252 Petrum

548 1286 771 1340 Anianae
801 1289 1048 1342 abbatem
1070 1329 1083 1350 .
1125 1290 1267 1358 quod
1295 1290 1403 1354 ille,
1432 1305 1490 1344 se
1519 1291 1635 1360 ipso
1660 1291 1914 1360 episcopo
1933 1289 2130 1346 dimce-

548 1394 683 1434 sano
705 1381 922 1450 insuper
953 1383 1135 1437 habito
1161 1423 1174 1445 ,
1204 1393 1422 1440 exteros
1467 1385 1740 1440 antistites
1780 1385 2034 1441 invitaret
2063 1385 2130 1442 ad

548 1473 944 1526 consecrandas
967 1473 1227 1529 ecclesias
1251 1475 1466 1544 aliaque
1495 1475 1825 1544 pontiﬁcalia
1854 1476 2034 1530 munia
2075 1477 2127 1530 in

547 1576 646 1613 suo
679 1563 1007 1618 monasterio
1045 1567 1425 1635 exsequenda;
1472 1567 1581 1623 imo
1611 1575 1664 1622 et
1689 1568 2129 1622 excommunica-

548 1663 631 1707 tos
678 1655 893 1724 propria
947 1657 1272 1710 auctoritate
1326 1657 1588 1720 solveret,
1641 1658 1854 1727 aliaque
1905 1658 2128 1712 auderet

2240 478 2553 530 memoratis
2585 479 2712 530 viris
2742 481 2882 547 apud
2907 481 3277 540 Silviniacum.
3310 498 3413 551 quo
3449 484 3507 536 ad
3533 486 3729 552 placitqu

2234 576 2296 614 ea
2325 563 2391 618 de
2423 579 2478 618 re
2515 566 2771 619 indictum
2801 580 3188 633 convenerant,
3219 581 3278 624 ut
3328 571 3549 640 ejusdem
3597 577 3730 644 placiti

2236 654 2450 725 publico
2474 656 2836 713 instrumento
2872 671 3108 715 constat.
3142 661 3194 714 In
3225 663 3408 716 eadem
3437 670 3616 733 synodo
3641 665 3732 719 Stc-

2235 741 2444 808 phanus
2471 742 2618 810 prior
2639 742 2822 798 Sancti
2855 744 2894 798 F
2901 745 2998 799 lori
3024 748 3164 816 apttd
3193 748 3458 803 Arvernos
3473 763 3734 819 conquestus

2232 840 2316 886 est
2339 833 2598 888 adversus
2625 833 2954 891 Bernardum
2980 853 3044 892 ac
3069 838 3184 907 ejus
3215 840 3376 904 ﬁlios.
3399 857 3524 910 quos
3546 843 3736 899 Urbanus

2233 924 2730 978 excomtnunicavit
2764 926 2834 980 ob
2861 927 3105 982 invasam
3135 929 3418 985 ecclesiam
3451 932 3610 986 Sam-ti
3634 935 3735 988 Ilar-

2233 1011 2332 1065 tini
2361 1013 2426 1068 de
2449 1013 2862 1087 Calidis-aquis,
2910 1029 2968 1073 ttt
3022 1021 3162 1074 infra
3217 1038 3361 1077 num.
3412 1024 3512 1077 25-2
3551 1026 3735 1080 dicitur:

2234 1101 2464 1157 similem
2492 1121 2708 1174 pmuam
2740 1109 2963 1178 pertulit
2989 1111 3142 1186 Eblp,
3175 1121 3233 1165 ut.
3272 1111 3380 1180 jam
3431 1115 3651 1178 diximus,
3676 1119 3739 1186 qui

2233 1195 2494 1250 ecclesias
2529 1198 3000 1256 Vindocinensium
3038 1203 3088 1256 in
3123 1203 3354 1259 Olerona
3403 1206 3560 1258 insula
3607 1209 3742 1278 inique

2231 1290 2553 1358 occupabat.
2583 1290 2818 1346 Assertte
2847 1293 3008 1346 etiam
3041 1295 3092 1348 in
3117 1297 3306 1350 eodem
3338 1297 3552 1353 concilio
3579 1298 3744 1354 fuerunt

2231 1379 2570 1435 Cluniacensi
2603 1386 2936 1439 monasterio
2957 1387 3121 1440 varia!
3149 1389 3511 1456 possessiones
3531 1406 3644 1458 quas
3665 1389 3744 1445 siu-

2231 1469 2452 1538 gulatim
2500 1487 2783 1529 recensere
2841 1475 3030 1532 inutile
3074 1475 3232 1532 foret.
3288 1477 3396 1533 Nec
3436 1478 3574 1548 plura
3609 1480 3743 1533 dicere

2232 1568 2388 1613 vacat
2411 1561 2476 1613 de
2507 1562 2768 1616 societate
2799 1579 3017 1633 precum
3048 1580 3186 1634 quas
3216 1567 3454 1620 nonnulli
3490 1568 3742 1622 abbatesex

2230 1656 2398 1710 variis
2431 1657 2725 1726 provinciis
2753 1661 2818 1714 ad
2853 1660 2954 1714 hoc
2995 1660 3283 1715 concilium
3332 1662 3617 1730 congregati
3645 1663 3746 1715 inter

545 1752 733 1798 contra
782 1745 872 1814 jus
917 1746 1171 1801 Ecclesia:
1217 1746 1630 1815 Magalonensis.
1686 1747 1858 1814 Quam
1910 1747 2126 1817 quidem
2161 1726 2205 1784 Β
2233 1761 2352 1802 sese
2381 1747 2640 1813 inierunt,
2674 1759 2731 1803 ut
2763 1752 3026 1806 discimus
3047 1768 3112 1806 ex
3152 1753 3319 1806 veteri
3356 1753 3536 1806 notitia
3578 1755 3671 1821 ejus
3693 1756 3745 1804 rei

544 1835 1020 1902 pnesumptionem
1053 1835 1323 1904 pontifex,
1365 1836 1528 1890 salvis
1578 1845 1757 1891 tamen
1802 1835 2126 1890 Anianensis

541 1924 858 1978 monasterii
908 1925 1239 1996 privilegiis,
1291 1925 1583 1995 repressit,
1631 1925 1950 1980 conﬁrmata
2005 1938 2128 1978 sen-

541 2015 735 2079 tentia,
768 2029 928 2084 quam
961 2015 1089 2072 olim
1119 2016 1431 2074 Alexander
1457 2015 1500 2074 II
1545 2015 1596 2068 in
1623 2015 1783 2070 simili
1811 2029 1975 2070 causa
2011 2013 2125 2084 jam

539 2105 758 2162 tulerat.

637 2197 912 2253 CCXXIV.
949 2197 1124 2254 Varia:
1153 2199 1274 2254 alia:
1305 2217 1481 2254 causa!
1511 2201 1726 2254 minoris
1754 2199 2023 2254 momenti.

614 2289 803 2346 Plures
823 2291 940 2346 alia:
969 2291 1355 2346 controversia:
1388 2293 1454 2347 ad
1490 2293 1777 2347 concilium
1813 2291 2126 2347 Claromon-

542 2389 728 2437 tanum
755 2379 948 2436 delata:
995 2380 1229 2443 fuerunt,
1278 2381 1372 2436 sed
1397 2397 1519 2450 qua:
1548 2383 1679 2436 tanti
1709 2381 1963 2435 momenti
1999 2379 2127 2434 visze

543 2488 654 2526 non
682 2480 810 2526 sunt
838 2473 1076 2542 antiquis
1101 2473 1448 2536 auctoribus,
1481 2482 1538 2526 ιιι
1559 2488 1653 2528 eas
1677 2472 2005 2542 proferrent,
2035 2479 2128 2526 aut

540 2574 690 2618 certe
721 2564 855 2618 tales
883 2579 989 2619 non
1017 2574 1160 2626 sunt,
1189 2580 1308 2634 qua:
1336 2565 1564 2620 debeant
1594 2565 1680 2620 hic
1707 2564 1878 2618 fusius
1905 2563 2122 2632 exponi.

543 2655 621 2708 Ex
668 2655 753 2710 his
803 2654 905 2709 fuit
945 2655 1166 2725 querela
1211 2657 1598 2712 cauouicorum
1640 2656 1822 2712 Sancti
1865 2655 2123 2725 Stephani

542 2746 769 2810 Tolosae,
797 2747 892 2816 qui
919 2747 1210 2802 ecclesiam
1240 2749 1411 2803 beata:
1437 2749 1646 2813 Mariae,
1674 2765 1836 2818 quam
1878 2749 1958 2801 sui
1987 2748 2126 2817 juris

540 2853 664 2892 esse
693 2838 1126 2901 contendebant,
1163 2853 1194 2891 a
1240 2838 1685 2894 Cluniacensibus
1727 2839 2004 2906 repetiisse
2045 2837 2127 2889 di-

540 2936 757 2980 cuntur.
781 2925 955 2981 Variae
971 2927 1134 2980 etiam
1162 2936 1317 2982 erant
1347 2928 1486 2981 inter
1508 2928 1781 2998 Ilugoncm
1806 2925 2047 2982 Cluniaci
2071 2935 2126 2979 et

541 3017 792 3073 Pontium
820 3017 969 3072 Casm
997 3016 1090 3070 Dei
1122 3017 1345 3072 abbates
1374 3019 1763 3080 contentiones,
1787 3033 1907 3086 qua:
1928 3017 2121 3070 ibidem

2231 1838 2282 1892 in
2316 1855 2417 1894 ms.
2455 1841 2641 1896 codice
2669 1843 2981 1898 monasterii
3013 1843 3240 1898 lllidiani
3282 1843 3519 1912 ejusdem
3546 1843 3670 1895 urbis
3688 1859 3746 1894 re-

2229 1929 2359 1984 lata.
2396 1931 2453 1985 In
2486 1947 2549 1984 ea
2579 1943 2954 1987 memorantur
3007 1948 3128 1988 cum
3177 1934 3374 1988 abbate
3404 1932 3577 1986 Sancti
3620 1932 3748 1992 lllidii,

2228 2021 2453 2075 abbates
2476 2019 2662 2076 Sancti
2702 2022 2990 2087 Florentii,
3021 2023 3207 2078 Sancti
3238 2021 3441 2078 Nicolai
3467 2021 3750 2089 Alttlogai‘cn-

2229 2111 2328 2172 sis,
2358 2111 2544 2165 Sancti
2569 2111 2823 2182 Cypriani
2848 2129 3017 2183 prope
3075 2112 3380 2178 Pictavum,
3405 2112 3578 2165 Sancti
3615 2111 3750 2163 Saviui

2229 2198 2355 2252 item
2383 2200 2522 2270 apud
2549 2199 2816 2264 Pictones,
2839 2201 3144 2267 Casus-Dei;
3178 2212 3292 2256 tum
3319 2201 3561 2256 monachi
3589 2198 3752 2252 Portus-

2230 2289 2345 2354 Dei,
2373 2289 2559 2345 Sancti
2590 2291 2737 2346 Petri
2766 2292 3176 2358 Mauriacensis,
3205 2302 3259 2348 et
3282 2293 3453 2348 abbas
3475 2307 3535 2347 ac
3563 2291 3752 2346 monachi

2229 2381 2413 2436 Sancti
2447 2381 2830 2452 Symphoriani
2859 2383 3234 2439 Thiernensis.

2227 2494 2480 2551 CCXXV.
2505 2495 2782 2564 Expeditio
2809 2511 2962 2550 sacra
2987 2496 3059 2548 ibi
3081 2497 3312 2550 decreta.
3344 2495 3614 2550 Orationes
3631 2496 3755 2562 ponti-

2326 2567 2458 2633 ﬁcis.
2489 2566 2775 2634 Episco;.:us
2805 2565 2958 2618 Podii
2996 2569 3324 2619 exercituum
3357 2568 3466 2620 dux
3485 2567 3684 2636 eligitur.

2301 2657 2496 2710 Verum
2548 2655 2680 2710 nihil
2731 2656 2866 2710 adeo
2894 2656 3107 2710 concilii
3147 2656 3554 2713 Claromontani
3602 2657 3752 2709 famam

2225 2747 2460 2816 posteris
2506 2747 2906 2802 commendavit
2951 2762 3016 2802 ac
3067 2747 3302 2802 celebris
3361 2748 3452 2802 illa
3513 2748 3563 2800 in
3606 2757 3754 2799 terram

2226 2845 2469 2891 sanctam
2481 2837 2772 2906 expeditio,
2787 2853 2907 2906 qua!
2929 2837 2999 2890 ibi
3025 2837 3256 2907 primum
3283 2837 3552 2892 communi
3569 2833 3755 2892 omnium

2224 2927 2474 2981 ordinum
2507 2943 2773 2982 consensu
2797 2937 2852 2982 et
2875 2926 3134 2998 applausu
3165 2928 3376 2982 saneita
3404 2943 3458 2983 e;
3483 2925 3757 2998 promulgata

2229 3017 2345 3072 fuit.
2398 3018 2598 3073 Urbani
2632 3019 2732 3073 hac
2775 3019 3065 3074 occasione
3116 3018 3170 3072 in
3231 3019 3468 3074 dicendo
3513 3018 3756 3072 facundiam

549 3110 749 3166 Urbani
777 3109 1137 3171 auctoritate,
1169 3124 1232 3163 ac
1264 3107 1506 3180 Ilugonis
1534 3108 1906 3178 Lugdunensis
1953 3116 2008 3162 et
2036 3107 2124 3161 Al-
2153 3087 2194 3144 δ
2230 3109 2448 3162 laudant
2477 3109 2678 3177 passim
2710 3109 2910 3178 vulgati
2940 3119 3213 3176 auctores,
3247 3124 3416 3181 quem
3445 3111 3610 3178 reipsa
3635 3105 3756 3160 veluti

544 3204 752 3258 deberti
807 3205 1163 3259 Bituricensis
1216 3205 1746 3273 archiepiscoporum
1819 3203 2123 3257 interventu

542 3309 855 3365 compressa
906 3295 1164 3357 fuerunt,
1189 3304 1248 3349 ut
1289 3303 1438 3364 patet
1465 3311 1530 3348 ex
1563 3295 1922 3347 instrumento
1958 3309 2020 3346 ca
2059 3294 2125 3346 de

544 3402 604 3440 re
623 3385 868 3441 confecto
903 3403 954 3440 tv
980 3386 1246 3440 Kalendas
1284 3387 1618 3442 Decembris.
1641 3386 1806 3440 Forte
1830 3387 1934 3440 huc
1959 3386 2122 3438 etiam

545 3480 788 3534 revocari
821 3480 980 3536 debet
1009 3481 1059 3535 id
1088 3480 1231 3550 quod
1255 3479 1531 3534 Paschalis
1559 3479 1599 3533 ll
1631 3479 1789 3534 habet
1835 3478 1886 3532 in
1910 3477 2126 3546 privile-

541 3571 630 3639 gio
659 3571 718 3625 S.
751 3570 956 3641 llugoni
983 3587 1073 3625 an.
1109 3571 1247 3626 I100
1272 3584 1532 3626 concesso
1560 3570 1705 3624 edito
1745 3569 1797 3623 in
1828 3567 2132 3638 appendice-

546 3659 686 3717 liibl.
711 3660 1102 3724 Cluniacensis,
1133 3660 1220 3713 ubi
1255 3659 1496 3729 pontifex
1524 3659 1808 3713 confirmat
1848 3657 2031 3712 omnia
2058 3656 2126 3710 de

543 3751 730 3819 quibus
757 3752 810 3804 iu
836 3750 1067 3805 concilio
1095 3749 1513 3805 Claromontano
1539 3753 1798 3804 adversus
1830 3764 1952 3804 eum
1978 3734 2125 3802 nulla

544 3841 763 3910 qua’stio
793 3855 930 3894 mota
969 3851 1044 3894 est
1096 3840 1239 3894 Idem
1270 3849 1492 3893 sanctus
1539 3839 1690 3910 Ilugo
1730 3841 1796 3894 ad
1833 3839 2124 3895 concilium

545 3931 735 3984 detulit
767 3931 1238 3985 Silviniacensium
1272 3932 1660 3984 monachorum
1686 3945 1904 3983 causam
1935 3930 2124 3984 adver-

545 4038 640 4076 sas
668 4023 1111 4079 Arcltimbaldum
1158 4022 1412 4078 Borbonii
1445 4023 1766 4092 principem,
1795 4036 1907 4083 eos.
1945 4030 2003 4075 ut
2028 4037 2122 4078 su-

545 4129 640 4180 pra
663 4114 772 4181 jam
807 4115 1060 4177 diximus,
1093 4130 1294 4174 vexare
1324 4125 1638 4185 pergentem
1669 4115 1920 4184 exemplo
1954 4116 2125 4185 patris

543 4206 650 4266 Sui,
693 4205 781 4274 qui
817 4203 1014 4259 frustra
1049 4221 1080 4259 a
1120 4208 1280 4262 beato
1303 4207 1500 4262 abbate
1523 4206 1832 4276 frequenter
1863 4209 2122 4273 monitus,

545 4310 598 4351 et
625 4300 677 4352 in
702 4299 907 4368 synodo
933 4299 1162 4355 Cariloci
1189 4315 1254 4354 ea
1285 4300 1573 4354 occasione
1620 4300 1801 4354 habita
1834 4301 2125 4369 reprehen-

544 4405 665 4450 sus,
687 4389 898 4444 nonnisi
931 4391 1087 4444 morti
1143 4394 1423 4460 proximus
1472 4392 1794 4458 resipuerat.
1854 4391 1944 4446 Ille
1997 4406 2124 4446 vero

545 4482 716 4552 patris
743 4483 844 4544 sui,
873 4483 978 4536 imo
1003 4493 1057 4538 et
1105 4498 1346 4543 suorum,
1380 4493 1438 4536 ut
1470 4499 1631 4554 supra
1687 4482 1714 4555 §
1767 4483 1874 4538 202
1918 4483 2122 4538 dictum

542 4581 651 4636 est,
681 4573 1065 4642 promissorum
1115 4574 1356 4645 pontiﬁci
1385 4574 1656 4630 factorum
1681 4573 1984 4637 immemor,
2026 4572 2126 4627 Sil.

543 4665 756 4719 viniaco
779 4665 954 4721 adhuc
975 4674 1096 4721 erat
1125 4664 1356 4720 infestus
1389 4679 1404 4719 :
1437 4679 1608 4733 quare
1639 4663 1792 4735 Ilugo
1835 4673 1893 4719 ut
1939 4665 1990 4718 in
2042 4665 2126 4720 in-

544 4767 844 4814 strumento
901 4759 1100 4814 ibidem
1133 4758 1356 4813 laudato
1411 4757 1667 4821 refertur,
1698 4757 1754 4811 in
1798 4756 1892 4810 illa
1929 4772 2122 4824 magna

544 4848 760 4917 synodo.
781 4865 899 4918 qua:
920 4849 1061 4920 apud
1071 4847 1456 4902 ‘Areernensem
1482 4849 1740 4903 celebrata
1765 4857 1840 4902 est
1861 4849 2121 4902 civitatem

539 4943 721 4998 domui
757 4959 906 5012 papa:
934 4943 1153 4997 auribus
1181 4943 1292 4996 ha'c
1341 4944 1616 4998 intimavit.
1664 4943 1732 4996 At
1779 4960 1897 4998 vero
1959 4945 2121 4999 isdem

541 5050 698 5102 papa,
723 5042 778 5085 ut
807 5049 1007 5100 semper
1049 5043 1268 5096 paratus
1303 5042 1414 5087 erat
1462 5035 1516 5087 in
1551 5035 1789 5087 onmibus
1821 5035 1938 5103 jam
1992 5035 2120 5088 dicti

541 5125 704 5176 patris
723 5123 1076 5193 obtemperare
1086 5126 1239 5190 votis,
1258 5135 1465 5180 evocato
1489 5126 1560 5179 ad
1571 5126 1851 5180 concilium
1884 5128 2122 5187 Archim-

543 5213 718 5279 baldo,
759 5214 828 5268 ad
869 5215 966 5270 hoc
995 5216 1160 5286 coegit
1186 5256 1202 5278 ,
1247 5227 1303 5270 ut
1331 5223 1652 5286 promitteret
1682 5234 1736 5272 se
1756 5217 1917 5287 juxta
1951 5221 2122 5273 consi-

543 5309 668 5360 lium
699 5308 1078 5378 archiepiscopi
1100 5309 1443 5364 Bituricensis
1466 5317 1513 5362 et
1543 5309 1770 5379 episcOpi
1803 5309 2116 5374 Aniciensis,

541 5399 811 5455 Guillclmi
848 5415 1064 5470 quoque
1090 5401 1156 5453 de
1183 5399 1354 5464 Baﬁa,
1385 5400 1432 5454 is
1465 5410 1550 5455 est
1577 5402 1667 5470 qui
1698 5401 1751 5455 in
1794 5401 1970 5457 locum
2012 5401 2122 5456 Due

541 5494 696 5546 ranni
727 5493 968 5562 episcopi
997 5491 1404 5548 Claromontani
1442 5493 1676 5546 defuncti
1712 5493 1968 5549 suffectus
2011 5505 2114 5556 est.

538 5593 594 5636 et
633 5583 862 5638 aliorum
911 5584 1269 5652 quorumdam
1315 5581 1573 5636 nobilium
1627 5584 1864 5638 virorum
1922 5596 2116 5639 cuncta

479 5716 481 5718 .
539 5691 705 5750 prave
734 5691 761 5730 a
795 5691 853 5732 sc
878 5683 1068 5730 contra
1095 5674 1354 5730 damnum
1393 5673 1640 5728 abbatem
1670 5685 1816 5745 gesta
1859 5679 2116 5732 emcnda-

2226 3198 2405 3250 tubam
2434 3199 2684 3252 caelestem
2735 3200 3022 3253 intonuisse
3052 3200 3242 3255 scribit
3287 3200 3563 3270 Eugenius
3614 3197 3664 3251 Ill
3711 3194 3757 3247 ad

2227 3287 2554 3344 Ludovicum
2583 3289 2912 3344 Francorum
2944 3306 3150 3361 regem,
3176 3293 3303 3346 ιιιθί
3339 3293 3407 3346 ad
3438 3291 3650 3346 similem
3690 3304 3756 3340 es-

2225 3382 2553 3451 pe.litionem
2585 3382 2981 3451 SuSripiendam
3006 3385 3246 3439 animum
3273 3383 3556 3453 adjiceret.
3579 3381 3759 3437 Audien-

2227 3473 2328 3526 dus
2353 3487 2414 3525 ea
2440 3473 2506 3526 dc
2525 3488 2582 3526 re
2608 3472 2902 3529 Guibertus
2924 3473 3209 3546 Novigenti
3234 3475 3431 3540 abbas,
3458 3475 3546 3543 qui
3563 3483 3665 3544 post
3681 3472 3760 3524 lau-

2226 3565 2406 3620 datam
2431 3567 2704 3637 pontificis
2733 3567 2784 3622 in
2808 3582 2870 3622 ea
2902 3568 3248 3638 expeditione
3276 3567 3653 3640 promulganda
3676 3578 3757 3617 tua-

2225 3659 2656 3727 gnanimitatem,
2688 3659 2767 3714 sic
2789 3675 2914 3714 eum
2944 3659 3173 3714 concilio
3208 3661 3586 3729 prznsidentem
3615 3672 3757 3726 repra-

2225 3759 2406 3805 sentat
2452 3766 2466 3804 :
2520 3749 2655 3804 Erat
2705 3751 2777 3804 ibi
2815 3761 3049 3820 spectare
3088 3768 3247 3822 quam
3305 3770 3492 3807 serena
3543 3751 3758 3822 grat'c’lttlt’.

2223 3843 2518 3911 ponderosa
2563 3842 2809 3896 comitate
2850 3843 3190 3912 prwsideret;
3216 3853 3283 3904 et,
3327 3855 3383 3897 ut
3417 3843 3615 3898 Sidonii
3641 3838 3759 3893 verbis

2224 3943 2367 3997 utar,
2387 3951 2542 4004 quant
2566 3935 2804 4004 piperata
2831 3934 3082 4003 facundia
3102 3935 3171 3986 ad
3201 3935 3408 4004 objecta
3421 3933 3644 4006 qutrlibet
3663 3943 3760 3998 ρηρα

2224 4024 2602 4079 disertissimus
2650 4025 2943 4079 dctonaret.
2976 4022 3278 4078 Notabatur
3303 4036 3502 4096 quanta
3530 4025 3601 4079 vir
3622 4019 3759 4075 clari:-

2223 4116 2388 4169 simus
2416 4113 2671 4168 modestia
2699 4112 2958 4166 tolerabat
2995 4129 3121 4166 suas
3144 4113 3467 4167 tumultuose
3503 4125 3672 4165 causas
3699 4106 3758 4156 itt-

2223 4208 2512 4276 gerentium
2550 4205 2942 4276 loquacitatem,
2978 4220 3136 4274 quam
3170 4221 3364 4274 parum
3399 4203 3759 4276 appretiabatrr.

2225 4296 2326 4349 nisi
2347 4296 2632 4349 secundum
2663 4294 2846 4354 Deum,
2867 4293 3160 4367 cujuspiam
3175 4295 3630 4362 personalitetem;
3656 4284 3760 4357 quod

2229 4385 2283 4439 in
2316 4400 2381 4440 eo
2411 4386 2646 4441 maxime
2678 4385 2952 4457 apparuit,
2985 4385 3060 4438 uti
3090 4385 3441 4454 prosequitur
3473 4385 3558 4439 ille
3597 4390 3758 4436 auctor.

2227 4477 2368 4549 quod
2395 4473 2700 4547 Philippum
2722 4490 2901 4545 regem
2932 4485 3080 4529 tanta
3113 4477 3428 4531 auctoritate
3455 4469 3759 4530 excommuni-

2227 4569 2384 4634 cauit,
2416 4578 2472 4622 ut
2499 4567 2892 4622 intercessiones
2933 4566 3298 4635 spectabilium
3352 4580 3706 4638 personarum,
3728 4575 3760 4610 rt

2227 4659 2598 4724 multiplicium
2651 4673 2928 4711 munerum
2974 4656 3236 4711 illationes
3293 4656 3680 4727 contempserit;
3722 4658 3757 4701 et

2225 4751 2363 4822 quod
2389 4750 2530 4804 intra
2557 4747 2703 4819 regni
2732 4748 2895 4818 ipsius
2934 4745 3308 4802 demorabatur
3332 4747 3522 4802 limites
3551 4762 3644 4801 non
3663 4740 3763 4796 esti-

2223 4844 2432 4900 muerit.
2993 4832 3013 4844 ’

2302 4935 2497 4993 Finitis
2528 4935 2713 5005 itaque
2748 4933 2915 4989 variis
2960 4933 3214 5004 negotiis,
3243 4948 3364 5003 quae
3403 4932 3470 4987 ad
3519 4924 3760 4986 concilium

2223 5028 2399 5084 delata
2457 5027 2692 5091 fuerant,
2731 5026 2995 5097 pontifex,
3022 5035 3078 5080 ut
3127 5025 3402 5080 Robertus
3450 5019 3760 5087 Remigiauus

2221 5119 2389 5174 abbas
2439 5117 2628 5184 refert,
2658 5118 2748 5187 qui
2786 5130 3024 5186 praesens
3047 5115 3257 5181 aderat,
3287 5116 3442 5170 exivit
3481 5115 3531 5166 in
3569 5107 3759 5181 quadam

2221 5213 2467 5282 spatiosis
2497 5209 2792 5264 latitudinis
2815 5208 3008 5278 platea,
3036 5207 3159 5278 quia
3202 5224 3305 5261 non
3329 5213 3531 5276 poterat
3557 5202 3664 5256 illas
3691 5210 3759 5248 ca-

2220 5321 2339 5374 pere
2367 5302 2641 5372 cujuslibet
2671 5301 2884 5370 aediﬁcii
2906 5299 3174 5366 clausura,
3195 5298 3283 5353 ubi
3305 5296 3760 5360 orationem,quam

2225 5397 2365 5456 idem
2390 5406 2582 5451 auctor
2599 5394 2908 5451 summatim
2936 5391 3125 5456 refert,
3150 5390 3356 5451 habuit,
3376 5397 3434 5442 ut
3456 5387 3520 5441 ad
3540 5385 3669 5440 illam
3683 5392 3757 5432 ex-

2221 5489 2552 5559 peditionem
2577 5488 2868 5542 astantium
2900 5486 3112 5540 animos
3135 5484 3427 5546 excitaret;
3459 5493 3590 5550 quos
3607 5481 3759 5529 rever1

2225 5588 2294 5640 ita
2331 5584 2618 5654 permovit,
2651 5590 2705 5635 ut
2737 5582 2918 5634 statim
2949 5593 3139 5632 omnes
3177 5566 3758 5632 conclamaverintbm

2223 5676 2354 5731 illud
2381 5674 2509 5740 ruit,
2546 5673 2680 5728 Deus
2705 5671 2835 5724 illud
2858 5669 2983 5734 vult,
3021 5686 3139 5739 qua:
3168 5669 3329 5724 verba
3373 5660 3691 5734 postmodqu
3716 5654 3758 5712 ill
