3892 6320
1680 364 1862 420 VITA.

3315 370 3414 425 18'2

129 491 408 540 tesseram
432 479 912 552 peregrinantium,
932 481 1100 536 veteri
1121 481 1313 552 gallico
1340 479 1596 537 idiomale
1618 479 1728 536 Deu
1759 488 1805 544 Α
1834 479 1989 534 Gesta
2016 485 2114 537 Dei
2136 498 2230 551 per
2253 481 2509 539 Francos.
2537 485 2734 540 Earum
2756 499 2886 542 vero
2917 493 3284 540 smcerttatem
3316 503 3414 539 ne-

127 575 191 628 lo
221 573 344 628 που
359 582 633 642 assumpta
657 572 828 637 fuere,
847 573 1046 642 quibus
1065 572 1264 627 milites
1279 582 1333 628 et
1351 573 1441 627 alii
1461 574 1732 642 peregrini

127 663 193 718 in
220 664 563 735 gravioribus
589 663 841 717 itinerum
866 673 922 716 et
943 663 1156 716 viarum
1181 661 1608 728 difﬁcultatibus,
1638 677 1735 718 sett

131 755 192 807 in
229 753 424 806 mediis
462 751 855 808 certaminibus
881 752 1139 806 adversus
1168 751 1431 816 inﬁdeles,
1455 766 1576 807 sese
1597 752 1734 806 iuvi-

123 861 263 900 cem
281 846 351 900 ad
372 853 594 900 strenue
613 842 877 913 agendum
906 843 1353 900 cohortabantur.
1380 843 1524 898 ldem
1546 852 1735 898 auctor

130 947 340 992 narrat
393 935 714 1007 Gregorium
768 935 1098 991 cardinalem
1139 935 1209 1006 (is
1263 943 1452 1004 postea
1491 933 1732 1005 pontifex

131 1029 343 1093 factus,
369 1026 716 1082 Innocentius
744 1025 785 1080 ll
816 1024 994 1082 dictus
1010 1025 1142 1096 est),
1167 1026 1351 1081 statim
1375 1035 1496 1095 post
1529 1025 1732 1080 ﬁnitam

129 1115 354 1173 Urbani
393 1115 828 1170 exhortationem
853 1131 951 1181 pro
1007 1115 1244 1169 omnibus
1273 1124 1427 1168 terra:
1455 1115 1733 1184 prostratis

129 1208 522 1275 confessionem
564 1222 715 1261 suam
740 1205 963 1271 dixisse,
995 1215 1042 1261 et
1075 1208 1152 1261 sic
1174 1223 1351 1262 omnes
1377 1216 1586 1277 pectora
1633 1223 1735 1261 sua

129 1299 417 1351 tundentes
441 1297 744 1365 impetrasse
773 1297 838 1352 de
862 1297 967 1363 Itis,
996 1313 1114 1369 qua:
1163 1297 1299 1352 male
1338 1298 1729 1362 commiserant,

136 1387 560 1450 absolutionem;
584 1398 634 1441 et
661 1388 803 1457 facta
847 1387 1173 1443 absolutione
1224 1387 1653 1452 benedictionem,
1684 1397 1733 1442 ct

133 1475 500 1530 benedictione
524 1487 802 1531 consecuta
832 1478 902 1532 ad
929 1479 1144 1548 propria
1160 1478 1426 1532 remeandi
1440 1477 1730 1541 licentiam,

132 1579 194 1621 ut
217 1567 432 1623 scilicet
464 1583 584 1637 qua:
619 1569 686 1622 ad
728 1577 936 1624 tantum
971 1571 1096 1635 iter,
1126 1571 1269 1640 quod
1313 1570 1568 1639 deinceps
1608 1567 1735 1623 Via-
1824 1597 1826 1599 >

134 1657 236 1712 Dei
268 1657 600 1728 appellatum
641 1653 763 1724 luit,
794 1663 1106 1716 necessaria
1142 1670 1300 1716 erant
1330 1662 1433 1715 sibi
1483 1661 1734 1732 provide-

139 1760 279 1812 rent,
300 1766 367 1805 ac
396 1751 553 1813 alios,
581 1753 671 1821 qui
699 1752 952 1808 absentes
989 1763 1166 1818 erant,
1199 1755 1266 1808 ad
1299 1752 1545 1808 eamdem
1569 1767 1733 1824 expe-

135 1841 405 1894 ditionem
439 1843 840 1911 suscipiendam
869 1844 1316 1898 adhortarentur.

213 1932 480 1987 Postridie
506 1933 837 1997 convocatis,
883 1945 943 1990 ut
991 1937 1129 1990 idem
1157 1945 1348 1991 auctor
1366 1935 1732 2006 prosequitur,

141 2024 431 2094 episcopis,
466 2023 720 2080 Urbanus
756 2025 822 2080 de
844 2026 1095 2098 eligendo
1137 2042 1310 2082 sacra:
1370 2027 1734 2096 expeditionis

156 2115 292 2168 duce
317 2114 579 2182 agendum
611 2129 732 2170 esse
770 2116 1075 2186 praposuit,
1106 2131 1169 2171 ac
1202 2115 1445 2170 unanimi
1493 2115 1734 2170 omnium

155 2224 413 2264 consensu
459 2208 666 2263 electus
714 2217 798 2262 est
851 2207 1196 2264 Adhemarus
1226 2208 1378 2262 Podii
1413 2207 1730 2277 episc0pus,

158 2311 334 2370 utpote
392 2304 481 2370 qui
536 2301 783 2355 Immanis
841 2301 991 2355 rebus
1057 2319 1118 2355 ac
1171 2301 1362 2356 divinis
1412 2301 1563 2355 valde
1603 2309 1735 2354 esset

148 2394 394 2456 nloncns,
423 2403 472 2446 et
500 2404 722 2464 utraque
777 2393 996 2448 scientia
1037 2393 1405 2463 peritissimus,
1428 2393 1637 2462 suisque
1679 2392 1735 2444 in

141 2482 436 2535 actionibus
470 2482 844 2536 multivividus.
875 2483 975 2548 Qui
1010 2483 1194 2536 statim
1241 2481 1358 2536 licet
1398 2482 1589 2535 invitus
1617 2497 1734 2534 sns-

137 2573 264 2638 repit
295 2573 456 2641 quasi
486 2575 622 2626 alter
651 2571 825 2628 Moses
869 2573 1121 2627 ducatum
1176 2590 1237 2628 ac
1268 2575 1495 2644 regimen
1546 2572 1734 2626 Domi-

139 2662 238 2713 uici
260 2661 448 2730 populi
477 2678 596 2715 cum
636 2662 988 2717 benedictione
1019 2663 1219 2717 domini
1257 2679 1407 2733 papa’
1464 2679 1527 2716 ac
1575 2663 1732 2716 totius

137 2753 376 2804 concilii.
411 2751 570 2806 V'ices
612 2767 742 2808 suas
769 2753 871 2822 ipsi
901 2769 1059 2823 super
1083 2753 1446 2808 Christianum
1475 2751 1732 2822 populum

132 2858 450 2912 quocunque
495 2843 722 2896 venirent
755 2843 1069 2912 pontiﬁcem
1097 2845 1511 2899 commendasse
1569 2843 1734 2896 tradit

132 2931 464 2996 Guibertus,
490 2932 652 2998 unde,
686 2933 885 3002 inquit,
931 2944 978 2987 et
1021 2950 1209 2988 manus
1250 2936 1317 2989 ei
1375 2934 1730 3004 apostolorum

134 3039 292 3086 more,
325 3025 464 3076 data
484 3026 682 3092 pariter
701 3025 1077 3092 benedictione,
1109 3025 1377 3095 imposuit.
1403 3025 1575 3091 Quam
1603 3041 1731 3081 vero

133 3119 363 3188 egregie
403 3116 560 3185 hujus
586 3118 872 3187 legationis
895 3128 1078 3189 partes
1108 3119 1418 3189 impleverit
1457 3119 1730 3172 Adhema-

1838 586 1926 626 mo
1951 571 2003 624 in
2030 572 2250 626 dubiant
2276 587 2532 628 revocare
2554 574 2714 629 debet
2748 577 2890 644 quod
2913 575 3060 630 varie
3075 575 3216 644 apud
3233 576 3415 642 varios

1835 672 2084 717 auctores
2115 653 2438 730 referantur,
2463 663 2706 735 plerique
2757 666 2906 720 enim
2952 681 3141 720 eorum
3191 665 3329 728 illas,
3356 675 3416 720 ut

1835 753 2052 822 quidem
2085 752 2364 811 Baldricus
2386 765 2440 810 et
2461 754 2751 810 Guiberlus
2781 757 2848 810 de.
2875 771 2933 811 se
2979 757 3110 826 ipsis
3150 755 3413 820 fatentur,

1833 856 1996 896 sensu
2017 842 2354 898 solummodo
2380 852 2435 898 et
2458 845 2764 910 intentione,
2795 855 2852 899 ut
2874 847 3143 902 audiendo
3173 849 3412 901 retinere

1834 939 2148 999 potuerant,
2174 947 2280 988 non
2313 933 2443 1002 ipsis
2489 932 2688 988 Urbani
2719 934 2902 988 verbis
2932 946 3413 1003 reprtesentarunt.

1838 1019 2040 1074 Deinde
2068 1035 2191 1075 cum
2221 1037 2324 1076 non
2354 1021 2520 1076 semel
2544 1037 2602 1076 ea
2631 1021 2697 1076 de
2732 1038 2789 1077 re
2823 1024 3065 1092 pontifex
3103 1041 3417 1080 sermonem

1837 1111 2111 1177 habuerit,
2146 1112 2236 1166 ttni
2271 1128 2456 1176 unam,
2486 1112 2575 1166 alii
2601 1113 2760 1166 aliam
2791 1112 2904 1181 ejus
2938 1115 3238 1170 oralionem
3271 1128 3418 1170 retu-

1838 1201 1966 1257 lisse
1981 1203 2106 1272 quis
2139 1193 2505 1256 inﬁciahitur?
2533 1203 2679 1268 Quas
2704 1218 2832 1258 vero
2874 1219 2938 1256 ex
2994 1203 3060 1257 iis
3090 1206 3258 1275 magis
3291 1221 3416 1275 gor-

1835 1309 2023 1348 manas
2070 1293 2313 1349 invenire
2357 1294 2710 1363 potuerimus.
2758 1295 2812 1348 in
2866 1294 3163 1363 appeti-tice
3212 1293 3419 1349 refere-

1837 1397 1979 1436 "HIS.

1839 1513 2121 1571 CCXXVI.
2199 1512 2402 1569 Urbani
2481 1515 2535 1568 in
2597 1515 2980 1583 promulganda
3040 1515 3138 1566 hac
3207 1515 3389 1583 expedi
3408 1543 3423 1558 ι

1904 1587 2043 1638 tione
2069 1585 2494 1654 magnanimitas.
2534 1583 2855 1638 Pcenitentite
2882 1584 2994 1637 loco
3030 1584 3270 1637 instituta
3300 1600 3423 1651 pro-

1903 1655 2060 1735 [ectio
2100 1653 2173 1708 ad
2225 1654 2628 1724 expeditionem.
2700 1654 2891 1708 Preces
2929 1655 3110 1708 eadem
3155 1653 3424 1707 occasione

1906 1735 2182 1779 tnstttutw.

1765 1830 1810 1891 Β
1908 1837 1986 1892 Ex
2022 1837 2139 1893 istis
2169 1852 2332 1907 porro
2362 1837 2738 1907 scriptoribus,
2768 1850 2902 1907 quos
2941 1835 3155 1905 quidem
3185 1834 3424 1888 historia:

1837 1948 2006 1988 sacra:
2036 1933 2308 1988 studiosos
2344 1933 2596 1988 evolvere
2627 1950 2731 1987 non
2783 1933 3088 2002 paenitebit,
3121 1933 3301 1986 videre
3337 1940 3422 1983 est

1835 2033 2035 2094 quanta
2068 2025 2133 2079 ab
2161 2023 2381 2080 Urbano
2413 2025 2652 2094 praestita
2679 2024 2881 2078 fuerint
2905 2023 2969 2076 ad
3007 2025 3145 2077 hanc
3178 2023 3421 2089 promul-

1835 2114 2104 2184 gaudam,
2144 2115 2672 2184 promovendamque
2725 2113 3147 2182 expeditionem.
3207 2112 3340 2164 Eum
3390 2128 3423 2165 (ι

1837 2205 1944 2260 Deo
1971 2205 2442 2260 Israelmaximum
2455 2205 2738 2275 principem
2752 2213 2932 2258 contra
2959 2202 3258 2270 Allopliylos
3289 2221 3418 2254 con-

1835 2297 2078 2350 stitutum
2109 2295 2275 2351 fuisse
2296 2310 2358 2350 ea
2403 2296 2688 2350 occasione
2737 2293 2993 2363 praedicat
3015 2292 3304 2347 0rdericus
3337 2292 3427 2344 Vi-

1839 2388 1963 2443 tatis
1986 2387 2123 2441 libro
2155 2403 2272 2446 VIII,
2296 2388 2382 2440 cui
2414 2386 2502 2440 ille
2527 2396 2726 2440 turrem
2774 2384 2944 2438 David
2972 2401 3089 2436 cum
3122 2399 3426 2452 propugna‘

1835 2477 1966 2532 culis
1989 2487 2170 2531 contra
2195 2477 2384 2546 facient
2420 2475 2664 2528 Damasci
2684 2475 3038 2528 commiserat.
3073 2473 3229 2526 Plura
3263 2473 3423 2526 habet

1836 2569 2076 2626 librorx.
2127 2568 2388 2623 Eumdem
2427 2565 2735 2637 pontiﬁcem
2786 2566 2927 2634 apud
2988 2582 3166 2618 omnes
3217 2564 3424 2618 illustre

1834 2678 1945 2717 suat
1973 2661 2424 2732 magnanimitatis
2453 2668 2819 2729 argumentum
2865 2673 2927 2711 ea
2950 2658 3235 2712 occasione
3289 2673 3422 2725 pra:-

1835 2749 2022 2805 buisse
2048 2751 2124 2803 ait
2148 2747 2464 2814 Guibertus,
2489 2765 2608 2803 eum
2637 2764 2700 2800 ec
2726 2746 2884 2815 hujus
2938 2745 3274 2816 profectionis
3333 2747 3385 2796 in
3405 2774 3419 2784 ο

1833 2843 2050 2900 centivo.
2072 2842 2213 2912 quod
2232 2842 2360 2895 dum
2391 2843 2592 2910 primus
2619 2841 2725 2910 ipse
2739 2839 2988 2910 prazbuit,
3011 2854 3238 2908 quonam
3269 2848 3421 2906 pacto

1834 2933 1889 2985 id
1911 2932 2058 3000 ﬁeret
2083 2943 2225 2985 totus
2267 2931 2495 2985 mundus
2523 2931 2810 2996 obstupuit.
2845 2930 2912 2983 Et
2957 2928 3173 2998 quidem
3227 2929 3422 2981 mirum

1831 3033 1914 3080 est
1942 3025 2255 3093 pontiﬁcem
2283 3039 2601 3093 pauperem,
2628 3023 2703 3076 uti
2727 3032 2835 3076 tmn
2859 3032 2978 3077 erat
3004 3021 3273 3084 Urbanus,
3299 3021 3423 3074 abs-

1831 3129 1937 3183 que
1973 3128 2158 3182 regum
2200 3128 2333 3184 ope,
2384 3113 2504 3168 sine
2554 3113 2659 3167 ulla
2708 3110 2996 3167 exactione
3045 3119 3138 3164 aut
3197 3103 3420 3173 tributo,

136 3223 247 3271 rus,
276 3208 500 3276 probat,
536 3209 712 3278 inquit
740 3208 832 3264 ille
862 3217 1073 3274 auctor,
1115 3209 1370 3263 mirabilis
1395 3210 1568 3278 operis
1595 3212 1726 3260 lauti
1757 3189 1798 3247 Ο
1836 3215 2043 3258 tantam
2085 3205 2391 3274 principum
2447 3204 2796 3272 virormnque
2824 3201 3082 3256 nobilium
3111 3215 3172 3254 ac
3201 3209 3424 3254 ecetero-

132 3301 326 3352 exitus.
373 3299 440 3352 Et
485 3299 706 3368 quidem
737 3301 957 3371 egregia
990 3301 1138 3356 illius
1183 3301 1448 3356 antistitis
1483 3300 1728 3354 facinora

135 3390 341 3457 passim
374 3389 514 3457 apud
544 3399 800 3445 auctores
819 3401 1210 3446 memorantur.
1239 3391 1367 3460 Ejus
1397 3405 1525 3444 vero
1548 3405 1735 3443 exem-

134 3481 276 3548 pbuu
314 3480 418 3534 alii
450 3480 688 3552 episcopi
725 3481 1021 3546 subsecuti,
1054 3481 1384 3551 expeditioni
1429 3496 1597 3534 sacra:
1633 3495 1730 3547 po-

137 3583 248 3624 stea
283 3587 495 3625 nomen
526 3571 818 3636 dederunt;
859 3573 1002 3641 quod
1061 3572 1113 3624 in
1169 3571 1284 3640 ipso
1336 3571 1498 3625 etiam
1543 3568 1730 3624 Claro-

139 3672 409 3714 moutano
434 3661 668 3714 concilio
707 3658 906 3715 fecisse
934 3659 1135 3714 dicitur
1167 3659 1472 3713 Willelunis
1510 3657 1734 3710 Arausi-

137 3753 334 3804 censis.
370 3749 580 3803 Eodem
604 3750 767 3803 etiam
785 3764 842 3803 se
870 3757 996 3804 voto
1022 3748 1391 3802 obstrinxerat
1420 3747 1731 3802 lleruartlus

139 3840 306 3896 Toleti
345 3840 816 3910 archiepiscopus,
850 3841 944 3894 sed
969 3840 1037 3894 ab
1065 3855 1130 3893 eo
1156 3849 1283 3892 voto
1333 3838 1566 3892 absolvit
1607 3853 1730 3891 eum

137 3933 572 4000 poutifcx,quod
603 3917 832 3987 turbatis
857 3931 909 3985 in
939 3931 1194 4000 llispania
1219 3931 1380 3985 rebus
1405 3931 1735 3984 satiusesset

140 4035 192 4077 ut
234 4025 306 4077 ibi
352 4032 741 4077 remoraretur.
781 4021 909 4093 Ejus
937 4022 1297 4077 absolutionis
1330 4021 1574 4074 meminit
1625 4021 1733 4075 Pa-

137 4116 342 4168 schalis
383 4114 422 4166 ll
453 4115 504 4167 in
537 4115 696 4184 epist.
737 4114 802 4167 ad
831 4114 1036 4168 clerum
1068 4122 1123 4166 et
1153 4111 1406 4181 populum
1460 4111 1608 4181 regni
1644 4110 1734 4164 Al-

138 4206 297 4268 lonsi,
328 4207 480 4274 apud
513 4205 791 4259 Tamaiam
820 4204 959 4260 die5
979 4202 1198 4274 Aprilis,
1225 4202 1312 4255 ubi
1337 4201 1534 4255 dicitur
1562 4201 1735 4256 Urla-

141 4315 236 4351 nus
267 4297 540 4352 Bernardi
571 4307 754 4350 votum
793 4307 1158 4350 commutasse
1194 4295 1246 4347 in
1281 4296 1732 4348 restaurationem

139 4391 286 4444 urbis
312 4400 378 4445 et
409 4387 665 4442 Ecclesia:
709 4387 1134 4441 Tarraconensis
1182 4386 1624 4456 promerendam.
1677 4385 1732 4438 Si

139 4480 394 4533 ltoutiuio
425 4487 481 4532 et
511 4477 632 4532 aliis
660 4477 940 4532 historicis
985 4477 1293 4536 credamus,
1330 4475 1381 4527 iu
1414 4474 1530 4541 ejus
1569 4489 1734 4542 expe-

136 4571 366 4624 ditionis
395 4569 586 4623 ducem
609 4569 814 4624 electus
845 4576 929 4622 est
953 4574 1175 4621 sanctus
1196 4565 1478 4619 Ladislaus
1510 4563 1729 4633 llunga-

139 4664 232 4714 ria:
281 4676 409 4726 rex,
440 4676 690 4730 eamque,
723 4661 801 4713 uti
854 4659 1028 4723 aiunt,
1067 4657 1405 4727 provinciam
1430 4653 1544 4723 jam
1584 4671 1733 4709 rece-

137 4765 320 4821 perat;
362 4769 430 4807 ac
461 4751 774 4806 domesticis
801 4750 1215 4812 lumultibus,ac
1239 4748 1405 4803 etiam
1439 4749 1556 4817 ipsa
1588 4762 1730 4800 mor-

141 4853 212 4906 te,
247 4861 356 4914 qua
391 4845 492 4897 hoc
525 4857 666 4896 anno
707 4842 923 4895 functus
973 4848 1077 4904 est,
1105 4855 1174 4893 ne
1233 4838 1284 4893 id
1334 4848 1732 4907 exsequeretur

142 4936 437 5007 impeditus
470 4935 590 4989 fuit.

209 5028 529 5088 Orationes,
562 5041 699 5094 quas
721 5039 783 5079 ea
816 5023 1104 5078 occasione
1134 5022 1323 5077 habuit
1367 5019 1634 5090 pontifex,
1663 5037 1731 5074 ex

145 5119 388 5189 antiquis
409 5117 748 5180 auctoribus,
779 5125 833 5170 et
861 5115 1136 5170 veteribus
1169 5113 1387 5168 schedis
1415 5112 1575 5166 edita:
1603 5120 1731 5164 sunt

147 5227 177 5264 a
203 5211 443 5265 Baronio
491 5208 622 5262 etin
652 5207 815 5261 variis
836 5205 1194 5261 conciliorum
1245 5203 1593 5259 editionibus.
1628 5201 1731 5256 Eas

150 5301 384 5357 retulere
412 5297 714 5354 Willelmus
757 5295 1280 5358 Malmeshurieusis,
1314 5293 1604 5348 0rdericus
1638 5291 1731 5344 Vi-

153 5392 294 5456 talis,
312 5393 580 5447 Bobertns
604 5389 789 5444 Sancti
813 5389 1112 5455 Remigiiet
1130 5386 1424 5442 Guibertus
1445 5384 1731 5454 Novigenti

156 5484 400 5546 abbates,
433 5481 738 5535 Willelmus
775 5479 1053 5548 Tyriensis
1077 5488 1131 5531 et
1159 5477 1247 5530 alii
1301 5486 1555 5530 auctores
1589 5476 1730 5529 anti-

155 5573 265 5638 qui,
303 5573 391 5642 qui
423 5575 544 5626 data
585 5587 748 5641 opera
773 5559 931 5641 hujus
956 5570 1407 5640 sequentiumque
1431 5569 1730 5637 expedit'o-

158 5678 280 5716 num
309 5679 586 5717 sacrarum
642 5662 926 5716 historiam
975 5659 1328 5729 scripserunt,
1386 5657 1544 5712 smtul
1602 5657 1731 5710 editi

155 5769 292 5810 auito
340 5756 490 5823 ltill,
549 5755 801 5812 llauoriae
833 5754 979 5825 typis
1027 5751 1389 5810 chhclianis
1430 5749 1530 5804 sub
1581 5749 1733 5806 titulo

1835 3310 1952 3348 rum
1975 3310 2042 3348 ex
2068 3293 2216 3348 omni
2247 3291 2462 3358 ordine,
2492 3301 2635 3346 statu
2689 3301 2745 3346 et
2795 3305 2965 3359 regno
3018 3289 3420 3344 multitudinem

1835 3399 2219 3454 congregasse,
2245 3384 2335 3453 qui
2390 3383 2457 3436 ad
2507 3382 2778 3438 difﬁcilem
2834 3382 2969 3436 adeo
3020 3380 3420 3450 expeditionem

1833 3487 2022 3546 sponte
2048 3488 2104 3531 et
2135 3476 2315 3530 animo
2339 3474 2503 3530 alacri
2538 3481 2919 3543 properarent;
2945 3473 3145 3540 quibus
3170 3487 3268 3540 pro
3318 3471 3412 3525 sti-

1834 3566 2031 3635 pendio
2053 3564 2165 3619 sola
2189 3563 2591 3632 proponebatur
2612 3569 2956 3631 peccatorum
2987 3559 3342 3629 indulgentia,
3368 3567 3423 3611 et

1836 3671 1934 3724 pro
1967 3654 2190 3724 prcemio
2219 3668 2341 3722 spes
2373 3652 2497 3706 vitae
2524 3663 2763 3706 asternax.
3142 3653 3144 3655 ’

1906 3747 2187 3801 llalzebant
2244 3755 2444 3808 autem,
2502 3754 2555 3798 ιιι
2595 3743 2710 3812 jam
2763 3742 3028 3807 diximus,
3071 3755 3170 3811 pro
3217 3750 3421 3796 tessera

1835 3840 1935 3893 has
1963 3854 2124 3893 voces
2169 3837 2281 3891 Dea
2322 3838 2370 3890 lo
2395 3835 2536 3900 wolt,
2575 3851 2674 3905 pro
2723 3835 2942 3889 militari
2973 3834 3128 3904 signo
3165 3847 3418 3896 crucem,

1836 3933 1992 4002 (‘ttjtts
2040 3931 2328 4001 imaginem
2380 3929 2481 3983 sibi
2534 3928 2586 3982 in
2635 3927 2876 3982 vestibus
2920 3943 3085 3996 super
3139 3927 3418 3997 scapulam

1837 4023 2114 4077 dexteram
2168 4020 2571 4090 imprimebaut.
2633 4017 2772 4072 llinc
2819 4019 3329 4086 crucesignatorum,
3371 4027 3421 4069 et

1838 4116 2191 4167 cruciatorum
2221 4114 2436 4166 nomina
2472 4110 2832 4164 inoleverunt.
2862 4108 3050 4164 Refert
3077 4108 3422 4164 Hermannus

1841 4209 1891 4263 in
1928 4207 2160 4262 llistoria
2197 4204 2384 4260 Sancti
2427 4203 2649 4258 Martini
2701 4201 3089 4264 Tornacensis,
3133 4200 3416 4256 Urbanum

1842 4298 1894 4351 iu
1939 4296 2172 4351 (‘Ollclllo
2219 4294 2646 4350 Claromontano
2687 4293 2971 4362 episcopos
3023 4290 3316 4354 monuisse,
3364 4300 3421 4343 ut

1839 4404 1959 4441 cum
2003 4387 2070 4439 ad
2120 4401 2248 4439 suas
2291 4384 2560 4438 dimceses
2609 4381 2812 4438 reversi
2858 4381 3120 4445 fuissent,
3165 4377 3418 4449 subjectis

1839 4479 1940 4533 sibi
1975 4477 2188 4546 populis
2217 4491 2315 4545 pro
2342 4483 2692 4544 peccatorum
2724 4473 3046 4529 remissione
3077 4471 3418 4540 iujungerent

1839 4569 1891 4622 iu
1948 4566 2282 4638 pmnitentize
2339 4564 2518 4618 locum
2585 4577 2780 4619 nomen
2843 4563 2931 4617 his
2984 4561 3416 4630 expeditionibus

1835 4660 1983 4712 dare.
2017 4657 2154 4710 lline
2182 4655 2236 4710 in
2269 4667 2480 4708 canone
2502 4652 2540 4706 2
2565 4651 2794 4722 vulgata:
2828 4650 3083 4705 editionis
3111 4648 3328 4718 legitur,
3361 4655 3417 4700 ut

1832 4750 1922 4820 qui
1968 4749 2032 4801 ad
2073 4747 2406 4801 liberandam
2441 4745 2536 4800 Dei
2574 4743 2868 4799 Ecclesiam
2903 4739 3204 4796 Jerusalem
3241 4738 3416 4808 profe-

1832 4853 1952 4897 ctus
1991 4841 2175 4907 fuerit,
2217 4840 2320 4892 iter
2348 4837 2479 4891 illud
2512 4851 2608 4904 pro
2653 4834 2801 4890 omni
2841 4831 3158 4902 poenitentia
3205 4837 3418 4898 repute-

1841 4944 1948 4988 tur.
1991 4929 2272 4986 Consentit
2321 4925 2634 4990 0rdericus,
2673 4923 2826 4992 cujus
2870 4922 3032 4976 verba
3079 4922 3185 4975 huc
3214 4919 3424 4974 referre

1838 5041 1945 5079 non
1979 5021 2266 5092 gravabor.
2299 5038 2316 5070 ι
2349 5017 2630 5076 Providus.
2657 5015 2846 5085 inquit,
2894 5028 3026 5082 papa
3068 5026 3282 5073 omnes,
3327 5009 3420 5078 qui

1836 5127 2073 5182 congrue
2123 5125 2275 5164 arma
2325 5107 2467 5162 ferre
2518 5113 2800 5176 poterant,
2856 5101 2922 5155 ad
2977 5100 3173 5155 bellum
3223 5109 3421 5153 contra

1838 5203 2088 5257 inimicos
2134 5202 2227 5255 Dei
2257 5200 2488 5263 excivit;
2522 5205 2576 5251 et
2611 5195 2938 5266 pmttitentes
2969 5201 3192 5248 cunctos
3234 5207 3300 5245 ex
3331 5189 3420 5243 illa

1838 5298 1996 5358 hora,
2027 5311 2132 5364 qua
2171 5308 2389 5348 crucem
2421 5289 2628 5345 Domini
2660 5296 2958 5352 sumerent,
2987 5299 3054 5339 ex
3090 5282 3421 5338 auctoritate

1838 5385 1933 5439 Dei
1963 5386 2029 5439 ab
2057 5383 2312 5438 omnibus
2344 5378 2584 5449 peccatis
2627 5377 2744 5431 suis
2772 5374 3039 5440 absolvit;
3069 5384 3124 5427 et
3163 5373 3229 5426 ab
3265 5371 3416 5426 omni

1838 5478 2130 5548 gravedine
2153 5489 2272 5544 qua:
2297 5472 2356 5526 ﬁt
2380 5469 2672 5539 injejuniis
2706 5469 2936 5538 aliisque
2963 5465 3422 5522 macerationibus

1840 5567 2018 5622 carnis
2043 5566 2129 5634 pie
2160 5562 2443 5626 relaxavit,
2481 5581 2498 5612 ι
2528 5571 2635 5613 etc.
2666 5559 2818 5614 Alius
2850 5559 3068 5628 insuper
3098 5556 3150 5610 in
3181 5554 3419 5611 crueesi-

1839 5667 2125 5728 gnatorum
2168 5654 2400 5724 gratiam
2447 5667 2621 5706 canon
2651 5651 2901 5708 conditus
2945 5648 3146 5718 passim
3191 5645 3415 5715 legitur.

1841 5757 1896 5802 ut
1951 5745 2160 5801 scilicet
2205 5743 2384 5797 omnia
2430 5757 2620 5798 eorum
2674 5743 2814 5797 bona
2855 5753 3071 5809 semper
3114 5746 3165 5790 et
3216 5735 3416 5803 ubique
