3892 6320
546 306 650 362 185

1861 299 1918 353 Β.
1958 299 2119 354 [ΠΒ]

2247 297 2286 352 ΙΙ
2325 298 2523 354 ΡᾹΡΛΕ
3655 310 3728 362 liii

549 422 697 477 salva
739 428 947 482 essent,
979 419 1178 488 reiecta
1205 419 1398 490 quavis
1441 419 1668 474 rationis
1706 418 1906 488 specie,
1952 430 2119 484 usque

2299 435 2599 493 CCXXV".
2644 437 2847 494 Urbani
2884 440 3149 514 apologia
3179 442 3231 496 in
3257 442 3339 496 Itis
3383 445 3730 514 expeditionibm

548 511 616 566 ad
645 525 832 565 eorum
864 508 1115 566 reditum.
1161 507 1290 576 Qua:
1321 508 1535 578 quidem
1573 509 1677 562 duo
1703 505 1979 576 privilegia
2032 503 2122 557 alii

545 602 834 673 pontiﬁces
865 599 1321 668 subsequentibus
1353 599 1688 666 temporibus
1724 597 1791 651 iis
1821 596 1936 664 qui,
1974 592 2126 647 simi-

545 690 695 745 libus
723 689 1155 758 expeditionibus
1179 705 1372 744 nomen
1404 689 1616 750 darent,
1643 687 2124 746 conﬁrmaverunt,

545 790 604 835 et
630 781 684 835 id
713 779 910 835 Urbani
936 779 1206 848 exemplo,
1233 789 1292 832 ut
1323 777 1525 834 diserte
1549 779 1779 832 habetur
1809 777 1858 828 in
1892 775 2125 830 concilio

541 868 923 936 Lateranensi,
972 869 1116 939 quod
1166 885 1310 924 anno
1354 868 1489 922 H92
1533 869 1631 923 sub
1671 868 1884 923 Calixto
1915 865 1957 919 ll
1991 863 2126 920 cele.

539 959 754 1013 bratum
789 967 893 1013 est.

616 1051 736 1104 Vidi
781 1051 835 1104 in
868 1051 990 1105 cod.
1028 1051 1329 1120 Bigotiano.
1381 1066 1524 1104 nunc
1561 1049 1720 1119 regia:
1755 1045 2122 1110 Bibliotbeete,

542 1139 828 1210 epistolam
870 1139 1149 1195 Paschalis
1184 1140 1224 1192 lt
1261 1141 1328 1194 ad
1357 1139 1814 1209 archiepiscopos,
1846 1136 2126 1205 episcopos

544 1244 598 1289 et
627 1234 854 1288 abbates
881 1232 1088 1300 Gallim,
1128 1251 1232 1304 qua
1273 1236 1514 1304 pontifex
1559 1245 1680 1306 post
1726 1243 1940 1304 captam
1970 1233 2124 1287 .lero-

543 1327 808 1395 solymam
862 1324 1018 1392 jubet
1073 1328 1372 1394 fratribus,
1437 1329 1525 1392 qui
1589 1337 1702 1397 post
1771 1336 2122 1396 perpetratum

543 1416 793 1469 divinitus
831 1416 1097 1469 victoriam
1132 1426 1476 1482 revertuntur,
1524 1434 1620 1471 sua
1651 1418 1827 1471 omnia
1874 1417 2124 1481 restitui;

541 1506 675 1558 sicut
730 1508 892 1559 beata:
944 1509 1207 1560 memoria:
1267 1506 1480 1560 Urbano
1535 1506 1778 1577 synodali
1821 1507 2128 1574 deﬁnitione

541 1596 802 1648 sancitum
829 1597 1022 1665 fuerat.
1066 1596 1143 1651 Ne
1185 1613 1310 1652 vero
1361 1597 1525 1650 animi
1574 1597 1792 1651 levitate
1823 1608 1916 1650 aut
1947 1593 2126 1663 cujus-

546 1701 758 1754 cunque
788 1703 966 1741 causte
994 1687 1241 1750 obtentu,
1289 1687 1485 1740 milites
1514 1689 1603 1756 qui
1637 1704 1854 1742 crucem
1903 1701 2126 1756 accepe-

2801 510 3216 580 promulgandis.

2300 595 2397 651 llic
2423 613 2550 652 vero
2579 598 2733 654 locus
2760 610 2906 654 esset
2934 600 3211 656 Urbanum
3245 603 3423 657 tuendi
3454 619 3481 656 a
3510 607 3733 661 nomndlo-

2226 693 2344 740 rum
2386 687 2664 752 conviciis,
2708 691 2796 758 qui
2829 690 2878 744 ei
2911 691 3180 746 immerito
3209 695 3599 761 exprobraruut,
3631 700 3734 764 quul

2229 773 2370 829 hanc
2399 776 2822 846 expeditionem,
2866 788 2960 831 aut
2996 779 3193 849 injuste
3224 783 3477 835 adversus
3498 795 3674 853 gentes,
3697 788 3734 838 iu

2227 877 2393 932 quas,
2438 865 2514 920 uti
2572 867 2752 931 aiunt,
2804 868 3006 922 nullum
3062 869 3154 937 jus
3205 870 3463 934 habebat,
3505 884 3585 926 aul
3629 887 3738 927 certe

2231 961 2439 1009 temere
2486 955 2767 1022 edixisset,
2808 973 2928 1027 quae
2977 959 3250 1029 principes
3283 968 3338 1013 et
3386 960 3591 1028 populos
3623 961 3738 1015 Ciui-

2227 1045 2436 1100 stianos
2461 1046 2513 1100 iu
2551 1056 2658 1100 tam
2689 1047 2874 1102 arduis
2906 1059 2960 1104 et
2990 1050 3310 1120 periculosis
3335 1050 3487 1104 bellis
3514 1051 3738 1120 itttplit‘uil.

2227 1134 2294 1188 At
2347 1144 2635 1206 utramque
2683 1137 3120 1192 criminationem
3183 1139 3252 1193 ab
3312 1139 3524 1194 Urbano
3579 1143 3740 1194 amoliri

2229 1223 2388 1278 facile
2439 1236 2567 1279 est:
2610 1241 2732 1280 cum
2788 1227 2877 1281 illa
2931 1227 3066 1282 bella
3112 1237 3166 1282 et
3206 1226 3360 1294 justa
3405 1237 3459 1283 et
3504 1245 3623 1298 prtte
3657 1233 3743 1284 orbi

2227 1313 2542 1370 Christiano
2591 1319 2900 1371 necessaria
2936 1317 3102 1373 fuisse
3141 1318 3289 1372 nullo
3327 1319 3534 1387 negotio
3571 1321 3742 1372 demou-

2227 1405 2388 1458 strari
2439 1406 2632 1474 possit.
2675 1405 2813 1472 Quid
2859 1407 3002 1461 enim
3061 1407 3268 1475 sequutus
3341 1407 3557 1476 cogitari
3597 1418 3744 1476 polcsl,

2228 1513 2391 1566 qttam
2439 1508 2497 1551 ut
2551 1509 2706 1567 pater
2743 1499 3050 1553 communis
3100 1499 3344 1553 omnium
3387 1499 3607 1552 ﬁdelium
3645 1500 3746 1552 vires

2227 1587 2661 1642 Christianorum
2708 1590 2759 1642 in
2799 1605 2966 1643 unum
3009 1589 3291 1660 recolligat
3337 1589 3404 1642 ad
3448 1591 3747 1642 retundendus

2229 1678 2532 1732 communis
2580 1679 2753 1733 hostis
2783 1679 3160 1734 insolesceutis
3206 1681 3474 1750 impetus,
3527 1679 3607 1746 qui
3655 1679 3748 1731 nihil

542 1786 684 1840 rant,
714 1779 891 1832 medio
926 1779 976 1831 in
1012 1779 1203 1832 itinere
1235 1787 1381 1832 retro
1408 1780 1748 1847 aspicientes,
1782 1780 1850 1832 ab
1876 1779 2123 1834 exercicu
2156 1785 2201 1844 Β
2233 1783 2340 1823 ιιοη
2387 1769 2649 1824 adversus
2677 1785 2771 1824 00$
2812 1770 3257 1832 ιηεὶοιιίιιεὺίὶιυτῖ
3306 1769 3437 1838 (ιιιῖά
3475 1783 3593 1822 ἰ’θτο
3623 1770 3750 1836 masis

542 1869 898 1932 recederent,
957 1866 1233 1932 Urbanus,
1292 1869 1468 1938 inquit
1525 1870 1846 1933 Ordericus,
1906 1869 1998 1924 lib.
2060 1887 2126 1934 Χ,

539 1960 770 2028 generali
787 1969 1032 2012 sanxerat
1057 1959 1388 2020 auctoritate,
1417 1969 1463 2012 et
1485 1976 1584 2028 apo
1616 1958 1770 2012 tolico
1783 1960 1940 2029 jussu
1963 1960 2129 2012 invio-

537 2050 766 2104 labiliter
797 2051 961 2103 teneri
1000 2059 1235 2117 coegerat
1267 2049 1323 2102 in
1359 2051 1500 2102 οηιηὶ
1537 2049 1856 2113 Latinitate,
1899 2059 1955 2101 ut
2004 2051 2126 2102 uni-

535 2143 666 2194 uersi
690 2141 777 2210 qui
802 2139 994 2193 Christi
1020 2156 1223 2192 crucem
1245 2150 1573 2208 acceperunt,
1606 2157 1696 2193 nec
1721 2141 1816 2192 iter
1837 2141 1889 2192 in
1906 2139 2125 2193 Jerusa-

543 2233 644 2286 lem
683 2248 776 2300 pro
819 2231 1106 2316 defectione
1135 2230 1418 2283 voluntatis
1450 2242 1773 2300 peregerunt,
1820 2232 1871 2283 in
1920 2233 2127 2284 nomine

541 2321 756 2373 Domini
807 2320 1126 2388 reciprocum
1171 2319 1355 2373 callent
1393 2320 1610 2384 inirent,
1650 2331 1741 2373 aut
1798 2321 2128 2374 anathemate

538 2409 774 2479 percussi
815 2419 963 2463 extra
1004 2410 1292 2464 Ecclesium
1333 2429 1509 2482 pwnas
1545 2412 1764 2465 luerent.
1814 2413 1879 2466 Et
1909 2414 2124 2481 quidem

543 2503 858 2579 Stephanus
885 2501 1156 2556 Blescnsis
1198 2518 1404 2562 comes,
1436 2512 1494 2556 ut
1523 2518 1712 2557 omnes
1746 2514 1970 2567 norunt,
1999 2520 2123 2558 cum

537 2593 722 2645 nescio
743 2607 853 2661 quo
879 2608 1078 2661 pavore
1097 2595 1418 2662 perterritus
1448 2594 1744 2648 exercitum
1770 2593 2120 2657 deseruisset,

539 2692 732 2752 partes
785 2685 849 2736 ad
887 2685 1288 2754 expeditionem
1335 2685 1509 2740 redire
1553 2687 1863 2756 compulsus
1907 2693 2022 2757 ρει,
2072 2689 2124 2742 in

542 2788 649 2840 qua
679 2771 817 2826 obiit
843 2789 986 2826 anno
1015 2774 1172 2827 “01.

615 2862 822 2918 Ferunt
857 2865 1020 2919 etiam
1057 2866 1157 2920 hac
1197 2867 1309 2936 ipsa
1357 2883 1527 2922 sacrae
1568 2870 1931 2939 expeditionis
1969 2885 2123 2926 occa-

539 2956 693 3012 sione
723 2972 914 3026 preces
946 2959 1194 3012 horarias
1222 2960 1389 3013 beata:
1421 2959 1624 3024 Maria},
1659 2977 1778 3031 quae
1802 2961 1915 3030 jam
1963 2973 2124 3017 antea

540 3061 571 3098 a
598 3047 755 3101 Petro
780 3047 1045 3101 Damiano
1067 3047 1117 3100 in
1141 3048 1253 3102 suis
1278 3050 1808 3104 monasteriis'erant
1837 3051 2124 3120 institutae,

2232 1861 2600 1914 necessarium
2658 1862 2726 1914 ad
2772 1859 3096 1916 Christianae
3154 1859 3466 1928 reipublicae
3523 1867 3752 1918 tttlatncn,

2233 1965 2396 2018 quam
2425 1959 2484 2002 ut
2511 1951 2679 2004 armis
2705 1967 2855 2004 arma
2893 1965 3080 2005 eorum
3114 1951 3466 2022 repellantur,
3495 1950 3577 2020 qui
3600 1948 3751 2017 pleras-

2231 2054 2337 2107 que
2401 2039 2836 2094 Lhristianorum
2900 2041 3208 2109 provincias
3250 2041 3366 2109 jam
3427 2041 3750 2094 devastaraut.

2231 2129 2353 2185 aliis
2381 2129 2762 2196 imminebant,
2795 2133 3050 2186 omnibus
3081 2147 3210 2185 vero
3243 2129 3589 2184 iuiensissimi
3618 2140 3750 2181 crant.

2227 2222 2392 2292 Atqui
2452 2221 2612 2277 talem
2672 2231 2798 2278 tunc
2851 2224 3000 2277 orbis
3046 2223 3340 2278 Christiani
3407 2233 3594 2277 statum
3636 2221 3755 2272 fuisse

2234 2326 2395 2367 nemo
2431 2315 2628 2382 estqui
2673 2316 2818 2368 ausit
2850 2315 3102 2376 inﬁciari,
3131 2316 3174 2368 si
3215 2316 3299 2369 vel
3345 2315 3532 2368 leviter
3571 2313 3754 2367 delibare

2228 2404 2459 2459 voluerit
2506 2406 2762 2460 historias
2802 2407 3010 2461 illorum
3080 2417 3406 2475 temporum.
3462 2404 3587 2458 Nam
3629 2414 3675 2456 ut
3711 2405 3755 2453 de

2229 2500 2542 2571 Hispaniis,
2595 2501 2795 2557 Siciliae
2852 2512 2907 2557 et
2962 2502 3126 2556 ltali.e
3195 2502 3511 2572 regionibus
3559 2510 3755 2556 taceam.

2231 2601 2399 2646 totum
2439 2593 2609 2648 ferme
2657 2593 2956 2657 Orientem,
2995 2595 3045 2648 in
3086 2609 3246 2663 quem
3293 2594 3563 2666 praecipue
3606 2591 3755 2644 indicti

2230 2683 2318 2736 illa
2368 2685 2646 2752 expeditio
2691 2685 2814 2750 fuit,
2861 2685 3227 2739 Mahumctani
3281 2687 3628 2756 occupabant.
3673 2681 3752 2734 Non

2229 2775 2374 2828 enim
2399 2774 2512 2828 sola
2546 2773 3009 2846 Jerosolymorum
3036 2777 3232 2830 civitas
3261 2786 3476 2842 sancta,
3504 2784 3588 2827 aut
3617 2772 3753 2832 Nirea.

2229 2865 2539 2929 Antiochia,
2570 2865 2796 2936 aliaeque
2843 2867 3095 2920 civitates
3127 2865 3502 2920 cclcberrinne
3531 2874 3579 2917 et
3606 2862 3753 2916 vastis-

2229 2955 2380 3009 sima:
2430 2955 2680 3025 regiones
2738 2955 2802 3010 iis
2853 2954 3078 3008 urbibus
3129 2954 3429 3008 viciniorcs
3471 2953 3565 3006 sub
3615 2963 3754 3004 conm.

2233 3047 2515 3117 tyrannico
2550 3047 2679 3116 jugo
2707 3046 3026 3116 gemebant;
3067 3048 3160 3100 sed
3205 3057 3259 3100 et
3290 3047 3475 3100 multa:
3505 3046 3649 3097 etiam
3673 3041 3755 3093 alia

539 3154 571 3192 a
602 3137 816 3192 clericis
850 3137 956 3192 into
986 3148 1040 3193 et
1081 3139 1148 3195 ab
1183 3139 1313 3210 ipsis
1346 3140 1497 3194 laicis
1522 3157 1590 3194 ex
1629 3140 1829 3197 Urbani
1865 3145 2119 3212 pra‘scri-
2149 3129 2194 3191 C
2228 3137 2438 3208 imperii
2464 3137 3047 3208 Constantinopolimni
3072 3137 3373 3206 provincia:
3392 3139 3459 3192 ab
3485 3137 3545 3189 iis
3568 3130 3758 3188 barbaris

537 3239 632 3300 plo
663 3230 1002 3301 frequentari
1045 3233 1310 3303 cmpisse;
1355 3243 1413 3287 ut
1455 3248 1519 3288 eo
1561 3243 1739 3304 pacto,
1770 3234 1862 3304 qui
1904 3236 2124 3303 expedi-

540 3322 670 3376 tioni
732 3323 1090 3392 suscipiendae
1155 3324 1423 3380 inhabiles
1486 3335 1710 3390 essent,
1777 3327 1861 3380 his
1925 3326 2122 3380 saltem

540 3413 791 3481 precibus
850 3413 1049 3468 milites
1107 3415 1464 3483 adjuvarent,
1525 3416 1605 3468 eis
1670 3425 1832 3469 tanta:
1885 3416 2122 3486 Virginis

535 3505 895 3574 patrocinium
928 3505 1312 3574 promerendo.
1366 3506 1528 3560 Addit
1557 3505 1814 3562 Gol'ridus
1847 3506 2123 3562 Vosiensis

537 3596 689 3663 prior
743 3594 998 3650 Cbronici
1055 3611 1175 3665 cap.
1231 3596 1297 3650 27
1357 3595 1599 3665 ejusdem
1647 3599 1822 3653 beata:
1885 3598 2122 3668 Virginis

536 3684 795 3748 ollicium,
839 3685 982 3753 quod
1037 3685 1301 3754 hodieque
1336 3687 1578 3742 Sabbato
1622 3688 1886 3758 celebrari
1948 3689 2118 3753 solet,

535 3775 728 3828 eadem
758 3775 1045 3829 occasione
1069 3776 1235 3830 fuisse
1267 3777 1595 3831 institutum.
1626 3779 1767 3845 Quin
1800 3789 1854 3834 et
1877 3781 2118 3835 nonnulli

535 3875 784 3919 sanctum
811 3865 1144 3920 Antoninum
1179 3867 1422 3930 laudant,
1447 3869 1772 3924 referentem
1795 3872 1898 3924 hoc
1927 3888 1956 3924 a
1983 3887 2118 3940 pon-

539 3956 688 4010 tiﬁce
733 3956 786 4010 in
841 3957 1075 4013 concilio
1125 3967 1389 4012 statutum
1430 3957 1620 4022 fuisse,
1668 3961 1816 4013 utab
1865 3961 1981 4028 ipso
2032 3962 2120 4018 die

538 4063 648 4118 quo
687 4048 963 4103 exercitus
1012 4058 1156 4104 esset
1200 4049 1542 4119 proiecturus
1600 4051 1652 4105 in
1691 4052 2117 4119 expeditionem,

535 4155 764 4208 vespere
793 4149 850 4195 et
877 4156 1034 4194 tuane
1070 4141 1122 4194 in
1155 4142 1406 4195 omnibus
1433 4141 1679 4196 ecclesiis
1709 4142 2118 4199 cathedralibus

534 4237 590 4282 et
619 4230 966 4284 monasteriis
989 4231 1200 4300 signum
1227 4232 1370 4286 trino
1397 4247 1674 4300 campanae
1695 4234 1850 4302 pulsu
1871 4235 2115 4300 daretur,

536 4338 645 4394 quo
671 4324 1044 4377 excitarentur
1078 4325 1256 4394 populi
1304 4326 1370 4378 ad
1401 4325 1678 4379 orationes
1708 4342 1804 4395 pro
1838 4327 1978 4381 felici
2017 4343 2103 4382 cx-

533 4416 825 4485 pcditionis
855 4430 1110 4469 successu
1159 4416 1478 4470 fundendus.
1513 4416 1665 4482 Quod
1707 4417 1926 4488 quidem
1960 4419 2116 4474 insti-

2226 3231 2588 3296 vexabantur,
2639 3246 2866 3300 quarunt
2898 3231 3186 3299 plerasque
3226 3245 3328 3284 suo
3347 3225 3755 3298 jam‘sulijugavc-

2227 3333 2348 3376 rant
2372 3324 2634 3392 imperio;
2665 3324 2800 3378 adeo
2829 3333 2885 3376 ut
2915 3323 2981 3375 ad
3011 3339 3193 3376 muros
3218 3339 3394 3393 usque
3420 3318 3752 3377 Constantino-

2225 3415 2480 3484 politante
2515 3417 2676 3483 regite
2709 3415 2859 3470 urbis
2889 3415 3068 3468 omnia
3115 3414 3594 3483 depopularentur.
3630 3406 3756 3460 Urba-

2230 3522 2350 3569 nus,
2385 3507 2561 3576 inquit
2607 3507 2774 3560 Fulco
2797 3522 3003 3570 comes,
3039 3507 3090 3560 in
3131 3522 3272 3575 saepe
3306 3506 3527 3559 laudato
3559 3500 3754 3556 Historia:

2223 3594 2552 3666 fragmento,
2599 3598 2870 3650 admonuit
2915 3608 3114 3666 gentem
3145 3607 3378 3650 nostram
3408 3608 3459 3649 ut
3487 3597 3606 3648 irent
3637 3592 3750 3646 λετυ-

2223 3686 2409 3753 salem,
2440 3689 2793 3758 expugnaturi
2839 3687 3082 3756 gentilem
3111 3688 3387 3757 populum,
3419 3688 3506 3757 qui
3549 3683 3752 3738 ciritatem

2221 3778 2370 3832 illam
2398 3789 2446 3833 et
2484 3789 2650 3833 totam
2683 3789 2875 3832 terram
2903 3776 3330 3833 Christianorum
3361 3795 3518 3850 usque
3547 3775 3757 3830 Comicu-

2221 3870 2493 3940 tinopolim
2517 3880 2880 3940 occupaverat.

2293 3962 2431 4028 Quid
2467 3963 2629 4033 igitur
2674 3963 2872 4016 mirmn
2912 3958 3003 4017 est
3039 3963 3084 4017 si
3125 3970 3276 4018 lanto
3321 3973 3540 4035 tamque
3582 3954 3750 4030 urgenti

2219 4054 2543 4108 Christiana:
2596 4053 2906 4124 reipublicae
2951 4054 3190 4124 periculo
3240 4057 3531 4111 subvenire
3574 4057 3754 4106 conatus

2219 4143 2385 4196 fuerit
2431 4143 2736 4197 communis
2786 4142 3225 4198 Christianorum
3280 4155 3438 4214 pater
3486 4153 3538 4198 et
3591 4146 3753 4210 pastor.

2219 4233 2453 4288 maxime
2490 4248 2614 4288 cum
2645 4235 2711 4287 ab
2755 4249 2821 4287 eo
2870 4237 2985 4302 ipse
3032 4234 3353 4304 imperator,
3413 4243 3467 4289 et
3513 4226 3755 4285 orientales

2221 4322 2478 4378 Ecclesia:
2523 4339 2588 4377 ac
2631 4322 2837 4393 populi,
2891 4323 3148 4376 auxilium
3194 4325 3442 4394 repetitis
3481 4315 3753 4390 frequentis-

2219 4414 2357 4468 sime
2385 4415 2639 4485 precibus
2662 4431 2758 4485 per
2806 4415 3016 4470 litteras
3065 4425 3123 4470 et
3160 4417 3369 4487 legatos
3398 4415 3751 4485 etllagitassenl.

537 4518 710 4560 tutum
767 4508 905 4561 mori
959 4509 1236 4580 pulsanda:
1289 4511 1631 4565 salutationis
1676 4512 1934 4582 angelica:
1959 4553 1974 4578 ,
2022 4514 2114 4582 qui
2149 4477 2196 4532 D
2221 4503 2273 4557 Id
2299 4518 2483 4557 verum
2525 4519 2645 4558 esse
2679 4520 2783 4557 non
2809 4504 2983 4558 solum
3015 4505 3247 4572 probant
3275 4505 3411 4560 Acta
3445 4501 3752 4559 conciliorum

534 4600 878 4668 postmodum
923 4601 1061 4670 apud
1091 4615 1279 4656 omnes
1312 4601 1566 4667 invaluit,
1597 4605 1939 4658 occasionem
1970 4620 2110 4674 prte-

531 4689 660 4743 bere
691 4691 881 4757 potuit.

602 4778 807 4833 Praeter
850 4780 965 4834 lucc
999 4779 1270 4835 Rohertus
1297 4781 1362 4835 de
1399 4781 1576 4838 Monte
1617 4784 1669 4837 itt
1707 4785 2113 4841 accessionibus

533 4867 601 4917 ad
627 4867 991 4935 Sigebertum,
1021 4885 1158 4938 quas
1198 4880 1385 4925 noster
1421 4873 1686 4925 Acherius
1713 4884 1835 4942 post
1865 4874 2110 4930 Guihcrti

531 4970 697 5022 opera
745 4959 929 5022 edidit,
988 4959 1265 5012 decretum
1324 4961 1490 5015 fuisse
1545 4962 1736 5016 scribit
1790 4965 1843 5016 in
1889 4967 2110 5020 concilio

528 5047 840 5101 Arvernensi
874 5051 1172 5105 authentico
1203 5061 1249 5103 et
1281 5054 1718 5117 nominutissimo,
1768 5065 1822 5107 ut
1857 5073 2109 5124 gua'cun-

527 5153 626 5206 que
684 5138 868 5191 civitas
931 5146 1064 5193 mari
1115 5159 1304 5211 magno
1359 5144 1624 5208 transito,
1686 5163 1718 5198 a
1783 5164 2109 5216 paganorum

525 5240 696 5297 posset
718 5230 1056 5300 excutijugo,
1089 5235 1200 5286 sine
1224 5233 1333 5286 ulla
1358 5236 1772 5292 contradictione
1792 5238 1888 5290 sub
1911 5252 2108 5294 sanctta

530 5315 829 5370 Jerusalem
857 5320 1084 5372 dominio
1119 5321 1193 5374 rel
1222 5321 1415 5375 ditione
1437 5326 1733 5392 perenniter
1762 5327 2102 5382 obtineretur.

530 5405 684 5474 Quod
737 5409 902 5461 etiam
960 5410 1123 5478 paulo
1185 5421 1306 5480 post
1357 5414 1410 5466 in
1485 5414 1719 5468 concilio
1769 5417 2108 5474 Antiocheno

527 5498 906 5555 confirmatum
943 5503 1010 5556 ab
1039 5503 1292 5558 erunibus
1317 5503 1480 5561 fuisse
1506 5515 1755 5561 testatur.

2217 4593 2515 4647 Placentini
2545 4603 2600 4648 et
2644 4593 3076 4660 Claromontani,
3111 4597 3204 4650 sed
3236 4597 3337 4664 ipsi
3371 4597 3534 4650 etiam
3562 4586 3753 4660 :equales

2219 4694 2469 4737 auctores
2498 4684 2802 4750 Bertoldus,
2835 4685 3130 4740 Guibertus
3159 4695 3214 4741 et
3245 4687 3334 4740 alii
3379 4686 3573 4756 passitn
3604 4676 3754 4734 testiﬁ-

2218 4785 2432 4829 cantur.
2483 4775 2552 4830 Et
2598 4777 2814 4846 quidem
2874 4777 3151 4833 Urbanum
3205 4779 3272 4833 de
3310 4779 3550 4834 Ecclesia
3589 4771 3753 4842 optime

2218 4865 2321 4919 hac
2365 4865 2654 4921 occasione
2714 4867 2965 4922 meritum
3015 4868 3220 4934 fuisse,
3275 4887 3381 4923 una
3428 4881 3630 4937 semper
3672 4855 3752 4912 Ῐιιῖι

2215 4955 2456 5010 omnium
2511 4959 2812 5024 sententia,
2883 4960 3024 5029 quod
3079 4960 3293 5027 publice
3351 4971 3599 5016 testatum
3647 4947 3748 5006 fecit

2215 5053 2370 5098 vetus
2421 5046 2701 5115 inscriptio
2743 5047 2912 5118 juxta.
2944 5057 3192 5103 sanctum
3241 5049 3464 5104 Petrum
3510 5049 3559 5102 in
3590 5038 3750 5114 palmo

2214 5137 2511 5204 apostolico
2550 5138 2814 5207 insculpta
2843 5140 2925 5194 his
2957 5141 3136 5195 verbis
3162 5160 3176 5195 :

2243 5226 2494 5282 Unetuus
2529 5229 2568 5282 ll
2596 5273 2611 5296 ,
2661 5245 2876 5286 sccron
2934 5247 3308 5288 sxrsotsmsts
3369 5251 3418 5288 1N
3462 5239 3716 5287 INFIDELES~

2212 5361 2488 5439 CCXXVII
2529 5365 2623 5439 b.'_s.
2657 5364 2981 5439 Claromonti
3023 5367 3265 5439 Urbanus
3303 5369 3742 5439 pririlegiyucla.

2282 5433 2513 5509 ecclesiis
2551 5436 2769 5509 datus.
2797 5437 3064 5509 Dionysio
3116 5433 3739 5509 Navigentino.‘Multam"-

2288 5502 2521 5570 Epistola
2547 5506 2615 5558 ad
2655 5502 3199 5577 Gratiatwpolitanos.
3241 5502 3372 5562 Ᾰειιι
3407 5519 3578 5563 contra
3607 5502 3739 5552 Aniu-

2284 5588 2488 5627 71613868.

2274 5663 2467 5716 'Soluta
2494 5674 2577 5719 est
2614 5665 3036 5724 Claromontana
3073 5672 3312 5740 synodus
3335 5671 3418 5725 die
3444 5685 3492 5722 tv
3513 5663 3737 5720 Kalenda-

2211 5771 2326 5809 rum
2378 5755 2706 5826 Decembris,
2757 5777 2882 5831 quo,
2924 5764 3002 5819 uti
3044 5779 3208 5836 supra
3258 5759 3643 5820 observavimus
3680 5762 3732 5802 ex
