3892 6320
139 351 257 405 185

1668 341 1704 393 γ
1714 341 1728 393 l
1737 341 1818 393 ΤΛ
1833 379 1847 394 .

3303 335 3404 390 I86

135 465 336 518 (antire
361 461 654 520 Lamberti,
683 461 1025 530 privilegium
1061 458 1436 513 Att'cbatettsis
1461 456 1723 510 Ecclesia:
1753 463 1796 515 Α
1827 451 2196 508 Cluniacensis
2230 450 2436 504 ordinis
2463 448 2678 502 ccleore
2721 447 3111 502 monasterium
3137 446 3404 511 substitit,

135 573 333 608 coram
359 555 614 608 omnibus
649 552 938 606 recitatum
991 561 1154 620 atque
1186 555 1562 604 conlirmatmu
1604 547 1721 599 fuit.

135 644 438 714 Complura
482 643 587 696 alia
633 640 911 711 privilegia
955 641 1222 695 concessit
1254 639 1505 694 Urbanus
1535 638 1726 692 diebus

137 736 502 804 sequentibus
553 734 694 801 apud
743 732 1228 794 Clarummoutem,
1281 732 1370 785 ubi
1430 745 1599 796 usque
1661 727 1728 781 ad

137 828 356 880 mensis
379 825 688 879 Decembris
717 824 928 876 initium
957 824 1218 877 substitit.
1246 821 1342 877 Die
1372 836 1430 875 ut
1455 819 1728 874 Kalenda-

142 935 272 971 rum
323 917 700 970 Decembrium
745 916 1092 970 continuavit
1131 913 1577 970 Cluoiacensibus
1615 929 1728 966 mo.

137 1009 453 1062 nasterium
513 1008 702 1063 Sancti
766 1008 1004 1078 Dionysii
1059 1010 1123 1061 de
1178 997 1514 1076 Novigento,
1577 1004 1730 1072 cujus

136 1101 525 1168 possessiones
569 1101 620 1152 in
651 1099 815 1152 variis
864 1099 1191 1154 dioecesibus
1236 1100 1372 1153 sitas
1416 1098 1729 1168 singillatim

140 1198 419 1242 recenset.
461 1189 658 1242 Eadem
691 1190 775 1242 die
818 1187 1156 1242 Molismcuse
1198 1187 1612 1249 monasterium,
1642 1183 1728 1238 cui

146 1292 285 1334 tunc
308 1289 532 1334 sanctus
560 1280 829 1334 Rohertns
856 1291 1107 1350 praterat,
1138 1280 1236 1333 sub
1259 1278 1566 1348 apostolicm
1590 1276 1742 1330 sedis-

144 1371 318 1424 tntela
353 1373 615 1441 suscepit,
656 1372 803 1424 Salvo
835 1371 1195 1438 Lingonensis
1237 1369 1477 1438 episcopi
1528 1367 1732 1421 dimcc-

145 1462 263 1514 sani
288 1460 434 1526 jure,
469 1463 534 1514 ad
573 1462 725 1529 cujus
762 1462 1078 1529 petitionem
1111 1460 1349 1529 pontifex
1387 1460 1485 1512 hoc
1516 1455 1735 1526 privile-

145 1553 298 1620 gium
335 1554 624 1607 concessit.
663 1553 893 1620 Scripsit
935 1568 1152 1621 quoque
1198 1553 1301 1606 hac
1349 1551 1462 1620 ipsa
1505 1550 1590 1602 die
1623 1547 1737 1617 epi-

147 1643 351 1696 stolam
393 1645 460 1696 ad
503 1643 799 1713 Guigonem
831 1645 1107 1706 comitem,
1140 1645 1340 1697 clerum
1377 1653 1433 1696 ct
1480 1639 1734 1710 populum

150 1735 576 1803 Gratianopolis,
609 1751 712 1804 qua
742 1753 854 1798 cos,
890 1739 963 1789 uti
1007 1729 1288 1807 diximus§
1317 1736 1441 1799 916,
1474 1734 1735 1788 certiores

149 1827 284 1879 facit
354 1825 420 1880 de
486 1825 907 1880 Salmoriaecnsi
971 1827 1413 1880 arcltidiacouatu
1479 1813 1811 1879 EcclesieB

154 1916 678 1984 Gratiampolitame
719 1926 951 1969 asserto.
993 1915 1194 1969 Eadem
1240 1917 1368 1970 item
1403 1915 1509 1976 die,
1559 1916 1602 1967 si
1631 1912 1738 1966 Ga-

162 2008 276 2062 rieli
309 2007 517 2060 auctori
560 2006 809 2061 Historia:
845 2007 1225 2076 episc0porum
1275 2004 1738 2076 Magalonensium

158 2099 324 2152 "iidem
345 2097 663 2162 habeamus,
691 2098 830 2150 idem
858 2096 1101 2165 pontifex
1125 2097 1416 2151 Alexandri
1440 2095 1482 2149 ll
1507 2094 1742 2164 diploma

99 2218 110 2221 —
175 2189 226 2242 iu
258 2189 474 2258 gratiam
516 2188 800 2242 Bertrandi
839 2186 1234 2257 Magalonensis
1271 2186 1511 2256 episcopi
1556 2185 1741 2238 datum

171 2291 352 2336 contra
395 2280 616 2335 Petrum
670 2280 896 2334 Auianze
949 2280 1196 2333 abbatem
1244 2279 1296 2332 in
1343 2277 1476 2331 Acta
1529 2275 1743 2332 concilii

165 2375 566 2429 Claromoutani
608 2373 800 2428 referri
844 2373 1077 2437 curavit,
1123 2386 1192 2426 ne
1236 2371 1490 2440 deinceps
1518 2369 1745 2424 Aniaute

161 2467 386 2520 abhates
448 2466 743 2535 quidquam
810 2475 963 2518 extra
1023 2479 1131 2518 sua!
1197 2463 1483 2533 potestatis
1545 2461 1746 2514 limites

160 2559 447 2612 auderent.
475 2558 590 2624 Qua
619 2559 685 2612 de
718 2572 795 2622 re,
823 2559 898 2610 uti
929 2572 1028 2610 suo
1057 2556 1174 2610 loco
1203 2555 1454 2618 diximus,
1490 2553 1744 2624 querelas

154 2649 218 2701 al
246 2650 522 2717 synodum
546 2649 687 2701 idem
711 2647 1044 2702 Bettrandus
1076 2645 1368 2701 detulerat.

154 2739 489 2796 CCXXVII].
516 2739 710 2794 Scribit
727 2741 794 2794 ad
813 2739 1235 2805 Cameracenses,
1254 2740 1320 2791 od
1345 2738 1744 2792 Ecolismenses.

225 2834 327 2888 Die
376 2833 648 2902 sequenti,
679 2833 732 2886 id
764 2841 844 2887 est
876 2832 1052 2901 pridie
1095 2831 1365 2885 Kalendas
1413 2829 1744 2889 Decembris,

155 2925 409 2998 pontifex
461 2925 681 2994 scripsit
710 2926 777 2978 ad
825 2921 1459 2990 Cameracenscs,juvta
1507 2921 1649 2990 quod
1696 2919 1748 2972 in

156 3017 378 3088 synodo
427 3025 691 3070 statutum
740 3014 938 3079 fuerat,
992 3024 1050 3068 ut
1107 3029 1199 3068 eos
1249 3017 1315 3066 de
1371 3011 1644 3068 sententia
1699 3011 1749 3064 in

155 3113 558 3169 Gualeherium
590 3113 857 3166 intrttsnm
910 3111 1020 3165 lata
1068 3118 1482 3172 commoneret;
1529 3121 1632 3176 qua
1686 3105 1751 3159 de

139 3221 214 3289 're
254 3204 436 3258 multa
464 3202 754 3273 superius§
784 3201 889 3256 220
926 3200 1357 3256 observavimus.
1389 3198 1539 3251 Alias
1562 3195 1747 3250 eadem

158 3297 243 3350 die
271 3295 347 3348 ad
386 3294 680 3348 canonicos
712 3293 1108 3347 Ecolismenscs
1141 3290 1306 3351 dedit,
1348 3289 1544 3358 quibus
1577 3285 1752 3357 ponti-

158 3386 242 3440 f.-x
296 3386 393 3439 eis
428 3385 718 3439 conﬁrmat
759 3385 1170 3454 prteposituram
1229 3389 1294 3438 de
1327 3381 1556 3442 Juliaco,
1589 3393 1753 3451 ιιιιειιιι

158 3479 263 3534 illis
315 3479 383 3533 in
435 3492 722 3532 couunune
771 3478 1079 3532 viventibus
1128 3478 1432 3531 Ademarus
1469 3473 1756 3542 cpiscopus

157 3577 545 3624 COIICCSSCI'al.

265 3656 566 3713 CCXXIX.
610 3657 888 3711 Decretum
918 3657 982 3711 de
1018 3656 1248 3726 primatu
1288 3651 1645 3722 Lngdnnensi.

226 3748 505 3804 Kalendis
554 3748 868 3802 Decembris
936 3747 1059 3801 data
1124 3757 1208 3798 cst
1263 3742 1494 3798 celebris
1551 3735 1755 3794 Urbani

159 3841 332 3906 bulla,
369 3840 425 3893 in
456 3856 561 3908 qua
613 3848 734 3909 post
782 3839 981 3892 relatas
1014 3838 1195 3890 varias
1224 3833 1662 3890 concertationes
1693 3830 1760 3883 de

161 3932 413 3999 primatu
451 3929 792 3999 Lugdunensi
828 3929 879 3982 iu
911 3928 1146 3982 concilio
1189 3925 1423 3988 habitas,
1466 3923 1757 3994 primatum

164 4026 291 4078 huic
328 4022 598 4077 Ecclesiae
649 4023 700 4075 in
740 4033 978 4090 quatuor
1020 4020 1416 4091 Lugdunenses
1469 4015 1668 4072 asserit
1707 4023 1764 4068 et

164 4119 488 4171 Continuat.
563 4117 659 4170 Cui
723 4115 1026 4170 deﬁnitioni
1088 4113 1532 4183 archiepiscopus
1593 4117 1759 4168 octo,

165 4211 466 4279 cpiscor'os
518 4210 814 4280 octoginta,
865 4225 930 4264 ac
977 4209 1274 4278 nonaginta
1321 4207 1548 4260 abbates
1604 4211 1764 4258 eteo

165 4301 416 4370 amplius
454 4298 763 4354 interfuisse
787 4300 936 4354 dicit.
961 4299 1113 4353 Hauc
1136 4296 1336 4353 bullam
1367 4295 1574 4366 primus
1598 4292 1760 4347 illust.

165 4389 376 4444 l'etrns
421 4390 495 4442 De
537 4387 714 4442 Marca
761 4389 963 4459 publici
995 4387 1132 4455 juris
1187 4372 1339 4440 iecit.
1374 4383 1648 4437 Caeterum
1696 4393 1763 4432 ex

1828 548 2050 616 eiusque
2100 543 2386 600 ecclesiam
2434 541 2660 596 solenmi
2710 541 2813 594 ritu
2859 538 3151 602 dedicavit,
3185 540 3261 592 uti
3289 538 3404 606 ipse

1831 647 2059 696 testatur
2081 638 2136 691 in
2161 636 2305 690 lmlla
2340 642 2457 704 post
2496 633 2702 702 aliquot
2729 631 2843 686 dies
2873 631 3018 684 data.
3053 630 3210 683 Tanti
3242 629 3388 683 bene-

1831 733 1933 786 ﬁcii
1969 744 2235 784 memores
2284 727 2384 781 loci
2455 724 2598 780 illius
2647 723 2898 777 monachi
2947 736 3140 774 nomen
3199 719 3402 774 Urhaut

1830 841 1950 879 cum
1978 822 2153 892 elogio
2178 821 2229 874 in
2255 835 2351 873 suo
2407 815 2722 883 Necrologio
2774 813 3141 871 inseruerunt,
3176 811 3259 862 his
3287 825 3403 862 ver-

1829 917 1913 970 bis
1951 935 1963 969 :
2003 934 2021 966 ι
2060 930 2112 969 tv
2164 911 2431 966 Kalendas
2479 907 2732 978 Augusti,
2789 903 3020 959 oﬁicium
3073 919 3169 972 pro
3209 903 3405 956 domno

1834 1009 2050 1063 Urbano
2081 1019 2216 1074 papa
2239 1003 2300 1056 Il.
2331 1001 2430 1056 Hic
2449 997 2776 1054 venerabilis
2810 1005 2866 1050 et
2895 995 3004 1049 Deo
3029 992 3225 1060 dignus
3277 1008 3402 1059 apo-

1832 1099 2071 1160 stolicus,
2101 1097 2241 1149 inter
2275 1102 2471 1148 canora
2528 1089 2817 1144 laudabilia
2870 1102 3034 1156 opera
3091 1101 3208 1149 sua,
3238 1085 3404 1138 etiam

1834 1191 1976 1245 istud
2005 1185 2390 1242 monasterium
2415 1197 2537 1236 cum
2569 1194 2764 1248 magna
2793 1177 3115 1232 auctoritate
3145 1185 3200 1229 et
3247 1174 3405 1228 devo-

1836 1285 1979 1338 tione
2003 1297 2058 1335 ιιι
2103 1279 2279 1333 Nonas
2311 1275 2621 1330 Decembris
2667 1271 2961 1334 dedicavit;
3003 1271 3054 1324 in
3085 1285 3185 1338 qua
3223 1282 3410 1321 conse-

1836 1372 2093 1430 cratiouis
2122 1371 2207 1423 die
2237 1383 2330 1439 per
2375 1366 2746 1442 successiones
2797 1373 3115 1431 temporum,
3160 1358 3412 1412 omniluts

1837 1474 2052 1536 peccata
2087 1459 2496 1520 conlitentibus,
2520 1466 2572 1511 et
2625 1455 2690 1509 ad
2737 1455 2890 1508 istius
2923 1451 3025 1507 diei
3058 1451 3249 1503 festum
3287 1463 3408 1500 eou-

1836 1553 2197 1615 venientibus,
2221 1560 2378 1617 atque
2404 1556 2523 1601 vota
2550 1561 2643 1599 sua
2675 1541 3101 1613 persolventibus
3125 1537 3412 1590 maximam

1826 1632 1900 1697 ac
1930 1639 2274 1695 desirabilem
2305 1636 2702 1692 absolutionem
2729 1632 2881 1686 fecit.

1841 1731 2118 1790 CCXXXI.
2141 1730 2350 1785 Brivate
2386 1724 2840 1796 privileginmdot
2872 1721 3147 1775 Cluniuco.
3182 1717 3416 1768 Ahcrum

2435 1793 2814 1865 Composletlaz.

1837 1903 1840 1908 '
1909 1893 2034 1946 lude
2064 1890 2354 1951 Brivatem,
2387 1888 2479 1940 ubi
2514 1886 2694 1940 nobile
2719 1892 2773 1939 et
2811 1891 2965 1938 vetus
2991 1881 3224 1935 habetur
3252 1890 3417 1930 cauo-

1841 1983 2106 2044 uicortuu,
2130 1979 2220 2050 qui
2251 1977 2410 2048 vulgo
2433 1975 2658 2031 comites
2690 1980 3092 2039 nuncupantur,
3114 1966 3420 2035 collegium,

1818 2086 2162 2145 progressus
2220 2067 2496 2139 pontifex,
2559 2064 2633 2120 ibi
2699 2071 2892 2133 quarta
2943 2059 3029 2114 die
3085 2054 3421 2116 Decembris,-

1842 2142 2120 2226 ecclesias,
2175 2158 2364 2214 altaria
2405 2165 2461 2211 et
2507 2153 2748 2210 decimas
2791 2164 2912 2221 qua:
2977 2142 3423 2203 Cluuiacensibus

1844 2253 2128 2310 monachis
2185 2251 2450 2305 hactenus
2501 2248 2628 2300 data
2676 2245 2912 2305 fuerant,
2943 2239 3137 2310 insigni
3163 2237 3426 2303 rescripto

1846 2353 2036 2401 sancto
2099 2340 2309 2412 ilugoni
2364 2336 2728 2395 conﬁrmavit.
2779 2333 2892 2388 Hac
2940 2331 3056 2402 ipsa
3100 2329 3186 2382 die
3230 2325 3425 2381 bullam

1840 2434 2068 2490 indulsit
2115 2428 2429 2486 Dalmachio
2495 2425 2750 2496 episcopo
2816 2417 3278 2491 Compostellauo,
3334 2414 3426 2499 qui

1846 2523 2079 2580 concilio
2101 2518 2429 2576 Arverneusi
2469 2528 2709 2587 praesens
2751 2511 3023 2574 adfuerat,
3047 2509 3277 2579 ejusque
3304 2519 3428 2559 suc-

1847 2612 2157 2670 cessoribus
2207 2609 2550 2678 inscriptam,
2591 2619 2698 2674 quo
2761 2600 3058 2669 diplomate
3109 2596 3427 2652 cathedram

1848 2701 2213 2774 episcopalem
2256 2714 2376 2768 quas
2435 2695 2554 2750 Iria:
2594 2695 2855 2748 hactenus
2901 2689 3238 2751 substiterat,
3265 2685 3426 2738 Cotu-

1848 2793 2132 2865 postellam
2161 2788 2434 2846 transtulit
2459 2788 2512 2841 in
2539 2786 2800 2840 honorem
2836 2781 3010 2836 sancti
3035 2775 3244 2835 Jacobi,
3276 2773 3432 2841 cujus

1851 2901 2049 2956 corpus
2090 2884 2161 2938 ibi
2209 2879 2476 2936 asservari
2515 2877 2628 2945 jam
2688 2871 2858 2930 multo
2881 2881 3039 2924 antea
3087 2865 3429 2922 credebatur.

1851 2977 1988 3032 Tum
2042 2989 2181 3028 novo
2236 2973 2378 3027 hanc
2445 2966 2732 3022 ecclesiam
2788 2960 3072 3033 privilegio
3125 2954 3432 3016 exornavit,

1854 3070 2140 3126 statuendo
2163 3065 2390 3127 scilicet,
2425 3070 2484 3116 ut
2532 3060 2648 3131 ejus
2692 3056 2940 3119 antistes,
2974 3051 3178 3106 nullum
3237 3055 3435 3115 printer

1779 3161 1824 3223 C
1857 3163 2160 3216 Romanum
2210 3155 2521 3228 pontilicem
2562 3145 3038 3218 metropolitanum
3091 3143 3430 3210 agnosceret,

1857 3257 1973 3324 Quo
2005 3266 2182 3308 tamen
2210 3255 2263 3306 in
2305 3248 2476 3322 gradu
2505 3244 2648 3302 haud
2680 3242 2772 3297 diu
2822 3237 3066 3295 substitit
3100 3229 3439 3324 Compostel-

1856 3317 1976 3403 lana
2027 3317 2472 3408 Ecclesiafqua:
2505 3334 2628 3403 jure
2677 3340 2733 3385 et
2806 3328 3070 3397 dignitate
3119 3317 3438 3383 metrOpolis

1857 3437 2018 3509 paulo
2068 3443 2187 3504 post
2228 3440 2384 3485 aucta
2431 3427 2529 3481 fuit
2576 3440 2605 3478 a
2653 3421 2868 3477 Calisto
2913 3417 2973 3481 II,
3017 3412 3174 3482 cujus
3203 3427 3264 3466 ea
3288 3411 3354 3463 de
3380 3422 3440 3462 re

1859 3528 2049 3582 litterae
2075 3532 2286 3578 exstant
2311 3536 2450 3574 anno
2484 3515 2620 3570 “2i
2644 3515 2805 3566 data}.

1859 3635 2164 3693 CCXXXII.
2198 3632 2234 3687 S
2299 3629 2444 3682 Flori
2475 3624 2745 3680 ecclesiam
2773 3619 3000 3693 dedicat,
3029 3625 3090 3693 _et
3119 3610 3442 3693 privilegium

1931 3684 2434 3770 "piinilegium
2481 3714 2579 3770 pro
2623 3691 2983 3770 MarcinincoL
3019 3687 3330 3764 I’tperucnm
3384 3684 3443 3770 fit

1932 3753 2338 3831 obbutia.riltors
2381 3753 2608 3822 Joa'tmis
2648 3761 2874 3832 episcopi
2938 3753 3246 3811 Parmensis
3299 3753 3441 3821 apud

1939 3848 1998 3902 S.
2038 3845 2280 3898 Horum.

1935 3939 2142 3994 Relicto
2171 3935 2388 3988 Brivate
2412 3927 2663 3985 Urbanus
2689 3923 2754 3977 ad
2793 3920 2978 3975 Sancti
3006 3914 3148 3971 Flori
3187 3912 3440 3992 oppidum

1864 4047 1894 4086 a
1920 4031 2196 4099 Stephano
2218 4023 2459 4095 ejusdem
2487 4017 2588 4073 loci
2615 4016 2794 4086 priore
2826 4009 3034 4066 ordinis
3065 4001 3444 4061 Cluniacensis

1863 4092 2128 4176 invitatus
2184 4092 2432 4174 accessit,
2490 4108 2692 4176 ibique,
2741 4111 2800 4156 ut
2847 4100 3008 4155 habet
3045 4105 3200 4148 vetus
3229 4092 3445 4153 notitia,

1865 4215 2007 4270 edita
2032 4227 2061 4265 a
2114 4206 2421 4263 Mabillonio
2481 4202 2534 4255 in
2588 4195 2882 4268 appentlice
2937 4189 3065 4246 tomi
3135 4185 3197 4238 Vl
3248 4181 3444 4236 Annal.

1867 4303 2363 4362 Benedictinorum,
2395 4310 2542 4349 num.
2571 4291 2665 4351 ‘25,
2689 4286 2974 4344 ecclesiam
3017 4277 3202 4335 Sancti
3231 4273 3448 4328 Martini

1869 4399 1936 4453 de
1991 4388 2408 4463 Aquis-Calidis,
2460 4398 2580 4452 qua:
2632 4381 2686 4434 in
2747 4375 2976 4432 concilio
3033 4371 3454 4425 Claromoutano

167 4483 446 4536 Orderico
469 4467 643 4536 ~Vitali
677 4481 772 4535 lib.
803 4497 855 4534 ιι
885 4480 1195 4546 colligimus
1223 4473 1515 4548 synodales
1552 4471 1766 4523 litteras
1799 4509 1844 4564 Β
1872 4460 2150 4545 monac—his
2173 4481 2361 4538 sane“
2405 4477 2546 4532 “ori
2579 4483 2765 4529 contra
2794 4467 3057 4539 quosdam
3089 4463 3207 4533 ejus
3235 4460 3450 4512 ίιινειεο.
3533 4506 3535 4508 _

170 4574 234 4628 ad
277 4577 550 4629 absentes
574 4573 855 4642 episcopos
892 4573 1129 4640 scriptas
1172 4569 1344 4623 fuisse
1381 4564 1609 4620 nomine
1639 4575 1769 4615 con-

169 4669 304 4732 cilii,
335 4667 536 4721 saltem
569 4668 634 4720 ad
665 4682 760 4720 eos
787 4665 876 4735 qui
906 4663 1262 4718 excusatorias
1300 4659 1588 4714 miserant.
1630 4654 1767 4706 Nam

173 4777 300 4814 cum
342 4759 469 4814 Udo
497 4768 550 4813 et
590 4759 681 4813 alii
712 4755 1122 4812 Nortlunanniu:
1158 4753 1425 4824 praesules
1456 4766 1579 4806 cum
1613 4762 1775 4800 excu-

170 4855 398 4906 satoriis
426 4853 658 4922 apicibus
707 4849 1240 4921 comprovincialium
1271 4847 1479 4918 synodo
1509 4841 1775 4896 interfue-

176 4956 322 5009 rant,
369 4963 488 4998 cum
532 4946 887 4999 benedictione
924 4943 1209 5013 apostolica
1249 4940 1471 5011 regressi
1494 4935 1774 5008 synodales

174 5039 430 5099 epistolas
464 5039 778 5106 coepiscopis
807 5038 912 5090 suis
940 5035 1257 5091 detulerunt.

175 5130 444 5187 CCXXX.
507 5131 752 5185 Urbanus
810 5129 1166 5184 Celsiniannm
1216 5125 1494 5182 ecclesiam
1544 5121 1773 5175 dedicat.

252 5225 497 5281 Dimisso
527 5225 742 5278 tandem
785 5222 1037 5278 Urbanus
1084 5219 1432 5276 Claromonte
1483 5215 1665 5272 varias
1692 5228 1777 5268 re-

181 5319 398 5390 giones,
451 5327 508 5372 ut
542 5327 670 5371 ante
710 5316 1001 5372 concilium
1080 5312 1303 5373 fecerat,
1357 5293 1689 5380 peragravit,
1723 5306 1776 5359 in

185 5415 391 5484 quibus
429 5414 687 5468 ecclesias
715 5422 770 5468 et
824 5419 1152 5466 monasteria
1184 5409 1385 5479 passim
1405 5404 1777 5466 consecravit,

186 5508 314 5562 lites
369 5507 610 5571 diremit,
663 5506 904 5559 locorum
959 5517 1242 5559 sacrorum
1290 5500 1458 5571 quieti
1517 5495 1778 5570 providit,

189 5599 426 5654 concilia
475 5597 794 5659 celebravit,
843 5610 908 5650 ac
951 5595 1187 5663 denique
1255 5591 1498 5646 omnium
1570 5585 1781 5640 animos

191 5698 534 5777 humanitate
585 5704 639 5749 et
700 5709 910 5747 mormn
967 5689 1274 5744 innocentia
1336 5687 1436 5740 sibi
1512 5679 1776 5738 devinxit.

139 5820 148 5824 -
197 5773 439 5846 [bimum
501 5790 588 5845 die
637 5787 798 5842 tertio
867 5782 1178 5842 Decembris
1244 5780 1384 5852 apud
1436 5773 1780 5836 Celsiuianas

1874 4597 1961 4637 res
1984 4584 2190 4634 asserta
2249 4572 2443 4633 fuerat,
2503 4565 2697 4621 eisdem
2757 4568 3001 4630 perpetuo
3064 4551 3359 4606 habendam
3404 4555 3452 4597 et

1871 4670 2242 4743 possidendum
2285 4664 2442 4731 ﬁrma
2489 4655 2818 4712 concessione
2871 4646 3101 4733 donavit,
3157 4651 3204 4694 et
3256 4639 3453 4692 domtus

1874 4726 2006 4815 illud
2031 4758 2112 4812 sui
2137 4726 2398 4827 privilegii
2425 4745 2738 4801 auctoritate
2774 4729 3022 4803 Iit-nutrit.
3068 4729 3201 4786 lllttd
3230 4738 3312 4827 est
3341 4726 3450 4827 for-

1879 4861 2022 4906 tasse
2051 4817 2416 4918 privilegium,
2469 4836 2611 4907 quod
2663 4835 2854 4888 I’etrus
2908 4827 3058 4897 prior
3105 4831 3160 4876 et
3212 4817 3454 4890 ejusdem

1877 4943 1980 4998 Ioci
2011 4914 2255 4994 monachi
2274 4935 2380 5002 fere
2400 4935 2767 4996 consumptum
2781 4937 2873 4990 pro
2896 4919 2976 4971 sui
3001 4914 3160 4969 nimia
3185 4918 3456 4968 vetustate,

1878 5029 2245 5088 renovandum
2285 5023 2510 5080 Urbano
2556 5015 2623 5072 IV
2689 5009 2956 5068 obtulere,
2993 5015 3049 5058 ut
3073 5021 3136 5059 ex
3169 5015 3356 5057 eorum
3396 4997 3466 5050 li-.

1877 5122 2019 5178 bello
2042 5115 2268 5188 supplici
2310 5107 2621 5170 observavit
2650 5105 2734 5157 vir
2775 5099 2844 5153 cl.
2870 5095 3176 5165 Stephanus
3202 5087 3459 5146 Baluzius

1879 5215 1932 5270 in
1965 5178 2194 5265 uotis-ad
2221 5205 2372 5262 Vitas
2397 5202 2527 5270 Pup.
2568 5193 2856 5253 Avenion.,
2891 5203 3016 5257 pag.
3037 5183 3162 5238 740.
3197 5178 3458 5236 Neutrius

1879 5302 2184 5373 exemplqu
2207 5297 2410 5352 habere
2435 5291 2607 5345 licuit.
2633 5285 2784 5340 Tunc
2798 5289 2976 5336 autem
3008 5273 3272 5348 pontifex,
3295 5271 3464 5356 comia

1881 5408 2022 5452 tanta
2038 5362 2186 5448 iacro
2202 5383 2553 5442 cardinalium
2566 5374 2801 5445 collegio,
2818 5381 2877 5427 ut
2902 5380 3113 5426 veteres
3135 5364 3235 5419 loci
3253 5362 3464 5418 schedte

1880 5487 2140 5546 referunt,
2173 5481 2446 5552 basilicam
2496 5490 2524 5528 ι
2573 5485 2700 5525 novo
2741 5475 3058 5523 exstructam
3085 5458 3341 5514 dedicavit
3394 5452 3462 5508 Β,

1883 5544 2195 5649 confessoris
2245 5547 2417 5633 Fieri,
2473 5566 2689 5637 ejusque
2740 5556 2972 5628 reliquid:
3023 5561 3135 5624 post
3183 5547 3351 5603 altare
3409 5544 3466 5598 in

1884 5677 1998 5727 loco
2026 5666 2271 5724 eminenti
2325 5661 2565 5729 repasittr
2611 5664 2731 5709 sunt
2786 5654 2839 5705 in
2896 5645 3110 5718 capsula
3139 5641 3302 5696 tribus
3338 5637 3468 5691 seris

1891 5725 2068 5822 clausa
2103 5778 2119 5815 :
2169 5757 2312 5831 quod
2336 5725 2432 5811 die
2460 5752 2488 5804 7
2536 5743 2850 5805 Decembris
2892 5741 3092 5796 factum
3122 5733 3291 5789 fuisse
3320 5725 3471 5786 colli-
