3892 6320
396 286 496 344 187
1691 283 1752 338 Β.
1787 282 1966 339 URBA

2083 285 2110 339 ll
2139 287 2336 344 PAP/E
3553 289 3672 348 188

380 401 571 470 τεὶηιιιε
589 414 656 454 ex
684 397 1052 454 anniversaria
1076 396 1193 466 ejus
1221 397 1577 453 dedicationis
1601 398 1968 460 soletnnitate,
2001 383 2045 437 Α
2073 411 2288 469 scapus,
2331 401 2425 471 qui
2481 410 2607 458 tunc
2635 402 2772 458 forte
2803 404 2977 459 adhuc
3007 404 3058 459 in
3083 404 3359 474 pontificis
3393 406 3674 460 comitatu

396 506 520 560 qua
561 491 660 544 hac
692 491 804 559 ipsa
857 491 946 544 die
993 488 1159 544 etiam
1214 505 1358 543 nunc
1416 489 1467 544 in
1524 490 1612 544 illa
1651 489 1908 554 ecclesia,
1940 507 1969 544 a
2074 503 2213 553 erat,
2269 493 2540 549 hominem
2590 496 2913 551 industrium
2942 507 2996 551 et
3025 507 3210 566 aptum
3242 500 3308 550 ad
3341 513 3537 569 ntagna
3564 514 3675 553 na-

391 579 752 635 JnanneXXll
791 579 1215 650 inepiscopalem
1231 581 1412 634 sedem
1426 580 1968 645 erecta,celebratur.
2074 581 2217 650 gotia
2246 583 2481 651 gerenda
2504 583 2820 647 invenisset,
2849 583 2898 637 ei
2943 592 3000 636 ut
3029 598 3211 638 secum
3249 584 3302 637 in
3335 584 3674 652 Hispaniam

394 670 598 726 Eadem
628 670 715 723 die
742 669 985 738 pontifex
1016 670 1124 722 duo
1154 669 1434 740 privilegia
1463 669 1660 724 ibidem
1697 668 1973 724 concessit
2076 671 2333 727 transiret
2361 672 2652 741 persuasit.
2677 671 2817 740 Quid
2841 673 2906 727 de
2932 687 2998 726 eo
3044 681 3230 742 postea
3258 671 3465 726 factum
3495 671 3680 724 fuerit

395 761 448 812 iu
484 759 716 830 gratiam
748 758 1215 821 Cluniacensium,
1257 775 1423 814 unum
1454 775 1550 831 pro
1582 759 1974 815 sanctimonia-
2073 779 2260 819 omnes
2285 775 2502 818 norunt.
2536 765 2584 818 ls
2609 779 2799 834 nempe
2820 774 2942 834 post
2975 765 3254 819 obtentum
3279 765 3677 832 episcopatum

393 852 532 906 libus
559 851 998 906 Marciuiacensis
1026 851 1388 906 Parthenonis
1442 867 1471 905 a
1509 861 1697 907 sancto
1751 850 1974 920 “ligone
2073 856 2599 919 Conemhricensem,
2655 855 3039 911 Braccarensis
3087 856 3408 924 metropolis
3473 855 3680 908 sedem

391 943 618 1007 conditi,
682 943 912 998 alterum
965 959 1063 1012 pro
1131 945 1417 1000 monachis
1461 943 1971 1011 Celsiniaceusibus,
2075 949 2319 1016 adep:us,
2350 963 2415 1002 ac
2447 948 2715 1019 legatione
2751 948 3045 1018 apostolica
3086 948 3410 1010 honoratus,
3439 946 3682 1000 demum

386 1036 496 1106 jam
535 1036 840 1105 superiusa
874 1036 1031 1090 nobis
1060 1036 1360 1090 laudatmn.
2073 1043 2143 1096 ab
2191 1040 2424 1096 Henrico
2478 1041 2806 1109 imperatore
2868 1051 3060 1096 contra
3135 1039 3410 1095 Gelasium
3463 1055 3685 1108 papam

466 1125 597 1188 Hac,
634 1126 710 1179 uti
755 1125 1028 1196 conjicere
1081 1127 1230 1191 licet,
1288 1127 1594 1190 occasione,
1638 1125 1970 1190 Bereardns,
2077 1134 2350 1187 Romanus
2397 1131 2635 1200 pontifex
2682 1132 2860 1186 dictus
2904 1140 3010 1195 est,
3067 1141 3122 1186 et
3183 1131 3450 1186 famosam
3500 1132 3687 1182 vitam

386 1216 476 1283 Ψιῖ
519 1212 620 1266 sub
659 1215 936 1282 Ρΐίῐέροδῖιῖ
981 1215 1198 1270 nomine
1248 1216 1490 1285 PiPeI'aCi
1519 1217 1794 1270 CﬂttOniCiS
1821 1231 1976 1284 regu-
2076 1235 2196 1294 post
2237 1225 2417 1278 varias
2467 1223 2736 1286 fortunas,
2790 1225 2990 1294 misero
3027 1225 3238 1278 tandem
3260 1225 3431 1284 exitu,
3463 1225 3525 1276 in
3556 1239 3694 1274 car-

389 1307 600 1359 laribus
621 1315 869 1390 praterat,
906 1321 1060 1360 suam
1097 1306 1394 1362 Ecclesium
1422 1309 1473 1361 in
1502 1308 1735 1362 abbatia:
1761 1307 1972 1361 titulum
2076 1332 2201 1371 cere
2223 1316 2506 1371 conclusit,
2561 1316 2666 1370 sed
2718 1315 2785 1369 ad
2841 1314 3118 1369 Urbanum
3171 1315 3351 1370 redire
3408 1323 3692 1383 οροτιρι,

388 1395 523 1464 ι·ιοίςί
554 1395 810 1447 obtinuit.
837 1394 892 1447 Id
917 1394 1061 1449 enim
1084 1395 1151 1448 ab
1174 1394 1392 1451 Urbano
1420 1397 1563 1450 circa
1594 1396 1736 1449 istud
1763 1405 1973 1464 tempus
2076 1409 2166 1478 qui
2227 1418 2364 1464 ιθδιθ
2414 1407 2676 1462 Gaurium
2720 1407 2902 1477 prium
2954 1407 3202 1463 Vosieusi
3252 1409 3306 1459 iu
3333 1406 3466 1475 [ηιο
3499 1407 3696 1457 saucii

391 1483 595 1536 factum
648 1483 814 1539 fuisse
866 1483 1078 1549 ferunt;
1128 1495 1184 1539 et
1220 1486 1437 1555 quidem
1477 1485 1797 1556 Piperacum
1834 1487 1977 1541 haud
2081 1501 2312 1568 (nicum,
2374 1501 2586 1556 scilicet
2641 1501 2731 1557 die
2785 1502 2850 1556 gi
2904 1499 3061 1569 huius
3112 1500 3335 1562 iucusis,
3389 1498 3696 1552 υκητιιία-

391 1579 602 1642 Imgea
639 1575 840 1631 Saneto
867 1576 1027 1632 Floro
1071 1578 1318 1632 dissitum
1367 1587 1479 1643 est;
1533 1588 1588 1632 et
1615 1579 1896 1639 Urbanus.
1920 1587 1974 1632 ut

2083 1593 2374 1663 Itospitatus
2428 1603 2523 1647 cst.
2587 1593 2764 1661 Atque
2817 1592 2939 1647 inde
2998 1591 3296 1661 profectus,
3345 1590 3700 1643 Lemm'icas

390 1680 454 1716 ex
488 1665 743 1720 llertoldo
772 1667 1200 1729 observavimus,
1234 1670 1616 1722 canonicorum
1646 1668 1974 1737 regular-ium

2083 1693 2200 1752 post
2241 1684 2460 1737 bidumn
2521 1683 2779 1738 advenit:
2811 1683 2938 1752 quid
2977 1698 3107 1737 vero
3145 1683 3197 1737 iu
3241 1698 3302 1736 ca
3333 1683 3470 1734 urbe
3535 1697 3703 1748 pne-

395 1757 699 1824 pra‘positis
725 1757 1052 1812 ahbatialetn
1089 1760 1321 1822 titulum,
1357 1761 1560 1829 absque
1584 1768 1763 1814 tamen
1795 1758 1971 1812 baculi

2083 1731 2200 1752 r""'
2521 1731 2736 1738 —-~-~---~
2767 1731 2779 1736 -
2989 1731 3102 1737 τ-η-
3245 1731 3300 1736 -~~
3538 1731 3596 1748 ,κ
3647 1731 3660 1732 κ

2083 1777 2278 1831 stiterit
2309 1791 2372 1830 ex
2404 1774 2657 1829 Ganfredi
2687 1775 2962 1829 Vosiensis
2990 1773 3261 1828 Chronico
3297 1783 3447 1842 parte
3480 1789 3530 1835 ι,
3559 1787 3701 1838 cap.

397 1847 1089 1912 usu,imlnlsit.Urbamun
1137 1866 1266 1904 vero
1316 1850 1626 1919 aliquandiu
1683 1848 1824 1918 apud
1853 1864 1979 1902 san-
2078 1869 2340 1931 27’mm0
2395 1868 2434 1922 ii
2483 1867 2698 1921 simiai.
2732 1866 3034 1920 Lahmann,
3089 1865 3291 1919 referre
3337 1863 3535 1932 juvat,
3579 1864 3703 1916 .“bi

390 1947 539 1992 ctum
588 1939 807 1990 Florum
859 1941 1197 1994 demoratum
1250 1939 1414 1994 fuisse
1441 1971 1450 1978 π
1481 1940 1550 1994 ob
1602 1939 1975 2010 mgritudinem
2079 1960 2160 2020 sic
2199 1961 2408 2015 habet:

389 2029 618 2083 Joannis
666 2028 989 2084 Portuensis
1037 2032 1298 2102 episcopi,
1331 2033 1422 2101 qui
1449 2033 1520 2086 ibi
1579 2032 1872 2087 defunctus
1915 2046 1974 2084 ac

2083 2051 2406 2108 CCXXXIV.
2468 2049 2670 2104 Urbani
2697 2060 2841 2120 gesta
2881 2049 3021 2116 apud
3073 2047 3389 2101 Lemovices.
3423 2045 3485 2100 S.
3530 2044 3709 2099 Har-

392 2122 637 2192 sepultus
672 2120 793 2185 fuit,
821 2122 1134 2176 verisimile
1171 2133 1277 2178 est.
1333 2124 1497 2178 Certe
1525 2124 1688 2177 etiam
1725 2122 1968 2176 nuncvi-
2655 2119 2797 2172 tialis
2819 2119 3097 2172 dedicatio.

390 2212 529 2264 situr
557 2208 780 2264 Joannis
811 2210 953 2264 illius
984 2213 1290 2281 sepulcrum
1323 2213 1375 2266 in
1401 2215 1624 2268 dextera
1650 2211 1974 2268 cathedralis

2153 2200 2366 2256 Decimo
2430 2199 2698 2254 Kalendas
2761 2198 3013 2252 Januarii
3065 2197 3312 2253 Urbanus
3362 2195 3711 2250 Lemovices

389 2299 635 2354 ecclesia:
665 2301 743 2352 ala
779 2300 923 2354 inter
951 2301 1184 2366 primam
1239 2311 1296 2356 et
1348 2304 1640 2357 secundam
1667 2303 1980 2356 columnam
2080 2293 2304 2346 ἀειθεηὶῑο
2355 2291 2410 2346 In
2463 2291 2762 2346 festivilale
2819 2288 3024 2344 Natalis
3066 2288 3292 2353 Christi.
3337 2288 3581 2340 mismm
3640 2291 3712 2342 de

393 2391 648 2460 positum,
675 2393 766 2445 sed
825 2392 1030 2462 absque
1084 2393 1211 2456 ulla,
1263 2395 1344 2458 ,υιί
1399 2394 1529 2448 mihi
1568 2404 1836 2447 assertum
1869 2401 1976 2454 est,
2081 2383 2224 2438 Galli
2251 2395 2409 2438 cantu
2436 2383 2724 2436 Dominicaa
2774 2380 3081 2436 Natiritatis
3125 2381 3176 2434 in
3209 2379 3426 2434 ecclesia
3457 2379 3711 2449 puella-

395 2485 774 2554 inscriptione.
807 2485 1189 2541 Monasterium
1218 2487 1400 2542 Sancti
1435 2487 1578 2542 Flori
1621 2487 1974 2540 suauissimus

2083 2491 2198 2528 rum
2234 2484 2430 2528 sancta:
2475 2473 2684 2538 Maria},
2716 2489 2834 2542 qua:
2855 2472 3053 2525 dicitur
3074 2471 3144 2524 ad
3176 2469 3452 2540 Regulam,
3491 2470 3713 2523 nobile

396 2575 670 2638 Urbanus,
704 2578 778 2628 uti
819 2577 872 2629 in
905 2591 1066 2645 supra
1119 2576 1335 2632 laudato
1382 2577 1561 2631 Iibcuo
1591 2576 1839 2635 habetur,
1873 2590 1978 2628 non
2084 2575 2166 2620 est
2197 2565 2586 2620 monasterium
2631 2564 2840 2618 ordinis
2881 2562 3213 2616 Benedictini
3249 2560 3524 2614 hactenus
3553 2559 3710 2613 sub-

395 2665 575 2720 solum
599 2663 668 2718 ob
692 2667 867 2720 sancti
899 2665 1044 2720 Flori
1096 2666 1437 2729 devotionem,
1493 2675 1548 2720 et
1572 2663 1981 2719 consecrationis
2086 2658 2307 2722 sistens,
2345 2657 2659 2709 decantauit.
2693 2654 2910 2709 Missam
2941 2654 3005 2706 de
3037 2653 3150 2706 luce
3174 2653 3226 2705 in
3253 2650 3471 2704 basilica
3511 2651 3716 2720 regali

378 2755 513 2823 .ejus
543 2754 646 2808 loci
676 2770 704 2808 a
733 2769 792 2810 se
845 2754 1004 2810 factm
1049 2757 1382 2810 reverentiam
1415 2756 1699 2827 privilegio
1729 2756 1978 2818 donavit,
2085 2748 2225 2816 apud
2276 2747 2528 2803 Sanctum
2584 2747 2887 2801 Martialem
2943 2745 3260 2800 celebravit:
3288 2744 3408 2797 inde
3466 2745 3709 2796 trium-

397 2845 496 2902 sed
529 2845 693 2900 etiam
719 2862 814 2916 pro
854 2846 1133 2900 dilectione
1183 2849 1288 2902 reri
1344 2845 1522 2901 Patris
1565 2848 1789 2900 Joannis
1811 2846 1986 2900 eardi-
2084 2841 2310 2909 pltaliter
2333 2851 2613 2895 coronatus
2646 2839 2714 2892 ad
2735 2841 2907 2892 sedem
2940 2838 3282 2907 apostolicam
3299 2837 3711 2907 episcopalem,

379 2935 532 2988 nalis
563 2935 786 3004 episcopi
841 2932 1149 2988 Parmensis
1185 2935 1383 2990 ibidem
1420 2936 1689 2999 tumulati,
1719 2934 1980 3006 singulari
2091 2934 2170 2987 sic
2191 2932 2557 2987 eathcdralem
2599 2931 2882 2987 ecclesiam
2936 2929 3193 2999 appellat,
3236 2927 3372 2990 quod
3420 2938 3714 2980 sanctum

380 3024 588 3080 affectu
612 3026 1059 3094 prosequebatur.
2011 3078 2051 3094 η
2088 3025 2389 3080 Martialem
2427 3025 2663 3094 primum
2692 3023 2808 3091 ejus
2857 3023 3001 3077 sedis
3031 3021 3339 3092 episcopum
3369 3019 3525 3072 inter
3557 3035 3714 3087 apo-

392 3137 721 3195 CCXXXlll.
749 3136 998 3192 Urbanus
1025 3138 1258 3206 pontifex:
1284 3138 1550 3192 Auriliaco
1580 3139 1793 3191 transit.
1821 3137 1981 3191 Mau-
2008 3078 2054 3139 Ο
2090 3118 2257 3173 “oms
2297 3132 2661 3172 ammmemre
2709 3115 2980 3187 ἕίιηίίθίιίη
3017 3113 3450 3206 Ῑλθιηονίςθυδῗξν
3496 3113 3715 3206 ναίω·

884 3210 1000 3262 ricii
1024 3203 1246 3261 Burdini
1275 3210 1509 3277 fortuna.
2083 3209 2177 3262 ubi
2241 3208 2438 3278 reliqua
2495 3208 2837 3262 solemuitatis
2877 3207 3042 3276 ofﬁcia
3087 3205 3301 3276 peregit.
3347 3203 3541 3256 Altera
3583 3205 3713 3265 die,

471 3300 746 3356 Urbanum
811 3311 995 3367 postea
1050 3300 1383 3354 Auriliacum
1441 3300 1640 3354 adiisse
1691 3315 1756 3352 ex
1808 3301 1980 3354 veteri
2083 3315 2200 3369 qua’
2225 3308 2299 3352 est
2327 3299 2653 3369 postfestum
2701 3297 3082 3358 Innocentium,
3125 3293 3474 3348 cathedra/em
3499 3296 3712 3347 θεείου

392 3392 664 3446 Chronico
705 3390 951 3460 ejusdem
1001 3390 1101 3444 loci
1146 3400 1291 3444 tome
1338 3391 1379 3444 ll
1424 3391 1670 3444 Analect.
1708 3390 1979 3445 Mahillon.
2087 3391 2222 3444 siam
2271 3390 2324 3442 in
2374 3390 2572 3442 honore
2615 3387 3015 3457 protomartyris
3080 3383 3330 3453 Stephani
3383 3383 3713 3443 dedicat-it,

390 3484 536 3538 edito
558 3484 838 3546 discimus,
873 3486 1060 3553 inquo
1105 3483 1218 3537 luce
1265 3482 1493 3552 legimus
1523 3483 1588 3536 de
1621 3482 1779 3537 Petro
1806 3481 1981 3536 Soiia-
2084 3482 2320 3551 seq-uenti
2347 3481 2432 3533 die
2471 3481 2684 3549 quierit.
2731 3478 2912 3532 Pridie
2963 3476 3231 3530 Kalendas
3257 3475 3508 3529 Januarii
3547 3477 3718 3530 basi-

394 3577 574 3639 rensi,
605 3575 849 3643 ejusdem
881 3577 1220 3638 monasterii,
1245 3577 1387 3644 quod
1418 3591 1484 3629 ex
1516 3574 1867 3629 Benedictin
1897 3590 1987 3628 or-
2084 3569 2240 3623 licunt
2291 3570 2536 3638 regalem,
2586 3569 2793 3623 scilicet
2827 3565 3144 3621 monasterii
3191 3564 3373 3620 Sancti
3407 3563 3716 3618 Martialis

397 3669 524 3721 diue
569 3670 783 3721 tandem
825 3669 890 3720 all
932 3669 1222 3722 smculares
1269 3669 1561 3723 canonicos
1603 3667 1822 3734 defecit,
1856 3678 1985 3723 tunc
2086 3660 2275 3729 etiam
2301 3675 2462 3728 supra
2478 3675 2598 3713 eam
2624 3653 3714 3728 appellaverat.iuhouoremSa/mloris

399 3758 598 3810 abbate
631 3775 645 3810 :
678 3755 778 3810 llic
819 3755 1089 3810 Urbanum
1143 3775 1332 3826 papam
1391 3770 1504 3827 post
1557 3757 1986 3813 Claromontense
2085 3751 2270 3803 ηιιιηάὶ
2321 3752 2672 3814 consecravit,
2734 3751 2950 3819 ejusque
3007 3751 3278 3818 antiquam
3343 3747 3714 3808 libertatem.

397 3846 813 3913 concdium,cui
867 3847 1006 3901 idem
1054 3847 1220 3902 abbas
1275 3849 1620 3914 interfuerat,
1655 3849 1984 3902 Auriltacum
2087 3841 2418 3912 nobilemque
2465 3843 2867 3912 pra'rogativam
2921 3843 3064 3896 novis
3123 3840 3400 3910 privilegiis
3450 3839 3714 3894 robora-

395 3937 626 3992 devea‘it.
2086 3934 2177 3987 rit.
2207 3933 2408 3989 Urbani
2438 3933 2580 3988 bulla
2611 3936 2676 3989 de
2705 3934 3004 4005 privilegiis
3055 3932 3240 3987 Sancti
3265 3931 3525 3986 Martialis
3558 3944 3710 4000 post

470 4027 598 4082 lude
628 4026 972 4083 Lemovicum
1021 4028 1357 4097 provinciam
1404 4029 1680 4100 ingressus
1707 4029 1984 4100 pontifex,
2086 4026 2293 4096 aliquot
2318 4042 2535 4082 menses
2563 4029 2703 4096 apud
2729 4027 3001 4081 Santonas
3022 4027 3141 4078 data
3173 4026 3292 4079 t'uit.
3320 4023 3460 4078 lstutl
3481 4035 3704 4080 autem

403 4117 684 4182 Uzcrcam,
719 4117 978 4172 invitante
1006 4117 1250 4173 Gerardo
1280 4120 1494 4184 abbate,
1519 4121 1764 4185 divertit,
1794 4121 1979 4190 ibique
2085 4117 2476 4172 monasterium
2526 4133 2558 4172 e
2609 4118 2953 4172 Cluniacensi
3004 4117 3196 4170 ordine
3250 4117 3318 4170 ad
3372 4116 3708 4172 canonicos

399 4206 715 4261 monasterii
735 4207 1026 4261 ecclesiam
1051 4208 1202 4277 juxta
1232 4209 1376 4278 quod
1405 4210 1455 4264 ei
1479 4209 1657 4264 fuerat
1683 4211 1980 4280 pollicitus,
2086 4208 2377 4264 smeularcs
2407 4209 2717 4264 devolutum
2739 4219 2843 4264 est.
2873 4209 2978 4263 Sed
2999 4209 3256 4264 Ganfredi
3300 4207 3701 4265 narrationem

403 4300 657 4355 dedicare
680 4302 1071 4363 constituerat;
1131 4311 1188 4356 at
1238 4301 1515 4358 Urbanum
1548 4303 1618 4358 ab
1664 4320 1730 4359 eo
1756 4304 1982 4360 consilio
2087 4315 2500 4371 prosequamur.
2536 4320 2556 4352 ς
2596 4302 2756 4363 lluic,
2817 4303 3016 4372 inquit,
3069 4300 3256 4357 Sancti
3300 4300 3566 4354 Martialis
3597 4306 3700 4358 de.

380 4389 732 4444 'llumhaldus
787 4391 1068 4461 episcopus
1125 4392 1530 4450 Lemovicensis
1554 4434 1571 4459 ,
1641 4396 1824 4452 nescio
1873 4411 1978 4466 qua
2012 4425 2059 4484 υ
2091 4393 2373 4457 dicationi,
2433 4409 2553 4464 quae
2581 4403 2798 4465 peracta
2827 4405 2912 4448 est
2949 4411 3107 4462 _anno
3157 4394 3447 4447 Dominica:
3486 4393 3702 4450 lucar-

376 4483 643 4550 ratione,
719 4483 987 4536 avocavit.
1044 4483 1205 4538 Forte
1254 4486 1396 4553 quod
1451 4485 1720 4542 Natalium
1772 4488 1976 4542 Christi
2021 4483 2028 4484 ί
2088 4488 2251 4541 tionis
2281 4488 2438 4550 1095,
2483 4487 2846 4542 interfuerunt
2887 4487 3069 4558 plures
3119 4488 3381 4557 episcopi,
3433 4501 3701 4554 quorum

396 4569 656 4625 solemnia
730 4571 871 4640 apud
938 4570 1256 4628 Lemovicas
1310 4590 1341 4629 a
1400 4577 1659 4645 pontiﬁce
1714 4577 1978 4633 celebrari
2083 4580 2302 4634 nomina
2347 4580 2562 4636 silentio
2615 4596 2722 4634 non
2779 4589 2905 4634 sunt
2949 4581 3214 4649 "tegenda.
3271 4578 3700 4649 Ηυεοίιιιεάηο

396 4673 638 4733 cuperet.
672 4663 923 4719 Urbanus
949 4665 1167 4736 quippe,
1198 4677 1255 4721 ut
1297 4684 1422 4723 mox
1452 4670 1789 4738 dicebamus,
1818 4672 1980 4743 paulo
2083 4673 2286 4737 nensis,
2318 4673 2660 4729 Audeberlus
2704 4672 3084 4736 Bituricensis,
3115 4674 3342 4726 Amatus
3391 4671 3696 4741 Burdega-

398 4753 626 4822 amplius
677 4769 842 4823 quam
905 4755 1210 4810 crediderat
1260 4757 1330 4814 ob
1378 4757 1606 4814 Joannis
1660 4760 1981 4818 Portuensis
2028 4781 2038 4790 ·
2085 4763 2270 4829 lensis,
2323 4765 2613 4826 Robertus,
2680 4780 2772 4819 seu
2829 4764 3011 4834 potius
3065 4764 3355 4819 Daibertus
3402 4762 3697 4827 Piseusis,

400 4844 855 4910 :egritudinemin
897 4845 1090 4900 itinere
1148 4857 1392 4903 moratus
1454 4861 1558 4906 est.
1617 4851 1698 4908 Ob
1732 4853 1836 4908 hoc
1894 4863 1980 4908 ta-
2086 4855 2391 4929 Rangerius
2459 4858 2804 4928 Rhegiensis,
2871 4857 2926 4911 hi
2994 4871 3184 4910 omnes
3249 4855 3695 4924 archiepiscopi,

371 4948 545 5015 aueo,
575 4934 619 4988 si
652 4936 896 4992 chronici
956 4938 1073 5008 ejus
1131 4938 1234 4993 loci
1284 4941 1584 4998 domestico
1610 4946 1818 5000 auctori
1859 4962 1979 5003 cre-
2083 4951 2289 5018 primus
2311 4951 2492 5004 Bruno
2539 4949 2858 5020 Signiensis,
2912 4947 3104 5001 Petrus
3153 4945 3523 5007 Pietaviensis,
3559 4946 3694 4999 Ar-

370 5021 610 5111 Idamus,
639 5026 916 5084 Gerardus
968 5030 1020 5084 in
1073 5032 1383 5101 episcopum
1439 5045 1750 5090 commotus
1795 5037 1980 5093 Adltc-
2084 5041 2286 5108 nulfus,
2329 5043 2438 5098 imo
2478 5039 2818 5104 Ramnulfus,
2847 5039 3168 5112 cognomine
3211 5037 3279 5091 de
3327 5035 3648 5092 llarbcsillo
3676 5081 3694 5102 ,

398 5131 552 5169 mare
576 5117 760 5173 Sancti
790 5119 1051 5176 Martialis
1076 5124 1256 5178 abbati
1289 5139 1411 5179 sese
1437 5127 1706 5196 adiunxit,
1731 5130 1981 5199 aquibus
2084 5132 2478 5188 Sanctonensis
2503 5174 2517 5196 ,
2592 5132 2902 5202 llaynaldus
2959 5129 3452 5200 Petragoriccnsis,
3522 5127 3697 5201 kay-

395 5222 580 5261 coram
629 5209 884 5278 pontifice
935 5227 1222 5271 accusatus
1267 5219 1578 5289 episcopus,
1613 5222 1775 5292 paulo
1835 5234 1977 5294 post,
2085 5227 2323 5283 mundus
2395 5225 2790 5288 Ruthenensis,
2865 5223 3197 5278 llumbaldus
3239 5219 3689 5288 Letnovicensis,

397 5299 474 5352 uti
507 5299 704 5354 dicturi
730 5316 939 5366 sumus,
966 5320 995 5358 a
1021 5322 1116 5361 sua
1153 5307 1284 5364 sede
1317 5310 1560 5379 deiectus
1592 5312 1717 5367 fuit.
1768 5315 1837 5369 At
1863 5317 1972 5371 Ge-

393 5391 591 5446 rardus
617 5406 803 5448 mense
850 5398 1115 5464 sequenti,
1149 5401 1266 5472 ipso
1292 5403 1380 5457 die
1407 5403 1546 5458 festo
1588 5407 1763 5460 sancti
1804 5406 1976 5463 Mauri

394 5483 630 5538 excessit
657 5499 689 5539 e
717 5486 850 5540 vita.
901 5487 1116 5545 Usercae
1155 5493 1370 5561 quando
1406 5495 1528 5550 illac
1557 5497 1771 5553 transiit
1797 5499 1977 5556 Urba-

392 5589 496 5628 nus
551 5585 678 5631 tunc
734 5577 965 5648 degebat
1013 5579 1303 5640 Mauricius
1363 5587 1656 5650 Burdiuns,
1706 5591 1823 5661 ejus
1871 5592 1973 5649 loci

394 5664 715 5733 mentas-bus,
769 5684 929 5740 quem
976 5686 1097 5727 cum
1145 5673 1454 5732 Bcrnardus
1501 5677 1673 5734 'l‘oleti
1706 5683 1974 5756 arClllt‘pl°

2085 5319 2136 5374 hi
2165 5334 2357 5373 omnes
2384 5317 2644 5387 episcopi.
2681 5317 2767 5380 lli,
2802 5324 3087 5386 postquam
3123 5313 3398 5366 Romanus
3421 5311 3690 5381 pontifex

2083 5425 2280 5478 aquam
2306 5409 2674 5469 benedixerat.
2697 5408 2844 5462 circa
2884 5405 3164 5460 basilicam
3213 5420 3363 5459 more
3410 5403 3690 5458 ecclesia.

2081 5503 2218 5556 stico
2233 5502 2626 5573 aspergebant;
2647 5499 2898 5553 dominus
2913 5512 3045 5568 papa
3062 5496 3296 5566 propriis
3317 5495 3566 5549 manibus
3579 5511 3684 5551 ve-

2083 5595 2383 5650 nerandum
2415 5594 2586 5648 altare
2613 5592 2973 5656 consecravit,
2998 5591 3327 5660 missumque
3349 5606 3515 5660 super
3537 5591 3682 5648 illud

2083 5686 2401 5745 solenmitcr
2430 5685 2738 5742 celebravit.
2769 5683 2893 5740 Inde
2920 5683 2986 5738 ad
3013 5682 3410 5738 bcncdicendos
3440 5685 3686 5755 populos
