3892 6320
1616 305 1792 363 “TA.

3283 302 3386 377 toti

122 433 180 488 in
232 432 500 502 Ιδυῖιιίειιιῖι
559 429 848 523 βτοοξδδην
931 436 1161 523 quorum
1216 433 1362 523 tanta
1418 425 1528 480 illic
1579 426 1777 523 crﬂlA
1807 443 2140 523 CCXXXVI.
2187 448 2427 504 Urbanus
2457 455 2597 507 varia
2622 456 2711 508 dat
2735 456 3040 523 diplomata.
3071 457 3385 509 iuonasterio

119 523 431 585 multitudo,
469 531 528 575 ut
575 523 627 576 in
661 521 890 576 circuitu
922 517 1184 579 civitatis.
1221 517 1360 570 citra
1385 529 1548 569 unum
1581 513 1707 568 mil-

121 614 342 667 liarium
373 611 582 664 nonnisi
634 609 912 663 hominum
942 607 1123 675 capita
1165 605 1509 669 viderentur;
1554 601 1706 657 obla-

121 705 334 757 tionnm
386 715 513 754 vero
572 709 720 753 tanta
779 701 934 768 copia
987 695 1161 756 ﬂuxit.
1212 703 1272 748 ut
1313 708 1440 747 arca
1472 689 1704 762 sepulcri

119 793 431 863 apostolici.
449 792 500 846 id
522 801 606 846 est
623 791 808 846 Sancti
834 788 1260 856 ,Martialis,quaa
1282 785 1442 855 vulgo
1467 782 1707 838 Gautcau

121 884 526 954 appellabatur,
552 890 753 952 prtuter
788 881 922 934 alias
957 879 1111 948 plena
1143 877 1492 931 redundaret.
1533 894 1550 926 ι
1584 873 1708 928 Haec

120 974 454 1039 Caul‘redus,
497 973 590 1042 qui
637 971 796 1041 paulo
843 979 1027 1032 antea,
1078 969 1122 1022 si
1155 964 1620 1034 tameulocusille
1641 979 1708 1020 ex

120 1064 234 1118 alio
261 1079 363 1118 ms.
387 1071 578 1117 erutus
606 1061 654 1116 ei
685 1059 844 1114 tribui
871 1059 1084 1122 debeat,
1110 1056 1404 1127 scripserat
1431 1054 1708 1110 Urbanum

125 1155 320 1210 Sancti
351 1153 605 1223 Stephani
653 1150 948 1213 ecclesiam,
993 1159 1040 1202 et
1078 1148 1211 1202 beati
1263 1145 1481 1200 Martini
1520 1162 1707 1198 mona-

121 1247 347 1300 sterium
384 1244 688 1307 dedicasse,
713 1242 801 1296 ubi
826 1257 922 1310 pro
949 1238 1134 1295 Sancti
1164 1237 1407 1299 Martini,
1429 1235 1708 1304 legendum

123 1337 272 1390 baud
330 1334 493 1391 dubie
559 1333 745 1389 Sancti
826 1330 1138 1394 Martialis,
1193 1341 1504 1398 quanquam
1568 1323 1709 1394 apud

123 1428 448 1482 Lemovices
497 1427 761 1481 habeatur
819 1437 1035 1493 quoque
1093 1418 1482 1476 monasterium
1510 1415 1710 1470 Sancto

127 1519 361 1572 Martino
383 1533 620 1572 sacrum.
653 1516 724 1570 At
768 1514 904 1570 nihil
963 1513 1248 1581 utrobique
1272 1511 1433 1564 habet
1462 1508 1529 1562 dc
1561 1506 1712 1561 dedi-

129 1612 350 1665 catiunc
377 1605 594 1665 Sancta:
641 1607 821 1663 Mariae
856 1606 924 1660 de
966 1603 1193 1674 Regula,
1243 1616 1404 1672 quam
1435 1609 1613 1655 tamen
1643 1600 1712 1651 ab

132 1703 380 1766 Urbano,
437 1703 529 1772 qui
577 1701 793 1771 quidem
819 1699 892 1754 ibi
936 1712 1004 1752 ex
1045 1698 1160 1766 ipso
1189 1693 1462 1750 Gaufredo
1492 1691 1710 1746 missam

1876 517 2170 596 flat/ariam
2245 523 2504 596 subjicit__
2531 517 2840 596 Bassacmn.
2913 525 2978 596 S.
3039 524 3382 596 Eparchium.

1877 585 2159 711 ganeum
2209 585 2405 646 tuetur.
2437 590 2720 649 Ecclesias
2781 595 2842 651 S.
2897 585 3134 650 Martiali
3182 595 3386 649 restitui

1879 784 1972 840 lite
1997 803 2158 857 porro
2187 790 2558 846 solemnitates
2572 793 2850 848 Urbanum
2867 808 2972 847 non
2995 793 3384 863 impediebant,

1807 879 2100 947 quominus
2122 881 2245 935 aliis
2273 883 2438 936 etiam
2464 885 2692 954 negotiis
2713 895 2954 945 vacaret,
2981 884 3122 953 quod
3156 885 3388 951 probant

1807 968 1956 1021 varia
1987 970 2104 1038 ejus
2129 971 2425 1042 diplomata
2461 975 2544 1028 bis
2595 975 2726 1045 ipsis
2766 975 2956 1029 diebus
2995 976 3138 1028 data.
3180 973 3256 1026 Ex
3305 974 3390 1027 bis

1809 1072 1975 1113 unum
2006 1071 2090 1116 est
2122 1062 2439 1132 inscriptum
2472 1065 2731 1120 Anseulfo
2757 1065 3140 1136 Angeriacensi
3185 1063 3388 1125 abbati,

1808 1150 1892 1203 cui
1939 1151 2158 1219 subjicit
2206 1155 2592 1210 monasterium
2643 1157 2986 1212 Basiacense.
3062 1155 3255 1209 Datum
3305 1165 3392 1207 est

1809 1243 1947 1309 apud
1975 1242 2294 1302 Lemovicas
2319 1249 2405 1302 die
2430 1264 2523 1302 xtv
2553 1248 2671 1302 Kal.
2695 1249 3031 1303 Decembris.
3073 1247 3272 1300 Eodem
3305 1245 3392 1298 die
3467 1265 3478 1270 ι

1810 1342 1865 1385 et
1889 1334 2078 1389 eodem
2109 1335 2224 1392 loco
2255 1339 2474 1408 scripsit
2503 1338 2743 1408 pontifex
2787 1337 2993 1391 litteras
3023 1336 3089 1389 ad
3125 1334 3393 1388 Adhenta-

1812 1438 1930 1478 rum
1956 1425 2379 1486 Ecolismcnsem
2431 1431 2767 1500 episcopum,
2807 1428 3004 1498 quibus
3051 1427 3099 1481 ei
3137 1426 3392 1495 injungit,

1810 1523 1872 1570 ut
1927 1521 2319 1575 monachorum
2369 1521 2558 1576 Sancti
2626 1520 2879 1590 Eparcbii
2938 1517 3392 1588 prwsumptionem

1813 1610 2095 1680 reprimat,
2120 1613 2210 1680 qui
2242 1614 2423 1668 abbati
2452 1612 2858 1684 Angcriacensi,
2886 1610 2972 1666 cui
2997 1608 3386 1663 monasterium

1813 1717 2000 1756 eorum
2045 1704 2344 1773 subjectum
2395 1722 2520 1761 csse
2570 1707 2826 1769 debebat,
2858 1703 3079 1758 obedire
3128 1702 3394 1755 detrccut-

135 1801 322 1854 medite
347 1797 524 1852 noctis
547 1793 805 1860 cantavit,
824 1790 1026 1845 factum
1054 1789 1217 1842 fuisse
1246 1786 1471 1854 legimus
1501 1784 1553 1836 in
1581 1784 1712 1836 duo-

1838 1801 1962 1856 tant,
1995 1795 2158 1848 etiam
2207 1809 2332 1864 post
2378 1797 2541 1850 latam
2577 1797 2627 1850 in
2679 1811 2772 1848 eos
2813 1789 3321 1848 excomtnuuicatio.
3349 1790 3396 1842 is

135 1891 233 1944 bus
269 1886 546 1942 veteribus
571 1882 841 1938 chronicis
861 1895 994 1934 mss.
1021 1877 1208 1932 Sancti
1242 1875 1519 1928 Martialis.

204 1980 473 2032 Caeterum
505 1975 620 2028 haec
652 1973 831 2027 omnia
857 1970 1026 2026 ferme
1057 1968 1247 2022 iisdem
1274 1965 1456 2019 verbis
1481 1976 1714 2016 narrau-

145 2083 226 2126 tur
248 2071 299 2124 in
325 2069 496 2122 veteri
527 2065 718 2121 notitia
745 2061 1149 2119 Lemovicensis
1181 2057 1436 2114 Ecclesiae
1465 2071 1526 2109 ea
1557 2054 1624 2106 de
1655 2067 1714 2107 re

153 2164 305 2225 facta,
327 2175 482 2228 quam
512 2166 634 2228 post
661 2155 898 2211 Bcslimn
929 2153 1064 2206 varii
1105 2159 1356 2205 auctores
1400 2145 1709 2200 ediderunt.

153 2253 204 2308 In
257 2270 316 2308 ca
372 2253 572 2320 quippe
626 2249 824 2320 legitur
876 2245 1160 2317 pontiﬁces
1203 2254 1394 2296 omnes
1430 2251 1591 2304 supra
1629 2249 1717 2287 re-

147 2348 369 2400 censitos
419 2343 690 2398 Natalium
720 2340 924 2397 Christi
965 2335 1364 2394 solemnitatem
1398 2328 1556 2386 simul
1592 2342 1714 2382 cum

148 2437 357 2490 Utbano
409 2434 552 2504 apud
601 2431 919 2486 Lemovicas
985 2428 1308 2487 celebrasse,
1365 2433 1600 2489 eumque
1650 2418 1718 2473 ad

141 2529 398 2580 Sanctum
429 2523 727 2578 Martialem
758 2529 1001 2582 euntem,
1035 2527 1094 2574 et
1121 2517 1317 2572 exinde
1346 2511 1532 2568 habito
1571 2509 1720 2579 prius

135 2619 198 2671 ad
262 2617 526 2686 pupulum
592 2629 876 2675 sermone,
942 2617 1259 2667 coronatum
1325 2605 1392 2659 ad
1457 2603 1718 2672 majorem

136 2708 423 2762 ecclesiam
455 2707 764 2760 redeuutem
793 2703 1081 2759 comitatus
1104 2700 1291 2754 fuisse.
1323 2695 1388 2750 Hi
1416 2706 1627 2755 omnes,
1662 2699 1721 2746 ut

137 2801 334 2854 ibidem
369 2799 592 2860 dicitur,
619 2798 707 2851 die
729 2804 882 2851 sexta
914 2792 1228 2848 Nativitatis
1255 2786 1491 2848 Domini.
1518 2798 1640 2853 qua:
1665 2783 1718 2837 in

140 2890 477 2943 D.mtinicam
546 2888 854 2952 incidebat,
924 2886 1122 2941 iterum
1190 2897 1314 2938 cum
1383 2878 1604 2936 Urbano
1655 2878 1723 2931 ad

137 2982 404 3036 Sanctum
437 2979 756 3044 Martialem,
815 2975 905 3032 ubi
960 2977 1076 3032 dies
1127 2984 1254 3030 octo
1275 2972 1476 3041 exegit.
1528 2983 1724 3023 conve-

1815 1885 2159 1938 sententiatn.
2193 1887 2364 1940 Porro
2409 1888 2752 1941 Adhemarus
2807 1895 2863 1937 ιιι
2900 1884 3066 1952 jussis
3106 1882 3399 1949 pontiliciis

1815 1974 2020 2029 faceret
2045 1977 2179 2031 satis
2210 1977 2524 2031 Anscnlfum
2551 1976 2834 2046 Angeriaci
2864 1975 3115 2027 abbatem
3155 1974 3210 2024 in
3240 1973 3391 2041 pleno

1816 2066 2075 2134 capitulo,
2145 2070 2436 2122 videntibus
2488 2067 2754 2122 canonicis
2803 2067 2934 2129 suis,
2992 2064 3266 2117 investivit
3329 2063 3396 2116 de

1817 2159 2033 2213 abbatia
2061 2160 2244 2215 Sancti
2269 2161 2543 2228 Eparrbii,
2573 2158 2770 2214 tradito
2793 2157 2842 2212 ei
2877 2155 3131 2227 pastorali
3171 2153 3396 2217 baculo;

1817 2261 1871 2306 et
1899 2252 1987 2308 ille
2011 2253 2264 2308 domuum
2293 2255 2567 2322 llugonem
2595 2251 2917 2307 monachum
2942 2249 3398 2319 Angeriacenscm

1821 2345 1873 2400 in
1901 2345 2086 2401 Sancti
2115 2345 2362 2416 Eparcbii
2389 2345 2642 2399 abbatem
2671 2341 2973 2406 ordinavit,
3025 2349 3084 2394 ut
3112 2340 3164 2393 in
3199 2339 3406 2391 instru-

1821 2447 2004 2492 mento
2031 2453 2094 2492 ea
2129 2435 2201 2492 de
2221 2452 2278 2492 re
2305 2435 2552 2492 confecto
2580 2443 2858 2490 narratur.

1893 2529 2003 2583 "ac
2026 2529 2140 2596 ipsa
2168 2528 2277 2594 die,
2303 2545 2340 2583 ιι
2361 2527 2479 2582 Kal.
2508 2525 2772 2587 Januarii,
2804 2539 2909 2595 qua
2935 2521 3119 2578 Sancti
3143 2520 3405 2575 Martialis

1821 2619 2100 2676 basilicam
2154 2619 2494 2675 consecravit
2537 2617 2798 2687 pontifex,
2847 2625 3176 2684 praeceptum
3205 2613 3402 2667 ibidem

1823 2713 1967 2766 dedit
1990 2713 2042 2767 in
2074 2712 2302 2783 gratiam
2332 2710 2663 2781 Figiacensis
2692 2706 3036 2771 monasterii,
3063 2704 3401 2763 Caturccusi,

1823 2805 2050 2873 aliisque
2082 2804 2276 2858 vicinis
2320 2802 2590 2872 episcOpis
2641 2800 2982 2870 inscriptum,
3024 2798 3282 2851 adversus
3306 2810 3402 2849 eos

1824 2897 1916 2967 qui
1963 2896 2064 2951 laci
2109 2895 2270 2964 hujus
2318 2893 2688 2964 possessiones
2737 2891 2878 2946 male
2927 2892 3258 2944 invaserant.
3292 2886 3410 2951 Quo

1825 2991 1988 3045 etiam
2023 2997 2294 3057 tempore,
2333 2987 2407 3040 uti
2440 3001 2508 3040 ex
2541 2984 2798 3040 Gaufredi
2829 2983 3101 3038 Chronico
3125 2981 3408 3042 tllStfltIllIS,

137 3087 336 3172 perunt
358 3114 372 3137 ,
405 3085 643 3172 cumque
687 3070 775 3172 die
824 3067 1072 3172 sequenti
1103 3064 1403 3169 .basilicatu
1460 3074 1622 3163 aqua.
1654 3060 1723 3113 ab
1752 3110 1796 3172 ο
1826 3100 1962 3153 papa
1992 3080 2233 3134 Urbanus
2263 3080 2522 3134 inrestivit
2545 3077 2846 3132 solemnitet'
2875 3075 3146 3129 ecclesiam
3173 3073 3234 3127 S.
3262 3072 3317 3124 Μ
3323 3089 3412 3125 ar-

139 3163 246 3230 ἓινιυ
275 3163 541 3231 poutilice
565 3161 714 3230 prius
742 3158 1056 3221 benedicta,
1103 3156 1332 3211 interius
1374 3152 1725 3218 exteriusque

136 3253 595 3320 pcrlttstt-asseut,
654 3252 770 3322 ipse
822 3250 1014 3304 eadem
1085 3262 1224 3316 aqua
1283 3245 1456 3300 altare
1511 3242 1724 3296 Domini

141 3345 449 3399 Salvatoris
478 3343 630 3406 lavit,
659 3343 958 3398 chrismate
984 3349 1039 3394 et
1068 3339 1187 3394 oleo
1214 3347 1403 3394 sancto
1449 3333 1724 3407 perunxit,

138 3439 368 3507 pignora
398 3445 708 3491 sanctorum
745 3434 817 3488 ibi
846 3431 1108 3501 reposuit,
1148 3445 1212 3486 ac
1233 3429 1475 3490 demum,
1516 3434 1729 3481 astante

139 3530 426 3582 innumera
458 3526 778 3596 populorum
810 3520 1354 3585 multitudine,missa
1387 3519 1457 3573 ibi
1485 3524 1724 3577 cantata,

138 3620 377 3674 sancivit
452 3626 513 3672 ut
575 3617 692 3672 haec
753 3613 1111 3671 dedicationis
1187 3612 1304 3667 dies
1366 3625 1404 3664 ιι
1459 3607 1731 3662 Kalendas

141 3708 387 3764 Januarii
415 3707 672 3763 solemnis
702 3707 758 3762 in
783 3713 1059 3776 posterum
1091 3701 1321 3773 singulis
1371 3698 1532 3753 annis
1565 3697 1732 3750 habeo

139 3811 306 3856 retur.
343 3799 498 3855 Hanc
527 3799 805 3854 basilicam
854 3812 884 3851 a
931 3795 1205 3850 Ludovico
1250 3793 1346 3846 Pio
1367 3790 1495 3845 olim
1518 3799 1734 3843 exstru-

141 3904 304 3954 ctam.
373 3892 469 3946 sed
512 3890 681 3946 variis
727 3887 973 3944 cladibus
1023 3886 1288 3942 attritam.
1338 3883 1391 3936 in
1443 3879 1731 3950 pristinum

143 3985 492 4053 splendorem
527 3983 835 4038 rcstituerat
875 3980 1219 4035 Adhemarus
1260 3974 1376 4043 ejus
1411 3973 1513 4027 loci
1545 3971 1732 4038 abbas,

143 4076 297 4135 paulo
341 4083 640 4143 antequam
668 4071 908 4142 pontifex
936 4067 1258 4125 Lemovicas
1274 4064 1573 4120 adveniret.

146 4224 459 4284 CCXXXV.
502 4224 748 4280 Urbanus
790 4225 887 4280 hoc
929 4239 1068 4279 anno
1121 4221 1388 4277 Arelatum
1432 4235 1536 4274 non
1582 4218 1736 4274 adiit.

372 4295 613 4365 Episcopi
647 4295 1091 4364 Wirceburgensis
1123 4291 1496 4348 reconciliatio.

217 4413 295 4468 Es
356 4411 442 4466 bis
488 4424 636 4472 vero,
691 4409 888 4479 quibus
925 4408 1020 4463 alii
1063 4407 1229 4463 etiam
1260 4413 1513 4460 auctores
1542 4400 1739 4457 sull'ra-

153 4515 376 4574 gantur,
407 4510 555 4573 patet
576 4509 838 4570 quantum
866 4499 1206 4554 aborraverit
1230 4513 1258 4551 a
1287 4512 1417 4552 vero
1431 4494 1740 4561 Bertoldns,

154 4607 347 4650 auctor
407 4594 544 4647 alias
601 4593 750 4648 omni
807 4591 1130 4660 exceptione
1192 4588 1472 4658 superior,
1541 4586 1633 4656 qui
1687 4587 1741 4642 in

156 4685 434 4742 Chronico
480 4683 696 4754 scripsit
747 4682 1026 4740 Urbanum
1081 4683 1185 4738 hoc
1228 4695 1375 4736 anno
1435 4679 1744 4734 Natiaitatis

165 4777 456 4832 Dominica:
489 4775 628 4828 diem
656 4774 856 4830 Arclati
879 4791 999 4829 cum
1020 4773 1345 4829 diversarum
1355 4770 1745 4842 provinciarum

159 4866 416 4935 episcopis
463 4863 836 4933 gloriosissime
890 4863 1198 4920 celebrasse.
1241 4863 1312 4916 At
1362 4861 1489 4917 licet
1536 4860 1592 4915 in
1645 4862 1750 4916 hoc

162 4957 454 5021 erraverit,
507 4973 611 5011 non
667 4967 848 5012 tamen
885 4957 1044 5013 estei
1092 4954 1405 5024 deneganda
1453 4953 1585 5008 ﬁdes
1618 4968 1750 5008 nar-

165 5052 306 5107 ranti
365 5047 860 5120 Wirciburgeusem
919 5049 1232 5118 episcopum
1255 5085 1271 5110 ,
1319 5045 1413 5115 qui
1465 5043 1516 5100 ei
1583 5045 1753 5114 probe

169 5152 328 5199 notus
358 5150 497 5206 erat,
527 5141 674 5197 circa
702 5141 818 5195 haec
843 5151 1083 5209 tempora
1129 5137 1332 5193 relictis
1367 5135 1752 5192 schismatico-

170 5251 287 5290 rum
326 5234 596 5307 partibus,
623 5233 689 5288 ad
719 5232 995 5288 Urbanum
1036 5231 1332 5288 accessisse
1353 5227 1754 5284 absolutionem

173 5327 240 5381 ab
265 5343 334 5382 eo
361 5327 680 5397 petiturum.
713 5324 909 5390 Quam,
942 5322 1115 5392 inquit
1142 5322 1254 5386 ille,
1277 5321 1342 5376 ab
1362 5336 1423 5375 eo
1449 5328 1757 5374 consecutus

176 5429 280 5483 est;
303 5420 378 5473 ita
405 5428 578 5473 tamen
604 5427 660 5471 ut
679 5417 861 5472 eadem
883 5415 1244 5470 misericordia
1268 5431 1300 5468 a
1322 5412 1504 5484 legatis
1531 5424 1682 5480 papa:
1702 5409 1757 5463 in

183 5507 473 5569 Teutonicis
503 5512 738 5583 partibus
759 5509 1093 5581 perficeretur
1119 5506 1305 5562 cidem.

1826 3173 1969 3226 tialis
1999 3180 2046 3226 et
2075 3171 2313 3224 abbatem
2341 3170 2507 3238 ipsius
2539 3168 2854 3222 Ademarum
2887 3167 2951 3219 de
2978 3165 3194 3219 ecclesia
3225 3163 3413 3217 Sam-ti

1833 3261 1976 3315 Petri
2035 3260 2502 3322 Montandrensis,
2547 3268 2595 3312 et
2656 3259 2720 3311 de
2771 3257 3004 3311 ccclesiis
3053 3257 3118 3308 de
3178 3253 3412 3309 Sa'iomo

1820 3367 1944 3403 cum
1980 3349 2301 3417 pertinentiis
2345 3349 2478 3413 suis,
2519 3348 2607 3400 ubi
2633 3347 2904 3416 requiescit
2943 3361 3129 3414 corpus
3164 3343 3221 3396 S.
3263 3343 3406 3395 Mar.

1827 3439 1924 3492 tini
1978 3438 2202 3498 abbatis,
2260 3436 2402 3489 illius
2432 3437 2697 3505 quondam
2743 3446 2896 3488 terra:
2949 3433 3218 3502 principis,
3261 3432 3415 3500 cujus

1829 3527 2002 3582 sancti
2027 3527 2203 3580 Vitam
2221 3537 2462 3595 tempore
2485 3523 3030 3577 Nortbmannicarum
3046 3519 3413 3574 incursionnm

1829 3618 2164 3689 deperditam
2198 3617 2364 3670 fuisse
2399 3614 2642 3683 deplorat
2673 3613 2814 3666 idem
2846 3621 3052 3674 auctor,
3087 3610 3414 3679 iumaguum

1830 3712 2072 3782 ejusdem
2097 3707 2415 3764 monasterii
2452 3706 2860 3762 detrimentum.
3249 3744 3251 3748 .

2061 3796 2368 3854 CCXXXVI
2396 3796 2492 3849 bis.
2527 3791 2867 3863 Privilegium
2899 3791 3190 3846 Tutclcnse.

1904 3895 2060 3946 Anno
2109 3887 2388 3959 sequenti,
2443 3885 2531 3940 die
2561 3884 2798 3938 secunda
2846 3881 3111 3943 Januarii,
3169 3879 3419 3935 Urbanus

1836 3986 2015 4040 adhuc
2072 3980 2453 4037 Lemovicibus
2509 3977 2750 4032 existens
2800 3973 3138 4043 privilegium
3201 3971 3422 4026 indulsit

1837 4076 2111 4132 Willelmo
2150 4071 2423 4127 Tulelensi
2455 4068 2659 4132 abbati,
2689 4082 2797 4137 quo
2845 4067 2982 4120 bona
3029 4062 3269 4132 ejusdem
3303 4077 3419 4113 tro-

1841 4166 2064 4223 naSterii
2093 4164 2194 4219 sub
2213 4161 2525 4234 apostolica:
2547 4159 2690 4214 sedis
2714 4157 2877 4212 tutela
2902 4155 3154 4224 suscipit;
3178 4151 3424 4206 meminit

1842 4259 1896 4315 in
1942 4273 2009 4312 co
2057 4255 2302 4324 pontifex
2351 4251 2733 4308 nonnullorum
2789 4247 3021 4302 militum
3076 4245 3130 4298 in
3183 4257 3244 4296 ea
3291 4243 3424 4294 urbe

1843 4348 2318 4409 commorantium,
2342 4346 2412 4398 ob
2439 4342 2578 4398 mala
2603 4356 2697 4395 sua
2722 4340 2958 4394 facinora
2982 4333 3422 4391 excommunica-

1772 4465 1816 4520 ι)
1848 4453 2050 4506 torum,
2098 4452 2329 4508 quorum
2369 4435 2660 4490 occasione
2702 4441 2866 4486 vetat.
2912 4420 2995 4483 ine
3036 4425 3424 4481 monasterium

1845 4534 2019 4602 ipsum
2035 4527 2529 4588 excommunicetur,
2553 4524 2655 4578 nisi
2681 4521 2820 4577 forte
2848 4521 2918 4576 ibi
2952 4519 3020 4574 ad
3047 4517 3220 4574 officia
3245 4516 3426 4569 divina

1844 4619 2298 4681 excommunicati
2326 4617 2402 4672 illi
2426 4615 2865 4670 admitterentur.

1883 4731 2235 4795 CCXXXVII.
2295 4728 2628 4784 llumbaldus
2677 4729 2946 4797 episcopus
3013 4719 3394 4778 Lentoviccnsis

2481 4799 2778 4868 deponitur.

1920 4894 2179 4952 Ecclesia:
2216 4889 2690 4947 Lemovicensium
2725 4895 2854 4940 tunc
2876 4892 3109 4953 praeerat
3166 4878 3432 4934 Hnnibal-

1850 4989 1976 5053 dus,
2029 4986 2120 5056 qui
2177 4985 2231 5040 in
2282 4983 2385 5038 hac
2435 4980 2564 5036 sede
2613 4987 2736 5048 post
2773 4976 2952 5030 varias
2975 4973 3431 5034 concertationes,

1850 5082 2077 5136 obtentu
2127 5077 2432 5131 litterarum
2494 5068 2936 5141 apostolicarum,
2981 5065 3074 5120 scd
3120 5063 3190 5119 ab
3219 5079 3284 5119 eo
3317 5064 3433 5132 ipso

1853 5170 2302 5229 adulteratarum,
2341 5165 2588 5218 firmatus
2623 5159 2823 5214 fuerat.
2870 5156 3090 5220 Verum,
3139 5170 3263 5211 cum
3295 5170 3432 5224 pou--

1855 5262 1982 5316 tiles
2035 5259 2174 5330 apud
2223 5257 2480 5312 Sanctum
2530 5249 2831 5307 Martialem
2896 5256 3242 5309 versaretur.
3293 5245 3434 5298 forte

1855 5354 2184 5410 Ademarum
2235 5349 2486 5402 abbatem
2534 5343 2825 5414 aliquando
2871 5339 3239 5411 reprehendit,
3292 5339 3439 5406 quod

1857 5447 2001 5502 hunc
2028 5443 2339 5514 episcopum
2365 5437 2567 5504 absque
2594 5449 2694 5490 suo
2722 5442 2854 5487 nutu
2883 5431 3215 5491 admisisset,
3241 5435 3434 5482 contra

1858 5537 1911 5591 id
1940 5533 2082 5604 quod
2114 5531 2296 5583 Romae
2343 5527 2410 5581 de
2460 5540 2527 5581 eo
2571 5532 2831 5580 statutum
2863 5521 3061 5576 fuerat.
3107 5520 3223 5585 Qua
3265 5527 3332 5570 de
3376 5531 3435 5570 re

1860 5603 2126 5678 attonitus
2160 5618 2332 5672 abbas
2373 5615 2586 5669 litteras
2641 5611 2965 5683 apostolicas
3009 5607 3110 5662 sibi
3150 5606 3217 5659 ab
3269 5603 3437 5657 Ilum-

1863 5711 2021 5772 baldo
2053 5709 2293 5765 redditas
2324 5705 2561 5780 pontiﬁci
2591 5702 2854 5766 osleudil;
2898 5699 3036 5753 unde
3084 5696 3193 5759 ille,
3251 5694 3440 5752 lraude
