3892 6320
571 275 667 330 191

1890 277 1946 330 Β.
1994 275 2246 331 υῐὶΒᾹΜ
2285 278 2324 332 ιι
2362 278 2560 332 ΡΑΡῶ

3673 309 3746 366 191

567 396 749 461 agnita
773 436 788 458 ,
839 397 1020 450 statim
1078 397 1433 452 llmnbaldum
1485 400 1690 468 publica
1750 402 2033 472 deposuit,
2093 404 2145 457 in
2177 405 2223 462 Δ
2253 405 2414 462 tilicis
2445 408 2644 466 Urbani
2667 413 2733 478 Il,
2758 433 2775 465 ι
2799 424 2906 469 etc.
2931 415 3508 480 lnaltetocodice'luec
3529 426 3744 496 leguntur:

568 481 721 548 cujus
769 482 944 538 locum
998 494 1116 554 post
1156 486 1372 554 aliquod
1427 499 1639 560 tempus
1693 490 2020 546 substitutus
2063 505 2147 548 cst

569 570 888 626 Guillelmus
915 573 1098 628 Sancti
1130 574 1400 629 Martialis
1429 579 1596 646 prior.
1630 578 1754 634 Ilrec
1780 592 1964 635 narrat
1997 581 2144 637 Gau-

570 662 752 717 fredus
782 665 1055 720 Vosiensis
1110 667 1163 720 in
1200 667 1650 740 Chronico,cap.
1694 672 1764 725 26
1809 683 1862 726 et
1909 673 2007 738 9.8,
2059 675 2146 728 cui

567 753 838 806 consentit
896 754 1202 808 Chronicon
1264 755 1639 816 Malleacense.
1691 760 1759 812 At
1821 761 2032 816 litteras
2080 764 2146 817 ab

573 840 870 906 IIutubaIdo
934 843 1157 911 [alsotas
1237 847 1474 899 nondum
1537 847 1802 902 hactenus
1860 851 2145 920 quisquam

569 932 806 996 viderat;
843 949 978 1000 quas
1001 934 1162 988 simul
1187 952 1308 990 cum
1341 939 1561 1006 antiqua
1588 938 1706 1005 ejus
1737 941 1810 995 rei
1850 944 2038 996 notitia
2076 960 2143 998 ex

569 1036 669 1074 ms.
697 1026 818 1075 cod.
842 1023 1098 1078 Ecclesia:
1125 1025 1530 1083 Lemovicensis
1560 1030 1649 1097 qui
1683 1031 1858 1085 fuerat
1882 1047 2048 1100 penes
2081 1035 2140 1089 ν.

567 1111 648 1166 Cl.
673 1113 876 1168 Anton.
931 1116 1104 1171 Faure
1139 1118 1393 1173 Ecclesia:
1444 1120 1729 1179 Rcmensis
1771 1128 2142 1194 pratpositum,

566 1204 845 1260 nobiscum
875 1225 902 1260 a
932 1209 996 1264 V.
1027 1209 1106 1264 Cl.
1137 1211 1358 1266 Baluzio
1386 1219 1816 1272 communicatae
1850 1219 2145 1274 referemus

566 1293 618 1345 in
651 1295 979 1364 Appendice.

781 1407 1149 1466 CCXXXVIII.
1193 1413 1400 1484 Carro/i
1432 1417 1601 1471 altare
1636 1431 1927 1475 consecrat.

634 1498 768 1552 Cum
826 1511 1004 1556 autem
1067 1505 1314 1561 Urbanus
1358 1510 1530 1577 pridie
1575 1511 1843 1567 Kalendas
1894 1515 2142 1571 Januarii

563 1591 855 1643 accesserit
884 1594 950 1646 ad
983 1593 1166 1649 Sancti
1203 1597 1465 1653 Martialis
1493 1607 1901 1667 monasterium,
1937 1607 2142 1674 ibique,

565 1689 622 1733 ut
646 1682 756 1749 jam
799 1684 1225 1749 observat-inuis,
1279 1699 1402 1744 octo
1451 1693 1565 1746 dies
1615 1697 1960 1765 transegerit,
2015 1699 2141 1753 hinc

2255 516 2276 550 ι
2302 500 2396 556 Die
2419 517 2472 554 χι
2496 502 2614 558 Kal.
2648 505 2928 562 Februarii
2959 509 3206 570 Urbanus
3239 512 3278 566 II
3307 518 3600 573 cum'tribus
3623 525 3747 578 arclii.
3789 526 3791 528 ’

2248 594 2537 664 episcopis,
2565 598 2897 669 totidemque
2929 602 3220 672 episcopis,
3254 608 3446 676 templo
3475 610 3522 662 in
3549 612 3748 670 honorem

2248 696 2445 742 sanctae
2503 689 2594 743 Dei
2661 692 2939 759 genitricis
2999 703 3057 750 et
3101 682 3389 753 beatorum
3454 705 3749 773 apostolorum

2247 777 2472 836 Joannis
2499 791 2555 836 et
2581 783 2811 840 Andreae
2835 786 3124 854 dedicato,
3176 790 3279 844 hoc
3337 793 3500 847 altare
3543 795 3684 863 majus
3715 800 3748 851 in

2248 871 2452 927 honore
2503 885 2816 931 sanctorum
2853 888 3156 950 martyrum
3209 881 3462 952 Stephani
3515 897 3749 955 prolontaro

2248 964 2402 1034 tyris,
2455 963 2771 1032 Laurentii,
2825 968 3123 1035 \‘inccntii,
3193 971 3478 1044 Chrysanti
3540 985 3587 1028 et
3629 977 3752 1032 Daris

2244 1055 2628 1110 venerabiliter
2650 1060 3007 1124 consecravit,
3026 1071 3080 1115 et
3105 1062 3363 1132 reliquias
3383 1078 3556 1119 eorum
3571 1068 3750 1134 posuit.»

2246 1143 2414 1198 Porro
2446 1145 2559 1214 ipse
2588 1145 2839 1201 Urbanus
2869 1149 2922 1202 in
2952 1164 3052 1204 suo
3075 1149 3370 1220 diplomate
3397 1161 3625 1207 testatur
3654 1156 3753 1209 lianc

2245 1236 2612 1291 ecclesiam-at
2669 1253 2729 1293 se
2777 1238 2945 1295 fuisse
2991 1252 3403 1307 consecratam,
3443 1244 3656 1312 adeoque
3687 1248 3755 1298 sub

2245 1329 2462 1397 speciali
2491 1331 2798 1399 apostolica:
2825 1332 2972 1387 sedis
2999 1333 3225 1387 tuitione
3249 1347 3372 1388 esse
3396 1334 3597 1389 debere.

2246 1441 2445 1498 CCXL.
2487 1443 2790 1514 Andegavos
2820 1462 2851 1498 a
2892 1444 3088 1499 Milone
3129 1447 3364 1503 ducitur.
3413 1445 3494 1500 lbi
3532 1449 3755 1501 cruciatam

2904 1516 3177 1582 pra’dicat.

2321 1603 2447 1657 Post
2481 1604 2614 1670 hac,
2666 1604 2740 1658 uti
2783 1607 3134 1676 prosequitur
3179 1615 3375 1661 auctor
3409 1607 3636 1662 Cbronici
3663 1609 3756 1661 Mal-

2246 1693 2531 1758 leacensis,
2561 1695 2807 1764 pontifex
2861 1698 3088 1763 perrexit
3146 1699 3441 1768 Andegavir
3475 1708 3521 1753 et
3562 1700 3756 1752 benedixit

561 1768 717 1824 facile
770 1773 1038 1842 colligitur
1087 1792 1211 1831 eum
1278 1780 1348 1833 ibi
1409 1781 1724 1850 Epiphaniae
1788 1761 2138 1843 festivitatem
2173 1761 2218 1820 Β
2246 1784 2617 1836 monasterium
2661 1783 2842 1838 Sancti
2878 1784 3114 1851 Nicolai,
3167 1791 3309 1858 quod
3347 1805 3511 1859 prope
3557 1789 3673 1842 hanc
3699 1805 3757 1840 ιιι·

557 1860 883 1925 celebrasse,
912 1881 978 1918 an
1016 1882 1142 1920 vero
1179 1868 1267 1922 die
1308 1874 1554 1940 sequenti
1590 1874 1640 1926 in
1673 1875 1860 1930 urbem
1892 1878 2137 1944 redierit,

558 1951 850 2006 nescimus.
899 1955 968 2006 At
1011 1965 1221 2010 certum
1277 1971 1360 2012 est
1407 1976 1531 2015 cum
1579 1962 1715 2018 feria
1766 1967 1953 2035 quinta
2013 1977 2140 2024 ante

557 2039 752 2094 festum
785 2045 954 2098 sancti
995 2045 1205 2115 llilarii,
1234 2065 1354 2118 qua:
1391 2054 1592 2107 mensis
1618 2053 1863 2112 Januarii
1913 2059 2031 2114 dies
2057 2071 2140 2116 est

558 2132 768 2185 decima
798 2137 982 2201 tertia,
1013 2138 1354 2196 Carrofensis
1384 2147 1522 2214 apud
1546 2146 1797 2204 Pictones
1824 2157 2137 2210 monasterii

557 2225 796 2283 basilica:
827 2230 985 2298 hujus
1016 2233 1186 2289 altare
1216 2240 1450 2305 propriis
1483 2243 1730 2298 manibus
1772 2262 1801 2298 a
1834 2245 1994 2302 Petro
2023 2248 2140 2317 ejus

557 2318 659 2372 loci
692 2320 885 2376 abbate
933 2323 1214 2380 invitatum
1268 2345 1621 2387 consecrasse
1671 2337 2050 2394 assistentibus
2087 2344 2135 2397 ei

556 2409 803 2471 plurimis
855 2414 1142 2483 episcopis.
1185 2417 1238 2472 Id
1284 2420 1548 2476 discimus
1604 2440 1669 2479 ex
1721 2429 1888 2483 veteri
1921 2432 2136 2499 notitia,

553 2515 718 2567 quam
755 2517 819 2556 ex
849 2505 1087 2560 archivis
1135 2506 1291 2576 hujus
1341 2514 1653 2568 monasterii
1687 2516 1984 2573 erutam'in
2026 2519 2136 2591 Ap-

553 2593 780 2660 pendicc
811 2595 1076 2651 dabimus.
1105 2598 1248 2654 Idem
1282 2602 1511 2658 habetur
1553 2621 1618 2659 ex
1672 2607 1948 2665 Sirmundi
1976 2613 2134 2668 sche-

555 2684 641 2736 dis
691 2683 741 2738 iu
791 2694 936 2742 tonio
985 2688 1027 2742 II
1083 2689 1427 2748 Bibliotheca:
1471 2711 1622 2749 novae
1665 2696 1965 2755 Labbeana:
2011 2718 2133 2773 pag.

554 2773 693 2837 755;
724 2777 815 2830 sed
853 2778 923 2831 ibi
953 2782 1153 2835 omissa
1187 2784 1375 2837 vocula
1425 2798 1564 2852 ante,
1606 2787 1747 2843 hanc
1771 2792 2137 2846 consecratio-

556 2881 678 2919 nem
709 2868 794 2922 die
823 2869 956 2924 festo
979 2874 1148 2927 sancti
1205 2874 1396 2930 IIilarii
1431 2876 1628 2942 factam
1679 2880 1846 2936 fuisse
1879 2891 2135 2941 mendose

555 2954 767 3023 legitur.
798 2957 1060 3014 Caeterum
1085 2965 1195 3031 ipse
1229 2964 1474 3021 Urbanus
1502 2968 1553 3020 in
1585 2969 1867 3041 privilegio
1887 2974 2129 3044 ejusdem

553 3049 893 3111 monasterii,
927 3064 1034 3119 quo
1054 3050 1172 3119 ejus
1211 3052 1351 3107 bona
1397 3064 1455 3110 et
1496 3058 1773 3127 privilegia
1804 3075 1834 3112 a
1861 3061 2039 3116 Leone
2065 3062 2132 3116 IX

537 3143 606 3186 -ει
659 3136 966 3193 Alexandro
1017 3139 1059 3194 ll
1116 3157 1371 3198 concessa
1421 3148 1726 3214 confirmat,
1765 3151 2030 3217 decernit,
2077 3165 2134 3208 ut

553 3241 714 3296 nemo
743 3227 938 3298 prsetet‘
965 3233 1270 3300 pontificem
1302 3223 1603 3292 Romanum
1649 3240 1701 3294 in
1753 3242 1883 3297 illud
1944 3244 2129 3309 altare,

550 3319 693 3387 quod
743 3320 855 3390 ipse
909 3325 1020 3378 suis
1074 3328 1308 3396 propriis
1366 3331 1618 3385 manibus
1679 3347 2132 3401 causeerarcrat,

550 3412 741 3466 audeat
788 3419 1366 3476 excommunicationis
1426 3431 1519 3475 aut
1567 3423 1839 3478 interdicti
1889 3426 2134 3494 proferre

549 3503 897 3559 sententiam.

547 3591 876 3649 CCXXXIX.
899 3595 1149 3672 _Picta_vis
1185 3601 1406 3655 celebrat
1432 3603 1622 3672 festum
1661 3603 1719 3660 S.
1759 3605 1986 3672 Hilarii,
2030 3621 2130 3663 etc.

888 3665 1154 3722 Benedicit
1184 3665 1558 3727 monasterium
1584 3693 1797 3729 novum.

625 3749 809 3804 Sancti
840 3750 1030 3808 Hilarii
1061 3755 1280 3823 festum,
1337 3762 1480 3828 quod
1526 3764 1612 3817 die
1665 3767 1730 3819 I3
1767 3765 2010 3823 Januarii
2038 3783 2131 3824 oc-

553 3839 1105 3902 currit,Urbanumin
1130 3845 1244 3915 ipsa
1265 3847 1614 3906 Pictarorutn
1645 3856 1777 3909 urbe
1806 3857 2132 3925 celebra-sse,

554 3930 712 3985 testis
740 3941 823 3986 est
852 3943 1044 3988 auctor
1094 3937 1348 3994 Cbronici
1401 3941 1797 4000 lllalleacensis.
1853 3948 1969 4013 Quo
2001 3959 2132 4005 tein-

554 4036 688 4090 pore
721 4021 912 4077 Petrus
938 4024 1176 4093 ejusdem
1205 4029 1355 4084 urbis
1377 4032 1663 4102 episcopus
1699 4041 2130 4096 controversiam

552 4111 697 4166 inter
721 4115 1017 4171 monachos
1048 4115 1506 4177 Trenorchienscs
1526 4132 1580 4178 et
1603 4128 1894 4182 canonicos
1914 4129 2134 4187 Sancta:

550 4201 741 4259 Crucis
799 4204 1202 4266 Lausdunensis
1256 4211 1540 4284 (Loudun)
1633 4227 1815 4273 natam
1883 4222 2127 4289 diremit,

549 4294 777 4365 ejusque
823 4300 1107 4355 sententiae
1151 4303 1268 4372 ipse
1313 4306 1558 4375 pontifex
1621 4311 1948 4381 subscripsit
2007 4330 2128 4370 cum

2243 1871 2366 1926 bern
2398 1872 2560 1925 situm
2593 1881 2695 1927 est.
2723 1871 3003 1927 Urbanum
3031 1891 3059 1928 a
3094 1876 3292 1932 Milone
3317 1893 3417 1931 suo
3440 1877 3594 1946 ipsius
3611 1876 3755 1942 legato,

2245 1972 2400 2015 antea
2425 1963 2694 2017 monacho
2719 1961 2902 2018 Sancti
2933 1963 3113 2019 Albini
3138 2005 3154 2030 ,
3187 1967 3293 2021 huc
3321 1967 3620 2037 perductum
3641 1963 3757 2016 fuisse
3852 1961 3853 2038 l

2241 2050 2438 2121 legitur
2494 2052 2548 2105 in
2605 2051 2876 2108 Chronico
2929 2054 3308 2126 Andegavensi
3362 2055 3498 2125 apud
3545 2054 3756 2107 Ιιιιειιιειιιιι

2244 2154 2389 2197 ιοιιιο
2427 2143 2444 2196 I
2493 2143 2844 2199 Bibliotheca;
2891 2162 3067 2212 norm,
3115 2155 3165 2201 et
3199 2147 3419 2216 quidem
3459 2156 3509 2199 ut
3539 2147 3756 2200 ecclesiam

2241 2232 2428 2286 Sancti
2487 2234 2664 2287 Albini
2722 2245 3088 2289 eausccraret.
3155 2236 3260 2290 Sed
3313 2237 3365 2314 id
3415 2236 3640 2290 monachi
3679 2231 3757 2299 rjls

2241 2322 2364 2383 loci,
2399 2323 2582 2375 nescio
2611 2339 2718 2391 qua
2745 2339 2935 2388 causa,
2975 2325 3286 2387 noluerunt,
3329 2334 3387 2378 ut
3415 2325 3565 2378 habet
3587 2325 3756 2376 a'tcruui

2239 2413 2568 2468 Chronicum
2597 2415 2650 2467 in
2683 2425 2894 2468 vetusto
2925 2417 3113 2470 codice
3141 2417 3437 2472 Cbristlna:
3469 2417 3646 2484 regina:
3669 2415 3756 2467 Sue-

2237 2504 2357 2569 cim,
2402 2505 2491 2574 qui
2546 2521 2690 2558 nunc
2739 2507 2791 2559 in
2845 2505 3182 2561 Bibliotheca
3227 2508 3582 2563 Ottoboniana
3624 2507 3756 2559 Romae

2237 2605 2587 2660 asset-vatur;
2623 2596 2702 2651 sic
2741 2597 2940 2667 quippe
2991 2599 3062 2651 ibi
3106 2613 3192 2652 res
3235 2601 3558 2668 exponitur:
3609 2598 3757 2648 «Anno

2239 2684 2397 2748 1096,
2448 2684 2701 2739 Urbanus
2759 2701 2896 2755 papa
2957 2688 3094 2754 apud
3149 2688 3496 2743 Atidccavam
3544 2689 3754 2743 cirizatrm

2233 2776 2535 2839 descendit,
2567 2786 2621 2830 et
2664 2776 2948 2831 ecclesiam
2995 2776 3180 2832 Sancti
3216 2779 3426 2836 Nicolai
3461 2780 3753 2835 consecravit.

2238 2865 2482 2918 Munachi
2507 2865 2651 2918 enim
2673 2865 2856 2920 Sancti
2879 2866 3082 2932 Albini,
3099 2877 3156 2922 ut
3171 2884 3266 2922 sua
3291 2870 3519 2925 ecclesia
3531 2881 3752 2924 consecra-

2237 2965 2389 3009 retur
2428 2957 2738 3020 noluerunt,
2772 2973 2868 3026 pro
2902 2973 3006 3026 qua
3043 2974 3100 3012 re
3129 2960 3372 3015 maxime
3403 2977 3534 3031 papa
3569 2967 3754 3017 venerat,

2240 3049 2500 3102 adductus
2526 3065 2554 3102 a
2585 3050 2784 3103 Milone
2819 3060 2977 3104 antea
3006 3053 3147 3106 beati
3175 3053 3358 3108 Albini
3389 3054 3651 3115 monacho,
3669 3063 3753 3105 titur

2189 3140 2206 3159 ‘
2241 3141 2497 3209 temporis
2536 3142 2708 3209 legato
2737 3156 2856 3194 suo.
2891 3161 2908 3195 ι
2945 3141 3116 3209 Ilnjus
3144 3142 3364 3199 Milonis
3395 3144 3622 3199 meminit
3649 3142 3754 3208 llugo

2239 3231 2664 3285 Flaviniacensis
2703 3231 2870 3285 abbas
2901 3231 2954 3286 in
2986 3233 3278 3297 Chronico,
3317 3235 3407 3288 ubi
3444 3249 3558 3290 eum
3592 3232 3752 3301 cpiaru-

2225 3339 2364 3391 .pum
2405 3321 2601 3376 factum
2641 3310 2808 3376 fuisse
2848 3323 3058 3377 scribit.
3123 3323 3230 3379 Sed
3279 3325 3400 3394 ejus
3443 3324 3576 3380 sedis
3610 3335 3752 3375 llttlllt‘tl

2237 3413 2289 3466 in
2327 3410 2524 3464 Lahbei
2563 3412 2801 3466 editione
2832 3428 2938 3466 non
2971 3413 3320 3482 exprimitur,
3356 3415 3426 3470 ob
3471 3413 3751 3468 detritumco

2237 3502 2355 3555 loco
2399 3503 2644 3555 codicem
2703 3518 2828 3567 ms.;
2879 3513 2934 3557 at
2991 3504 3108 3558 haec
3147 3504 3343 3560 lacuna
3395 3521 3461 3560 ex
3508 3500 3752 3560 dimitti“?s

2237 3591 2426 3646 Sancti
2470 3592 2662 3646 Albani
2705 3593 3082 3648 instrumentis
3128 3593 3287 3651 facile
3333 3595 3561 3665 suppleri
3606 3599 3749 3662 potest.

2237 3683 2290 3737 in
2323 3683 2518 3752 quibus
2545 3697 2738 3752 nempe
2773 3683 2899 3737 Milo
2935 3683 3296 3740 Prtenestinns
3329 3687 3603 3756 episcopus
3633 3683 3752 3734 fuisse

2237 3773 2379 3826 haud
2407 3771 2574 3827 semel
2611 3773 2826 3828 dicitur.
2859 3772 2926 3826 Et
2967 3774 3182 3844 quidem
3216 3775 3260 3830 is
3303 3785 3390 3831 est
3432 3777 3538 3847 ipse
3563 3773 3639 3844 qui
3667 3779 3751 3842 post

2235 3861 2496 3916 Bernardi
2543 3862 2750 3917 obitum
2791 3865 2856 3917 ad
2887 3865 3026 3919 hanc
3069 3865 3250 3920 sedem
3301 3877 3488 3922 contra
3532 3866 3748 3933 llugunem

2233 3952 2556 4016 Candidum,
2608 3953 2874 4008 famosum
2906 3955 3340 4021 schisn'iaticum,
3378 3967 3640 4025 provectus
3677 3958 3748 4008 est.

2235 4059 2297 4096 ac
2323 4059 2388 4097 eo
2421 4045 2640 4098 nomine
2677 4045 2921 4098 interfuit
2957 4046 3208 4106 electioni
3259 4047 3533 4102 Paschalis
3561 4045 3595 4099 ll
3629 4053 3749 4108 aquo

2235 4135 2285 4188 in
2323 4134 2550 4188 Galliam
2590 4137 2798 4205 legatus
2830 4138 3030 4191 missus
3064 4147 3170 4202 est,
3199 4153 3262 4192 ac
3292 4140 3504 4193 dennnn
3532 4152 3654 4190 anno
3675 4133 3750 4186 cir-

2214 4225 2368 4278 citer
2398 4225 2554 4288 IlOl,
2590 4235 2647 4278 ut
2685 4227 2874 4280 scribit
2908 4227 3180 4298 Ughellus,
3223 4245 3254 4284 e
3290 4231 3429 4283 viris
3453 4227 3672 4283 excessit.

2303 4313 2474 4366 Aliam
2524 4314 2928 4384 Andegavcusis
2985 4317 3145 4386 hujus
3203 4319 3414 4373 itineris
3470 4319 3534 4372 ab
3584 4315 3748 4370 Urbano

550 4388 745 4443 Amata
783 4390 1153 4463 Burdigalensi
1197 4406 1253 4451 et
1284 4397 1507 4470 Ilugone
1551 4400 1892 4472 Lugdunensi
1947 4408 2128 4462 archi-
2157 4442 2207 4502 υ
2233 4406 2470 4474 suscepti
2507 4421 2725 4460 causam
2763 4407 2919 4463 affert
2966 4409 3373 4502 Fulcoﬁcomes‘
3398 4412 3746 4502 Audegavorun

548 4479 839 4550 episcopis.
857 4482 1088 4540 Girardo
1111 4487 1502 4558 Engolismensi
1533 4495 1786 4565 episcOpo
1811 4505 1866 4552 et
1887 4496 2027 4564 aliis,
2051 4500 2128 4554 uti

552 4572 609 4626 in
638 4573 806 4628 veteri
836 4577 1144 4644 apographo
1190 4579 1403 4649 legitur.
1429 4583 1590 4638 Aliud
1639 4587 1894 4656 placitum
1943 4589 2130 4645 habuit

548 4659 663 4730 ipse
694 4663 940 4732 pontifex
970 4665 1022 4720 in
1055 4668 1283 4725 ecclesia
1315 4671 1498 4728 Sancti
1529 4675 1738 4742 llilarii,
1769 4680 1864 4734 sed
1892 4680 2034 4748 quod
2059 4681 2129 4736 ad

550 4768 790 4809 mensem
837 4755 1111 4825 Martium,
1149 4763 1368 4831 quando
1416 4765 1664 4824 Urbanus
1709 4770 1908 4824 iterum
1951 4770 2127 4827 Picta-

547 4860 644 4900 vos
707 4848 872 4914 adiit,
921 4839 1264 4908 referendum
1323 4865 1426 4911 est.
1489 4856 1682 4915 Verum
1736 4862 1841 4916 huc
1877 4867 2124 4921 revocari

546 4935 706 4990 debet
739 4939 1021 4996 benedictio
1072 4947 1390 5002 monasterii
1445 4951 1568 5004 novi
1613 4951 1663 5007 in
1715 4957 1903 5012 eadem
1958 4959 2121 5028 urbe,

547 5031 668 5094 quae
697 5042 801 5084 non
837 5047 908 5094 rt,
941 5043 999 5087 ut
1020 5036 1182 5091 habet
1205 5037 1512 5096 Chronicon
1541 5042 1918 5112 Malleacense,
1947 5053 2040 5106 sed
2066 5069 2120 5108 ιι

546 5116 816 5173 Kalendas
873 5120 1195 5191 Februarii,
1266 5141 1324 5184 ut
1367 5147 1434 5186 ex
1491 5134 1764 5190 veteribus
1812 5138 2123 5198 domesticis

543 5211 920 5267 instrumentis
945 5226 1175 5282 constat,
1208 5220 1276 5274 ab
1307 5223 1422 5291 ipso
1451 5226 1707 5293 pontifice
1755 5227 1900 5286 facta
1937 5242 2038 5286 est.
2063 5234 2118 5289 Id

538 5301 810 5357 evincitur
856 5319 923 5358 ex
975 5310 1140 5364 veteri
1187 5310 1570 5386 Martyrologio
1618 5333 1720 5371 ms.
1767 5321 1884 5390 ejus
1910 5321 2034 5387 loci,
2063 5325 2117 5379 in

539 5406 650 5461 quo
678 5392 794 5447 lucc
841 5392 1071 5450 ecclesia
1118 5399 1203 5454 die
1258 5402 1397 5458 festo
1433 5406 1606 5460 sancti
1638 5407 1906 5464 Vincentii
1933 5428 2118 5469 conse-

537 5492 691 5538 crata
716 5484 931 5551 dicitur,
964 5486 1048 5542 bis
1070 5491 1250 5544 verbis
1275 5509 1288 5546 :
1325 5511 1343 5544 ι
1372 5495 1554 5550 Abbas
1582 5497 1812 5555 domnus
1841 5499 2116 5560 Gerardus

535 5575 582 5634 II
611 5577 711 5631 sub
737 5577 888 5647 cujus
916 5588 1154 5650 tempore
1179 5583 1405 5640 ecclesia
1429 5599 1615 5643 nostra
1648 5589 1749 5644 fuit
1795 5592 2038 5648 dedicata
2062 5605 2117 5650 et

538 5677 753 5727 sacrata
771 5671 856 5727 die
887 5674 1058 5728 sancti
1092 5672 1356 5732 Viucentii
1387 5694 1481 5748 per
1519 5698 1711 5738 manus
1741 5687 1935 5743 summi
1977 5703 2078 5752 pou
2098 5718 2110 5729 -

2233 4495 2286 4548 in
2329 4495 2636 4564 fragmento
2664 4496 2913 4551 Historia:
2942 4507 3084 4552 tonio
3127 4497 3173 4551 X
3208 4499 3482 4571 Spicilegii
3509 4488 3744 4586 Aelieriani

2229 4583 2394 4647 edito,
2443 4594 2502 4638 ut
2531 4601 2724 4654 nempe
2771 4585 2888 4652 ejus
2931 4588 3223 4655 provinciae
3269 4589 3471 4643 incolas
3516 4588 3578 4640 ad
3623 4583 3745 4636 susci-

2227 4676 2476 4747 piendam
2496 4691 2705 4731 sacram
2733 4679 3132 4746 expeditionem
3155 4681 3441 4735 excitaret.
3461 4677 3598 4746 Quod
3621 4673 3743 4730 etiam

2229 4770 2391 4823 habet
2419 4778 2572 4823 vetus
2607 4769 2914 4824 Chronicon
2959 4771 3143 4824 Sancti
3184 4771 3384 4826 Albini.
3431 4771 3534 4826 Nec
3567 4767 3741 4859 miranti

2229 4874 2352 4913 nam
2379 4859 2670 4930 ubicunque
2695 4860 2930 4929 pontifex
2959 4861 3082 4930 fuit,
3119 4862 3298 4932 inquit
3331 4875 3516 4918 auctor
3539 4853 3741 4914 Chronid

2227 4950 2620 5015 Mallcaccnsis,
2667 4953 2910 5019 prrecepit
2958 4969 3137 5006 cruces
3195 4953 3370 5021 facere
3395 4949 3678 5007 hominibus,
3707 4949 3741 4992 tl

2223 5057 2431 5110 pergere
2459 5039 2776 5104 Jerusalem,
2824 5051 2871 5094 ct
2907 5039 3128 5094 liberare
3155 5057 3272 5094 eam
3312 5061 3342 5096 α
3378 5041 3550 5094 Turris
3576 5045 3618 5090 et
3652 5030 3740 5132 till"

2223 5132 2480 5200 gentibus.
2531 5130 2812 5185 Conscntit
2862 5142 3017 5186 vetus
3067 5142 3257 5185 auctor
3313 5133 3450 5200 apud
3499 5128 3738 5220 Chesuiutn

2193 5235 2196 5238 ‘
2224 5232 2368 5276 toruo
2400 5221 2486 5288 IV,
2520 5238 2642 5292 pag.
2667 5223 2758 5288 90,
2783 5224 2875 5293 qui
2905 5227 3070 5279 refert
3104 5223 3378 5280 Urbanum
3409 5221 3634 5277 omnibus
3656 5227 3738 5280 ειιισ

2221 5315 2401 5384 scepis
2456 5316 2794 5385 imperasse,
2833 5327 2890 5372 ut
2949 5317 3142 5389 singuli
3203 5318 3259 5372 in
3312 5319 3424 5373 suis
3471 5307 3736 5404 dimcesiltlis

2222 5407 2360 5459 hanc
2387 5407 2783 5476 expeditionem
2815 5409 3196 5476 praedicarent,
3223 5410 3381 5479 idque
3413 5406 3573 5476 rcipsa
3600 5400 3656 5453 ab
3677 5400 3735 5448 eis

2220 5498 2387 5551 fuisse
2439 5499 2762 5566 praestitum.
2814 5499 2884 5552 Et
2917 5499 3170 5568 quidem,
3235 5511 3296 5555 ut
3343 5513 3521 5554 omnes
3561 5491 3730 5580 norunt.

2218 5589 2486 5659 prmcipua
2545 5590 2658 5644 hac
2719 5600 2841 5644 erat
2899 5590 3156 5660 pontificii
3225 5591 3277 5644 in
3332 5590 3523 5645 Gallias
3569 5584 3731 5673 itineris

2217 5700 2409 5751 causa;
2439 5684 2593 5754 cujus
2624 5684 2698 5738 rei
2735 5683 2872 5738 alius
2906 5692 3102 5754 praeter
3134 5684 3404 5741 Urbanum
3433 5683 3586 5752 ipsum
3616 5676 3733 5728 ιοδιιδ
