  <div class='ocr_page' id='page_1' title='image "/cluster/home/n/w/nwhite01/storage/ocr_20150623/151/hvd.32044015473796/102.png"; bbox 0 0 3892 6320; ppageno 0'>
   <div class='ocr_carea' id='block_1_1' title="bbox 124 382 246 440">
    <p class='ocr_par' dir='ltr' id='par_1_1' title="bbox 124 382 246 440">
     <span class='ocr_line' id='line_1_1' title="bbox 124 382 246 440; baseline 0.025 -3"><span class='ocrx_word' id='word_1_1' title='bbox 124 382 246 440; x_wconf 73' lang='grc'><strong>195</strong></span> 
     </span>
    </p>
   </div>
   <div class='ocr_carea' id='block_1_2' title="bbox 1670 376 1848 436">
    <p class='ocr_par' dir='ltr' id='par_1_2' title="bbox 1670 376 1848 436">
     <span class='ocr_line' id='line_1_2' title="bbox 1670 376 1848 436; baseline -0.017 0"><span class='ocrx_word' id='word_1_2' title='bbox 1670 376 1848 436; x_wconf 64' lang='grc' dir='ltr'><strong>ΥΙΤᾸ.</strong></span> 
     </span>
    </p>
   </div>
   <div class='ocr_carea' id='block_1_3' title="bbox 3301 390 3404 446">
    <p class='ocr_par' dir='ltr' id='par_1_3' title="bbox 3301 390 3404 446">
     <span class='ocr_line' id='line_1_3' title="bbox 3301 390 3404 446; baseline 0 0"><span class='ocrx_word' id='word_1_3' title='bbox 3301 390 3404 446; x_wconf 66' lang='grc'><strong>194</strong></span> 
     </span>
    </p>
   </div>
   <div class='ocr_carea' id='block_1_4' title="bbox 115 481 3402 565">
    <p class='ocr_par' dir='ltr' id='par_1_4' title="bbox 115 481 3402 565">
     <span class='ocr_line' id='line_1_4' title="bbox 115 481 3402 565; baseline 0.002 -16"><span class='ocrx_word' id='word_1_4' title='bbox 115 493 461 564; x_wconf 67' lang='grc' dir='ltr'>ιιιιςειοιιιΙιιε</span> <span class='ocrx_word' id='word_1_5' title='bbox 498 509 604 549; x_wconf 90' lang='lat' dir='ltr'><strong>non</strong></span> <span class='ocrx_word' id='word_1_6' title='bbox 632 502 735 556; x_wconf 88' lang='lat' dir='ltr'><strong>est.</strong></span> <span class='ocrx_word' id='word_1_7' title='bbox 782 494 874 565; x_wconf 86' lang='lat' dir='ltr'><strong>qui</strong></span> <span class='ocrx_word' id='word_1_8' title='bbox 925 511 988 550; x_wconf 85' lang='lat' dir='ltr'><strong>eo</strong></span> <span class='ocrx_word' id='word_1_9' title='bbox 1035 496 1215 550; x_wconf 90' lang='lat' dir='ltr'><strong>animo</strong></span> <span class='ocrx_word' id='word_1_10' title='bbox 1260 496 1325 550; x_wconf 89' lang='lat' dir='ltr'><strong>ad</strong></span> <span class='ocrx_word' id='word_1_11' title='bbox 1367 495 1636 564; x_wconf 89' lang='lat' dir='ltr'><strong>principes</strong></span> <span class='ocrx_word' id='word_1_12' title='bbox 1666 505 1721 548; x_wconf 80' lang='lat' dir='ltr'><strong>et</strong></span> <span class='ocrx_word' id='word_1_13' title='bbox 1752 481 1795 533; x_wconf 74' lang='grc' dir='ltr'><strong>Α</strong></span> <span class='ocrx_word' id='word_1_14' title='bbox 1826 507 2027 556; x_wconf 74' lang='grc'><strong>«³011108,</strong></span> <span class='ocrx_word' id='word_1_15' title='bbox 2057 494 2145 562; x_wconf 87' lang='lat' dir='ltr'><strong>qui</strong></span> <span class='ocrx_word' id='word_1_16' title='bbox 2180 510 2415 564; x_wconf 76' lang='lat' dir='ltr'><strong>prresens</strong></span> <span class='ocrx_word' id='word_1_17' title='bbox 2444 497 2654 561; x_wconf 81' lang='lat' dir='ltr'><strong>aderat,</strong></span> <span class='ocrx_word' id='word_1_18' title='bbox 2693 499 2909 552; x_wconf 77' lang='lat' dir='ltr'><strong>disertis</strong></span> <span class='ocrx_word' id='word_1_19' title='bbox 2947 499 3125 556; x_wconf 87' lang='lat' dir='ltr'><strong>verbis</strong></span> <span class='ocrx_word' id='word_1_20' title='bbox 3157 501 3318 557; x_wconf 93' lang='lat' dir='ltr'><strong>refert</strong></span> <span class='ocrx_word' id='word_1_21' title='bbox 3350 505 3402 557; x_wconf 90' lang='lat' dir='ltr'><strong>in</strong></span> 
     </span>
    </p>
   </div>
   <div class='ocr_carea' id='block_1_5' title="bbox 115 584 1720 654">
    <p class='ocr_par' dir='ltr' id='par_1_5' title="bbox 115 584 1720 654">
     <span class='ocr_line' id='line_1_5' title="bbox 115 584 1720 654; baseline -0.002 -14"><span class='ocrx_word' id='word_1_22' title='bbox 115 596 367 640; x_wconf 63' lang='lat' dir='ltr'><strong>caeteros</strong></span> <span class='ocrx_word' id='word_1_23' title='bbox 393 584 662 640; x_wconf 76' lang='lat' dir='ltr'><strong>Flandria&#39;:</strong></span> <span class='ocrx_word' id='word_1_24' title='bbox 705 585 892 639; x_wconf 80' lang='lat' dir='ltr'><strong>ﬁdeles</strong></span> <span class='ocrx_word' id='word_1_25' title='bbox 940 585 1148 639; x_wconf 89' lang='lat' dir='ltr'><strong>litteras</strong></span> <span class='ocrx_word' id='word_1_26' title='bbox 1178 585 1398 654; x_wconf 75' lang='lat' dir='ltr'><strong>seripsit</strong></span> <span class='ocrx_word' id='word_1_27' title='bbox 1431 593 1557 638; x_wconf 90' lang='lat' dir='ltr'><strong>tunc</strong></span> <span class='ocrx_word' id='word_1_28' title='bbox 1581 594 1720 638; x_wconf 89' lang='lat' dir='ltr'><strong>tem-</strong></span> 
     </span>
    </p>
   </div>
   <div class='ocr_carea' id='block_1_6' title="bbox 114 675 1721 743">
    <p class='ocr_par' dir='ltr' id='par_1_6' title="bbox 114 675 1721 743">
     <span class='ocr_line' id='line_1_6' title="bbox 114 675 1721 743; baseline -0.001 -15"><span class='ocrx_word' id='word_1_29' title='bbox 114 677 313 743; x_wconf 84' lang='lat' dir='ltr'><strong>poris,</strong></span> <span class='ocrx_word' id='word_1_30' title='bbox 343 683 402 728; x_wconf 91' lang='lat' dir='ltr'><strong>ut</strong></span> <span class='ocrx_word' id='word_1_31' title='bbox 431 691 526 730; x_wconf 89' lang='lat' dir='ltr'><strong>eos</strong></span> <span class='ocrx_word' id='word_1_32' title='bbox 550 675 617 730; x_wconf 89' lang='lat' dir='ltr'><strong>de</strong></span> <span class='ocrx_word' id='word_1_33' title='bbox 648 690 707 728; x_wconf 89' lang='lat' dir='ltr'><strong>re</strong></span> <span class='ocrx_word' id='word_1_34' title='bbox 729 676 947 730; x_wconf 88' lang='lat' dir='ltr'><strong>decreta</strong></span> <span class='ocrx_word' id='word_1_35' title='bbox 975 677 1026 729; x_wconf 93' lang='lat' dir='ltr'><strong>in</strong></span> <span class='ocrx_word' id='word_1_36' title='bbox 1049 677 1279 730; x_wconf 86' lang='lat' dir='ltr'><strong>concilio</strong></span> <span class='ocrx_word' id='word_1_37' title='bbox 1300 676 1721 730; x_wconf 84' lang='lat' dir='ltr'><strong>Claromontano</strong></span> 
     </span>
    </p>
   </div>
   <div class='ocr_carea' id='block_1_7' title="bbox 114 755 1718 836">
    <p class='ocr_par' dir='ltr' id='par_1_7' title="bbox 114 755 1718 836">
     <span class='ocr_line' id='line_1_7' title="bbox 114 755 1718 836; baseline 0.001 -18"><span class='ocrx_word' id='word_1_38' title='bbox 114 782 295 821; x_wconf 84' lang='lat' dir='ltr'><strong>sacra</strong></span> <span class='ocrx_word' id='word_1_39' title='bbox 346 767 730 836; x_wconf 72' lang='lat' dir='ltr'><strong>expeditione,</strong></span> <span class='ocrx_word' id='word_1_40' title='bbox 799 755 1253 836; x_wconf 76' lang='lat' dir='ltr'><strong>indulgentiisquc</strong></span> <span class='ocrx_word' id='word_1_41' title='bbox 1307 767 1374 821; x_wconf 90' lang='lat' dir='ltr'><strong>iis</strong></span> <span class='ocrx_word' id='word_1_42' title='bbox 1433 767 1523 836; x_wconf 88' lang='lat' dir='ltr'><strong>qui</strong></span> <span class='ocrx_word' id='word_1_43' title='bbox 1576 766 1718 820; x_wconf 89' lang='lat' dir='ltr'><strong>illam</strong></span> 
     </span>
    </p>
   </div>
   <div class='ocr_carea' id='block_1_8' title="bbox 113 857 1719 928">
    <p class='ocr_par' dir='ltr' id='par_1_8' title="bbox 113 857 1719 928">
     <span class='ocr_line' id='line_1_8' title="bbox 113 857 1719 928; baseline -0.002 -16"><span class='ocrx_word' id='word_1_44' title='bbox 113 860 476 928; x_wconf 90' lang='lat' dir='ltr'><strong>susciperent</strong></span> <span class='ocrx_word' id='word_1_45' title='bbox 514 859 814 922; x_wconf 87' lang='lat' dir='ltr'><strong>concessis,</strong></span> <span class='ocrx_word' id='word_1_46' title='bbox 847 858 1048 913; x_wconf 82' lang='lat' dir='ltr'><strong>faceret</strong></span> <span class='ocrx_word' id='word_1_47' title='bbox 1077 860 1362 912; x_wconf 75' lang='lat' dir='ltr'><strong>certiores.</strong></span> <span class='ocrx_word' id='word_1_48' title='bbox 1411 857 1564 912; x_wconf 82' lang='lat' dir='ltr'><strong>Unde</strong></span> <span class='ocrx_word' id='word_1_49' title='bbox 1603 857 1719 909; x_wconf 83' lang='lat' dir='ltr'><strong>uui-</strong></span> 
     </span>
    </p>
   </div>
   <div class='ocr_carea' id='block_1_9' title="bbox 116 945 1717 1019">
    <p class='ocr_par' dir='ltr' id='par_1_9' title="bbox 116 945 1717 1019">
     <span class='ocr_line' id='line_1_9' title="bbox 116 945 1717 1019; baseline 0 -19"><span class='ocrx_word' id='word_1_50' title='bbox 116 964 322 1002; x_wconf 84' lang='lat' dir='ltr'><strong>versos</strong></span> <span class='ocrx_word' id='word_1_51' title='bbox 357 961 559 1014; x_wconf 87' lang='lat' dir='ltr'><strong>monet,</strong></span> <span class='ocrx_word' id='word_1_52' title='bbox 593 958 652 1002; x_wconf 89' lang='lat' dir='ltr'><strong>ut</strong></span> <span class='ocrx_word' id='word_1_53' title='bbox 691 950 735 1004; x_wconf 88' lang='lat' dir='ltr'><strong>si</strong></span> <span class='ocrx_word' id='word_1_54' title='bbox 769 949 861 1019; x_wconf 87' lang='lat' dir='ltr'><strong>qui</strong></span> <span class='ocrx_word' id='word_1_55' title='bbox 896 950 960 1002; x_wconf 91' lang='lat' dir='ltr'><strong>ad</strong></span> <span class='ocrx_word' id='word_1_56' title='bbox 1010 947 1138 1002; x_wconf 90' lang='lat' dir='ltr'><strong>illud</strong></span> <span class='ocrx_word' id='word_1_57' title='bbox 1182 949 1403 1002; x_wconf 79' lang='lat' dir='ltr'><strong>verbum</strong></span> <span class='ocrx_word' id='word_1_58' title='bbox 1454 945 1717 1016; x_wconf 82' lang='lat' dir='ltr'><strong>proﬁcisci</strong></span> 
     </span>
    </p>
   </div>
   <div class='ocr_carea' id='block_1_10' title="bbox 114 1038 1719 1108">
    <p class='ocr_par' dir='ltr' id='par_1_10' title="bbox 114 1038 1719 1108">
     <span class='ocr_line' id='line_1_10' title="bbox 114 1038 1719 1108; baseline -0.001 -16"><span class='ocrx_word' id='word_1_59' title='bbox 114 1041 422 1097; x_wconf 85' lang='lat' dir='ltr'><strong>voluerint.</strong></span> <span class='ocrx_word' id='word_1_60' title='bbox 455 1041 628 1108; x_wconf 82' lang='lat' dir='ltr'><strong>parati</strong></span> <span class='ocrx_word' id='word_1_61' title='bbox 661 1041 770 1094; x_wconf 89' lang='lat' dir='ltr'><strong>sint</strong></span> <span class='ocrx_word' id='word_1_62' title='bbox 796 1040 1020 1095; x_wconf 86' lang='lat' dir='ltr'><strong>omnino</strong></span> <span class='ocrx_word' id='word_1_63' title='bbox 1049 1039 1113 1092; x_wconf 89' lang='lat' dir='ltr'><strong>ad</strong></span> <span class='ocrx_word' id='word_1_64' title='bbox 1142 1040 1446 1107; x_wconf 82' lang='lat' dir='ltr'><strong>proximam</strong></span> <span class='ocrx_word' id='word_1_65' title='bbox 1477 1038 1719 1106; x_wconf 76' lang='lat' dir='ltr'><strong>Deiparze</strong></span> 
     </span>
    </p>
   </div>
   <div class='ocr_carea' id='block_1_11' title="bbox 116 1128 1720 1200">
    <p class='ocr_par' dir='ltr' id='par_1_11' title="bbox 116 1128 1720 1200">
     <span class='ocr_line' id='line_1_11' title="bbox 116 1128 1720 1200; baseline -0.002 -15"><span class='ocrx_word' id='word_1_66' title='bbox 116 1132 526 1200; x_wconf 86' lang='lat' dir='ltr'><strong>assumptionis</strong></span> <span class='ocrx_word' id='word_1_67' title='bbox 563 1131 946 1192; x_wconf 77' lang='lat' dir='ltr'><strong>festivitatem;</strong></span> <span class='ocrx_word' id='word_1_68' title='bbox 979 1147 1086 1198; x_wconf 90' lang='lat' dir='ltr'><strong>quo</strong></span> <span class='ocrx_word' id='word_1_69' title='bbox 1115 1139 1354 1196; x_wconf 89' lang='lat' dir='ltr'><strong>tempore</strong></span> <span class='ocrx_word' id='word_1_70' title='bbox 1382 1128 1720 1183; x_wconf 74' lang='lat' dir='ltr'><strong>Adbemarus</strong></span> 
     </span>
    </p>
   </div>
   <div class='ocr_carea' id='block_1_12' title="bbox 117 1222 1717 1293">
    <p class='ocr_par' dir='ltr' id='par_1_12' title="bbox 117 1222 1717 1293">
     <span class='ocr_line' id='line_1_12' title="bbox 117 1222 1717 1293; baseline 0.001 -19"><span class='ocrx_word' id='word_1_71' title='bbox 117 1222 425 1292; x_wconf 84' lang='lat' dir='ltr'><strong>episcopus</strong></span> <span class='ocrx_word' id='word_1_72' title='bbox 455 1222 780 1286; x_wconf 81' lang='lat' dir='ltr'><strong>Aniciensis,</strong></span> <span class='ocrx_word' id='word_1_73' title='bbox 818 1225 1054 1277; x_wconf 81' lang='lat' dir='ltr'><strong>vicarius</strong></span> <span class='ocrx_word' id='word_1_74' title='bbox 1098 1223 1374 1293; x_wconf 89' lang='lat' dir='ltr'><strong>pontiﬁcis</strong></span> <span class='ocrx_word' id='word_1_75' title='bbox 1419 1223 1470 1276; x_wconf 92' lang='lat' dir='ltr'><strong>in</strong></span> <span class='ocrx_word' id='word_1_76' title='bbox 1504 1222 1588 1276; x_wconf 87' lang='lat' dir='ltr'><strong>illa</strong></span> <span class='ocrx_word' id='word_1_77' title='bbox 1624 1238 1717 1275; x_wconf 50' lang='lat' dir='ltr'><strong>ex.</strong></span> 
     </span>
    </p>
   </div>
   <div class='ocr_carea' id='block_1_13' title="bbox 119 1311 1720 1382">
    <p class='ocr_par' dir='ltr' id='par_1_13' title="bbox 119 1311 1720 1382">
     <span class='ocr_line' id='line_1_13' title="bbox 119 1311 1720 1382; baseline 0.004 -22"><span class='ocrx_word' id='word_1_78' title='bbox 119 1312 408 1378; x_wconf 86' lang='lat' dir='ltr'><strong>peditione</strong></span> <span class='ocrx_word' id='word_1_79' title='bbox 458 1311 738 1366; x_wconf 84' lang='lat' dir='ltr'><strong>institutus</strong></span> <span class='ocrx_word' id='word_1_80' title='bbox 767 1351 781 1378; x_wconf 89' lang='lat'><strong>,</strong></span> <span class='ocrx_word' id='word_1_81' title='bbox 839 1314 941 1367; x_wconf 88' lang='lat' dir='ltr'><strong>iter</strong></span> <span class='ocrx_word' id='word_1_82' title='bbox 981 1328 1100 1368; x_wconf 91' lang='lat' dir='ltr'><strong>cum</strong></span> <span class='ocrx_word' id='word_1_83' title='bbox 1147 1315 1270 1368; x_wconf 89' lang='lat' dir='ltr'><strong>aliis</strong></span> <span class='ocrx_word' id='word_1_84' title='bbox 1298 1327 1459 1368; x_wconf 84' lang='lat' dir='ltr'><strong>cruce</strong></span> <span class='ocrx_word' id='word_1_85' title='bbox 1492 1311 1720 1382; x_wconf 81' lang='lat' dir='ltr'><strong>signatis</strong></span> 
     </span>
    </p>
   </div>
   <div class='ocr_carea' id='block_1_14' title="bbox 119 1412 680 1470">
    <p class='ocr_par' dir='ltr' id='par_1_14' title="bbox 119 1412 680 1470">
     <span class='ocr_line' id='line_1_14' title="bbox 119 1412 680 1470; baseline 0 -16"><span class='ocrx_word' id='word_1_86' title='bbox 119 1417 392 1470; x_wconf 81' lang='lat' dir='ltr'><strong>aggressu</strong></span> <span class='ocrx_word' id='word_1_87' title='bbox 401 1417 491 1454; x_wconf 78' lang='lat' dir='ltr'><strong>l&#39;llS</strong></span> <span class='ocrx_word' id='word_1_88' title='bbox 516 1412 680 1456; x_wconf 86' lang='lat' dir='ltr'><strong>esset.</strong></span> 
     </span>
    </p>
   </div>
   <div class='ocr_carea' id='block_1_15' title="bbox 192 1510 1644 1582">
    <p class='ocr_par' dir='ltr' id='par_1_15' title="bbox 192 1510 1644 1582">
     <span class='ocr_line' id='line_1_15' title="bbox 192 1510 1644 1582; baseline 0 -17"><span class='ocrx_word' id='word_1_89' title='bbox 192 1510 426 1566; x_wconf 76' lang='lat' dir='ltr'><strong>CCXLI.</strong></span> <span class='ocrx_word' id='word_1_90' title='bbox 456 1510 752 1582; x_wconf 72' lang='lat' dir='ltr'><strong>illunassem</strong></span> <span class='ocrx_word' id='word_1_91' title='bbox 783 1513 1082 1568; x_wconf 78' lang='lat' dir='ltr'><strong>Remensem</strong></span> <span class='ocrx_word' id='word_1_92' title='bbox 1103 1513 1321 1568; x_wconf 87' lang='lat' dir='ltr'><strong>electum</strong></span> <span class='ocrx_word' id='word_1_93' title='bbox 1348 1513 1644 1582; x_wconf 81' lang='lat' dir='ltr'><strong>confirmat.</strong></span> 
     </span>
    </p>
   </div>
   <div class='ocr_carea' id='block_1_16' title="bbox 498 1581 1248 1654">
    <p class='ocr_par' dir='ltr' id='par_1_16' title="bbox 498 1581 1248 1654">
     <span class='ocr_line' id='line_1_16' title="bbox 498 1581 1248 1654; baseline 0.003 -20"><span class='ocrx_word' id='word_1_94' title='bbox 498 1648 504 1654; x_wconf 90' lang='lat'><strong>_</strong></span> <span class='ocrx_word' id='word_1_95' title='bbox 599 1581 684 1636; x_wconf 82' lang='lat' dir='ltr'><strong>Lis</strong></span> <span class='ocrx_word' id='word_1_96' title='bbox 725 1583 1028 1637; x_wconf 80' lang='lat' dir='ltr'><strong>Treuorcliii</strong></span> <span class='ocrx_word' id='word_1_97' title='bbox 1059 1585 1248 1637; x_wconf 84' lang='lat' dir='ltr'><strong>diluta.</strong></span> 
     </span>
    </p>
   </div>
   <div class='ocr_carea' id='block_1_17' title="bbox 196 1672 1718 1744">
    <p class='ocr_par' dir='ltr' id='par_1_17' title="bbox 196 1672 1718 1744">
     <span class='ocr_line' id='line_1_17' title="bbox 196 1672 1718 1744; baseline 0.001 -20"><span class='ocrx_word' id='word_1_98' title='bbox 196 1672 509 1742; x_wconf 74' lang='lat' dir='ltr'><strong>Andegavi,</strong></span> <span class='ocrx_word' id='word_1_99' title='bbox 546 1689 655 1742; x_wconf 88' lang='lat' dir='ltr'><strong>quo</strong></span> <span class='ocrx_word' id='word_1_100' title='bbox 696 1676 1141 1744; x_wconf 80' lang='lat' dir='ltr'><strong>appmpiuquante</strong></span> <span class='ocrx_word' id='word_1_101' title='bbox 1174 1673 1613 1742; x_wconf 74' lang='lat' dir='ltr'><strong>Quadragesima,</strong></span> <span class='ocrx_word' id='word_1_102' title='bbox 1660 1681 1718 1727; x_wconf 91' lang='lat' dir='ltr'><strong>ut</strong></span> 
     </span>
    </p>
   </div>
   <div class='ocr_carea' id='block_1_18' title="bbox 125 1764 1712 1831">
    <p class='ocr_par' dir='ltr' id='par_1_18' title="bbox 125 1764 1712 1831">
     <span class='ocr_line' id='line_1_18' title="bbox 125 1764 1712 1831; baseline 0.003 -16"><span class='ocrx_word' id='word_1_103' title='bbox 125 1772 371 1816; x_wconf 84' lang='lat' dir='ltr'><strong>testatur</strong></span> <span class='ocrx_word' id='word_1_104' title='bbox 401 1764 568 1819; x_wconf 90' lang='lat' dir='ltr'><strong>Fulco</strong></span> <span class='ocrx_word' id='word_1_105' title='bbox 602 1781 805 1830; x_wconf 88' lang='lat' dir='ltr'><strong>comes,</strong></span> <span class='ocrx_word' id='word_1_106' title='bbox 854 1769 986 1820; x_wconf 81' lang='lat' dir='ltr'><strong>venit</strong></span> <span class='ocrx_word' id='word_1_107' title='bbox 1026 1765 1310 1831; x_wconf 87' lang='lat' dir='ltr'><strong>Urbanus,</strong></span> <span class='ocrx_word' id='word_1_108' title='bbox 1350 1777 1577 1822; x_wconf 88' lang='lat' dir='ltr'><strong>tnortcm</strong></span> <span class='ocrx_word' id='word_1_109' title='bbox 1623 1781 1712 1820; x_wconf 89' lang='lat' dir='ltr'><strong>ac-</strong></span> 
     </span>
    </p>
   </div>
   <div class='ocr_carea' id='block_1_19' title="bbox 124 1844 1713 1926">
    <p class='ocr_par' dir='ltr' id='par_1_19' title="bbox 124 1844 1713 1926">
     <span class='ocr_line' id='line_1_19' title="bbox 124 1844 1713 1926; baseline 0.003 -22"><span class='ocrx_word' id='word_1_110' title='bbox 124 1844 270 1921; x_wconf 63' lang='lat' dir='ltr'><strong>tepit</strong></span> <span class='ocrx_word' id='word_1_111' title='bbox 325 1851 606 1922; x_wconf 79' lang='lat' dir='ltr'><strong>Regiualdi</strong></span> <span class='ocrx_word' id='word_1_112' title='bbox 658 1855 947 1909; x_wconf 79' lang='lat' dir='ltr'><strong>Remorum</strong></span> <span class='ocrx_word' id='word_1_113' title='bbox 1006 1856 1298 1924; x_wconf 73' lang='lat' dir='ltr'><strong>pontificis,</strong></span> <span class='ocrx_word' id='word_1_114' title='bbox 1354 1856 1486 1926; x_wconf 86' lang='lat' dir='ltr'><strong>qui,</strong></span> <span class='ocrx_word' id='word_1_115' title='bbox 1535 1864 1595 1909; x_wconf 90' lang='lat' dir='ltr'><strong>nt</strong></span> <span class='ocrx_word' id='word_1_116' title='bbox 1648 1872 1713 1909; x_wconf 79' lang='lat' dir='ltr'><strong>ex</strong></span> 
     </span>
    </p>
   </div>
   <div class='ocr_carea' id='block_1_20' title="bbox 128 1942 1718 2010">
    <p class='ocr_par' dir='ltr' id='par_1_20' title="bbox 128 1942 1718 2010">
     <span class='ocr_line' id='line_1_20' title="bbox 128 1942 1718 2010; baseline 0.004 -16"><span class='ocrx_word' id='word_1_117' title='bbox 128 1942 360 2010; x_wconf 87' lang='lat' dir='ltr'><strong>epistola</strong></span> <span class='ocrx_word' id='word_1_118' title='bbox 400 1942 535 1997; x_wconf 89' lang='lat' dir='ltr'><strong>cleri</strong></span> <span class='ocrx_word' id='word_1_119' title='bbox 568 1943 852 1998; x_wconf 76' lang='lat' dir='ltr'><strong>Bernensis</strong></span> <span class='ocrx_word' id='word_1_120' title='bbox 895 1945 963 1998; x_wconf 87' lang='lat' dir='ltr'><strong>ad</strong></span> <span class='ocrx_word' id='word_1_121' title='bbox 1007 1945 1353 2000; x_wconf 88' lang='lat' dir='ltr'><strong>Lambertum</strong></span> <span class='ocrx_word' id='word_1_122' title='bbox 1393 1947 1718 2000; x_wconf 87' lang='lat' dir='ltr'><strong>Atrebaten-</strong></span> 
     </span>
    </p>
   </div>
   <div class='ocr_carea' id='block_1_21' title="bbox 136 2037 1716 2108">
    <p class='ocr_par' dir='ltr' id='par_1_21' title="bbox 136 2037 1716 2108">
     <span class='ocr_line' id='line_1_21' title="bbox 136 2037 1716 2108; baseline 0.002 -17"><span class='ocrx_word' id='word_1_123' title='bbox 136 2053 276 2101; x_wconf 81' lang='lat' dir='ltr'><strong>sem,</strong></span> <span class='ocrx_word' id='word_1_124' title='bbox 309 2048 364 2092; x_wconf 89' lang='lat' dir='ltr'><strong>et</strong></span> <span class='ocrx_word' id='word_1_125' title='bbox 393 2053 460 2092; x_wconf 81' lang='lat' dir='ltr'><strong>cx</strong></span> <span class='ocrx_word' id='word_1_126' title='bbox 496 2037 761 2092; x_wconf 87' lang='lat' dir='ltr'><strong>Balderici</strong></span> <span class='ocrx_word' id='word_1_127' title='bbox 789 2038 1160 2108; x_wconf 78' lang='lat' dir='ltr'><strong>Burguliensis</strong></span> <span class='ocrx_word' id='word_1_128' title='bbox 1190 2041 1456 2104; x_wconf 86' lang='lat' dir='ltr'><strong>versibus,</strong></span> <span class='ocrx_word' id='word_1_129' title='bbox 1483 2039 1569 2094; x_wconf 93' lang='lat' dir='ltr'><strong>ubi</strong></span> <span class='ocrx_word' id='word_1_130' title='bbox 1594 2056 1716 2094; x_wconf 83' lang='lat' dir='ltr'><strong>enin</strong></span> 
     </span>
    </p>
   </div>
   <div class='ocr_carea' id='block_1_22' title="bbox 143 2128 1717 2198">
    <p class='ocr_par' dir='ltr' id='par_1_22' title="bbox 143 2128 1717 2198">
     <span class='ocr_line' id='line_1_22' title="bbox 143 2128 1717 2198; baseline 0.004 -18"><span class='ocrx_word' id='word_1_131' title='bbox 143 2129 487 2195; x_wconf 82' lang='lat' dir='ltr'><strong>potriurcham</strong></span> <span class='ocrx_word' id='word_1_132' title='bbox 523 2128 780 2198; x_wconf 85' lang='lat' dir='ltr'><strong>appellat,</strong></span> <span class='ocrx_word' id='word_1_133' title='bbox 827 2129 1109 2193; x_wconf 81' lang='lat' dir='ltr'><strong>discimus,</strong></span> <span class='ocrx_word' id='word_1_134' title='bbox 1167 2147 1241 2184; x_wconf 83' lang='lat' dir='ltr'><strong>xtl</strong></span> <span class='ocrx_word' id='word_1_135' title='bbox 1294 2130 1564 2186; x_wconf 80' lang='lat' dir='ltr'><strong>Kalendas</strong></span> <span class='ocrx_word' id='word_1_136' title='bbox 1613 2132 1717 2187; x_wconf 82' lang='lat' dir='ltr'><strong>Fe-</strong></span> 
     </span>
    </p>
   </div>
   <div class='ocr_carea' id='block_1_23' title="bbox 147 2216 1714 2289">
    <p class='ocr_par' dir='ltr' id='par_1_23' title="bbox 147 2216 1714 2289">
     <span class='ocr_line' id='line_1_23' title="bbox 147 2216 1714 2289; baseline 0.006 -23"><span class='ocrx_word' id='word_1_137' title='bbox 147 2217 343 2270; x_wconf 88' lang='lat' dir='ltr'><strong>bruarii</strong></span> <span class='ocrx_word' id='word_1_138' title='bbox 367 2216 652 2271; x_wconf 88' lang='lat' dir='ltr'><strong>defunctus</strong></span> <span class='ocrx_word' id='word_1_139' title='bbox 675 2226 776 2270; x_wconf 89' lang='lat' dir='ltr'><strong>est.</strong></span> <span class='ocrx_word' id='word_1_140' title='bbox 805 2216 958 2271; x_wconf 87' lang='lat' dir='ltr'><strong>Unde</strong></span> <span class='ocrx_word' id='word_1_141' title='bbox 988 2217 1174 2272; x_wconf 90' lang='lat' dir='ltr'><strong>mirari</strong></span> <span class='ocrx_word' id='word_1_142' title='bbox 1201 2221 1344 2274; x_wconf 90' lang='lat' dir='ltr'><strong>subit</strong></span> <span class='ocrx_word' id='word_1_143' title='bbox 1368 2218 1486 2289; x_wconf 89' lang='lat' dir='ltr'><strong>ejus</strong></span> <span class='ocrx_word' id='word_1_144' title='bbox 1511 2222 1714 2276; x_wconf 92' lang='lat' dir='ltr'><strong>obitum</strong></span> 
     </span>
    </p>
   </div>
   <div class='ocr_carea' id='block_1_24' title="bbox 141 2295 1718 2379">
    <p class='ocr_par' dir='ltr' id='par_1_24' title="bbox 141 2295 1718 2379">
     <span class='ocr_line' id='line_1_24' title="bbox 141 2295 1718 2379; baseline 0.003 -18"><span class='ocrx_word' id='word_1_145' title='bbox 141 2308 207 2361; x_wconf 87' lang='lat' dir='ltr'><strong>ad</strong></span> <span class='ocrx_word' id='word_1_146' title='bbox 231 2324 425 2362; x_wconf 88' lang='lat' dir='ltr'><strong>annum</strong></span> <span class='ocrx_word' id='word_1_147' title='bbox 450 2295 842 2379; x_wconf 22' lang='lat' dir='ltr'><strong>prie-cedentem</strong></span> <span class='ocrx_word' id='word_1_148' title='bbox 868 2327 894 2362; x_wconf 86' lang='lat' dir='ltr'><strong>a</strong></span> <span class='ocrx_word' id='word_1_149' title='bbox 917 2308 1137 2365; x_wconf 83' lang='lat' dir='ltr'><strong>Labbeo</strong></span> <span class='ocrx_word' id='word_1_150' title='bbox 1163 2314 1436 2376; x_wconf 89' lang='lat' dir='ltr'><strong>revocari,</strong></span> <span class='ocrx_word' id='word_1_151' title='bbox 1455 2328 1576 2366; x_wconf 87' lang='lat' dir='ltr'><strong>cum</strong></span> <span class='ocrx_word' id='word_1_152' title='bbox 1599 2329 1718 2368; x_wconf 87' lang='lat' dir='ltr'><strong>cer-</strong></span> 
     </span>
    </p>
   </div>
   <div class='ocr_carea' id='block_1_25' title="bbox 137 2399 1712 2468">
    <p class='ocr_par' dir='ltr' id='par_1_25' title="bbox 137 2399 1712 2468">
     <span class='ocr_line' id='line_1_25' title="bbox 137 2399 1712 2468; baseline 0.008 -22"><span class='ocrx_word' id='word_1_153' title='bbox 137 2408 242 2449; x_wconf 86' lang='lat' dir='ltr'><strong>tum</strong></span> <span class='ocrx_word' id='word_1_154' title='bbox 267 2399 363 2460; x_wconf 89' lang='lat' dir='ltr'><strong>sit,</strong></span> <span class='ocrx_word' id='word_1_155' title='bbox 401 2408 460 2452; x_wconf 88' lang='lat' dir='ltr'><strong>ut</strong></span> <span class='ocrx_word' id='word_1_156' title='bbox 484 2399 552 2452; x_wconf 88' lang='lat' dir='ltr'><strong>de</strong></span> <span class='ocrx_word' id='word_1_157' title='bbox 577 2399 761 2454; x_wconf 92' lang='lat' dir='ltr'><strong>multis</strong></span> <span class='ocrx_word' id='word_1_158' title='bbox 784 2402 1059 2456; x_wconf 87' lang='lat' dir='ltr'><strong>veteribus</strong></span> <span class='ocrx_word' id='word_1_159' title='bbox 1083 2403 1459 2460; x_wconf 79' lang='lat' dir='ltr'><strong>instrumentis</strong></span> <span class='ocrx_word' id='word_1_160' title='bbox 1483 2413 1712 2468; x_wconf 82' lang='lat' dir='ltr'><strong>taceam,</strong></span> 
     </span>
    </p>
   </div>
   <div class='ocr_carea' id='block_1_26' title="bbox 134 2486 1710 2548">
    <p class='ocr_par' dir='ltr' id='par_1_26' title="bbox 134 2486 1710 2548">
     <span class='ocr_line' id='line_1_26' title="bbox 134 2486 1710 2548; baseline 0.005 -10"><span class='ocrx_word' id='word_1_161' title='bbox 134 2486 271 2540; x_wconf 91' lang='lat' dir='ltr'><strong>hunc</strong></span> <span class='ocrx_word' id='word_1_162' title='bbox 311 2487 618 2542; x_wconf 85' lang='lat' dir='ltr'><strong>antistitem</strong></span> <span class='ocrx_word' id='word_1_163' title='bbox 648 2488 1069 2545; x_wconf 84' lang='lat' dir='ltr'><strong>Clal&#39;ontontano</strong></span> <span class='ocrx_word' id='word_1_164' title='bbox 1114 2493 1346 2547; x_wconf 78' lang='lat' dir='ltr'><strong>concilio</strong></span> <span class='ocrx_word' id='word_1_165' title='bbox 1381 2507 1566 2548; x_wconf 88' lang='lat' dir='ltr'><strong>mense</strong></span> <span class='ocrx_word' id='word_1_166' title='bbox 1607 2493 1710 2547; x_wconf 84' lang='lat' dir='ltr'><strong>No-</strong></span> 
     </span>
    </p>
   </div>
   <div class='ocr_carea' id='block_1_27' title="bbox 130 2579 1718 2655">
    <p class='ocr_par' dir='ltr' id='par_1_27' title="bbox 130 2579 1718 2655">
     <span class='ocr_line' id='line_1_27' title="bbox 130 2579 1718 2655; baseline 0.007 -27"><span class='ocrx_word' id='word_1_167' title='bbox 130 2579 336 2633; x_wconf 87' lang='lat' dir='ltr'><strong>vembri</strong></span> <span class='ocrx_word' id='word_1_168' title='bbox 371 2580 706 2635; x_wconf 77' lang='lat' dir='ltr'><strong>interfuisse.</strong></span> <span class='ocrx_word' id='word_1_169' title='bbox 734 2582 996 2639; x_wconf 81' lang='lat' dir='ltr'><strong>Manassis</strong></span> <span class='ocrx_word' id='word_1_170' title='bbox 1022 2585 1263 2653; x_wconf 84' lang='lat' dir='ltr'><strong>ejusdem</strong></span> <span class='ocrx_word' id='word_1_171' title='bbox 1295 2585 1548 2639; x_wconf 76' lang='lat' dir='ltr'><strong>Ecclesite</strong></span> <span class='ocrx_word' id='word_1_172' title='bbox 1580 2603 1718 2655; x_wconf 74' lang='lat' dir='ltr'><strong>pric-</strong></span> 
     </span>
    </p>
   </div>
   <div class='ocr_carea' id='block_1_28' title="bbox 127 2669 1712 2740">
    <p class='ocr_par' dir='ltr' id='par_1_28' title="bbox 127 2669 1712 2740">
     <span class='ocr_line' id='line_1_28' title="bbox 127 2669 1712 2740; baseline 0.005 -18"><span class='ocrx_word' id='word_1_173' title='bbox 127 2669 309 2736; x_wconf 90' lang='lat' dir='ltr'><strong>positi,</strong></span> <span class='ocrx_word' id='word_1_174' title='bbox 341 2670 434 2738; x_wconf 91' lang='lat' dir='ltr'><strong>qui</strong></span> <span class='ocrx_word' id='word_1_175' title='bbox 469 2670 520 2723; x_wconf 94' lang='lat' dir='ltr'><strong>in</strong></span> <span class='ocrx_word' id='word_1_176' title='bbox 553 2669 670 2740; x_wconf 84' lang='lat' dir='ltr'><strong>ejus</strong></span> <span class='ocrx_word' id='word_1_177' title='bbox 697 2671 874 2726; x_wconf 90' lang='lat' dir='ltr'><strong>locmn</strong></span> <span class='ocrx_word' id='word_1_178' title='bbox 904 2676 1230 2728; x_wconf 86' lang='lat' dir='ltr'><strong>substitutus</strong></span> <span class='ocrx_word' id='word_1_179' title='bbox 1257 2684 1359 2731; x_wconf 87' lang='lat' dir='ltr'><strong>est.</strong></span> <span class='ocrx_word' id='word_1_180' title='bbox 1391 2674 1712 2730; x_wconf 85' lang='lat' dir='ltr'><strong>electionem</strong></span> 
     </span>
    </p>
   </div>
   <div class='ocr_carea' id='block_1_29' title="bbox 124 2759 1712 2836">
    <p class='ocr_par' dir='ltr' id='par_1_29' title="bbox 124 2759 1712 2836">
     <span class='ocr_line' id='line_1_29' title="bbox 124 2759 1712 2836; baseline 0.006 -24"><span class='ocrx_word' id='word_1_181' title='bbox 124 2774 244 2813; x_wconf 89' lang='lat' dir='ltr'><strong>cum</strong></span> <span class='ocrx_word' id='word_1_182' title='bbox 277 2759 466 2828; x_wconf 81' lang='lat' dir='ltr'><strong>elogio</strong></span> <span class='ocrx_word' id='word_1_183' title='bbox 494 2762 680 2815; x_wconf 90' lang='lat' dir='ltr'><strong>statim</strong></span> <span class='ocrx_word' id='word_1_184' title='bbox 715 2763 966 2819; x_wconf 88' lang='lat' dir='ltr'><strong>Urbanus</strong></span> <span class='ocrx_word' id='word_1_185' title='bbox 996 2765 1333 2836; x_wconf 72' lang='lat' dir='ltr'><strong>approbavit,</strong></span> <span class='ocrx_word' id='word_1_186' title='bbox 1363 2768 1436 2819; x_wconf 90' lang='lat' dir='ltr'><strong>uti</strong></span> <span class='ocrx_word' id='word_1_187' title='bbox 1474 2777 1622 2834; x_wconf 87' lang='lat' dir='ltr'><strong>pa&#39;et</strong></span> <span class='ocrx_word' id='word_1_188' title='bbox 1647 2785 1712 2822; x_wconf 83' lang='lat' dir='ltr'><strong>ex</strong></span> 
     </span>
    </p>
   </div>
   <div class='ocr_carea' id='block_1_30' title="bbox 128 2846 1715 2924">
    <p class='ocr_par' dir='ltr' id='par_1_30' title="bbox 128 2846 1715 2924">
     <span class='ocr_line' id='line_1_30' title="bbox 128 2846 1715 2924; baseline 0.008 -25"><span class='ocrx_word' id='word_1_189' title='bbox 128 2846 296 2902; x_wconf 85' lang='lat' dir='ltr'><strong>tribus</strong></span> <span class='ocrx_word' id='word_1_190' title='bbox 350 2847 471 2914; x_wconf 85' lang='lat' dir='ltr'><strong>ejus</strong></span> <span class='ocrx_word' id='word_1_191' title='bbox 513 2850 786 2918; x_wconf 89' lang='lat' dir='ltr'><strong>epistolis,</strong></span> <span class='ocrx_word' id='word_1_192' title='bbox 832 2870 894 2906; x_wconf 86' lang='lat' dir='ltr'><strong>ea</strong></span> <span class='ocrx_word' id='word_1_193' title='bbox 940 2855 1006 2907; x_wconf 88' lang='lat' dir='ltr'><strong>de</strong></span> <span class='ocrx_word' id='word_1_194' title='bbox 1056 2871 1112 2909; x_wconf 88' lang='lat' dir='ltr'><strong>rc</strong></span> <span class='ocrx_word' id='word_1_195' title='bbox 1142 2854 1416 2924; x_wconf 80' lang='lat' dir='ltr'><strong>Andegavi</strong></span> <span class='ocrx_word' id='word_1_196' title='bbox 1451 2872 1544 2910; x_wconf 88' lang='lat' dir='ltr'><strong>vttt</strong></span> <span class='ocrx_word' id='word_1_197' title='bbox 1595 2857 1715 2912; x_wconf 85' lang='lat' dir='ltr'><strong>ldus</strong></span> 
     </span>
    </p>
   </div>
   <div class='ocr_carea' id='block_1_31' title="bbox 125 2935 1712 3015">
    <p class='ocr_par' dir='ltr' id='par_1_31' title="bbox 125 2935 1712 3015">
     <span class='ocr_line' id='line_1_31' title="bbox 125 2935 1712 3015; baseline 0.006 -26"><span class='ocrx_word' id='word_1_198' title='bbox 125 2935 412 2993; x_wconf 85' lang='lat' dir='ltr'><strong>Februarii</strong></span> <span class='ocrx_word' id='word_1_199' title='bbox 460 2939 633 3006; x_wconf 88' lang='lat' dir='ltr'><strong>datis,</strong></span> <span class='ocrx_word' id='word_1_200' title='bbox 679 2941 730 2995; x_wconf 91' lang='lat' dir='ltr'><strong>in</strong></span> <span class='ocrx_word' id='word_1_201' title='bbox 779 2945 976 3012; x_wconf 89' lang='lat' dir='ltr'><strong>quibus</strong></span> <span class='ocrx_word' id='word_1_202' title='bbox 1007 2959 1162 2999; x_wconf 90' lang='lat' dir='ltr'><strong>suum</strong></span> <span class='ocrx_word' id='word_1_203' title='bbox 1213 2960 1338 3015; x_wconf 84' lang='lat' dir='ltr'><strong>erga</strong></span> <span class='ocrx_word' id='word_1_204' title='bbox 1393 2945 1712 3013; x_wconf 78' lang='lat' dir='ltr'><strong>Ecclesiam,</strong></span> 
     </span>
    </p>
   </div>
   <div class='ocr_carea' id='block_1_32' title="bbox 125 3027 1712 3102">
    <p class='ocr_par' dir='ltr' id='par_1_32' title="bbox 125 3027 1712 3102">
     <span class='ocr_line' id='line_1_32' title="bbox 125 3027 1712 3102; baseline 0.008 -24"><span class='ocrx_word' id='word_1_205' title='bbox 125 3027 370 3090; x_wconf 88' lang='lat' dir='ltr'><strong>clerum,</strong></span> <span class='ocrx_word' id='word_1_206' title='bbox 424 3029 624 3085; x_wconf 84' lang='lat' dir='ltr'><strong>milites</strong></span> <span class='ocrx_word' id='word_1_207' title='bbox 687 3047 749 3086; x_wconf 88' lang='lat' dir='ltr'><strong>ac</strong></span> <span class='ocrx_word' id='word_1_208' title='bbox 788 3033 995 3102; x_wconf 84' lang='lat' dir='ltr'><strong>plebem</strong></span> <span class='ocrx_word' id='word_1_209' title='bbox 1057 3031 1395 3099; x_wconf 79' lang='lat' dir='ltr'><strong>Remeusem,</strong></span> <span class='ocrx_word' id='word_1_210' title='bbox 1463 3035 1712 3091; x_wconf 78' lang='lat' dir='ltr'><strong>affectum</strong></span> 
     </span>
    </p>
   </div>
   <div class='ocr_carea' id='block_1_33' title="bbox 125 3123 1788 3224">
    <p class='ocr_par' dir='ltr' id='par_1_33' title="bbox 125 3123 1788 3224">
     <span class='ocr_line' id='line_1_33' title="bbox 125 3123 1788 3224; baseline 0.008 -54"><span class='ocrx_word' id='word_1_211' title='bbox 125 3131 382 3175; x_wconf 84' lang='lat' dir='ltr'><strong>amanter</strong></span> <span class='ocrx_word' id='word_1_212' title='bbox 410 3123 690 3192; x_wconf 76' lang='lat' dir='ltr'><strong>exprimit.</strong></span> <span class='ocrx_word' id='word_1_213' title='bbox 732 3125 805 3180; x_wconf 89' lang='lat' dir='ltr'><strong>De</strong></span> <span class='ocrx_word' id='word_1_214' title='bbox 847 3127 1035 3182; x_wconf 89' lang='lat' dir='ltr'><strong>eadem</strong></span> <span class='ocrx_word' id='word_1_215' title='bbox 1068 3144 1127 3182; x_wconf 89' lang='lat' dir='ltr'><strong>re</strong></span> <span class='ocrx_word' id='word_1_216' title='bbox 1170 3129 1221 3181; x_wconf 93' lang='lat' dir='ltr'><strong>iu</strong></span> <span class='ocrx_word' id='word_1_217' title='bbox 1271 3128 1536 3184; x_wconf 85' lang='lat' dir='ltr'><strong>Mauassis</strong></span> <span class='ocrx_word' id='word_1_218' title='bbox 1585 3146 1713 3195; x_wconf 77' lang='lat' dir='ltr'><strong>gra-</strong></span> <span class='ocrx_word' id='word_1_219' title='bbox 1742 3164 1788 3224; x_wconf 65' lang='grc' dir='ltr'>Ο</span> 
     </span>
    </p>
   </div>
   <div class='ocr_carea' id='block_1_34' title="bbox 127 3213 1712 3288">
    <p class='ocr_par' dir='ltr' id='par_1_34' title="bbox 127 3213 1712 3288">
     <span class='ocr_line' id='line_1_34' title="bbox 127 3213 1712 3288; baseline 0.007 -25"><span class='ocrx_word' id='word_1_220' title='bbox 127 3213 250 3265; x_wconf 85' lang='lat' dir='ltr'><strong>tiattt</strong></span> <span class='ocrx_word' id='word_1_221' title='bbox 294 3213 526 3268; x_wconf 86' lang='lat' dir='ltr'><strong>Urbano</strong></span> <span class='ocrx_word' id='word_1_222' title='bbox 553 3224 845 3285; x_wconf 85' lang='lat' dir='ltr'><strong>scripserat</strong></span> <span class='ocrx_word' id='word_1_223' title='bbox 890 3218 980 3270; x_wconf 91' lang='lat' dir='ltr'><strong>lvo</strong></span> <span class='ocrx_word' id='word_1_224' title='bbox 1023 3218 1392 3283; x_wconf 86' lang='lat' dir='ltr'><strong>Carnotenus,</strong></span> <span class='ocrx_word' id='word_1_225' title='bbox 1433 3220 1591 3288; x_wconf 88' lang='lat' dir='ltr'><strong>epist.</strong></span> <span class='ocrx_word' id='word_1_226' title='bbox 1620 3219 1712 3284; x_wconf 66' lang='lat'><strong>£8,</strong></span> 
     </span>
    </p>
   </div>
   <div class='ocr_carea' id='block_1_35' title="bbox 127 3301 1717 3373">
    <p class='ocr_par' dir='ltr' id='par_1_35' title="bbox 127 3301 1717 3373">
     <span class='ocr_line' id='line_1_35' title="bbox 127 3301 1717 3373; baseline 0.008 -22"><span class='ocrx_word' id='word_1_227' title='bbox 127 3301 175 3352; x_wconf 91' lang='lat' dir='ltr'><strong>in</strong></span> <span class='ocrx_word' id='word_1_228' title='bbox 205 3317 312 3370; x_wconf 83' lang='lat' dir='ltr'><strong>qua</strong></span> <span class='ocrx_word' id='word_1_229' title='bbox 351 3303 572 3357; x_wconf 79' lang='lat' dir='ltr'><strong>maximi</strong></span> <span class='ocrx_word' id='word_1_230' title='bbox 602 3319 724 3360; x_wconf 89' lang='lat' dir='ltr'><strong>esse</strong></span> <span class='ocrx_word' id='word_1_231' title='bbox 749 3307 1008 3360; x_wconf 89' lang='lat' dir='ltr'><strong>momenti</strong></span> <span class='ocrx_word' id='word_1_232' title='bbox 1033 3306 1186 3373; x_wconf 84' lang='lat' dir='ltr'><strong>dicit,</strong></span> <span class='ocrx_word' id='word_1_233' title='bbox 1215 3317 1274 3362; x_wconf 88' lang='lat' dir='ltr'><strong>ut</strong></span> <span class='ocrx_word' id='word_1_234' title='bbox 1303 3326 1407 3363; x_wconf 88' lang='lat' dir='ltr'><strong>non</strong></span> <span class='ocrx_word' id='word_1_235' title='bbox 1438 3309 1717 3364; x_wconf 70' lang='lat' dir='ltr'><strong>dilleratttr</strong></span> 
     </span>
    </p>
   </div>
   <div class='ocr_carea' id='block_1_36' title="bbox 123 3392 1715 3470">
    <p class='ocr_par' dir='ltr' id='par_1_36' title="bbox 123 3392 1715 3470">
     <span class='ocr_line' id='line_1_36' title="bbox 123 3392 1715 3470; baseline 0.009 -28"><span class='ocrx_word' id='word_1_236' title='bbox 123 3392 236 3458; x_wconf 82' lang='lat' dir='ltr'><strong>ejus</strong></span> <span class='ocrx_word' id='word_1_237' title='bbox 283 3393 582 3449; x_wconf 86' lang='lat' dir='ltr'><strong>electionis</strong></span> <span class='ocrx_word' id='word_1_238' title='bbox 615 3397 978 3462; x_wconf 87' lang='lat' dir='ltr'><strong>conﬁrmatio,</strong></span> <span class='ocrx_word' id='word_1_239' title='bbox 1024 3397 1094 3451; x_wconf 90' lang='lat' dir='ltr'><strong>ob</strong></span> <span class='ocrx_word' id='word_1_240' title='bbox 1143 3399 1380 3470; x_wconf 77' lang='lat' dir='ltr'><strong>insignes</strong></span> <span class='ocrx_word' id='word_1_241' title='bbox 1429 3400 1715 3458; x_wconf 76' lang='lat' dir='ltr'><strong>Bernensis</strong></span> 
     </span>
    </p>
   </div>
   <div class='ocr_carea' id='block_1_37' title="bbox 126 3483 1712 3560">
    <p class='ocr_par' dir='ltr' id='par_1_37' title="bbox 126 3483 1712 3560">
     <span class='ocr_line' id='line_1_37' title="bbox 126 3483 1712 3560; baseline 0.007 -24"><span class='ocrx_word' id='word_1_242' title='bbox 126 3483 409 3548; x_wconf 72' lang='lat' dir='ltr'><strong>Ecclesim,</strong></span> <span class='ocrx_word' id='word_1_243' title='bbox 460 3501 580 3554; x_wconf 79' lang='lat' dir='ltr'><strong>qua:</strong></span> <span class='ocrx_word' id='word_1_244' title='bbox 624 3487 751 3540; x_wconf 93' lang='lat' dir='ltr'><strong>olim</strong></span> <span class='ocrx_word' id='word_1_245' title='bbox 803 3487 974 3555; x_wconf 90' lang='lat' dir='ltr'><strong>ipsius</strong></span> <span class='ocrx_word' id='word_1_246' title='bbox 1023 3488 1231 3544; x_wconf 89' lang='lat' dir='ltr'><strong>Urbani</strong></span> <span class='ocrx_word' id='word_1_247' title='bbox 1287 3503 1470 3554; x_wconf 80' lang='lat' dir='ltr'><strong>mater,</strong></span> <span class='ocrx_word' id='word_1_248' title='bbox 1521 3492 1712 3560; x_wconf 87' lang='lat' dir='ltr'><strong>inquit,</strong></span> 
     </span>
    </p>
   </div>
   <div class='ocr_carea' id='block_1_38' title="bbox 127 3575 1716 3647">
    <p class='ocr_par' dir='ltr' id='par_1_38' title="bbox 127 3575 1716 3647">
     <span class='ocr_line' id='line_1_38' title="bbox 127 3575 1716 3647; baseline 0.006 -22"><span class='ocrx_word' id='word_1_249' title='bbox 127 3584 248 3628; x_wconf 92' lang='lat' dir='ltr'><strong>tunc</strong></span> <span class='ocrx_word' id='word_1_250' title='bbox 275 3589 419 3628; x_wconf 86' lang='lat' dir='ltr'><strong>vero</strong></span> <span class='ocrx_word' id='word_1_251' title='bbox 452 3575 555 3627; x_wconf 87' lang='lat' dir='ltr'><strong>ﬁlia</strong></span> <span class='ocrx_word' id='word_1_252' title='bbox 589 3585 728 3637; x_wconf 86' lang='lat' dir='ltr'><strong>erat,</strong></span> <span class='ocrx_word' id='word_1_253' title='bbox 763 3579 1166 3647; x_wconf 76' lang='lat' dir='ltr'><strong>prauogativas.</strong></span> <span class='ocrx_word' id='word_1_254' title='bbox 1201 3578 1353 3644; x_wconf 83' lang='lat' dir='ltr'><strong>Quod</strong></span> <span class='ocrx_word' id='word_1_255' title='bbox 1387 3596 1578 3646; x_wconf 89' lang='lat' dir='ltr'><strong>nempe</strong></span> <span class='ocrx_word' id='word_1_256' title='bbox 1601 3582 1716 3636; x_wconf 72' lang='lat' dir='ltr'><strong>lucc</strong></span> 
     </span>
    </p>
   </div>
   <div class='ocr_carea' id='block_1_39' title="bbox 127 3654 1716 3734">
    <p class='ocr_par' dir='ltr' id='par_1_39' title="bbox 127 3654 1716 3734">
     <span class='ocr_line' id='line_1_39' title="bbox 127 3654 1716 3734; baseline 0.008 -21"><span class='ocrx_word' id='word_1_257' title='bbox 127 3663 266 3716; x_wconf 78' lang='lat' dir='ltr'><strong>sedes</strong></span> <span class='ocrx_word' id='word_1_258' title='bbox 324 3663 556 3717; x_wconf 84' lang='lat' dir='ltr'><strong>haberet</strong></span> <span class='ocrx_word' id='word_1_259' title='bbox 603 3667 746 3734; x_wconf 82' lang='lat' dir='ltr'><strong>regni</strong></span> <span class='ocrx_word' id='word_1_260' title='bbox 783 3667 1052 3733; x_wconf 85' lang='lat' dir='ltr'><strong>diadema,</strong></span> <span class='ocrx_word' id='word_1_261' title='bbox 1099 3678 1153 3722; x_wconf 90' lang='lat' dir='ltr'><strong>et</strong></span> <span class='ocrx_word' id='word_1_262' title='bbox 1201 3670 1414 3723; x_wconf 69' lang='lat' dir='ltr'><strong>caneris</strong></span> <span class='ocrx_word' id='word_1_263' title='bbox 1463 3654 1716 3726; x_wconf 80' lang='lat' dir='ltr'><strong>Ecclesiis</strong></span> 
     </span>
    </p>
   </div>
   <div class='ocr_carea' id='block_1_40' title="bbox 126 3751 1728 3830">
    <p class='ocr_par' dir='ltr' id='par_1_40' title="bbox 126 3751 1728 3830">
     <span class='ocr_line' id='line_1_40' title="bbox 126 3751 1728 3830; baseline 0.007 -27"><span class='ocrx_word' id='word_1_264' title='bbox 126 3751 431 3807; x_wconf 81' lang='lat' dir='ltr'><strong>Gallicanis</strong></span> <span class='ocrx_word' id='word_1_265' title='bbox 460 3753 513 3806; x_wconf 88' lang='lat' dir='ltr'><strong>in</strong></span> <span class='ocrx_word' id='word_1_266' title='bbox 546 3755 714 3808; x_wconf 77' lang='lat' dir='ltr'><strong>ruina:</strong></span> <span class='ocrx_word' id='word_1_267' title='bbox 745 3765 832 3808; x_wconf 87' lang='lat' dir='ltr'><strong>aut</strong></span> <span class='ocrx_word' id='word_1_268' title='bbox 866 3759 1262 3811; x_wconf 79' lang='lat' dir='ltr'><strong>resurrectionis</strong></span> <span class='ocrx_word' id='word_1_269' title='bbox 1292 3759 1580 3820; x_wconf 82' lang='lat' dir='ltr'><strong>exemplum</strong></span> <span class='ocrx_word' id='word_1_270' title='bbox 1618 3776 1728 3830; x_wconf 89' lang='lat' dir='ltr'><strong>pro</strong></span> 
     </span>
    </p>
   </div>
   <div class='ocr_carea' id='block_1_41' title="bbox 125 3845 928 3915">
    <p class='ocr_par' dir='ltr' id='par_1_41' title="bbox 125 3845 928 3915">
     <span class='ocr_line' id='line_1_41' title="bbox 125 3845 928 3915; baseline 0.004 -16"><span class='ocrx_word' id='word_1_271' title='bbox 125 3861 215 3899; x_wconf 89' lang='lat' dir='ltr'><strong>sua</strong></span> <span class='ocrx_word' id='word_1_272' title='bbox 259 3845 539 3915; x_wconf 79' lang='lat' dir='ltr'><strong>dignitate</strong></span> <span class='ocrx_word' id='word_1_273' title='bbox 565 3861 686 3901; x_wconf 89' lang='lat' dir='ltr'><strong>esse</strong></span> <span class='ocrx_word' id='word_1_274' title='bbox 712 3848 928 3902; x_wconf 88' lang='lat' dir='ltr'><strong>soleret.</strong></span> 
     </span>
    </p>
   </div>
   <div class='ocr_carea' id='block_1_42' title="bbox 193 3935 1715 4008">
    <p class='ocr_par' dir='ltr' id='par_1_42' title="bbox 193 3935 1715 4008">
     <span class='ocr_line' id='line_1_42' title="bbox 193 3935 1715 4008; baseline 0.002 -19"><span class='ocrx_word' id='word_1_275' title='bbox 193 3935 408 3990; x_wconf 84' lang='lat' dir='ltr'><strong>Eodem</strong></span> <span class='ocrx_word' id='word_1_276' title='bbox 464 3946 707 4006; x_wconf 86' lang='lat' dir='ltr'><strong>tempore</strong></span> <span class='ocrx_word' id='word_1_277' title='bbox 756 3938 1003 3992; x_wconf 78' lang='lat' dir='ltr'><strong>monachi</strong></span> <span class='ocrx_word' id='word_1_278' title='bbox 1045 3937 1502 3993; x_wconf 87' lang='lat' dir='ltr'><strong>Trcnorchienses</strong></span> <span class='ocrx_word' id='word_1_279' title='bbox 1541 3937 1715 4008; x_wconf 90' lang='lat' dir='ltr'><strong>ponti-</strong></span> 
     </span>
    </p>
   </div>
   <div class='ocr_carea' id='block_1_43' title="bbox 129 4028 1715 4105">
    <p class='ocr_par' dir='ltr' id='par_1_43' title="bbox 129 4028 1715 4105">
     <span class='ocr_line' id='line_1_43' title="bbox 129 4028 1715 4105; baseline 0.004 -26"><span class='ocrx_word' id='word_1_280' title='bbox 129 4029 276 4082; x_wconf 87' lang='lat' dir='ltr'><strong>ﬁcem</strong></span> <span class='ocrx_word' id='word_1_281' title='bbox 346 4028 935 4105; x_wconf 51' lang='lat' dir='ltr'><strong>adiere.conquesturi</strong></span> <span class='ocrx_word' id='word_1_282' title='bbox 987 4029 1246 4084; x_wconf 87' lang='lat' dir='ltr'><strong>adversus</strong></span> <span class='ocrx_word' id='word_1_283' title='bbox 1297 4030 1606 4100; x_wconf 78' lang='lat' dir='ltr'><strong>episcopum</strong></span> <span class='ocrx_word' id='word_1_284' title='bbox 1660 4041 1715 4085; x_wconf 90' lang='lat' dir='ltr'><strong>et</strong></span> 
     </span>
    </p>
   </div>
   <div class='ocr_carea' id='block_1_44' title="bbox 126 4117 1715 4188">
    <p class='ocr_par' dir='ltr' id='par_1_44' title="bbox 126 4117 1715 4188">
     <span class='ocr_line' id='line_1_44' title="bbox 126 4117 1715 4188; baseline 0.001 -17"><span class='ocrx_word' id='word_1_285' title='bbox 126 4121 423 4174; x_wconf 82' lang='lat' dir='ltr'><strong>canonicos</strong></span> <span class='ocrx_word' id='word_1_286' title='bbox 450 4117 891 4188; x_wconf 79' lang='lat' dir='ltr'><strong>Andegavenses,</strong></span> <span class='ocrx_word' id='word_1_287' title='bbox 922 4120 1061 4186; x_wconf 90' lang='lat' dir='ltr'><strong>quod</strong></span> <span class='ocrx_word' id='word_1_288' title='bbox 1111 4119 1378 4172; x_wconf 83' lang='lat' dir='ltr'><strong>Ecclesias</strong></span> <span class='ocrx_word' id='word_1_289' title='bbox 1416 4120 1582 4173; x_wconf 85' lang='lat' dir='ltr'><strong>Doadi</strong></span> <span class='ocrx_word' id='word_1_290' title='bbox 1624 4136 1715 4173; x_wconf 86' lang='lat' dir='ltr'><strong>ca-</strong></span> 
     </span>
    </p>
   </div>
   <div class='ocr_carea' id='block_1_45' title="bbox 128 4208 1714 4278">
    <p class='ocr_par' dir='ltr' id='par_1_45' title="bbox 128 4208 1714 4278">
     <span class='ocr_line' id='line_1_45' title="bbox 128 4208 1714 4278; baseline 0.002 -19"><span class='ocrx_word' id='word_1_291' title='bbox 128 4211 259 4262; x_wconf 79' lang='lat' dir='ltr'><strong>stelli</strong></span> <span class='ocrx_word' id='word_1_292' title='bbox 292 4225 424 4278; x_wconf 67' lang='lat' dir='ltr'><strong>quae</strong></span> <span class='ocrx_word' id='word_1_293' title='bbox 450 4209 515 4261; x_wconf 89' lang='lat' dir='ltr'><strong>ad</strong></span> <span class='ocrx_word' id='word_1_294' title='bbox 546 4210 932 4263; x_wconf 87' lang='lat' dir='ltr'><strong>monasterium</strong></span> <span class='ocrx_word' id='word_1_295' title='bbox 965 4224 1122 4263; x_wconf 91' lang='lat' dir='ltr'><strong>suum</strong></span> <span class='ocrx_word' id='word_1_296' title='bbox 1155 4209 1483 4278; x_wconf 64' lang='lat' dir='ltr'><strong>pertinebit,</strong></span> <span class='ocrx_word' id='word_1_297' title='bbox 1517 4208 1714 4278; x_wconf 89' lang='lat' dir='ltr'><strong>injuste</strong></span> 
     </span>
    </p>
   </div>
   <div class='ocr_carea' id='block_1_46' title="bbox 128 4299 1710 4368">
    <p class='ocr_par' dir='ltr' id='par_1_46' title="bbox 128 4299 1710 4368">
     <span class='ocr_line' id='line_1_46' title="bbox 128 4299 1710 4368; baseline 0.003 -18"><span class='ocrx_word' id='word_1_298' title='bbox 128 4301 224 4353; x_wconf 80' lang='lat' dir='ltr'><strong>sibi</strong></span> <span class='ocrx_word' id='word_1_299' title='bbox 277 4309 628 4368; x_wconf 79' lang='lat' dir='ltr'><strong>arrogarent.</strong></span> <span class='ocrx_word' id='word_1_300' title='bbox 670 4299 867 4352; x_wconf 73' lang='lat' dir='ltr'><strong>Verum</strong></span> <span class='ocrx_word' id='word_1_301' title='bbox 918 4315 1039 4353; x_wconf 93' lang='lat' dir='ltr'><strong>cum</strong></span> <span class='ocrx_word' id='word_1_302' title='bbox 1097 4302 1410 4355; x_wconf 80' lang='lat' dir='ltr'><strong>econtrario</strong></span> <span class='ocrx_word' id='word_1_303' title='bbox 1467 4303 1710 4356; x_wconf 89' lang='lat' dir='ltr'><strong>canonici</strong></span> 
     </span>
    </p>
   </div>
   <div class='ocr_carea' id='block_1_47' title="bbox 129 4389 1711 4460">
    <p class='ocr_par' dir='ltr' id='par_1_47' title="bbox 129 4389 1711 4460">
     <span class='ocr_line' id='line_1_47' title="bbox 129 4389 1711 4460; baseline 0.005 -22"><span class='ocrx_word' id='word_1_304' title='bbox 129 4403 214 4441; x_wconf 84' lang='lat' dir='ltr'><strong>eas</strong></span> <span class='ocrx_word' id='word_1_305' title='bbox 243 4392 328 4443; x_wconf 88' lang='lat' dir='ltr'><strong>sui</strong></span> <span class='ocrx_word' id='word_1_306' title='bbox 359 4389 498 4456; x_wconf 89' lang='lat' dir='ltr'><strong>juris</strong></span> <span class='ocrx_word' id='word_1_307' title='bbox 524 4404 645 4444; x_wconf 88' lang='lat' dir='ltr'><strong>esse</strong></span> <span class='ocrx_word' id='word_1_308' title='bbox 677 4391 1090 4456; x_wconf 82' lang='lat' dir='ltr'><strong>contenderent,</strong></span> <span class='ocrx_word' id='word_1_309' title='bbox 1124 4391 1438 4460; x_wconf 80' lang='lat' dir='ltr'><strong>videretque</strong></span> <span class='ocrx_word' id='word_1_310' title='bbox 1474 4391 1711 4460; x_wconf 75' lang='lat' dir='ltr'><strong>pontifex</strong></span> 
     </span>
    </p>
   </div>
   <div class='ocr_carea' id='block_1_48' title="bbox 1823 587 3397 660">
    <p class='ocr_par' dir='ltr' id='par_1_48' title="bbox 1823 587 3397 660">
     <span class='ocr_line' id='line_1_48' title="bbox 1823 587 3397 660; baseline 0.008 -22"><span class='ocrx_word' id='word_1_311' title='bbox 1823 587 2120 656; x_wconf 83' lang='lat' dir='ltr'><strong>fragmento</strong></span> <span class='ocrx_word' id='word_1_312' title='bbox 2169 587 2420 643; x_wconf 48' lang='lat' dir='ltr'><strong>Historiae</strong></span> <span class='ocrx_word' id='word_1_313' title='bbox 2465 589 2890 660; x_wconf 79' lang='lat' dir='ltr'><strong>Andcgavensis,</strong></span> <span class='ocrx_word' id='word_1_314' title='bbox 2932 593 3073 647; x_wconf 83' lang='lat' dir='ltr'><strong>hanc</strong></span> <span class='ocrx_word' id='word_1_315' title='bbox 3121 594 3397 650; x_wconf 87' lang='lat' dir='ltr'><strong>basilicam</strong></span> 
     </span>
    </p>
   </div>
   <div class='ocr_carea' id='block_1_49' title="bbox 1819 676 3396 749">
    <p class='ocr_par' dir='ltr' id='par_1_49' title="bbox 1819 676 3396 749">
     <span class='ocr_line' id='line_1_49' title="bbox 1819 676 3396 749; baseline 0.006 -19"><span class='ocrx_word' id='word_1_316' title='bbox 1819 678 1880 730; x_wconf 80' lang='lat' dir='ltr'><strong>in&#39;</strong></span> <span class='ocrx_word' id='word_1_317' title='bbox 1904 676 2298 748; x_wconf 80' lang='lat' dir='ltr'><strong>Septuagesima</strong></span> <span class='ocrx_word' id='word_1_318' title='bbox 2328 681 2632 736; x_wconf 86' lang='lat' dir='ltr'><strong>dedicatam</strong></span> <span class='ocrx_word' id='word_1_319' title='bbox 2668 681 2870 749; x_wconf 87' lang='lat' dir='ltr'><strong>fuisse;</strong></span> <span class='ocrx_word' id='word_1_320' title='bbox 2912 692 2967 738; x_wconf 90' lang='lat' dir='ltr'><strong>et</strong></span> <span class='ocrx_word' id='word_1_321' title='bbox 3012 684 3217 740; x_wconf 84' lang='lat' dir='ltr'><strong>Urbani</strong></span> <span class='ocrx_word' id='word_1_322' title='bbox 3255 685 3396 740; x_wconf 87' lang='lat' dir='ltr'><strong>bulla</strong></span> 
     </span>
    </p>
   </div>
   <div class='ocr_carea' id='block_1_50' title="bbox 1820 767 3399 837">
    <p class='ocr_par' dir='ltr' id='par_1_50' title="bbox 1820 767 3399 837">
     <span class='ocr_line' id='line_1_50' title="bbox 1820 767 3399 837; baseline 0.007 -17"><span class='ocrx_word' id='word_1_323' title='bbox 1820 767 1872 820; x_wconf 92' lang='lat' dir='ltr'><strong>in</strong></span> <span class='ocrx_word' id='word_1_324' title='bbox 1902 784 2005 837; x_wconf 88' lang='lat' dir='ltr'><strong>qua</strong></span> <span class='ocrx_word' id='word_1_325' title='bbox 2037 770 2394 824; x_wconf 85' lang='lat' dir='ltr'><strong>dedicationis</strong></span> <span class='ocrx_word' id='word_1_326' title='bbox 2425 772 2627 826; x_wconf 89' lang='lat' dir='ltr'><strong>mentio</strong></span> <span class='ocrx_word' id='word_1_327' title='bbox 2657 771 2905 836; x_wconf 84' lang='lat' dir='ltr'><strong>habetur,</strong></span> <span class='ocrx_word' id='word_1_328' title='bbox 2937 775 3057 828; x_wconf 86' lang='lat' dir='ltr'><strong>data</strong></span> <span class='ocrx_word' id='word_1_329' title='bbox 3101 784 3184 829; x_wconf 85' lang='lat' dir='ltr'><strong>est</strong></span> <span class='ocrx_word' id='word_1_330' title='bbox 3211 789 3399 831; x_wconf 84' lang='lat' dir='ltr'><strong>mense</strong></span> 
     </span>
    </p>
   </div>
   <div class='ocr_carea' id='block_1_51' title="bbox 1819 859 3452 934">
    <p class='ocr_par' dir='ltr' id='par_1_51' title="bbox 1819 859 3452 934">
     <span class='ocr_line' id='line_1_51' title="bbox 1819 859 3452 934; baseline 0.008 -21"><span class='ocrx_word' id='word_1_331' title='bbox 1819 859 2137 924; x_wconf 77' lang='lat' dir='ltr'><strong>Februario,</strong></span> <span class='ocrx_word' id='word_1_332' title='bbox 2168 863 2504 932; x_wconf 90' lang='lat' dir='ltr'><strong>proindeque</strong></span> <span class='ocrx_word' id='word_1_333' title='bbox 2543 873 2669 919; x_wconf 88' lang='lat' dir='ltr'><strong>ante</strong></span> <span class='ocrx_word' id='word_1_334' title='bbox 2695 865 2906 918; x_wconf 91' lang='lat' dir='ltr'><strong>initium</strong></span> <span class='ocrx_word' id='word_1_335' title='bbox 2939 866 3452 934; x_wconf 59' lang='lat' dir='ltr'><strong>Quadragesimtc,&#39;,</strong></span> 
     </span>
    </p>
   </div>
   <div class='ocr_carea' id='block_1_52' title="bbox 1820 953 3404 1026">
    <p class='ocr_par' dir='ltr' id='par_1_52' title="bbox 1820 953 3404 1026">
     <span class='ocr_line' id='line_1_52' title="bbox 1820 953 3404 1026; baseline 0.006 -23"><span class='ocrx_word' id='word_1_336' title='bbox 1820 961 1872 1003; x_wconf 90' lang='lat' dir='ltr'><strong>ut</strong></span> <span class='ocrx_word' id='word_1_337' title='bbox 1915 953 2044 1005; x_wconf 88' lang='lat' dir='ltr'><strong>nihil</strong></span> <span class='ocrx_word' id='word_1_338' title='bbox 2093 954 2271 1007; x_wconf 90' lang='lat' dir='ltr'><strong>dicam</strong></span> <span class='ocrx_word' id='word_1_339' title='bbox 2317 955 2382 1008; x_wconf 81' lang='lat' dir='ltr'><strong>de</strong></span> <span class='ocrx_word' id='word_1_340' title='bbox 2428 954 2657 1008; x_wconf 90' lang='lat' dir='ltr'><strong>concilio</strong></span> <span class='ocrx_word' id='word_1_341' title='bbox 2685 955 3005 1020; x_wconf 86' lang='lat' dir='ltr'><strong>Turonensi,</strong></span> <span class='ocrx_word' id='word_1_342' title='bbox 3046 959 3186 1026; x_wconf 88' lang='lat' dir='ltr'><strong>quod</strong></span> <span class='ocrx_word' id='word_1_343' title='bbox 3216 960 3404 1026; x_wconf 60' lang='lat' dir='ltr'><strong>pransia</strong></span> 
     </span>
    </p>
   </div>
   <div class='ocr_carea' id='block_1_53' title="bbox 1819 1041 3400 1114">
    <p class='ocr_par' dir='ltr' id='par_1_53' title="bbox 1819 1041 3400 1114">
     <span class='ocr_line' id='line_1_53' title="bbox 1819 1041 3400 1114; baseline 0.005 -21"><span class='ocrx_word' id='word_1_344' title='bbox 1819 1042 1978 1095; x_wconf 88' lang='lat' dir='ltr'><strong>dente</strong></span> <span class='ocrx_word' id='word_1_345' title='bbox 2024 1041 2241 1097; x_wconf 87' lang='lat' dir='ltr'><strong>Urbano</strong></span> <span class='ocrx_word' id='word_1_346' title='bbox 2287 1044 2338 1097; x_wconf 94' lang='lat' dir='ltr'><strong>in</strong></span> <span class='ocrx_word' id='word_1_347' title='bbox 2395 1043 2570 1097; x_wconf 87' lang='lat' dir='ltr'><strong>media</strong></span> <span class='ocrx_word' id='word_1_348' title='bbox 2621 1044 3071 1114; x_wconf 79' lang='lat' dir='ltr'><strong>Qnadragesima,</strong></span> <span class='ocrx_word' id='word_1_349' title='bbox 3125 1048 3214 1114; x_wconf 91' lang='lat' dir='ltr'><strong>qui</strong></span> <span class='ocrx_word' id='word_1_350' title='bbox 3263 1049 3400 1101; x_wconf 86' lang='lat' dir='ltr'><strong>adeo</strong></span> 
     </span>
    </p>
   </div>
   <div class='ocr_carea' id='block_1_54' title="bbox 1817 1131 3399 1204">
    <p class='ocr_par' dir='ltr' id='par_1_54' title="bbox 1817 1131 3399 1204">
     <span class='ocr_line' id='line_1_54' title="bbox 1817 1131 3399 1204; baseline 0.004 -20"><span class='ocrx_word' id='word_1_351' title='bbox 1817 1131 2124 1203; x_wconf 81' lang='lat' dir='ltr'><strong>Andegavis</strong></span> <span class='ocrx_word' id='word_1_352' title='bbox 2175 1141 2285 1186; x_wconf 89' lang='lat' dir='ltr'><strong>tum</strong></span> <span class='ocrx_word' id='word_1_353' title='bbox 2333 1149 2436 1187; x_wconf 91' lang='lat' dir='ltr'><strong>non</strong></span> <span class='ocrx_word' id='word_1_354' title='bbox 2491 1143 2629 1197; x_wconf 85' lang='lat' dir='ltr'><strong>erat,</strong></span> <span class='ocrx_word' id='word_1_355' title='bbox 2677 1134 3006 1189; x_wconf 85' lang='lat' dir='ltr'><strong>celebratum</strong></span> <span class='ocrx_word' id='word_1_356' title='bbox 3054 1135 3173 1190; x_wconf 88' lang='lat' dir='ltr'><strong>fuit.</strong></span> <span class='ocrx_word' id='word_1_357' title='bbox 3225 1137 3399 1204; x_wconf 84' lang='lat' dir='ltr'><strong>Quam</strong></span> 
     </span>
    </p>
   </div>
   <div class='ocr_carea' id='block_1_55' title="bbox 1819 1222 3398 1298">
    <p class='ocr_par' dir='ltr' id='par_1_55' title="bbox 1819 1222 3398 1298">
     <span class='ocr_line' id='line_1_55' title="bbox 1819 1222 3398 1298; baseline 0.004 -23"><span class='ocrx_word' id='word_1_358' title='bbox 1819 1237 1952 1275; x_wconf 88' lang='lat' dir='ltr'><strong>vero</strong></span> <span class='ocrx_word' id='word_1_359' title='bbox 1999 1222 2260 1278; x_wconf 83' lang='lat' dir='ltr'><strong>solemnis</strong></span> <span class='ocrx_word' id='word_1_360' title='bbox 2314 1224 2428 1278; x_wconf 69' lang='lat' dir='ltr'><strong>haec</strong></span> <span class='ocrx_word' id='word_1_361' title='bbox 2464 1223 2733 1278; x_wconf 85' lang='lat' dir='ltr'><strong>dedicatio</strong></span> <span class='ocrx_word' id='word_1_362' title='bbox 2784 1224 2944 1278; x_wconf 88' lang='lat' dir='ltr'><strong>fuerit</strong></span> <span class='ocrx_word' id='word_1_363' title='bbox 2991 1240 3058 1279; x_wconf 82' lang='lat' dir='ltr'><strong>ex</strong></span> <span class='ocrx_word' id='word_1_364' title='bbox 3108 1241 3172 1280; x_wconf 88' lang='lat' dir='ltr'><strong>eo</strong></span> <span class='ocrx_word' id='word_1_365' title='bbox 3223 1228 3398 1298; x_wconf 83' lang='lat' dir='ltr'><strong>colligi</strong></span> 
     </span>
    </p>
   </div>
   <div class='ocr_carea' id='block_1_56' title="bbox 1818 1313 3397 1384">
    <p class='ocr_par' dir='ltr' id='par_1_56' title="bbox 1818 1313 3397 1384">
     <span class='ocr_line' id='line_1_56' title="bbox 1818 1313 3397 1384; baseline 0.003 -20"><span class='ocrx_word' id='word_1_366' title='bbox 1818 1322 2028 1382; x_wconf 81' lang='lat' dir='ltr'><strong>potest,</strong></span> <span class='ocrx_word' id='word_1_367' title='bbox 2082 1314 2223 1382; x_wconf 91' lang='lat' dir='ltr'><strong>quod</strong></span> <span class='ocrx_word' id='word_1_368' title='bbox 2279 1314 2443 1366; x_wconf 73' lang='lat' dir='ltr'><strong>varia:</strong></span> <span class='ocrx_word' id='word_1_369' title='bbox 2492 1314 2697 1367; x_wconf 73' lang='lat' dir='ltr'><strong>chartre</strong></span> <span class='ocrx_word' id='word_1_370' title='bbox 2755 1315 2953 1384; x_wconf 84' lang='lat' dir='ltr'><strong>passim</strong></span> <span class='ocrx_word' id='word_1_371' title='bbox 3004 1313 3293 1369; x_wconf 78' lang='lat' dir='ltr'><strong>occurrant</strong></span> <span class='ocrx_word' id='word_1_372' title='bbox 3345 1317 3397 1369; x_wconf 93' lang='lat' dir='ltr'><strong>in</strong></span> 
     </span>
    </p>
   </div>
   <div class='ocr_carea' id='block_1_57' title="bbox 1821 1403 3399 1476">
    <p class='ocr_par' dir='ltr' id='par_1_57' title="bbox 1821 1403 3399 1476">
     <span class='ocr_line' id='line_1_57' title="bbox 1821 1403 3399 1476; baseline 0.004 -20"><span class='ocrx_word' id='word_1_373' title='bbox 1821 1403 2304 1475; x_wconf 82' lang='lat' dir='ltr'><strong>Andegavensibus</strong></span> <span class='ocrx_word' id='word_1_374' title='bbox 2337 1406 2718 1470; x_wconf 82' lang='lat' dir='ltr'><strong>monumentis,</strong></span> <span class='ocrx_word' id='word_1_375' title='bbox 2755 1406 2823 1458; x_wconf 91' lang='lat' dir='ltr'><strong>ab</strong></span> <span class='ocrx_word' id='word_1_376' title='bbox 2870 1421 3012 1459; x_wconf 88' lang='lat' dir='ltr'><strong>anno</strong></span> <span class='ocrx_word' id='word_1_377' title='bbox 3045 1407 3124 1460; x_wconf 86' lang='lat' dir='ltr'><strong>vel</strong></span> <span class='ocrx_word' id='word_1_378' title='bbox 3167 1407 3253 1461; x_wconf 91' lang='lat' dir='ltr'><strong>die</strong></span> <span class='ocrx_word' id='word_1_379' title='bbox 3283 1407 3399 1476; x_wconf 86' lang='lat' dir='ltr'><strong>ejus</strong></span> 
     </span>
    </p>
   </div>
   <div class='ocr_carea' id='block_1_58' title="bbox 1819 1496 3396 1566">
    <p class='ocr_par' dir='ltr' id='par_1_58' title="bbox 1819 1496 3396 1566">
     <span class='ocr_line' id='line_1_58' title="bbox 1819 1496 3396 1566; baseline 0.001 -15"><span class='ocrx_word' id='word_1_380' title='bbox 1819 1498 2174 1552; x_wconf 86' lang='lat' dir='ltr'><strong>dedicationis</strong></span> <span class='ocrx_word' id='word_1_381' title='bbox 2195 1499 2350 1552; x_wconf 66' lang='lat' dir='ltr'><strong>datm.</strong></span> <span class='ocrx_word' id='word_1_382' title='bbox 2384 1498 2450 1551; x_wconf 86' lang='lat' dir='ltr'><strong>Et</strong></span> <span class='ocrx_word' id='word_1_383' title='bbox 2471 1496 2688 1566; x_wconf 79' lang='lat' dir='ltr'><strong>quidem</strong></span> <span class='ocrx_word' id='word_1_384' title='bbox 2717 1498 2785 1549; x_wconf 90' lang='lat' dir='ltr'><strong>ob</strong></span> <span class='ocrx_word' id='word_1_385' title='bbox 2815 1496 2862 1551; x_wconf 93' lang='lat' dir='ltr'><strong>id</strong></span> <span class='ocrx_word' id='word_1_386' title='bbox 2891 1499 3127 1552; x_wconf 82' lang='lat' dir='ltr'><strong>maxime</strong></span> <span class='ocrx_word' id='word_1_387' title='bbox 3153 1498 3396 1552; x_wconf 86' lang='lat' dir='ltr'><strong>laudatur</strong></span> 
     </span>
    </p>
   </div>
   <div class='ocr_carea' id='block_1_59' title="bbox 1821 1583 3397 1655">
    <p class='ocr_par' dir='ltr' id='par_1_59' title="bbox 1821 1583 3397 1655">
     <span class='ocr_line' id='line_1_59' title="bbox 1821 1583 3397 1655; baseline -0.001 -16"><span class='ocrx_word' id='word_1_388' title='bbox 1821 1584 2025 1641; x_wconf 85' lang='lat' dir='ltr'><strong>Natalis</strong></span> <span class='ocrx_word' id='word_1_389' title='bbox 2055 1587 2222 1640; x_wconf 86' lang='lat' dir='ltr'><strong>abbas</strong></span> <span class='ocrx_word' id='word_1_390' title='bbox 2247 1585 2299 1638; x_wconf 91' lang='lat' dir='ltr'><strong>in</strong></span> <span class='ocrx_word' id='word_1_391' title='bbox 2323 1585 2573 1639; x_wconf 84' lang='lat' dir='ltr'><strong>versibus</strong></span> <span class='ocrx_word' id='word_1_392' title='bbox 2602 1583 2834 1638; x_wconf 81' lang='lat' dir='ltr'><strong>Baldrici</strong></span> <span class='ocrx_word' id='word_1_393' title='bbox 2863 1584 3232 1655; x_wconf 80' lang='lat' dir='ltr'><strong>Burgulieusis</strong></span> <span class='ocrx_word' id='word_1_394' title='bbox 3259 1589 3397 1654; x_wconf 86' lang='lat' dir='ltr'><strong>apud</strong></span> 
     </span>
    </p>
   </div>
   <div class='ocr_carea' id='block_1_60' title="bbox 1818 1673 3396 1744">
    <p class='ocr_par' dir='ltr' id='par_1_60' title="bbox 1818 1673 3396 1744">
     <span class='ocr_line' id='line_1_60' title="bbox 1818 1673 3396 1744; baseline -0.003 -13"><span class='ocrx_word' id='word_1_395' title='bbox 1818 1676 2146 1738; x_wconf 88' lang='lat' dir='ltr'><strong>Chesnium,</strong></span> <span class='ocrx_word' id='word_1_396' title='bbox 2211 1685 2357 1731; x_wconf 91' lang='lat' dir='ltr'><strong>tomo</strong></span> <span class='ocrx_word' id='word_1_397' title='bbox 2404 1673 2494 1739; x_wconf 79' lang='grc' dir='ltr'><strong>ιν,</strong></span> <span class='ocrx_word' id='word_1_398' title='bbox 2545 1675 2688 1744; x_wconf 89' lang='lat' dir='ltr'><strong>quod</strong></span> <span class='ocrx_word' id='word_1_399' title='bbox 2739 1689 2857 1728; x_wconf 88' lang='lat' dir='ltr'><strong>eam</strong></span> <span class='ocrx_word' id='word_1_400' title='bbox 2915 1689 2944 1727; x_wconf 89' lang='lat' dir='ltr'><strong>a</strong></span> <span class='ocrx_word' id='word_1_401' title='bbox 2991 1674 3242 1742; x_wconf 88' lang='lat' dir='ltr'><strong>pontiﬁce</strong></span> <span class='ocrx_word' id='word_1_402' title='bbox 3284 1675 3396 1727; x_wconf 87' lang='lat' dir='ltr'><strong>ﬁeri</strong></span> 
     </span>
    </p>
   </div>
   <div class='ocr_carea' id='block_1_61' title="bbox 1819 1759 3402 1831">
    <p class='ocr_par' dir='ltr' id='par_1_61' title="bbox 1819 1759 3402 1831">
     <span class='ocr_line' id='line_1_61' title="bbox 1819 1759 3402 1831; baseline -0.003 -11"><span class='ocrx_word' id='word_1_403' title='bbox 1819 1765 2134 1820; x_wconf 89' lang='lat' dir='ltr'><strong>obtinuerit.</strong></span> <span class='ocrx_word' id='word_1_404' title='bbox 2155 1765 2226 1820; x_wconf 91' lang='lat' dir='ltr'><strong>Ut</strong></span> <span class='ocrx_word' id='word_1_405' title='bbox 2243 1780 2368 1819; x_wconf 90' lang='lat' dir='ltr'><strong>vero</strong></span> <span class='ocrx_word' id='word_1_406' title='bbox 2391 1763 2555 1817; x_wconf 87' lang='lat' dir='ltr'><strong>etiam</strong></span> <span class='ocrx_word' id='word_1_407' title='bbox 2576 1763 2641 1816; x_wconf 90' lang='lat' dir='ltr'><strong>ad</strong></span> <span class='ocrx_word' id='word_1_408' title='bbox 2666 1774 2909 1831; x_wconf 87' lang='lat' dir='ltr'><strong>posteros</strong></span> <span class='ocrx_word' id='word_1_409' title='bbox 2930 1759 3046 1830; x_wconf 83' lang='lat' dir='ltr'><strong>ejus</strong></span> <span class='ocrx_word' id='word_1_410' title='bbox 3072 1762 3402 1816; x_wconf 86' lang='lat' dir='ltr'><strong>celebritatis</strong></span> 
     </span>
    </p>
   </div>
   <div class='ocr_carea' id='block_1_62' title="bbox 1821 1852 3395 1924">
    <p class='ocr_par' dir='ltr' id='par_1_62' title="bbox 1821 1852 3395 1924">
     <span class='ocr_line' id='line_1_62' title="bbox 1821 1852 3395 1924; baseline -0.003 -14"><span class='ocrx_word' id='word_1_411' title='bbox 1821 1857 2081 1910; x_wconf 88' lang='lat' dir='ltr'><strong>memoria</strong></span> <span class='ocrx_word' id='word_1_412' title='bbox 2131 1863 2541 1924; x_wconf 82' lang='lat' dir='ltr'><strong>propagaretur,</strong></span> <span class='ocrx_word' id='word_1_413' title='bbox 2595 1854 2735 1908; x_wconf 89' lang='lat' dir='ltr'><strong>idem</strong></span> <span class='ocrx_word' id='word_1_414' title='bbox 2787 1853 3026 1921; x_wconf 82' lang='lat' dir='ltr'><strong>pontifex</strong></span> <span class='ocrx_word' id='word_1_415' title='bbox 3081 1853 3131 1906; x_wconf 91' lang='lat' dir='ltr'><strong>in</strong></span> <span class='ocrx_word' id='word_1_416' title='bbox 3180 1852 3395 1906; x_wconf 86' lang='lat' dir='ltr'><strong>laudata</strong></span> 
     </span>
    </p>
   </div>
   <div class='ocr_carea' id='block_1_63' title="bbox 1819 1943 3394 2014">
    <p class='ocr_par' dir='ltr' id='par_1_63' title="bbox 1819 1943 3394 2014">
     <span class='ocr_line' id='line_1_63' title="bbox 1819 1943 3394 2014; baseline -0.003 -14"><span class='ocrx_word' id='word_1_417' title='bbox 1819 1945 1962 2000; x_wconf 89' lang='lat' dir='ltr'><strong>bulla</strong></span> <span class='ocrx_word' id='word_1_418' title='bbox 1992 1960 2105 2010; x_wconf 91' lang='lat' dir='ltr'><strong>eos,</strong></span> <span class='ocrx_word' id='word_1_419' title='bbox 2134 1945 2224 2014; x_wconf 89' lang='lat' dir='ltr'><strong>qui</strong></span> <span class='ocrx_word' id='word_1_420' title='bbox 2256 1945 2322 1998; x_wconf 88' lang='lat' dir='ltr'><strong>ad</strong></span> <span class='ocrx_word' id='word_1_421' title='bbox 2366 1943 2790 1997; x_wconf 85' lang='lat' dir='ltr'><strong>anniversariam</strong></span> <span class='ocrx_word' id='word_1_422' title='bbox 2818 1943 2958 1996; x_wconf 89' lang='lat' dir='ltr'><strong>illius</strong></span> <span class='ocrx_word' id='word_1_423' title='bbox 2988 1943 3394 2009; x_wconf 80' lang='lat' dir='ltr'><strong>solemnitatem</strong></span> 
     </span>
    </p>
   </div>
   <div class='ocr_carea' id='block_1_64' title="bbox 1819 2034 3393 2098">
    <p class='ocr_par' dir='ltr' id='par_1_64' title="bbox 1819 2034 3393 2098">
     <span class='ocr_line' id='line_1_64' title="bbox 1819 2034 3393 2098; baseline -0.003 -7"><span class='ocrx_word' id='word_1_424' title='bbox 1819 2037 2110 2091; x_wconf 88' lang='lat' dir='ltr'><strong>convenire</strong></span> <span class='ocrx_word' id='word_1_425' title='bbox 2143 2035 2432 2098; x_wconf 91' lang='lat' dir='ltr'><strong>voluerint,</strong></span> <span class='ocrx_word' id='word_1_426' title='bbox 2461 2034 2528 2087; x_wconf 91' lang='lat' dir='ltr'><strong>ab</strong></span> <span class='ocrx_word' id='word_1_427' title='bbox 2565 2034 2711 2087; x_wconf 90' lang='lat' dir='ltr'><strong>omni</strong></span> <span class='ocrx_word' id='word_1_428' title='bbox 2749 2035 2982 2087; x_wconf 89' lang='lat' dir='ltr'><strong>hostium</strong></span> <span class='ocrx_word' id='word_1_429' title='bbox 3015 2034 3230 2089; x_wconf 82' lang='lat' dir='ltr'><strong>incursu</strong></span> <span class='ocrx_word' id='word_1_430' title='bbox 3260 2036 3393 2088; x_wconf 78' lang='lat' dir='ltr'><strong>lilze-</strong></span> 
     </span>
    </p>
   </div>
   <div class='ocr_carea' id='block_1_65' title="bbox 1820 2125 3394 2198">
    <p class='ocr_par' dir='ltr' id='par_1_65' title="bbox 1820 2125 3394 2198">
     <span class='ocr_line' id='line_1_65' title="bbox 1820 2125 3394 2198; baseline -0.001 -16"><span class='ocrx_word' id='word_1_431' title='bbox 1820 2144 1910 2182; x_wconf 89' lang='lat' dir='ltr'><strong>ros</strong></span> <span class='ocrx_word' id='word_1_432' title='bbox 1939 2143 2059 2183; x_wconf 87' lang='lat' dir='ltr'><strong>esse</strong></span> <span class='ocrx_word' id='word_1_433' title='bbox 2093 2128 2369 2198; x_wconf 81' lang='lat' dir='ltr'><strong>praecepit.</strong></span> <span class='ocrx_word' id='word_1_434' title='bbox 2417 2125 2710 2193; x_wconf 87' lang='lat' dir='ltr'><strong>multisque</strong></span> <span class='ocrx_word' id='word_1_435' title='bbox 2751 2126 2940 2195; x_wconf 82' lang='lat' dir='ltr'><strong>gratiis</strong></span> <span class='ocrx_word' id='word_1_436' title='bbox 2969 2126 3204 2180; x_wconf 85' lang='lat' dir='ltr'><strong>donavit.</strong></span> <span class='ocrx_word' id='word_1_437' title='bbox 3253 2125 3394 2181; x_wconf 83' lang='lat' dir='ltr'><strong>Con-</strong></span> 
     </span>
    </p>
   </div>
   <div class='ocr_carea' id='block_1_66' title="bbox 1818 2217 3396 2288">
    <p class='ocr_par' dir='ltr' id='par_1_66' title="bbox 1818 2217 3396 2288">
     <span class='ocr_line' id='line_1_66' title="bbox 1818 2217 3396 2288; baseline -0.002 -14"><span class='ocrx_word' id='word_1_438' title='bbox 1818 2222 1986 2274; x_wconf 85' lang='lat' dir='ltr'><strong>stituit</strong></span> <span class='ocrx_word' id='word_1_439' title='bbox 2018 2221 2198 2283; x_wconf 86' lang='lat' dir='ltr'><strong>etiam,</strong></span> <span class='ocrx_word' id='word_1_440' title='bbox 2231 2229 2290 2272; x_wconf 91' lang='lat' dir='ltr'><strong>ut</strong></span> <span class='ocrx_word' id='word_1_441' title='bbox 2324 2227 2556 2274; x_wconf 89' lang='lat' dir='ltr'><strong>testatur</strong></span> <span class='ocrx_word' id='word_1_442' title='bbox 2581 2217 2746 2271; x_wconf 82' lang='lat' dir='ltr'><strong>Fulco</strong></span> <span class='ocrx_word' id='word_1_443' title='bbox 2773 2233 2955 2272; x_wconf 90' lang='lat' dir='ltr'><strong>comes</strong></span> <span class='ocrx_word' id='word_1_444' title='bbox 2998 2219 3048 2272; x_wconf 91' lang='lat' dir='ltr'><strong>in</strong></span> <span class='ocrx_word' id='word_1_445' title='bbox 3093 2217 3396 2288; x_wconf 83' lang='lat' dir='ltr'><strong>fragmento</strong></span> 
     </span>
    </p>
   </div>
   <div class='ocr_carea' id='block_1_67' title="bbox 1819 2306 3396 2376">
    <p class='ocr_par' dir='ltr' id='par_1_67' title="bbox 1819 2306 3396 2376">
     <span class='ocr_line' id='line_1_67' title="bbox 1819 2306 3396 2376; baseline -0.003 -12"><span class='ocrx_word' id='word_1_446' title='bbox 1819 2310 2070 2364; x_wconf 66' lang='lat' dir='ltr'><strong>Historiae</strong></span> <span class='ocrx_word' id='word_1_447' title='bbox 2109 2326 2232 2364; x_wconf 80' lang='lat' dir='ltr'><strong>mox</strong></span> <span class='ocrx_word' id='word_1_448' title='bbox 2287 2309 2522 2370; x_wconf 85' lang='lat' dir='ltr'><strong>laudato,</strong></span> <span class='ocrx_word' id='word_1_449' title='bbox 2567 2307 2704 2360; x_wconf 88' lang='lat' dir='ltr'><strong>idem</strong></span> <span class='ocrx_word' id='word_1_450' title='bbox 2754 2306 3090 2376; x_wconf 65' lang='lat' dir='ltr'><strong>apostolicus,</strong></span> <span class='ocrx_word' id='word_1_451' title='bbox 3137 2317 3182 2360; x_wconf 78' lang='lat' dir='ltr'><strong>et</strong></span> <span class='ocrx_word' id='word_1_452' title='bbox 3228 2309 3396 2361; x_wconf 83' lang='lat' dir='ltr'><strong>edicto</strong></span> 
     </span>
    </p>
   </div>
   <div class='ocr_carea' id='block_1_68' title="bbox 1808 2398 3391 2471">
    <p class='ocr_par' dir='ltr' id='par_1_68' title="bbox 1808 2398 3391 2471">
     <span class='ocr_line' id='line_1_68' title="bbox 1808 2398 3391 2471; baseline -0.001 -19"><span class='ocrx_word' id='word_1_453' title='bbox 1808 2401 1970 2471; x_wconf 84' lang='lat' dir='ltr'><strong>jussit</strong></span> <span class='ocrx_word' id='word_1_454' title='bbox 2003 2411 2056 2453; x_wconf 87' lang='lat' dir='ltr'><strong>ut</strong></span> <span class='ocrx_word' id='word_1_455' title='bbox 2086 2400 2138 2452; x_wconf 88' lang='lat' dir='ltr'><strong>in</strong></span> <span class='ocrx_word' id='word_1_456' title='bbox 2160 2401 2338 2454; x_wconf 84' lang='lat' dir='ltr'><strong>eodem</strong></span> <span class='ocrx_word' id='word_1_457' title='bbox 2369 2400 2611 2463; x_wconf 88' lang='lat' dir='ltr'><strong>termino,</strong></span> <span class='ocrx_word' id='word_1_458' title='bbox 2636 2415 2738 2468; x_wconf 88' lang='lat' dir='ltr'><strong>quo</strong></span> <span class='ocrx_word' id='word_1_459' title='bbox 2771 2398 3148 2450; x_wconf 81' lang='lat' dir='ltr'><strong>dedicationem</strong></span> <span class='ocrx_word' id='word_1_460' title='bbox 3177 2398 3391 2467; x_wconf 81' lang='lat' dir='ltr'><strong>fecerat,</strong></span> 
     </span>
    </p>
   </div>
   <div class='ocr_carea' id='block_1_69' title="bbox 1817 2492 3394 2565">
    <p class='ocr_par' dir='ltr' id='par_1_69' title="bbox 1817 2492 3394 2565">
     <span class='ocr_line' id='line_1_69' title="bbox 1817 2492 3394 2565; baseline -0.003 -16"><span class='ocrx_word' id='word_1_461' title='bbox 1817 2496 2071 2549; x_wconf 84' lang='lat' dir='ltr'><strong>indictum</strong></span> <span class='ocrx_word' id='word_1_462' title='bbox 2127 2493 2389 2565; x_wconf 87' lang='lat' dir='ltr'><strong>publicum</strong></span> <span class='ocrx_word' id='word_1_463' title='bbox 2447 2492 2798 2546; x_wconf 83' lang='lat' dir='ltr'><strong>celebraretur</strong></span> <span class='ocrx_word' id='word_1_464' title='bbox 2845 2507 2947 2544; x_wconf 88' lang='lat' dir='ltr'><strong>uno</strong></span> <span class='ocrx_word' id='word_1_465' title='bbox 3003 2509 3204 2561; x_wconf 74' lang='lat' dir='ltr'><strong>quoque</strong></span> <span class='ocrx_word' id='word_1_466' title='bbox 3257 2509 3394 2545; x_wconf 87' lang='lat' dir='ltr'><strong>anno</strong></span> 
     </span>
    </p>
   </div>
   <div class='ocr_carea' id='block_1_70' title="bbox 1817 2577 3394 2654">
    <p class='ocr_par' dir='ltr' id='par_1_70' title="bbox 1817 2577 3394 2654">
     <span class='ocr_line' id='line_1_70' title="bbox 1817 2577 3394 2654; baseline -0.002 -15"><span class='ocrx_word' id='word_1_467' title='bbox 1817 2588 1956 2654; x_wconf 83' lang='lat' dir='ltr'><strong>apud</strong></span> <span class='ocrx_word' id='word_1_468' title='bbox 1996 2577 2249 2640; x_wconf 77' lang='lat' dir='ltr'><strong>Sanctum</strong></span> <span class='ocrx_word' id='word_1_469' title='bbox 2298 2585 2604 2647; x_wconf 86' lang='lat' dir='ltr'><strong>Nicolaum,</strong></span> <span class='ocrx_word' id='word_1_470' title='bbox 2637 2593 2683 2636; x_wconf 87' lang='lat' dir='ltr'><strong>et</strong></span> <span class='ocrx_word' id='word_1_471' title='bbox 2716 2583 2934 2651; x_wconf 87' lang='lat' dir='ltr'><strong>septima</strong></span> <span class='ocrx_word' id='word_1_472' title='bbox 2976 2600 3097 2652; x_wconf 81' lang='lat' dir='ltr'><strong>pars</strong></span> <span class='ocrx_word' id='word_1_473' title='bbox 3141 2586 3394 2652; x_wconf 71' lang='lat' dir='ltr'><strong>paeniten-</strong></span> 
     </span>
    </p>
   </div>
   <div class='ocr_carea' id='block_1_71' title="bbox 1817 2673 3398 2748">
    <p class='ocr_par' dir='ltr' id='par_1_71' title="bbox 1817 2673 3398 2748">
     <span class='ocr_line' id='line_1_71' title="bbox 1817 2673 3398 2748; baseline -0.002 -17"><span class='ocrx_word' id='word_1_474' title='bbox 1817 2681 2007 2732; x_wconf 89' lang='lat' dir='ltr'><strong>tiarum</strong></span> <span class='ocrx_word' id='word_1_475' title='bbox 2049 2678 2239 2748; x_wconf 84' lang='lat' dir='ltr'><strong>populo</strong></span> <span class='ocrx_word' id='word_1_476' title='bbox 2273 2676 2594 2732; x_wconf 83' lang='lat' dir='ltr'><strong>convenienti</strong></span> <span class='ocrx_word' id='word_1_477' title='bbox 2631 2675 2699 2728; x_wconf 89' lang='lat' dir='ltr'><strong>ad</strong></span> <span class='ocrx_word' id='word_1_478' title='bbox 2738 2675 2884 2728; x_wconf 86' lang='lat' dir='ltr'><strong>illaut</strong></span> <span class='ocrx_word' id='word_1_479' title='bbox 2922 2673 3268 2728; x_wconf 77' lang='lat' dir='ltr'><strong>celebritatem</strong></span> <span class='ocrx_word' id='word_1_480' title='bbox 3315 2676 3398 2728; x_wconf 86' lang='lat' dir='ltr'><strong>di-</strong></span> 
     </span>
    </p>
   </div>
   <div class='ocr_carea' id='block_1_72' title="bbox 1817 2770 2126 2822">
    <p class='ocr_par' dir='ltr' id='par_1_72' title="bbox 1817 2770 2126 2822">
     <span class='ocr_line' id='line_1_72' title="bbox 1817 2770 2126 2822; baseline 0 -1"><span class='ocrx_word' id='word_1_481' title='bbox 1817 2770 2126 2822; x_wconf 84' lang='lat' dir='ltr'><strong>mitteretur.</strong></span> 
     </span>
    </p>
   </div>
   <div class='ocr_carea' id='block_1_73' title="bbox 1889 2852 3396 2925">
    <p class='ocr_par' dir='ltr' id='par_1_73' title="bbox 1889 2852 3396 2925">
     <span class='ocr_line' id='line_1_73' title="bbox 1889 2852 3396 2925; baseline -0.001 -15"><span class='ocrx_word' id='word_1_482' title='bbox 1889 2857 2090 2910; x_wconf 83' lang='lat' dir='ltr'><strong>Eadem</strong></span> <span class='ocrx_word' id='word_1_483' title='bbox 2127 2857 2415 2912; x_wconf 88' lang='lat' dir='ltr'><strong>occasione</strong></span> <span class='ocrx_word' id='word_1_484' title='bbox 2441 2855 2679 2925; x_wconf 78' lang='lat' dir='ltr'><strong>pontifex</strong></span> <span class='ocrx_word' id='word_1_485' title='bbox 2722 2869 2749 2907; x_wconf 90' lang='lat' dir='ltr'><strong>a</strong></span> <span class='ocrx_word' id='word_1_486' title='bbox 2785 2852 3020 2907; x_wconf 84' lang='lat' dir='ltr'><strong>Fulcone</strong></span> <span class='ocrx_word' id='word_1_487' title='bbox 3053 2853 3267 2913; x_wconf 83' lang='lat' dir='ltr'><strong>comite.</strong></span> <span class='ocrx_word' id='word_1_488' title='bbox 3303 2856 3396 2922; x_wconf 89' lang='lat' dir='ltr'><strong>qui</strong></span> 
     </span>
    </p>
   </div>
   <div class='ocr_carea' id='block_1_74' title="bbox 1817 2943 3394 3017">
    <p class='ocr_par' dir='ltr' id='par_1_74' title="bbox 1817 2943 3394 3017">
     <span class='ocr_line' id='line_1_74' title="bbox 1817 2943 3394 3017; baseline -0.001 -17"><span class='ocrx_word' id='word_1_489' title='bbox 1817 2963 2055 3017; x_wconf 47' lang='lat' dir='ltr'><strong>praesens</strong></span> <span class='ocrx_word' id='word_1_490' title='bbox 2103 2948 2309 3012; x_wconf 90' lang='lat' dir='ltr'><strong>aderat,</strong></span> <span class='ocrx_word' id='word_1_491' title='bbox 2357 2955 2606 3013; x_wconf 79' lang='lat' dir='ltr'><strong>rogatus,</strong></span> <span class='ocrx_word' id='word_1_492' title='bbox 2655 2943 2878 2998; x_wconf 76' lang='lat' dir='ltr'><strong>Goll‘ridi</strong></span> <span class='ocrx_word' id='word_1_493' title='bbox 2930 2943 3177 3008; x_wconf 78' lang='lat' dir='ltr'><strong>Marlelli,</strong></span> <span class='ocrx_word' id='word_1_494' title='bbox 3217 2945 3305 3013; x_wconf 91' lang='lat' dir='ltr'><strong>qui</strong></span> <span class='ocrx_word' id='word_1_495' title='bbox 3344 2947 3394 2998; x_wconf 93' lang='lat' dir='ltr'><strong>in</strong></span> 
     </span>
    </p>
   </div>
   <div class='ocr_carea' id='block_1_75' title="bbox 1820 3035 3395 3103">
    <p class='ocr_par' dir='ltr' id='par_1_75' title="bbox 1820 3035 3395 3103">
     <span class='ocr_line' id='line_1_75' title="bbox 1820 3035 3395 3103; baseline -0.003 -13"><span class='ocrx_word' id='word_1_496' title='bbox 1820 3039 2120 3091; x_wconf 82' lang='lat' dir='ltr'><strong>monastiro</strong></span> <span class='ocrx_word' id='word_1_497' title='bbox 2150 3037 2335 3090; x_wconf 88' lang='lat' dir='ltr'><strong>habitu</strong></span> <span class='ocrx_word' id='word_1_498' title='bbox 2367 3035 2655 3089; x_wconf 84' lang='lat' dir='ltr'><strong>defunctus</strong></span> <span class='ocrx_word' id='word_1_499' title='bbox 2684 3044 2738 3088; x_wconf 89' lang='lat' dir='ltr'><strong>et</strong></span> <span class='ocrx_word' id='word_1_500' title='bbox 2765 3035 2814 3088; x_wconf 92' lang='lat' dir='ltr'><strong>iu</strong></span> <span class='ocrx_word' id='word_1_501' title='bbox 2852 3035 3090 3103; x_wconf 82' lang='lat' dir='ltr'><strong>ejusdem</strong></span> <span class='ocrx_word' id='word_1_502' title='bbox 3120 3047 3395 3089; x_wconf 66' lang='lat' dir='ltr'><strong>monaste-</strong></span> 
     </span>
    </p>
   </div>
   <div class='ocr_carea' id='block_1_76' title="bbox 1819 3124 3396 3197">
    <p class='ocr_par' dir='ltr' id='par_1_76' title="bbox 1819 3124 3396 3197">
     <span class='ocr_line' id='line_1_76' title="bbox 1819 3124 3396 3197; baseline 0 -18"><span class='ocrx_word' id='word_1_503' title='bbox 1819 3127 1882 3179; x_wconf 93' lang='lat' dir='ltr'><strong>rii</strong></span> <span class='ocrx_word' id='word_1_504' title='bbox 1939 3127 2175 3197; x_wconf 85' lang='lat' dir='ltr'><strong>capitulo</strong></span> <span class='ocrx_word' id='word_1_505' title='bbox 2227 3126 2470 3196; x_wconf 79' lang='lat' dir='ltr'><strong>sepultus</strong></span> <span class='ocrx_word' id='word_1_506' title='bbox 2522 3125 2716 3189; x_wconf 90' lang='lat' dir='ltr'><strong>fuerat,</strong></span> <span class='ocrx_word' id='word_1_507' title='bbox 2776 3140 2970 3193; x_wconf 81' lang='lat' dir='ltr'><strong>corpus</strong></span> <span class='ocrx_word' id='word_1_508' title='bbox 3017 3124 3289 3180; x_wconf 84' lang='lat' dir='ltr'><strong>transtulit</strong></span> <span class='ocrx_word' id='word_1_509' title='bbox 3343 3127 3396 3180; x_wconf 85' lang='lat' dir='ltr'><strong>in</strong></span> 
     </span>
    </p>
   </div>
   <div class='ocr_carea' id='block_1_77' title="bbox 1823 3217 3394 3283">
    <p class='ocr_par' dir='ltr' id='par_1_77' title="bbox 1823 3217 3394 3283">
     <span class='ocr_line' id='line_1_77' title="bbox 1823 3217 3394 3283; baseline 0.001 -12"><span class='ocrx_word' id='word_1_510' title='bbox 1823 3218 2104 3272; x_wconf 79' lang='lat' dir='ltr'><strong>ecclesiam</strong></span> <span class='ocrx_word' id='word_1_511' title='bbox 2144 3234 2173 3271; x_wconf 89' lang='lat' dir='ltr'><strong>a</strong></span> <span class='ocrx_word' id='word_1_512' title='bbox 2218 3233 2274 3272; x_wconf 88' lang='lat' dir='ltr'><strong>se</strong></span> <span class='ocrx_word' id='word_1_513' title='bbox 2307 3217 2631 3280; x_wconf 73' lang='lat' dir='ltr'><strong>dedicatam,</strong></span> <span class='ocrx_word' id='word_1_514' title='bbox 2674 3225 2731 3270; x_wconf 93' lang='lat' dir='ltr'><strong>ut</strong></span> <span class='ocrx_word' id='word_1_515' title='bbox 2776 3218 2887 3283; x_wconf 82' lang='lat' dir='ltr'><strong>ipse</strong></span> <span class='ocrx_word' id='word_1_516' title='bbox 2933 3217 3097 3271; x_wconf 83' lang='lat' dir='ltr'><strong>Fuleo</strong></span> <span class='ocrx_word' id='word_1_517' title='bbox 3125 3230 3305 3272; x_wconf 84' lang='lat' dir='ltr'><strong>narrat</strong></span> <span class='ocrx_word' id='word_1_518' title='bbox 3343 3219 3394 3272; x_wconf 91' lang='lat' dir='ltr'><strong>in</strong></span> 
     </span>
    </p>
   </div>
   <div class='ocr_carea' id='block_1_78' title="bbox 1821 3307 3392 3378">
    <p class='ocr_par' dir='ltr' id='par_1_78' title="bbox 1821 3307 3392 3378">
     <span class='ocr_line' id='line_1_78' title="bbox 1821 3307 3392 3378; baseline -0.001 -17"><span class='ocrx_word' id='word_1_519' title='bbox 1821 3307 2124 3378; x_wconf 79' lang='lat' dir='ltr'><strong>fragmento</strong></span> <span class='ocrx_word' id='word_1_520' title='bbox 2151 3307 2386 3372; x_wconf 86' lang='lat' dir='ltr'><strong>laudato,</strong></span> <span class='ocrx_word' id='word_1_521' title='bbox 2421 3308 2511 3376; x_wconf 90' lang='lat' dir='ltr'><strong>qui</strong></span> <span class='ocrx_word' id='word_1_522' title='bbox 2558 3324 2585 3360; x_wconf 90' lang='lat' dir='ltr'><strong>a</strong></span> <span class='ocrx_word' id='word_1_523' title='bbox 2618 3307 2868 3376; x_wconf 87' lang='lat' dir='ltr'><strong>pontiﬁce</strong></span> <span class='ocrx_word' id='word_1_524' title='bbox 2905 3309 3139 3362; x_wconf 88' lang='lat' dir='ltr'><strong>monitus</strong></span> <span class='ocrx_word' id='word_1_525' title='bbox 3185 3317 3392 3376; x_wconf 83' lang='lat' dir='ltr'><strong>partem</strong></span> 
     </span>
    </p>
   </div>
   <div class='ocr_carea' id='block_1_79' title="bbox 1822 3395 3394 3464">
    <p class='ocr_par' dir='ltr' id='par_1_79' title="bbox 1822 3395 3394 3464">
     <span class='ocr_line' id='line_1_79' title="bbox 1822 3395 3394 3464; baseline 0 -16"><span class='ocrx_word' id='word_1_526' title='bbox 1822 3396 2030 3464; x_wconf 79' lang='lat' dir='ltr'><strong>forestm</strong></span> <span class='ocrx_word' id='word_1_527' title='bbox 2057 3395 2223 3450; x_wconf 77' lang='lat' dir='ltr'><strong>Catim</strong></span> <span class='ocrx_word' id='word_1_528' title='bbox 2255 3395 2458 3450; x_wconf 87' lang='lat' dir='ltr'><strong>Sancto</strong></span> <span class='ocrx_word' id='word_1_529' title='bbox 2486 3395 2710 3450; x_wconf 60' lang='lat' dir='ltr'><strong>Nicolao</strong></span> <span class='ocrx_word' id='word_1_530' title='bbox 2758 3410 2854 3464; x_wconf 92' lang='lat' dir='ltr'><strong>pro</strong></span> <span class='ocrx_word' id='word_1_531' title='bbox 2901 3396 3137 3464; x_wconf 75' lang='lat' dir='ltr'><strong>ejusdem</strong></span> <span class='ocrx_word' id='word_1_532' title='bbox 3168 3395 3394 3450; x_wconf 70' lang='lat' dir='ltr'><strong>GOITI&#39;i&#39;li</strong></span> 
     </span>
    </p>
   </div>
   <div class='ocr_carea' id='block_1_80' title="bbox 1819 3484 3395 3555">
    <p class='ocr_par' dir='ltr' id='par_1_80' title="bbox 1819 3484 3395 3555">
     <span class='ocr_line' id='line_1_80' title="bbox 1819 3484 3395 3555; baseline 0 -17"><span class='ocrx_word' id='word_1_533' title='bbox 1819 3487 2014 3541; x_wconf 65' lang='lat' dir='ltr'><strong>anima:</strong></span> <span class='ocrx_word' id='word_1_534' title='bbox 2063 3487 2248 3555; x_wconf 85' lang='lat' dir='ltr'><strong>requie</strong></span> <span class='ocrx_word' id='word_1_535' title='bbox 2297 3485 2464 3539; x_wconf 90' lang='lat' dir='ltr'><strong>dedit.</strong></span> <span class='ocrx_word' id='word_1_536' title='bbox 2514 3484 2618 3538; x_wconf 89' lang='lat' dir='ltr'><strong>Sed</strong></span> <span class='ocrx_word' id='word_1_537' title='bbox 2653 3485 2765 3538; x_wconf 78' lang='lat' dir='ltr'><strong>lnec</strong></span> <span class='ocrx_word' id='word_1_538' title='bbox 2795 3486 3011 3538; x_wconf 88' lang='lat' dir='ltr'><strong>donatio</strong></span> <span class='ocrx_word' id='word_1_539' title='bbox 3053 3501 3257 3555; x_wconf 68' lang='lat' dir='ltr'><strong>magnae</strong></span> <span class='ocrx_word' id='word_1_540' title='bbox 3288 3485 3395 3539; x_wconf 91' lang='lat' dir='ltr'><strong>litis</strong></span> 
     </span>
    </p>
   </div>
   <div class='ocr_carea' id='block_1_81' title="bbox 1820 3574 3392 3648">
    <p class='ocr_par' dir='ltr' id='par_1_81' title="bbox 1820 3574 3392 3648">
     <span class='ocr_line' id='line_1_81' title="bbox 1820 3574 3392 3648; baseline -0.003 -16"><span class='ocrx_word' id='word_1_541' title='bbox 1820 3585 2056 3648; x_wconf 79' lang='lat' dir='ltr'><strong>segetem</strong></span> <span class='ocrx_word' id='word_1_542' title='bbox 2090 3587 2272 3645; x_wconf 89' lang='lat' dir='ltr'><strong>postea</strong></span> <span class='ocrx_word' id='word_1_543' title='bbox 2306 3576 2537 3645; x_wconf 73' lang='lat' dir='ltr'><strong>praebuit</strong></span> <span class='ocrx_word' id='word_1_544' title='bbox 2582 3577 2726 3629; x_wconf 89' lang='lat' dir='ltr'><strong>inter</strong></span> <span class='ocrx_word' id='word_1_545' title='bbox 2771 3574 2886 3642; x_wconf 86' lang='lat' dir='ltr'><strong>ejus</strong></span> <span class='ocrx_word' id='word_1_546' title='bbox 2926 3576 3026 3629; x_wconf 92' lang='lat' dir='ltr'><strong>loci</strong></span> <span class='ocrx_word' id='word_1_547' title='bbox 3076 3577 3392 3640; x_wconf 78' lang='lat' dir='ltr'><strong>monachos,</strong></span> 
     </span>
    </p>
   </div>
   <div class='ocr_carea' id='block_1_82' title="bbox 1817 3665 3394 3737">
    <p class='ocr_par' dir='ltr' id='par_1_82' title="bbox 1817 3665 3394 3737">
     <span class='ocr_line' id='line_1_82' title="bbox 1817 3665 3394 3737; baseline 0.001 -16"><span class='ocrx_word' id='word_1_548' title='bbox 1817 3678 1872 3721; x_wconf 91' lang='lat' dir='ltr'><strong>et</strong></span> <span class='ocrx_word' id='word_1_549' title='bbox 1917 3667 2265 3730; x_wconf 87' lang='lat' dir='ltr'><strong>Albinianos,</strong></span> <span class='ocrx_word' id='word_1_550' title='bbox 2299 3667 2439 3734; x_wconf 89' lang='lat' dir='ltr'><strong>quod</strong></span> <span class='ocrx_word' id='word_1_551' title='bbox 2489 3665 2576 3719; x_wconf 89' lang='lat' dir='ltr'><strong>isti</strong></span> <span class='ocrx_word' id='word_1_552' title='bbox 2613 3666 2802 3720; x_wconf 73' lang='lat' dir='ltr'><strong>silvam</strong></span> <span class='ocrx_word' id='word_1_553' title='bbox 2835 3666 2978 3718; x_wconf 91' lang='lat' dir='ltr'><strong>illam</strong></span> <span class='ocrx_word' id='word_1_554' title='bbox 3027 3667 3287 3737; x_wconf 84' lang='lat' dir='ltr'><strong>integram</strong></span> <span class='ocrx_word' id='word_1_555' title='bbox 3327 3670 3394 3722; x_wconf 87' lang='lat' dir='ltr'><strong>ad</strong></span> 
     </span>
    </p>
   </div>
   <div class='ocr_carea' id='block_1_83' title="bbox 1819 3755 3396 3827">
    <p class='ocr_par' dir='ltr' id='par_1_83' title="bbox 1819 3755 3396 3827">
     <span class='ocr_line' id='line_1_83' title="bbox 1819 3755 3396 3827; baseline 0.001 -17"><span class='ocrx_word' id='word_1_556' title='bbox 1819 3772 1876 3810; x_wconf 88' lang='lat' dir='ltr'><strong>se</strong></span> <span class='ocrx_word' id='word_1_557' title='bbox 1925 3757 2198 3824; x_wconf 87' lang='lat' dir='ltr'><strong>pertinere</strong></span> <span class='ocrx_word' id='word_1_558' title='bbox 2245 3756 2652 3809; x_wconf 87' lang='lat' dir='ltr'><strong>contenderent.</strong></span> <span class='ocrx_word' id='word_1_559' title='bbox 2688 3755 2870 3824; x_wconf 81' lang='lat' dir='ltr'><strong>S0pita</strong></span> <span class='ocrx_word' id='word_1_560' title='bbox 2916 3764 3001 3809; x_wconf 90' lang='lat' dir='ltr'><strong>est</strong></span> <span class='ocrx_word' id='word_1_561' title='bbox 3051 3757 3264 3811; x_wconf 87' lang='lat' dir='ltr'><strong>tandem</strong></span> <span class='ocrx_word' id='word_1_562' title='bbox 3295 3774 3396 3827; x_wconf 82' lang='lat' dir='ltr'><strong>ope</strong></span> 
     </span>
    </p>
   </div>
   <div class='ocr_carea' id='block_1_84' title="bbox 1818 3845 3390 3915">
    <p class='ocr_par' dir='ltr' id='par_1_84' title="bbox 1818 3845 3390 3915">
     <span class='ocr_line' id='line_1_84' title="bbox 1818 3845 3390 3915; baseline -0.001 -15"><span class='ocrx_word' id='word_1_563' title='bbox 1818 3845 2063 3900; x_wconf 83' lang='lat' dir='ltr'><strong>Gaufridi</strong></span> <span class='ocrx_word' id='word_1_564' title='bbox 2127 3845 2505 3900; x_wconf 82' lang='lat' dir='ltr'><strong>Meduauensis</strong></span> <span class='ocrx_word' id='word_1_565' title='bbox 2573 3845 2984 3914; x_wconf 83' lang='lat' dir='ltr'><strong>Andegavorum</strong></span> <span class='ocrx_word' id='word_1_566' title='bbox 3051 3847 3282 3915; x_wconf 84' lang='lat' dir='ltr'><strong>episcopi</strong></span> <span class='ocrx_word' id='word_1_567' title='bbox 3339 3857 3390 3899; x_wconf 91' lang='lat' dir='ltr'><strong>et</strong></span> 
     </span>
    </p>
   </div>
   <div class='ocr_carea' id='block_1_85' title="bbox 1816 3933 3389 4000">
    <p class='ocr_par' dir='ltr' id='par_1_85' title="bbox 1816 3933 3389 4000">
     <span class='ocr_line' id='line_1_85' title="bbox 1816 3933 3389 4000; baseline 0.002 -14"><span class='ocrx_word' id='word_1_568' title='bbox 1816 3933 2072 3988; x_wconf 73' lang='lat' dir='ltr'><strong>\Villelmi</strong></span> <span class='ocrx_word' id='word_1_569' title='bbox 2123 3934 2334 3989; x_wconf 76' lang='lat' dir='ltr'><strong>abbatis</strong></span> <span class='ocrx_word' id='word_1_570' title='bbox 2386 3935 2572 3988; x_wconf 86' lang='lat' dir='ltr'><strong>Sancti</strong></span> <span class='ocrx_word' id='word_1_571' title='bbox 2631 3934 2922 4000; x_wconf 83' lang='lat' dir='ltr'><strong>Florentii,</strong></span> <span class='ocrx_word' id='word_1_572' title='bbox 2975 3946 3032 3990; x_wconf 91' lang='lat' dir='ltr'><strong>ut</strong></span> <span class='ocrx_word' id='word_1_573' title='bbox 3078 3939 3259 3992; x_wconf 85' lang='lat' dir='ltr'><strong>videre</strong></span> <span class='ocrx_word' id='word_1_574' title='bbox 3312 3949 3389 3992; x_wconf 71' lang='lat' dir='ltr'><strong>est</strong></span> 
     </span>
    </p>
   </div>
   <div class='ocr_carea' id='block_1_86' title="bbox 1818 4026 3391 4095">
    <p class='ocr_par' dir='ltr' id='par_1_86' title="bbox 1818 4026 3391 4095">
     <span class='ocr_line' id='line_1_86' title="bbox 1818 4026 3391 4095; baseline 0.003 -17"><span class='ocrx_word' id='word_1_575' title='bbox 1818 4027 1958 4094; x_wconf 90' lang='lat' dir='ltr'><strong>apud</strong></span> <span class='ocrx_word' id='word_1_576' title='bbox 2012 4026 2355 4082; x_wconf 85' lang='lat' dir='ltr'><strong>Pelleterium</strong></span> <span class='ocrx_word' id='word_1_577' title='bbox 2405 4026 2456 4079; x_wconf 90' lang='lat' dir='ltr'><strong>in</strong></span> <span class='ocrx_word' id='word_1_578' title='bbox 2504 4026 2740 4080; x_wconf 85' lang='lat' dir='ltr'><strong>llistoria</strong></span> <span class='ocrx_word' id='word_1_579' title='bbox 2795 4027 2976 4081; x_wconf 82' lang='lat' dir='ltr'><strong>Sancti</strong></span> <span class='ocrx_word' id='word_1_580' title='bbox 3029 4028 3251 4095; x_wconf 79' lang='lat' dir='ltr'><strong>Nicolai,</strong></span> <span class='ocrx_word' id='word_1_581' title='bbox 3303 4031 3391 4084; x_wconf 80' lang='lat' dir='ltr'><strong>ubi</strong></span> 
     </span>
    </p>
   </div>
   <div class='ocr_carea' id='block_1_87' title="bbox 1819 4115 3393 4183">
    <p class='ocr_par' dir='ltr' id='par_1_87' title="bbox 1819 4115 3393 4183">
     <span class='ocr_line' id='line_1_87' title="bbox 1819 4115 3393 4183; baseline 0.001 -15"><span class='ocrx_word' id='word_1_582' title='bbox 1819 4115 1962 4169; x_wconf 90' lang='lat' dir='ltr'><strong>inter</strong></span> <span class='ocrx_word' id='word_1_583' title='bbox 1987 4115 2091 4168; x_wconf 89' lang='lat' dir='ltr'><strong>alia</strong></span> <span class='ocrx_word' id='word_1_584' title='bbox 2123 4116 2288 4169; x_wconf 85' lang='lat' dir='ltr'><strong>multa</strong></span> <span class='ocrx_word' id='word_1_585' title='bbox 2319 4123 2688 4176; x_wconf 86' lang='lat' dir='ltr'><strong>monumenta,</strong></span> <span class='ocrx_word' id='word_1_586' title='bbox 2715 4116 3022 4169; x_wconf 70' lang='lat' dir='ltr'><strong>concordia:</strong></span> <span class='ocrx_word' id='word_1_587' title='bbox 3056 4115 3212 4183; x_wconf 91' lang='lat' dir='ltr'><strong>hujus</strong></span> <span class='ocrx_word' id='word_1_588' title='bbox 3249 4118 3393 4171; x_wconf 74' lang='lat' dir='ltr'><strong>initre</strong></span> 
     </span>
    </p>
   </div>
   <div class='ocr_carea' id='block_1_88' title="bbox 1819 4206 3391 4275">
    <p class='ocr_par' dir='ltr' id='par_1_88' title="bbox 1819 4206 3391 4275">
     <span class='ocr_line' id='line_1_88' title="bbox 1819 4206 3391 4275; baseline 0.002 -16"><span class='ocrx_word' id='word_1_589' title='bbox 1819 4207 2236 4261; x_wconf 79' lang='lat' dir='ltr'><strong>instrumentum</strong></span> <span class='ocrx_word' id='word_1_590' title='bbox 2268 4206 2495 4275; x_wconf 76' lang='lat' dir='ltr'><strong>profert.</strong></span> <span class='ocrx_word' id='word_1_591' title='bbox 2538 4207 2609 4260; x_wconf 87' lang='lat' dir='ltr'><strong>At</strong></span> <span class='ocrx_word' id='word_1_592' title='bbox 2637 4222 2741 4259; x_wconf 86' lang='lat' dir='ltr'><strong>non</strong></span> <span class='ocrx_word' id='word_1_593' title='bbox 2789 4209 2920 4260; x_wconf 84' lang='lat' dir='ltr'><strong>satis</strong></span> <span class='ocrx_word' id='word_1_594' title='bbox 2963 4208 3060 4262; x_wconf 90' lang='lat' dir='ltr'><strong>sibi</strong></span> <span class='ocrx_word' id='word_1_595' title='bbox 3096 4219 3306 4262; x_wconf 85' lang='lat' dir='ltr'><strong>constat</strong></span> <span class='ocrx_word' id='word_1_596' title='bbox 3340 4211 3391 4262; x_wconf 90' lang='lat' dir='ltr'><strong>in</strong></span> 
     </span>
    </p>
   </div>
   <div class='ocr_carea' id='block_1_89' title="bbox 1820 4296 3390 4366">
    <p class='ocr_par' dir='ltr' id='par_1_89' title="bbox 1820 4296 3390 4366">
     <span class='ocr_line' id='line_1_89' title="bbox 1820 4296 3390 4366; baseline 0.001 -16"><span class='ocrx_word' id='word_1_597' title='bbox 1820 4298 2150 4365; x_wconf 60' lang='lat' dir='ltr'><strong>aSsignando</strong></span> <span class='ocrx_word' id='word_1_598' title='bbox 2179 4297 2312 4356; x_wconf 89' lang='lat' dir='ltr'><strong>loco,</strong></span> <span class='ocrx_word' id='word_1_599' title='bbox 2341 4297 2482 4366; x_wconf 86' lang='lat' dir='ltr'><strong>quod</strong></span> <span class='ocrx_word' id='word_1_600' title='bbox 2516 4297 2753 4349; x_wconf 85' lang='lat' dir='ltr'><strong>tumulus</strong></span> <span class='ocrx_word' id='word_1_601' title='bbox 2778 4296 3000 4350; x_wconf 80' lang='lat' dir='ltr'><strong>Goifridi</strong></span> <span class='ocrx_word' id='word_1_602' title='bbox 3027 4316 3123 4351; x_wconf 89' lang='lat' dir='ltr'><strong>suo</strong></span> <span class='ocrx_word' id='word_1_603' title='bbox 3156 4311 3390 4364; x_wconf 77' lang='lat' dir='ltr'><strong>tempore</strong></span> 
     </span>
    </p>
   </div>
   <div class='ocr_carea' id='block_1_90' title="bbox 1819 4389 3388 4459">
    <p class='ocr_par' dir='ltr' id='par_1_90' title="bbox 1819 4389 3388 4459">
     <span class='ocr_line' id='line_1_90' title="bbox 1819 4389 3388 4459; baseline 0.003 -17"><span class='ocrx_word' id='word_1_604' title='bbox 1819 4391 1955 4444; x_wconf 87' lang='lat' dir='ltr'><strong>situs</strong></span> <span class='ocrx_word' id='word_1_605' title='bbox 1981 4399 2118 4444; x_wconf 88' lang='lat' dir='ltr'><strong>erat.</strong></span> <span class='ocrx_word' id='word_1_606' title='bbox 2145 4389 2312 4443; x_wconf 89' lang='lat' dir='ltr'><strong>Hodie</strong></span> <span class='ocrx_word' id='word_1_607' title='bbox 2337 4391 2532 4443; x_wconf 86' lang='lat' dir='ltr'><strong>visitur</strong></span> <span class='ocrx_word' id='word_1_608' title='bbox 2557 4391 2698 4443; x_wconf 90' lang='lat' dir='ltr'><strong>haud</strong></span> <span class='ocrx_word' id='word_1_609' title='bbox 2724 4392 2906 4459; x_wconf 89' lang='lat' dir='ltr'><strong>procul</strong></span> <span class='ocrx_word' id='word_1_610' title='bbox 2930 4393 2996 4446; x_wconf 90' lang='lat' dir='ltr'><strong>ab</strong></span> <span class='ocrx_word' id='word_1_611' title='bbox 3017 4392 3170 4445; x_wconf 91' lang='lat' dir='ltr'><strong>altari</strong></span> <span class='ocrx_word' id='word_1_612' title='bbox 3201 4392 3388 4459; x_wconf 89' lang='lat' dir='ltr'><strong>majori</strong></span> 
     </span>
    </p>
   </div>
   <div class='ocr_carea' id='block_1_91' title="bbox 133 4478 3392 4560">
    <p class='ocr_par' dir='ltr' id='par_1_91' title="bbox 133 4478 3392 4560">
     <span class='ocr_line' id='line_1_91' title="bbox 133 4478 3392 4560; baseline 0.002 -32"><span class='ocrx_word' id='word_1_613' title='bbox 133 4478 274 4533; x_wconf 89' lang='lat' dir='ltr'><strong>litem</strong></span> <span class='ocrx_word' id='word_1_614' title='bbox 305 4481 460 4533; x_wconf 87' lang='lat' dir='ltr'><strong>illam</strong></span> <span class='ocrx_word' id='word_1_615' title='bbox 489 4481 723 4550; x_wconf 90' lang='lat' dir='ltr'><strong>alicujus</strong></span> <span class='ocrx_word' id='word_1_616' title='bbox 762 4496 884 4535; x_wconf 87' lang='lat' dir='ltr'><strong>esse</strong></span> <span class='ocrx_word' id='word_1_617' title='bbox 914 4482 1193 4546; x_wconf 83' lang='lat' dir='ltr'><strong>momenti,</strong></span> <span class='ocrx_word' id='word_1_618' title='bbox 1221 4497 1339 4536; x_wconf 87' lang='lat' dir='ltr'><strong>eam</strong></span> <span class='ocrx_word' id='word_1_619' title='bbox 1377 4483 1442 4536; x_wconf 91' lang='lat' dir='ltr'><strong>ad</strong></span> <span class='ocrx_word' id='word_1_620' title='bbox 1473 4483 1709 4537; x_wconf 72' lang='lat' dir='ltr'><strong>futurum</strong></span> <span class='ocrx_word' id='word_1_621' title='bbox 1741 4502 1789 4560; x_wconf 75' lang='grc' dir='ltr'>ι)</span> <span class='ocrx_word' id='word_1_622' title='bbox 1820 4483 2025 4544; x_wconf 87' lang='lat' dir='ltr'><strong>tumba,</strong></span> <span class='ocrx_word' id='word_1_623' title='bbox 2069 4480 2163 4533; x_wconf 90' lang='lat' dir='ltr'><strong>sed</strong></span> <span class='ocrx_word' id='word_1_624' title='bbox 2216 4480 2419 4548; x_wconf 87' lang='lat' dir='ltr'><strong>absque</strong></span> <span class='ocrx_word' id='word_1_625' title='bbox 2468 4479 2569 4531; x_wconf 85' lang='lat' dir='ltr'><strong>ulla</strong></span> <span class='ocrx_word' id='word_1_626' title='bbox 2605 4480 2971 4550; x_wconf 81' lang='lat' dir='ltr'><strong>inscriptione,</strong></span> <span class='ocrx_word' id='word_1_627' title='bbox 3018 4498 3176 4550; x_wconf 89' lang='lat' dir='ltr'><strong>quam</strong></span> <span class='ocrx_word' id='word_1_628' title='bbox 3227 4482 3325 4549; x_wconf 93' lang='lat' dir='ltr'><strong>ip-i</strong></span> <span class='ocrx_word' id='word_1_629' title='bbox 3369 4497 3392 4536; x_wconf 82' lang='lat' dir='ltr'><strong>s</strong></span> 
     </span>
    </p>
   </div>
   <div class='ocr_carea' id='block_1_92' title="bbox 131 4570 1710 4641">
    <p class='ocr_par' dir='ltr' id='par_1_92' title="bbox 131 4570 1710 4641">
     <span class='ocr_line' id='line_1_92' title="bbox 131 4570 1710 4641; baseline 0.004 -20"><span class='ocrx_word' id='word_1_630' title='bbox 131 4573 418 4626; x_wconf 86' lang='lat' dir='ltr'><strong>concilium</strong></span> <span class='ocrx_word' id='word_1_631' title='bbox 463 4570 780 4627; x_wconf 81' lang='lat' dir='ltr'><strong>&#39;l&#39;uroucuse</strong></span> <span class='ocrx_word' id='word_1_632' title='bbox 833 4572 1079 4638; x_wconf 88' lang='lat' dir='ltr'><strong>remisit;</strong></span> <span class='ocrx_word' id='word_1_633' title='bbox 1131 4572 1219 4626; x_wconf 91' lang='lat' dir='ltr'><strong>ubi</strong></span> <span class='ocrx_word' id='word_1_634' title='bbox 1259 4572 1457 4641; x_wconf 87' lang='lat' dir='ltr'><strong>reipsa,</strong></span> <span class='ocrx_word' id='word_1_635' title='bbox 1508 4581 1565 4626; x_wconf 90' lang='lat' dir='ltr'><strong>ut</strong></span> <span class='ocrx_word' id='word_1_636' title='bbox 1613 4589 1710 4628; x_wconf 84' lang='lat' dir='ltr'><strong>suo</strong></span> 
     </span>
    </p>
   </div>
   <div class='ocr_carea' id='block_1_93' title="bbox 133 4663 940 4736">
    <p class='ocr_par' dir='ltr' id='par_1_93' title="bbox 133 4663 940 4736">
     <span class='ocr_line' id='line_1_93' title="bbox 133 4663 940 4736; baseline 0.001 -18"><span class='ocrx_word' id='word_1_637' title='bbox 133 4663 240 4718; x_wconf 87' lang='lat' dir='ltr'><strong>loco</strong></span> <span class='ocrx_word' id='word_1_638' title='bbox 264 4667 516 4720; x_wconf 90' lang='lat' dir='ltr'><strong>dicemus</strong></span> <span class='ocrx_word' id='word_1_639' title='bbox 538 4706 553 4730; x_wconf 94' lang='lat'><strong>,</strong></span> <span class='ocrx_word' id='word_1_640' title='bbox 585 4666 784 4736; x_wconf 82' lang='lat' dir='ltr'><strong>agitata</strong></span> <span class='ocrx_word' id='word_1_641' title='bbox 821 4665 940 4719; x_wconf 90' lang='lat' dir='ltr'><strong>fuit.</strong></span> 
     </span>
    </p>
   </div>
   <div class='ocr_carea' id='block_1_94' title="bbox 133 4775 1708 4832">
    <p class='ocr_par' dir='ltr' id='par_1_94' title="bbox 133 4775 1708 4832">
     <span class='ocr_line' id='line_1_94' title="bbox 133 4775 1708 4832; baseline 0.002 -3"><span class='ocrx_word' id='word_1_642' title='bbox 133 4778 374 4832; x_wconf 76' lang='lat' dir='ltr'><strong>CCXL“.</strong></span> <span class='ocrx_word' id='word_1_643' title='bbox 445 4779 659 4832; x_wconf 81' lang='lat' dir='ltr'><strong>Dedicat</strong></span> <span class='ocrx_word' id='word_1_644' title='bbox 725 4777 971 4831; x_wconf 77' lang='lat' dir='ltr'><strong>Urbanus</strong></span> <span class='ocrx_word' id='word_1_645' title='bbox 1029 4777 1295 4832; x_wconf 79' lang='lat' dir='ltr'><strong>basilicam</strong></span> <span class='ocrx_word' id='word_1_646' title='bbox 1349 4776 1406 4830; x_wconf 81' lang='lat' dir='ltr'><strong>S.</strong></span> <span class='ocrx_word' id='word_1_647' title='bbox 1476 4775 1708 4832; x_wconf 84' lang='lat' dir='ltr'><strong>Nicolai.</strong></span> 
     </span>
    </p>
   </div>
   <div class='ocr_carea' id='block_1_95' title="bbox 201 4845 1708 4918">
    <p class='ocr_par' dir='ltr' id='par_1_95' title="bbox 201 4845 1708 4918">
     <span class='ocr_line' id='line_1_95' title="bbox 201 4845 1708 4918; baseline 0 -18"><span class='ocrx_word' id='word_1_648' title='bbox 201 4848 470 4918; x_wconf 71' lang='lat' dir='ltr'><strong>Transfer!</strong></span> <span class='ocrx_word' id='word_1_649' title='bbox 503 4845 690 4918; x_wconf 74' lang='lat' dir='ltr'><strong>corpus</strong></span> <span class='ocrx_word' id='word_1_650' title='bbox 721 4847 946 4918; x_wconf 66' lang='lat' dir='ltr'><strong>(io/[ridi</strong></span> <span class='ocrx_word' id='word_1_651' title='bbox 973 4848 1194 4902; x_wconf 79' lang='lat' dir='ltr'><strong>comitis.</strong></span> <span class='ocrx_word' id='word_1_652' title='bbox 1228 4846 1414 4900; x_wconf 85' lang='lat' dir='ltr'><strong>Scribit</strong></span> <span class='ocrx_word' id='word_1_653' title='bbox 1439 4848 1708 4903; x_wconf 75' lang='lat' dir='ltr'><strong>monac/tis</strong></span> 
     </span>
    </p>
   </div>
   <div class='ocr_carea' id='block_1_96' title="bbox 201 4917 494 4972">
    <p class='ocr_par' dir='ltr' id='par_1_96' title="bbox 201 4917 494 4972">
     <span class='ocr_line' id='line_1_96' title="bbox 201 4917 494 4972; baseline 0.007 -3"><span class='ocrx_word' id='word_1_654' title='bbox 201 4919 261 4970; x_wconf 76' lang='lat'><strong>3.</strong></span> <span class='ocrx_word' id='word_1_655' title='bbox 297 4917 494 4972; x_wconf 76' lang='lat' dir='ltr'><strong>Vitoni.</strong></span> 
     </span>
    </p>
   </div>
   <div class='ocr_carea' id='block_1_97' title="bbox 204 5028 1712 5094">
    <p class='ocr_par' dir='ltr' id='par_1_97' title="bbox 204 5028 1712 5094">
     <span class='ocr_line' id='line_1_97' title="bbox 204 5028 1712 5094; baseline 0.003 -14"><span class='ocrx_word' id='word_1_656' title='bbox 204 5029 299 5084; x_wconf 78' lang='lat' dir='ltr'><strong>[lie</strong></span> <span class='ocrx_word' id='word_1_657' title='bbox 333 5046 384 5082; x_wconf 87' lang='lat' dir='ltr'><strong>tv</strong></span> <span class='ocrx_word' id='word_1_658' title='bbox 412 5030 554 5094; x_wconf 88' lang='lat' dir='ltr'><strong>ldus,</strong></span> <span class='ocrx_word' id='word_1_659' title='bbox 586 5031 638 5085; x_wconf 91' lang='lat' dir='ltr'><strong>id</strong></span> <span class='ocrx_word' id='word_1_660' title='bbox 667 5040 749 5086; x_wconf 88' lang='lat' dir='ltr'><strong>est</strong></span> <span class='ocrx_word' id='word_1_661' title='bbox 775 5030 982 5085; x_wconf 85' lang='lat' dir='ltr'><strong>decima</strong></span> <span class='ocrx_word' id='word_1_662' title='bbox 1023 5028 1326 5093; x_wconf 63' lang='lat' dir='ltr'><strong>Februarii,</strong></span> <span class='ocrx_word' id='word_1_663' title='bbox 1357 5029 1598 5084; x_wconf 67' lang='lat' dir='ltr'><strong>dedicata</strong></span> <span class='ocrx_word' id='word_1_664' title='bbox 1628 5039 1712 5084; x_wconf 90' lang='lat' dir='ltr'><strong>est</strong></span> 
     </span>
    </p>
   </div>
   <div class='ocr_carea' id='block_1_98' title="bbox 141 5119 1708 5186">
    <p class='ocr_par' dir='ltr' id='par_1_98' title="bbox 141 5119 1708 5186">
     <span class='ocr_line' id='line_1_98' title="bbox 141 5119 1708 5186; baseline 0.004 -17"><span class='ocrx_word' id='word_1_665' title='bbox 141 5119 202 5170; x_wconf 84' lang='lat' dir='ltr'><strong>ab</strong></span> <span class='ocrx_word' id='word_1_666' title='bbox 233 5119 453 5174; x_wconf 80' lang='lat' dir='ltr'><strong>Urbano</strong></span> <span class='ocrx_word' id='word_1_667' title='bbox 484 5121 707 5174; x_wconf 87' lang='lat' dir='ltr'><strong>basilica</strong></span> <span class='ocrx_word' id='word_1_668' title='bbox 741 5120 924 5174; x_wconf 88' lang='lat' dir='ltr'><strong>Sancti</strong></span> <span class='ocrx_word' id='word_1_669' title='bbox 964 5119 1166 5174; x_wconf 78' lang='lat' dir='ltr'><strong>Nicoiai</strong></span> <span class='ocrx_word' id='word_1_670' title='bbox 1207 5121 1261 5172; x_wconf 91' lang='lat' dir='ltr'><strong>in</strong></span> <span class='ocrx_word' id='word_1_671' title='bbox 1301 5120 1708 5186; x_wconf 65' lang='lat' dir='ltr'><strong>Audegaorum</strong></span> 
     </span>
    </p>
   </div>
   <div class='ocr_carea' id='block_1_99' title="bbox 141 5210 1709 5280">
    <p class='ocr_par' dir='ltr' id='par_1_99' title="bbox 141 5210 1709 5280">
     <span class='ocr_line' id='line_1_99' title="bbox 141 5210 1709 5280; baseline 0.002 -19"><span class='ocrx_word' id='word_1_672' title='bbox 141 5211 392 5266; x_wconf 86' lang='lat' dir='ltr'><strong>suburbio</strong></span> <span class='ocrx_word' id='word_1_673' title='bbox 428 5211 553 5265; x_wconf 89' lang='lat' dir='ltr'><strong>sita.</strong></span> <span class='ocrx_word' id='word_1_674' title='bbox 594 5210 745 5265; x_wconf 84' lang='lat' dir='ltr'><strong>Hauc</strong></span> <span class='ocrx_word' id='word_1_675' title='bbox 781 5212 950 5279; x_wconf 87' lang='lat' dir='ltr'><strong>ipsam</strong></span> <span class='ocrx_word' id='word_1_676' title='bbox 989 5211 1153 5275; x_wconf 87' lang='lat' dir='ltr'><strong>diem,</strong></span> <span class='ocrx_word' id='word_1_677' title='bbox 1194 5225 1315 5280; x_wconf 70' lang='lat' dir='ltr'><strong>qum</strong></span> <span class='ocrx_word' id='word_1_678' title='bbox 1356 5211 1618 5278; x_wconf 87' lang='lat' dir='ltr'><strong>hodieque</strong></span> <span class='ocrx_word' id='word_1_679' title='bbox 1657 5211 1709 5264; x_wconf 94' lang='lat' dir='ltr'><strong>in</strong></span> 
     </span>
    </p>
   </div>
   <div class='ocr_carea' id='block_1_100' title="bbox 147 5301 1712 5370">
    <p class='ocr_par' dir='ltr' id='par_1_100' title="bbox 147 5301 1712 5370">
     <span class='ocr_line' id='line_1_100' title="bbox 147 5301 1712 5370; baseline 0.001 -18"><span class='ocrx_word' id='word_1_680' title='bbox 147 5301 242 5357; x_wconf 87' lang='lat' dir='ltr'><strong>hoc</strong></span> <span class='ocrx_word' id='word_1_681' title='bbox 283 5303 616 5358; x_wconf 82' lang='lat' dir='ltr'><strong>monasterio</strong></span> <span class='ocrx_word' id='word_1_682' title='bbox 644 5301 878 5356; x_wconf 89' lang='lat' dir='ltr'><strong>celebris</strong></span> <span class='ocrx_word' id='word_1_683' title='bbox 921 5313 1024 5366; x_wconf 88' lang='lat' dir='ltr'><strong>est,</strong></span> <span class='ocrx_word' id='word_1_684' title='bbox 1073 5313 1267 5370; x_wconf 68' lang='lat' dir='ltr'><strong>praeter</strong></span> <span class='ocrx_word' id='word_1_685' title='bbox 1295 5313 1449 5356; x_wconf 87' lang='lat' dir='ltr'><strong>vetus</strong></span> <span class='ocrx_word' id='word_1_686' title='bbox 1485 5301 1712 5355; x_wconf 84' lang='lat' dir='ltr'><strong>Chroni-</strong></span> 
     </span>
    </p>
   </div>
   <div class='ocr_carea' id='block_1_101' title="bbox 147 5389 1710 5460">
    <p class='ocr_par' dir='ltr' id='par_1_101' title="bbox 147 5389 1710 5460">
     <span class='ocr_line' id='line_1_101' title="bbox 147 5389 1710 5460; baseline 0.002 -20"><span class='ocrx_word' id='word_1_687' title='bbox 147 5405 237 5443; x_wconf 83' lang='lat' dir='ltr'><strong>ron</strong></span> <span class='ocrx_word' id='word_1_688' title='bbox 267 5409 364 5446; x_wconf 89' lang='lat' dir='ltr'><strong>ms.</strong></span> <span class='ocrx_word' id='word_1_689' title='bbox 393 5391 579 5447; x_wconf 85' lang='lat' dir='ltr'><strong>Sancti</strong></span> <span class='ocrx_word' id='word_1_690' title='bbox 611 5391 817 5454; x_wconf 87' lang='lat' dir='ltr'><strong>Albini,</strong></span> <span class='ocrx_word' id='word_1_691' title='bbox 863 5391 1101 5460; x_wconf 76' lang='lat' dir='ltr'><strong>assignat</strong></span> <span class='ocrx_word' id='word_1_692' title='bbox 1144 5393 1331 5445; x_wconf 85' lang='lat' dir='ltr'><strong>charta</strong></span> <span class='ocrx_word' id='word_1_693' title='bbox 1383 5389 1710 5443; x_wconf 77' lang='lat' dir='ltr'><strong>laudationis</strong></span> 
     </span>
    </p>
   </div>
   <div class='ocr_carea' id='block_1_102' title="bbox 147 5478 1711 5550">
    <p class='ocr_par' dir='ltr' id='par_1_102' title="bbox 147 5478 1711 5550">
     <span class='ocr_line' id='line_1_102' title="bbox 147 5478 1711 5550; baseline 0.002 -21"><span class='ocrx_word' id='word_1_694' title='bbox 147 5478 308 5534; x_wconf 69' lang='lat' dir='ltr'><strong>beatae</strong></span> <span class='ocrx_word' id='word_1_695' title='bbox 367 5481 548 5536; x_wconf 77' lang='lat' dir='ltr'><strong>Maria:</strong></span> <span class='ocrx_word' id='word_1_696' title='bbox 602 5480 670 5535; x_wconf 87' lang='lat' dir='ltr'><strong>de</strong></span> <span class='ocrx_word' id='word_1_697' title='bbox 722 5479 859 5534; x_wconf 79' lang='lat' dir='ltr'><strong>Rota</strong></span> <span class='ocrx_word' id='word_1_698' title='bbox 909 5495 1076 5550; x_wconf 89' lang='lat' dir='ltr'><strong>prope</strong></span> <span class='ocrx_word' id='word_1_699' title='bbox 1126 5478 1489 5534; x_wconf 87' lang='lat' dir='ltr'><strong>Credouium:</strong></span> <span class='ocrx_word' id='word_1_700' title='bbox 1543 5493 1711 5546; x_wconf 85' lang='lat' dir='ltr'><strong>quare</strong></span> 
     </span>
    </p>
   </div>
   <div class='ocr_carea' id='block_1_103' title="bbox 150 5561 1707 5639">
    <p class='ocr_par' dir='ltr' id='par_1_103' title="bbox 150 5561 1707 5639">
     <span class='ocr_line' id='line_1_103' title="bbox 150 5561 1707 5639; baseline 0.001 -21"><span class='ocrx_word' id='word_1_701' title='bbox 150 5561 409 5625; x_wconf 82' lang='lat' dir='ltr'><strong>emendari</strong></span> <span class='ocrx_word' id='word_1_702' title='bbox 464 5571 626 5626; x_wconf 83' lang='lat' dir='ltr'><strong>debet</strong></span> <span class='ocrx_word' id='word_1_703' title='bbox 677 5569 972 5626; x_wconf 79' lang='lat' dir='ltr'><strong>Ordericus</strong></span> <span class='ocrx_word' id='word_1_704' title='bbox 1021 5569 1244 5634; x_wconf 79' lang='lat' dir='ltr'><strong>Vitalis,</strong></span> <span class='ocrx_word' id='word_1_705' title='bbox 1312 5571 1402 5639; x_wconf 93' lang='lat' dir='ltr'><strong>qui</strong></span> <span class='ocrx_word' id='word_1_706' title='bbox 1462 5569 1599 5623; x_wconf 89' lang='lat' dir='ltr'><strong>libro</strong></span> <span class='ocrx_word' id='word_1_707' title='bbox 1656 5583 1707 5620; x_wconf 81' lang='lat' dir='ltr'><strong>ix</strong></span> 
     </span>
    </p>
   </div>
   <div class='ocr_carea' id='block_1_104' title="bbox 153 5660 1711 5730">
    <p class='ocr_par' dir='ltr' id='par_1_104' title="bbox 153 5660 1711 5730">
     <span class='ocr_line' id='line_1_104' title="bbox 153 5660 1711 5730; baseline 0 -20"><span class='ocrx_word' id='word_1_708' title='bbox 153 5663 357 5730; x_wconf 87' lang='lat' dir='ltr'><strong>scripsit</strong></span> <span class='ocrx_word' id='word_1_709' title='bbox 387 5663 571 5718; x_wconf 85' lang='lat' dir='ltr'><strong>Sancti</strong></span> <span class='ocrx_word' id='word_1_710' title='bbox 605 5661 808 5716; x_wconf 77' lang='lat' dir='ltr'><strong>Nicolai</strong></span> <span class='ocrx_word' id='word_1_711' title='bbox 855 5661 1248 5717; x_wconf 88' lang='lat' dir='ltr'><strong>dedicationem</strong></span> <span class='ocrx_word' id='word_1_712' title='bbox 1284 5661 1337 5714; x_wconf 90' lang='lat' dir='ltr'><strong>in</strong></span> <span class='ocrx_word' id='word_1_713' title='bbox 1369 5660 1534 5713; x_wconf 81' lang='lat' dir='ltr'><strong>medio</strong></span> <span class='ocrx_word' id='word_1_714' title='bbox 1567 5660 1711 5724; x_wconf 78' lang='lat' dir='ltr'><strong>Qua-</strong></span> 
     </span>
    </p>
   </div>
   <div class='ocr_carea' id='block_1_105' title="bbox 157 5752 1708 5826">
    <p class='ocr_par' dir='ltr' id='par_1_105' title="bbox 157 5752 1708 5826">
     <span class='ocr_line' id='line_1_105' title="bbox 157 5752 1708 5826; baseline 0 -19"><span class='ocrx_word' id='word_1_715' title='bbox 157 5755 444 5826; x_wconf 77' lang='lat' dir='ltr'><strong>dragesima:</strong></span> <span class='ocrx_word' id='word_1_716' title='bbox 475 5758 674 5814; x_wconf 83' lang='lat' dir='ltr'><strong>factam</strong></span> <span class='ocrx_word' id='word_1_717' title='bbox 705 5753 893 5814; x_wconf 87' lang='lat' dir='ltr'><strong>fuisse.</strong></span> <span class='ocrx_word' id='word_1_718' title='bbox 918 5756 1076 5812; x_wconf 82' lang='lat' dir='ltr'><strong>Certe</strong></span> <span class='ocrx_word' id='word_1_719' title='bbox 1104 5752 1275 5810; x_wconf 35' lang='lat' dir='ltr'><strong>Fulco‘</strong></span> <span class='ocrx_word' id='word_1_720' title='bbox 1298 5755 1708 5820; x_wconf 80' lang='lat' dir='ltr'><strong>Audegavorum</strong></span> 
     </span>
    </p>
   </div>
   <div class='ocr_carea' id='block_1_106' title="bbox 1815 4568 3388 4636">
    <p class='ocr_par' dir='ltr' id='par_1_106' title="bbox 1815 4568 3388 4636">
     <span class='ocr_line' id='line_1_106' title="bbox 1815 4568 3388 4636; baseline -0.003 -11"><span class='ocrx_word' id='word_1_721' title='bbox 1815 4568 2039 4625; x_wconf 84' lang='lat' dir='ltr'><strong>Goflridi</strong></span> <span class='ocrx_word' id='word_1_722' title='bbox 2090 4583 2210 4623; x_wconf 90' lang='lat' dir='ltr'><strong>esse</strong></span> <span class='ocrx_word' id='word_1_723' title='bbox 2252 4577 2464 4636; x_wconf 90' lang='lat' dir='ltr'><strong>putant.</strong></span> <span class='ocrx_word' id='word_1_724' title='bbox 2514 4569 2721 4622; x_wconf 89' lang='lat' dir='ltr'><strong>Dicitur</strong></span> <span class='ocrx_word' id='word_1_725' title='bbox 2765 4581 2938 4623; x_wconf 74' lang='lat' dir='ltr'><strong>tamen</strong></span> <span class='ocrx_word' id='word_1_726' title='bbox 2987 4571 3038 4622; x_wconf 92' lang='lat' dir='ltr'><strong>in</strong></span> <span class='ocrx_word' id='word_1_727' title='bbox 3090 4573 3254 4623; x_wconf 88' lang='lat' dir='ltr'><strong>veteri</strong></span> <span class='ocrx_word' id='word_1_728' title='bbox 3306 4572 3388 4622; x_wconf 90' lang='lat' dir='ltr'><strong>iu-</strong></span> 
     </span>
    </p>
   </div>
   <div class='ocr_carea' id='block_1_107' title="bbox 1813 4660 3386 4730">
    <p class='ocr_par' dir='ltr' id='par_1_107' title="bbox 1813 4660 3386 4730">
     <span class='ocr_line' id='line_1_107' title="bbox 1813 4660 3386 4730; baseline 0 -15"><span class='ocrx_word' id='word_1_729' title='bbox 1813 4669 2117 4715; x_wconf 89' lang='lat' dir='ltr'><strong>strumento</strong></span> <span class='ocrx_word' id='word_1_730' title='bbox 2154 4675 2278 4730; x_wconf 83' lang='lat' dir='ltr'><strong>pag.</strong></span> <span class='ocrx_word' id='word_1_731' title='bbox 2311 4660 2406 4724; x_wconf 68' lang='grc'><strong>29,</strong></span> <span class='ocrx_word' id='word_1_732' title='bbox 2440 4661 2491 4714; x_wconf 91' lang='lat' dir='ltr'><strong>in</strong></span> <span class='ocrx_word' id='word_1_733' title='bbox 2519 4661 2694 4713; x_wconf 89' lang='lat' dir='ltr'><strong>navim</strong></span> <span class='ocrx_word' id='word_1_734' title='bbox 2730 4661 2984 4714; x_wconf 75' lang='lat' dir='ltr'><strong>Ecclesia:</strong></span> <span class='ocrx_word' id='word_1_735' title='bbox 3015 4671 3141 4715; x_wconf 89' lang='lat' dir='ltr'><strong>tunc</strong></span> <span class='ocrx_word' id='word_1_736' title='bbox 3166 4663 3386 4715; x_wconf 82' lang='lat' dir='ltr'><strong>transla-</strong></span> 
     </span>
    </p>
   </div>
   <div class='ocr_carea' id='block_1_108' title="bbox 1814 4752 3388 4821">
    <p class='ocr_par' dir='ltr' id='par_1_108' title="bbox 1814 4752 3388 4821">
     <span class='ocr_line' id='line_1_108' title="bbox 1814 4752 3388 4821; baseline -0.003 -13"><span class='ocrx_word' id='word_1_737' title='bbox 1814 4763 1900 4809; x_wconf 91' lang='lat' dir='ltr'><strong>tus</strong></span> <span class='ocrx_word' id='word_1_738' title='bbox 1957 4753 2126 4808; x_wconf 88' lang='lat' dir='ltr'><strong>fuisse</strong></span> <span class='ocrx_word' id='word_1_739' title='bbox 2178 4761 2236 4807; x_wconf 91' lang='lat' dir='ltr'><strong>et</strong></span> <span class='ocrx_word' id='word_1_740' title='bbox 2285 4752 2557 4819; x_wconf 86' lang='lat' dir='ltr'><strong>sepultus;</strong></span> <span class='ocrx_word' id='word_1_741' title='bbox 2619 4763 2674 4806; x_wconf 90' lang='lat' dir='ltr'><strong>et</strong></span> <span class='ocrx_word' id='word_1_742' title='bbox 2728 4753 2886 4820; x_wconf 87' lang='lat' dir='ltr'><strong>paulo</strong></span> <span class='ocrx_word' id='word_1_743' title='bbox 2941 4759 3063 4804; x_wconf 85' lang='lat' dir='ltr'><strong>ante</strong></span> <span class='ocrx_word' id='word_1_744' title='bbox 3123 4767 3241 4821; x_wconf 79' lang='lat' dir='ltr'><strong>pag.</strong></span> <span class='ocrx_word' id='word_1_745' title='bbox 3295 4754 3388 4814; x_wconf 63' lang='lat'><strong>“25&#39;,</strong></span> 
     </span>
    </p>
   </div>
   <div class='ocr_carea' id='block_1_109' title="bbox 1813 4840 3387 4915">
    <p class='ocr_par' dir='ltr' id='par_1_109' title="bbox 1813 4840 3387 4915">
     <span class='ocr_line' id='line_1_109' title="bbox 1813 4840 3387 4915; baseline -0.003 -16"><span class='ocrx_word' id='word_1_746' title='bbox 1813 4845 2108 4915; x_wconf 88' lang='lat' dir='ltr'><strong>scripserat</strong></span> <span class='ocrx_word' id='word_1_747' title='bbox 2157 4843 2272 4912; x_wconf 86' lang='lat' dir='ltr'><strong>ipse</strong></span> <span class='ocrx_word' id='word_1_748' title='bbox 2299 4842 2616 4897; x_wconf 85' lang='lat' dir='ltr'><strong>Pelleterius</strong></span> <span class='ocrx_word' id='word_1_749' title='bbox 2650 4859 2663 4894; x_wconf 91' lang='lat'>:</span> <span class='ocrx_word' id='word_1_750' title='bbox 2699 4841 2875 4909; x_wconf 78' lang='lat' dir='ltr'><strong>Hujus</strong></span> <span class='ocrx_word' id='word_1_751' title='bbox 2921 4840 3198 4908; x_wconf 70' lang='lat' dir='ltr'><strong>sepultum</strong></span> <span class='ocrx_word' id='word_1_752' title='bbox 3232 4843 3387 4908; x_wconf 63' lang='lat' dir='ltr'><strong>[idem</strong></span> 
     </span>
    </p>
   </div>
   <div class='ocr_carea' id='block_1_110' title="bbox 1815 4931 3387 5005">
    <p class='ocr_par' dir='ltr' id='par_1_110' title="bbox 1815 4931 3387 5005">
     <span class='ocr_line' id='line_1_110' title="bbox 1815 4931 3387 5005; baseline -0.003 -16"><span class='ocrx_word' id='word_1_753' title='bbox 1815 4938 1940 5005; x_wconf 71' lang='lat' dir='ltr'><strong>facit</strong></span> <span class='ocrx_word' id='word_1_754' title='bbox 1970 4936 2176 5004; x_wconf 84' lang='lat' dir='ltr'><strong>pictura</strong></span> <span class='ocrx_word' id='word_1_755' title='bbox 2219 4944 2266 4986; x_wconf 86' lang='lat' dir='ltr'><strong>et</strong></span> <span class='ocrx_word' id='word_1_756' title='bbox 2302 4933 2435 5002; x_wconf 88' lang='lat' dir='ltr'><strong>lapis</strong></span> <span class='ocrx_word' id='word_1_757' title='bbox 2476 4949 2506 4984; x_wconf 89' lang='lat' dir='ltr'><strong>a</strong></span> <span class='ocrx_word' id='word_1_758' title='bbox 2554 4942 2693 4984; x_wconf 86' lang='lat' dir='ltr'><strong>terra</strong></span> <span class='ocrx_word' id='word_1_759' title='bbox 2736 4931 2942 4983; x_wconf 82' lang='lat' dir='ltr'><strong>circiter</strong></span> <span class='ocrx_word' id='word_1_760' title='bbox 2982 4931 3049 4982; x_wconf 85' lang='lat' dir='ltr'><strong>ad</strong></span> <span class='ocrx_word' id='word_1_761' title='bbox 3089 4943 3190 4984; x_wconf 87' lang='lat' dir='ltr'><strong>tres</strong></span> <span class='ocrx_word' id='word_1_762' title='bbox 3235 4934 3387 5000; x_wconf 74' lang='lat' dir='ltr'><strong>pedes</strong></span> 
     </span>
    </p>
   </div>
   <div class='ocr_carea' id='block_1_111' title="bbox 1812 5018 3386 5082">
    <p class='ocr_par' dir='ltr' id='par_1_111' title="bbox 1812 5018 3386 5082">
     <span class='ocr_line' id='line_1_111' title="bbox 1812 5018 3386 5082; baseline -0.001 -6"><span class='ocrx_word' id='word_1_763' title='bbox 1812 5023 2042 5076; x_wconf 83' lang='lat' dir='ltr'><strong>elevatus</strong></span> <span class='ocrx_word' id='word_1_764' title='bbox 2068 5021 2300 5075; x_wconf 85' lang='lat' dir='ltr'><strong>anterior</strong></span> <span class='ocrx_word' id='word_1_765' title='bbox 2316 5021 2500 5074; x_wconf 75' lang='lat' dir='ltr'><strong>altaris</strong></span> <span class='ocrx_word' id='word_1_766' title='bbox 2520 5021 2687 5073; x_wconf 84' lang='lat' dir='ltr'><strong>sancti</strong></span> <span class='ocrx_word' id='word_1_767' title='bbox 2706 5018 2948 5079; x_wconf 71' lang='lat' dir='ltr'><strong>Andreu&#39;,</strong></span> <span class='ocrx_word' id='word_1_768' title='bbox 2973 5021 3110 5082; x_wconf 83' lang='lat' dir='ltr'><strong>quod</strong></span> <span class='ocrx_word' id='word_1_769' title='bbox 3139 5033 3209 5073; x_wconf 81' lang='lat' dir='ltr'><strong>est</strong></span> <span class='ocrx_word' id='word_1_770' title='bbox 3230 5024 3296 5073; x_wconf 88' lang='lat' dir='ltr'><strong>ad</strong></span> <span class='ocrx_word' id='word_1_771' title='bbox 3315 5024 3386 5074; x_wconf 82' lang='lat' dir='ltr'><strong>si-</strong></span> 
     </span>
    </p>
   </div>
   <div class='ocr_carea' id='block_1_112' title="bbox 1812 5105 3387 5180">
    <p class='ocr_par' dir='ltr' id='par_1_112' title="bbox 1812 5105 3387 5180">
     <span class='ocr_line' id='line_1_112' title="bbox 1812 5105 3387 5180; baseline 0.001 -17"><span class='ocrx_word' id='word_1_772' title='bbox 1812 5113 2032 5164; x_wconf 82' lang='lat' dir='ltr'><strong>nistrum</strong></span> <span class='ocrx_word' id='word_1_773' title='bbox 2058 5110 2233 5180; x_wconf 82' lang='lat' dir='ltr'><strong>majus</strong></span> <span class='ocrx_word' id='word_1_774' title='bbox 2246 5109 2412 5163; x_wconf 85' lang='lat' dir='ltr'><strong>altare</strong></span> <span class='ocrx_word' id='word_1_775' title='bbox 2429 5124 2543 5161; x_wconf 86' lang='lat' dir='ltr'><strong>cum</strong></span> <span class='ocrx_word' id='word_1_776' title='bbox 2565 5109 2660 5161; x_wconf 84' lang='lat' dir='ltr'><strong>hoc</strong></span> <span class='ocrx_word' id='word_1_777' title='bbox 2683 5106 2849 5174; x_wconf 87' lang='lat' dir='ltr'><strong>elogio</strong></span> <span class='ocrx_word' id='word_1_778' title='bbox 2867 5120 2885 5156; x_wconf 89' lang='lat'><em>:</em></span> <span class='ocrx_word' id='word_1_779' title='bbox 2908 5105 3044 5160; x_wconf 89' lang='lat' dir='ltr'><strong>Dum</strong></span> <span class='ocrx_word' id='word_1_780' title='bbox 3063 5108 3387 5178; x_wconf 58' lang='lat' dir='ltr'><strong>ttiguit,etc.,</strong></span> 
     </span>
    </p>
   </div>
   <div class='ocr_carea' id='block_1_113' title="bbox 1813 5199 2822 5272">
    <p class='ocr_par' dir='ltr' id='par_1_113' title="bbox 1813 5199 2822 5272">
     <span class='ocr_line' id='line_1_113' title="bbox 1813 5199 2822 5272; baseline -0.003 -20"><span class='ocrx_word' id='word_1_781' title='bbox 1813 5217 1932 5272; x_wconf 74' lang='lat' dir='ltr'><strong>qua:</strong></span> <span class='ocrx_word' id='word_1_782' title='bbox 1959 5202 2137 5255; x_wconf 90' lang='lat' dir='ltr'><strong>omnia</strong></span> <span class='ocrx_word' id='word_1_783' title='bbox 2172 5199 2328 5255; x_wconf 85' lang='lat' dir='ltr'><strong>hodie</strong></span> <span class='ocrx_word' id='word_1_784' title='bbox 2355 5215 2458 5253; x_wconf 92' lang='lat' dir='ltr'><strong>non</strong></span> <span class='ocrx_word' id='word_1_785' title='bbox 2488 5205 2822 5266; x_wconf 85' lang='lat' dir='ltr'><strong>comparent.</strong></span> 
     </span>
    </p>
   </div>
   <div class='ocr_carea' id='block_1_114' title="bbox 1886 5288 3385 5362">
    <p class='ocr_par' dir='ltr' id='par_1_114' title="bbox 1886 5288 3385 5362">
     <span class='ocr_line' id='line_1_114' title="bbox 1886 5288 3385 5362; baseline -0.001 -16"><span class='ocrx_word' id='word_1_786' title='bbox 1886 5291 2000 5346; x_wconf 88' lang='lat' dir='ltr'><strong>Hac</strong></span> <span class='ocrx_word' id='word_1_787' title='bbox 2057 5293 2172 5362; x_wconf 88' lang='lat' dir='ltr'><strong>ipsa</strong></span> <span class='ocrx_word' id='word_1_788' title='bbox 2239 5290 2594 5345; x_wconf 86' lang='lat' dir='ltr'><strong>dedicationis</strong></span> <span class='ocrx_word' id='word_1_789' title='bbox 2657 5288 2844 5344; x_wconf 88' lang='lat' dir='ltr'><strong>Sancti</strong></span> <span class='ocrx_word' id='word_1_790' title='bbox 2890 5289 3092 5344; x_wconf 83' lang='lat' dir='ltr'><strong>Nicolai</strong></span> <span class='ocrx_word' id='word_1_791' title='bbox 3164 5291 3279 5355; x_wconf 89' lang='lat' dir='ltr'><strong>die,</strong></span> <span class='ocrx_word' id='word_1_792' title='bbox 3337 5291 3385 5346; x_wconf 88' lang='lat' dir='ltr'><strong>id</strong></span> 
     </span>
    </p>
   </div>
   <div class='ocr_carea' id='block_1_115' title="bbox 1812 5381 3382 5453">
    <p class='ocr_par' dir='ltr' id='par_1_115' title="bbox 1812 5381 3382 5453">
     <span class='ocr_line' id='line_1_115' title="bbox 1812 5381 3382 5453; baseline 0 -15"><span class='ocrx_word' id='word_1_793' title='bbox 1812 5395 1895 5440; x_wconf 90' lang='lat' dir='ltr'><strong>est</strong></span> <span class='ocrx_word' id='word_1_794' title='bbox 1919 5401 1971 5438; x_wconf 84' lang='lat' dir='ltr'><strong>tv</strong></span> <span class='ocrx_word' id='word_1_795' title='bbox 1996 5386 2117 5440; x_wconf 91' lang='lat' dir='ltr'><strong>ldus</strong></span> <span class='ocrx_word' id='word_1_796' title='bbox 2139 5384 2443 5448; x_wconf 87' lang='lat' dir='ltr'><strong>Februarii,</strong></span> <span class='ocrx_word' id='word_1_797' title='bbox 2473 5381 2726 5438; x_wconf 86' lang='lat' dir='ltr'><strong>Urbanus</strong></span> <span class='ocrx_word' id='word_1_798' title='bbox 2755 5381 2963 5438; x_wconf 90' lang='lat' dir='ltr'><strong>litteras</strong></span> <span class='ocrx_word' id='word_1_799' title='bbox 2991 5384 3057 5437; x_wconf 89' lang='lat' dir='ltr'><strong>ad</strong></span> <span class='ocrx_word' id='word_1_800' title='bbox 3081 5383 3382 5453; x_wconf 87' lang='lat' dir='ltr'><strong>Philippum</strong></span> 
     </span>
    </p>
   </div>
   <div class='ocr_carea' id='block_1_116' title="bbox 1813 5472 3388 5543">
    <p class='ocr_par' dir='ltr' id='par_1_116' title="bbox 1813 5472 3388 5543">
     <span class='ocr_line' id='line_1_116' title="bbox 1813 5472 3388 5543; baseline -0.002 -12"><span class='ocrx_word' id='word_1_801' title='bbox 1813 5476 2262 5531; x_wconf 83' lang='lat' dir='ltr'><strong>Catalaunensem</strong></span> <span class='ocrx_word' id='word_1_802' title='bbox 2295 5473 2876 5543; x_wconf 74' lang='lat' dir='ltr'><strong>episcopum‘scripsit,</strong></span> <span class='ocrx_word' id='word_1_803' title='bbox 2904 5472 3100 5542; x_wconf 88' lang='lat' dir='ltr'><strong>quibus</strong></span> <span class='ocrx_word' id='word_1_804' title='bbox 3136 5487 3259 5527; x_wconf 85' lang='lat' dir='ltr'><strong>eum</strong></span> <span class='ocrx_word' id='word_1_805' title='bbox 3297 5481 3388 5528; x_wconf 81' lang='lat' dir='ltr'><strong>ad-</strong></span> 
     </span>
    </p>
   </div>
   <div class='ocr_carea' id='block_1_117' title="bbox 1814 5562 3365 5629">
    <p class='ocr_par' dir='ltr' id='par_1_117' title="bbox 1814 5562 3365 5629">
     <span class='ocr_line' id='line_1_117' title="bbox 1814 5562 3365 5629; baseline -0.003 -8"><span class='ocrx_word' id='word_1_806' title='bbox 1814 5570 2083 5629; x_wconf 83' lang='lat' dir='ltr'><strong>hortatur,</strong></span> <span class='ocrx_word' id='word_1_807' title='bbox 2130 5574 2189 5618; x_wconf 84' lang='lat' dir='ltr'><strong>ut</strong></span> <span class='ocrx_word' id='word_1_808' title='bbox 2237 5564 2532 5618; x_wconf 84' lang='lat' dir='ltr'><strong>monachos</strong></span> <span class='ocrx_word' id='word_1_809' title='bbox 2579 5563 2767 5618; x_wconf 86' lang='lat' dir='ltr'><strong>Saneti</strong></span> <span class='ocrx_word' id='word_1_810' title='bbox 2801 5562 2982 5617; x_wconf 83' lang='lat' dir='ltr'><strong>Vitoni</strong></span> <span class='ocrx_word' id='word_1_811' title='bbox 3016 5562 3365 5617; x_wconf 77' lang='lat' dir='ltr'><strong>Virduneusis</strong></span> 
     </span>
    </p>
   </div>
   <div class='ocr_carea' id='block_1_118' title="bbox 1813 5651 3384 5728">
    <p class='ocr_par' dir='ltr' id='par_1_118' title="bbox 1813 5651 3384 5728">
     <span class='ocr_line' id='line_1_118' title="bbox 1813 5651 3384 5728; baseline -0.004 -19"><span class='ocrx_word' id='word_1_812' title='bbox 1813 5659 1902 5728; x_wconf 90' lang='lat' dir='ltr'><strong>qui</strong></span> <span class='ocrx_word' id='word_1_813' title='bbox 1929 5659 1980 5710; x_wconf 92' lang='lat' dir='ltr'><strong>in</strong></span> <span class='ocrx_word' id='word_1_814' title='bbox 2004 5654 2119 5720; x_wconf 89' lang='lat' dir='ltr'><strong>ejus</strong></span> <span class='ocrx_word' id='word_1_815' title='bbox 2141 5653 2392 5708; x_wconf 68' lang='lat' dir='ltr'><strong>dimcesis</strong></span> <span class='ocrx_word' id='word_1_816' title='bbox 2411 5654 2648 5725; x_wconf 84' lang='lat' dir='ltr'><strong>prioratu</strong></span> <span class='ocrx_word' id='word_1_817' title='bbox 2676 5652 2859 5707; x_wconf 88' lang='lat' dir='ltr'><strong>Sancti</strong></span> <span class='ocrx_word' id='word_1_818' title='bbox 2877 5651 3078 5705; x_wconf 88' lang='lat' dir='ltr'><strong>Nicolai</strong></span> <span class='ocrx_word' id='word_1_819' title='bbox 3102 5653 3384 5705; x_wconf 85' lang='lat' dir='ltr'><strong>moraban-</strong></span> 
     </span>
    </p>
   </div>
   <div class='ocr_carea' id='block_1_119' title="bbox 1815 5745 3384 5815">
    <p class='ocr_par' dir='ltr' id='par_1_119' title="bbox 1815 5745 3384 5815">
     <span class='ocr_line' id='line_1_119' title="bbox 1815 5745 3384 5815; baseline -0.004 -12"><span class='ocrx_word' id='word_1_820' title='bbox 1815 5759 1922 5815; x_wconf 91' lang='lat' dir='ltr'><strong>tur,</strong></span> <span class='ocrx_word' id='word_1_821' title='bbox 1973 5760 2004 5801; x_wconf 84' lang='lat' dir='ltr'><strong>a</strong></span> <span class='ocrx_word' id='word_1_822' title='bbox 2055 5745 2436 5800; x_wconf 90' lang='lat' dir='ltr'><strong>nonnullorum</strong></span> <span class='ocrx_word' id='word_1_823' title='bbox 2469 5745 2912 5815; x_wconf 71' lang='lat' dir='ltr'><strong>parochianorunt</strong></span> <span class='ocrx_word' id='word_1_824' title='bbox 2959 5756 3180 5799; x_wconf 77' lang='lat' dir='ltr'><strong>suorum</strong></span> <span class='ocrx_word' id='word_1_825' title='bbox 3225 5756 3384 5798; x_wconf 74' lang='lat' dir='ltr'><strong>vexa-</strong></span> 
     </span>
    </p>
   </div>
  </div>
