3892 6320
107 430 227 487 19⁸1

1688 411 1721 461 \'
1735 407 1795 461 l'l'
1806 410 1838 457 ,\
1852 444 1863 456 .

3292 412 3392 470 198

110 548 301 608 cisse;
336 541 491 613 quod
520 554 663 610 :egre
707 538 829 593 tulit
877 535 1142 609 pontifex,
1176 537 1510 606 abbatemque
1566 534 1707 587 relie-
1739 536 1785 594 Α
1816 524 2221 580 Nortlnnaunice
2272 524 2483 589 ducem,
2545 526 2636 595 qui
2676 526 2833 597 paulo
2889 535 3010 595 post
3051 527 3116 581 ad
3179 540 3392 582 sacrum

104 640 323 683 menter
368 624 988 693 increpavit,columbom
1028 623 1293 677 seductum
1327 640 1415 676 cor
1467 640 1567 675 non
1612 622 1707 672 ha-

107 723 325 775 bentem
352 718 500 770 illum
542 715 833 786 appellans,
879 729 1047 783 quare
1078 715 1219 783 quod
1248 716 1426 768 illicite
1454 711 1708 767 coznmis~

106 826 247 865 sum
289 804 488 870 fueral,
524 808 731 859 irritum
766 805 910 873 fecit,
939 822 1001 859 ac
1039 816 1228 875 postea
1260 805 1484 858 llomatn
1528 817 1707 857 rever-

105 917 217 955 sus
247 898 356 950 lato
377 896 599 951 decreto
625 895 875 959 saucivit,
895 911 960 949 ne
982 896 1107 964 quis
1131 895 1468 964 postmodum
1508 892 1708 945 Vindo-

106 991 233 1045 ciui
265 990 435 1042 abbas
488 988 731 1056 cuiquam
783 986 1020 1055 episcopo
1076 984 1403 1054 proﬁteatur,
1433 983 1572 1055 quod
1604 982 1705 1035 Pa-

106 1079 333 1133 schalis
360 1092 642 1131 successor
664 1074 865 1130 Urbani
894 1076 1079 1128 iterant
1108 1092 1203 1128 sua
1227 1074 1509 1143 apostolica
1533 1084 1709 1125 aucto-

105 1172 282 1223 ri.‘ale
306 1168 558 1237 ﬁrmavit.
603 1165 727 1220 llzcc
788 1164 970 1219 omnia
1026 1175 1213 1219 narrat
1268 1166 1380 1234 ipse
1436 1164 1707 1218 Goll‘ridus

103 1264 284 1333 cpis'.
313 1263 344 1315 '7
367 1271 417 1315 et
452 1261 537 1318 11.
570 1259 664 1313 lib.
710 1274 748 1313 tt
771 1299 786 1321 ,
815 1259 881 1311 ad
911 1258 1124 1312 lvouem
1157 1258 1391 1327 scriptis.
1426 1258 1707 1312 Decretum

104 1370 255 1407 vero
303 1354 480 1420 ipsum
530 1348 734 1418 profert
764 1347 925 1416 epist.
964 1347 1032 1400 27
1074 1348 1139 1401 ad
1170 1346 1495 1401 Gaufrcdum
1530 1345 1707 1400 lvonis

108 1457 520 1504 successorem,
549 1440 691 1508 quod
721 1454 819 1492 suo
851 1438 969 1492 loco
992 1436 1347 1507 proferemus.

192 1534 313 1587 lluc
354 1547 568 1601 quoque
601 1530 960 1585 revocandmu
988 1538 1071 1584 est
1117 1529 1263 1598 quod
1312 1528 1377 1583 de
1403 1527 1494 1582 illo
1526 1543 1705 1581 mona-

106 1625 289 1678 sterio
335 1622 530 1689 legitur
565 1621 616 1674 in
672 1620 941 1675 Chronico
972 1618 1367 1689 Andegavensi,
1400 1619 1538 1687 apud
1578 1617 1711 1670 Lab-

111 1722 283 1767 beum
305 1723 451 1766 tomo
476 1711 493 1765 Ι
519 1711 861 1765 Bibliotheca:
877 1725 1048 1773 novae,
1063 1709 1152 1763 ubi
1169 1709 1232 1761 ad
1256 1723 1455 1761 annum
1476 1706 1609 1762 1095
1630 1723 1711 1761 ve-

113 1804 221 1857 leri
247 1802 533 1873 stylo,quo
562 1800 766 1855 scilicet
791 1799 913 1853 novi
942 1799 1069 1853 anni
1099 1798 1378 1853 exordium
1404 1797 1711 1851 aPaschate

114 1895 449 1956 desumitnr,
483 1892 599 1945 lucc
647 1891 809 1945 habet
860 1910 873 1945 :
915 1889 1112 1944 Eodem
1166 1907 1305 1943 anno
1342 1905 1395 1943 tv
1434 1887 1708 1941 Kalendas
1744 1878 1783 1933 Β

124 1984 352 2038 Martias
380 1985 697 2038 consecravit
731 1982 974 2037 Urbanus
992 1999 1127 2051 papa
1152 1980 1475 2050 Cruci/istum
1501 1980 1713 2035 Sancto:

123 2076 400 2129 Trinitatis
468 2074 869 2129 Vindocinensis
912 2073 1154 2138 cwnobii,
1202 2081 1358 2143 atque
1410 2071 1712 2140 perdonomt

135 2169 396 2236 septimam
441 2177 644 2235 portent
694 2177 1024 2235 peccatorum
1073 2179 1289 2218 suorum
1335 2161 1597 2225 omnibus,
1624 2159 1713 2228 qui

138 2276 438 2330 unoquoque
495 2276 635 2312 anno
681 2259 1097 2312 onnirersarium
1160 2255 1395 2325 ejusdem
1439 2268 1713 2307 consecra-

129 2354 286 2405 tionis
311 2353 449 2405 diem
483 2353 672 2405 ibidem
725 2352 1066 2405 celebrarent.
1100 2350 1245 2405 Idem
1271 2350 1494 2404 omnino
1522 2347 1716 2417 legitur

124 2450 179 2499 iu
213 2446 384 2499 veteri
419 2445 539 2499 cod.
575 2460 675 2497 ms.
700 2443 1112 2497 Vindocinensis
1142 2440 1492 2502 monasterii;
1526 2438 1714 2492 Cruci-

120 2535 217 2586 tixi
249 2543 434 2586 autem
469 2532 684 2585 nomine
728 2531 1135 2599 intelligendum
1190 2539 1273 2585 est
1302 2529 1476 2582 altare
1503 2528 1715 2581 Sancta:

116 2624 342 2686 (it'iicis,
370 2622 509 2691 quod
555 2622 823 2691 hodieque
870 2631 1020 2675 retro
1046 2621 1218 2691 majus
1245 2620 1420 2674 altare
1446 2617 1712 2679 subsistit,

113 2711 288 2779 vulgo
342 2710 666 2763 Matutinale
714 2710 1063 2780 appellatum,
1096 2720 1153 2764 ut
1184 2719 1399 2771 constat
1429 2725 1495 2763 ex
1545 2708 1713 2761 veteri

116 2803 333 2856 Missali
368 2819 468 2855 ms.
503 2801 740 2868 ejusdem
773 2802 1111 2865 monasterii,
1142 2802 1193 2854 in
1224 2816 1331 2870 quo
1361 2799 1718 2854 dedicationis

115 2894 290 2962 hujus
329 2893 595 2948 festivitas
628 2894 726 2947 sub
754 2893 857 2947 hoc
888 2894 1042 2946 titulo
1065 2901 1422 2947 mentoratur.
1449 2891 1525 2944 De
1554 2889 1715 2941 altari

113 2988 476 3054 Matutinoli,
528 2996 632 3042 etc.
686 2986 944 3041 Notitiam
988 2987 1252 3056 integram
1306 2986 1603 3040 referemus
1662 2983 1713 3034 in

113 3080 465 3149 Appendicc.

390 3168 521 3224 CCX
532 3168 664 3223 LIX.
705 3166 998 3223 Concilium
1034 3168 1467 3238 Iiotltontogcnsc.

185 3259 321 3324 Ouo
375 3268 617 3328 tempore
680 3259 923 3328 pontifex
984 3260 1083 3314 bas
1130 3259 1377 3329 regiones
1426 3255 1708 3315 invisebat,

116 3351 545 3403 Norlhmannim
570 3350 826 3418 praesules
852 3366 973 3403 cum
1008 3349 1293 3404 abbatibus
1321 3359 1373 3402 et
1402 3349 1521 3402 aliis
1552 3350 1712 3401 cli-rl-

116 3445 217 3503 cis,
266 3458 333 3493 ac
380 3441 670 3510 provincia:
702 3441 1054 3509 optimatibus
1083 3456 1111 3493 a
1143 3440 1415 3495 Willelmo
1447 3449 1718 3507 metropo-

118 3534 307 3587 litano
347 3533 746 3602 Rothomagum
779 3533 1059 3587 convocati
1090 3534 1155 3587 ad
1182 3534 1470 3589 concilium
1502 3534 1717 3601 provin-

117 3628 295 3691 ciale,
348 3642 533 3679 mense
561 3625 874 3689 Februario,
905 3625 1100 3679 ibidem
1131 3626 1361 3695 capitulo
1412 3626 1621 3694 synodi,
1660 3634 1718 3679 ut

120 3728 324 3773 narrat
356 3717 649 3772 Ordericus
676 3718 816 3771 libro
847 3734 923 3781 tit,
954 3734 1072 3786 qua:
1106 3717 1246 3784 apud
1274 3715 1717 3769 Clarumntontem

122 3815 274 3874 facta
308 3821 405 3869 est,
440 3810 756 3863 unanimiter
790 3810 1126 3878 contemplati
1147 3818 1302 3870 sunt;
1345 3808 1475 3860 scita
1517 3823 1717 3876 quoque

120 3900 425 3967 apostolica
480 3900 938 3965 con/irmarerunt,
988 3898 1187 3952 additis
1228 3908 1352 3951 octo
1395 3898 1716 3959 canonibus,

121 4008 266 4060 «pios
314 3991 458 4046 idem
498 3998 689 4044 auctor
746 3990 935 4054 refert,
997 3997 1053 4044 et
1099 3989 1366 4045 habentur
1403 3989 1543 4057 apud
1581 3988 1720 4043 Lab-

123 4083 318 4138 beum.

270 4168 430 4223 CCL.
470 4168 773 4222 Jarentonis
801 4167 1005 4221 abbatis
1032 4168 1087 4223 in
1109 4166 1354 4236 Angliam
1379 4167 1587 4237 legatio.

192 4263 282 4315 Azl
318 4262 464 4314 idem
493 4268 703 4329 tempus
729 4260 1031 4314 revocanda
1071 4268 1154 4313 est
1176 4257 1489 4313 Jarentouis
1512 4258 1721 4312 abbatis

124 4350 486 4405 Divionensis
525 4349 579 4403 in
644 4347 891 4419 Angliam
949 4348 1150 4418 legatio
1194 4348 1510 4417 apostolica,
1559 4363 1720 4417 quam

124 4442 403 4498 describit
438 4440 591 4511 llugo
631 4439 1059 4494 Flaviniaceusis
1112 4440 1164 4494 in
1212 4438 1478 4494 Chronico
1525 4438 1720 4494 Virdo-

1812 619 2011 674 bellutu
2049 617 2324 687 profectus
2350 626 2451 677 est,
2478 616 2798 687 composuit.
2832 616 2937 671 Sed
2965 617 3032 670 ad
3063 614 3263 671 Urbani
3291 618 3392 672 iter

1812 708 2141 763 reﬂectenda
2173 716 2257 761 est
2286 707 2481 760 oratio.

1808 799 1981 856 CCLI.
2024 799 2259 852 Turonos
2284 796 2530 851 Urbanus
2566 797 2803 865 pontifex
2836 797 3060 866 advenit.
3087 795 3275 849 Scribit
3300 814 3393 866 pro

1882 870 2130 923 Manasse
2157 869 2549 933 archiepiscopo
2588 866 2846 919 Remcnsi.
2883 865 3094 919 Publice
3119 865 3391 933 prtedicat.

1882 939 2103 1008 Majoris
2141 938 2445 991 monasterii
2488 935 2758 990 basilicont
2793 935 3018 989 dedicat.
3062 937 3272 990 Statuta
3302 952 3396 1005 pro

1880 1008 1943 1063 S.
1973 1007 2230 1061 Martino.

1879 1099 2041 1153 Initio
2074 1099 2273 1152 mensis
2297 1097 2475 1151 Martii
2500 1096 2746 1151 Turonos
2768 1096 3007 1161 advenit,
3037 1095 3126 1151 ubi
3162 1096 3394 1163 prinmtu

1812 1190 2116 1261 bospitatus
2158 1189 2325 1243 fuisse
2374 1189 2587 1242 videtur
2615 1188 2756 1257 apud
2791 1185 3396 1254 Illajus-Monasteriuui.

1811 1280 1927 1334 lluc
1956 1279 2099 1333 cnim
2127 1279 2468 1333 accessitdie
2500 1280 2657 1331 tertia
2688 1276 2805 1347 ejus
2836 1278 3060 1339 mensis,
3094 1276 3167 1329 uti
3193 1277 3397 1345 relligi-

1814 1379 1901 1423 tur
1922 1385 1988 1423 ex
2017 1369 2332 1423 narratione
2356 1368 2718 1422 dedicationis
2740 1367 2979 1435 ejusdem
3003 1366 3104 1421 loci
3138 1367 3395 1428 basilicae,

1809 1477 1929 1530 quae
1956 1477 2007 1513 vt
2042 1460 2164 1514 Idus
2194 1460 2395 1523 Martii,
2427 1460 2513 1513 die
2537 1468 2729 1513 octavo
2756 1457 2996 1526 ejusdem
3050 1457 3313 1511 adventus
3342 1457 3394 1509 in

1812 1550 2234 1615 monasterium,
2267 1550 2411 1605 facta
2459 1559 2565 1604 est.
2599 1550 2735 1604 Hinc
2785 1549 3046 1603 habemus
3076 1557 3241 1601 totam
3290 1547 3395 1599 die-

1812 1658 1931 1695 rum
1973 1642 2167 1696 seriem
2200 1658 2337 1711 quos
2375 1641 2614 1711 pontifex
2646 1656 2713 1694 eo
2742 1641 2795 1694 in
2821 1640 3014 1694 itinere
3043 1639 3241 1709 exegit.
3270 1638 3398 1691 Erat

1810 1734 2030 1801 quippe,
2061 1741 2122 1786 ut
2159 1732 2416 1794 vidimus,
2448 1732 2537 1786 die
2566 1732 2632 1785 14
2672 1730 2955 1786 Februarii
2988 1728 3229 1793 Sablolii,
3258 1728 3398 1781 unde

1813 1824 2073 1892 postridie
2104 1823 2379 1893 profectus
2402 1824 2780 1878 Ceuomaunos
2803 1822 3041 1887 advenit,
3074 1822 3163 1875 ubi
3204 1820 3397 1874 diebus

1814 1914 2007 1979 tribus,
2057 1915 2111 1968 id
2147 1924 2232 1969 est
2285 1914 2495 1969 decimo
2527 1924 2680 1968 sexto
2723 1922 2779 1969 et
2804 1914 3015 1967 duobus
3048 1912 3397 1981 sequentibus

1814 2013 2181 2058 commoratus
2201 2012 2306 2058 est.
2334 2004 2553 2058 Decimo
2579 2019 2721 2058 nono
2746 2004 2983 2072 perrexit
3019 2002 3395 2064 Vindocinum,

1816 2093 1904 2147 ubi
1938 2110 2060 2148 cmn
2092 2108 2157 2146 ex
2192 2092 2418 2147 Goll'ridi
2460 2092 2739 2161 epistolis,
2775 2094 2890 2147 dies
2931 2092 3181 2145 undecim
3216 2101 3394 2145 trans-

1815 2186 2004 2253 egerit,
2031 2185 2226 2239 exinde
2257 2196 2381 2239 ante
2408 2184 2553 2239 diem
2582 2185 2973 2240 secundamaut
3012 2184 3227 2238 tertiam
3250 2183 3393 2236 illar-

1816 2276 1872 2327 tii
1914 2276 2182 2344 proficisci
2236 2292 2343 2329 non
2388 2276 2584 2345 potuit,
2619 2290 2726 2344 quo
2774 2275 2952 2344 reipsa
3006 2274 3271 2328 alterutro
3311 2273 3398 2326 die

1816 2362 2066 2417 Turonos
2096 2363 2381 2417 advenisse
2407 2364 2669 2417 dicendus
2694 2371 2794 2417 est.

1885 2454 1981 2509 Die
2026 2465 2217 2522 quarta
2256 2456 2372 2524 ejus
2420 2456 2623 2509 mensis
2696 2453 2764 2507 ad
2816 2453 3097 2507 Remensis
3144 2451 3397 2506 Ecclesia)

1816 2543 2187 2613 suifragaueos
2222 2546 2506 2614 episcopos
2551 2545 2791 2614 scripsit,
2819 2554 2877 2597 ut
2923 2558 2990 2598 ne
3034 2545 3239 2597 diutius
3276 2543 3393 2596 Ma-

1818 2634 1994 2686 nassis
2021 2633 2177 2687 electi
2214 2651 2401 2687 eorum
2437 2632 2836 2703 metropolitani
2871 2632 3267 2687 ordinationem
3297 2632 3398 2686 dif-

1817 2723 2042 2778 ferrent.
2085 2724 2291 2791 Quibus
2342 2726 2538 2779 litteris
2594 2725 2669 2778 illi
2716 2739 2921 2778 morem
2971 2738 3232 2793 gessere:
3273 2740 3397 2776 nam

1819 2814 2092 2867 ManaSscs
2162 2816 2212 2867 in
2273 2814 2495 2868 basilica
2563 2814 3033 2869 archimonastcrii
3090 2813 3391 2882 Remigiaui

1818 2900 1904 2955 die
1938 2917 1968 2953 Χ
2009 2901 2125 2954 Kal.
2156 2902 2359 2973 Aprilis
2397 2903 2466 2956 ab
2497 2902 2718 2973 llugone
2748 2901 3144 2969 SuessiOtteusi,
3172 2904 3397 2955 astanti-

1819 2992 1912 3045 bus
1940 3002 1986 3045 et
2016 3010 2202 3047 manus
2228 2995 2276 3047 ci
2303 2995 2687 3064 impatientibus
2717 2996 2956 3063 quinque
3007 2995 3125 3048 aliis
3153 3010 3397 3064 compro-

1819 3085 2137 3139 vincialibus
2198 3087 2466 3155 episcoliis
2531 3096 2881 3141 consecratus
2950 3096 3053 3141 est.
3115 3085 3213 3141 llic
3266 3101 3395 3139 vero

1818 3176 2173 3229 constituerat
2200 3180 2384 3229 statim
2428 3186 2550 3245 post
2581 3192 2732 3229 suam
2766 3175 3230 3244 inaugurationem
3260 3191 3393 3244 pon-

1819 3265 2017 3317 tilieem
2070 3266 2241 3328 adirn,
2275 3276 2333 3319 ut
2378 3282 2441 3319 ex
2491 3267 2608 3335 ejus
2658 3266 2883 3335 epistola
2939 3265 3005 3319 ad
3046 3264 3393 3319 Lambertuut

1816 3351 2234 3407 Atrebatenscm
2289 3358 2431 3425 apud
2479 3356 2760 3409 Baluzium
2819 3367 2965 3409 tomo
3009 3353 3049 3403 γ
3099 3353 3395 3408 Misccllan.

1818 3445 1962 3496 edita
1995 3454 2174 3513 patet;
2218 3448 2311 3499 sed
2343 3458 2521 3500 utrum
2552 3448 2603 3501 id
2634 3446 2967 3515 prmstiterit,
3001 3445 3261 3499 incertum
3293 3456 3395 3497 est.

1820 3532 2072 3587 Urbanus
2134 3548 2262 3587 vero
2324 3535 2533 3588 interea
2588 3534 2774 3587 Sancti
2844 3532 3063 3585 Martini
3111 3532 3397 3587 ecclesiam

1819 3624 2130 3692 frequenter
2168 3625 2456 3691 invisebat,
2500 3625 2660 3679 modo
2709 3625 2762 3678 in
2794 3622 2910 3692 ejus
2953 3623 3192 3688 castello,
3240 3625 3399 3677 modo

1817 3713 1982 3766 etiam
2014 3713 2066 3765 in
2097 3714 2208 3782 ipsa
2243 3714 2394 3777 urbe,
2419 3723 2511 3767 aut
2558 3714 2610 3767 in
2646 3713 2823 3768 vicino
2853 3711 3399 3783 Majori-Mouasterio

1817 3819 2184 3869 commorans,
2221 3805 2458 3873 quandiu
2486 3815 2736 3859 versatus
2768 3815 2821 3858 et
2843 3804 2985 3873 apud
3016 3803 3287 3857 Turonos.

1892 3894 1987 3949 Die
2034 3904 2217 3950 autent
2272 3911 2346 3950 vu
2388 3896 2527 3960 ldus,
2590 3898 2641 3951 id
2690 3907 2774 3952 est
2830 3896 2981 3951 Noua
3028 3896 3226 3961 Martii,
3284 3913 3403 3965 quae

1821 3986 2101 4041 Dominiea
2175 3998 2312 4053 erat,
2377 3988 2667 4043 celebratis
2749 3989 2800 4042 in
2864 3986 3407 4056 Majori-Monasterio

1820 4080 2021 4142 missis,
2056 4080 2122 4135 ad
2146 4081 2371 4150 gradum
2404 4080 2665 4151 ligueum,
2713 4080 2806 4149 qui
2833 4096 2994 4150 supra
3024 4080 3169 4133 lluvii
3201 4079 3404 4147 Ligeris

1820 4169 1991 4237 ripam
2056 4180 2278 4238 paratus
2333 4168 2530 4234 fuerat,
2595 4169 2824 4223 accessit
2876 4167 3157 4238 pontifex,
3226 4165 3405 4233 ibique

1819 4261 2118 4314 orationem
2144 4261 2355 4324 habuit,
2390 4261 2476 4315 cui
2511 4276 2633 4315 cum
2661 4261 2891 4314 Fulcone
2917 4257 3151 4313 Audiam
3185 4257 3402 4320 comite,

1824 4360 1948 4407 tunc
1991 4353 2250 4422 temporis
2274 4351 2551 4406 Turonum
2575 4352 2825 4415 domino,
2856 4360 2911 4404 et
2935 4350 3053 4403 aliis
3090 4348 3405 4419 proceribus

1822 4442 2068 4497 interfuit
2097 4444 2379 4498 innumera
2426 4444 2605 4497 omnis
2648 4441 2975 4497 conditionis
3015 4450 3069 4494 ct
3097 4440 3270 4494 aetatis
3306 4441 3405 4491 ho-

127 4534 312 4589 nensi.
348 4533 740 4601 Impetraverat
764 4531 983 4601 quidem
1007 4529 1310 4584 Willclmus
1334 4529 1538 4601 Anglia:
1565 4546 1659 4586 rex
1690 4548 1718 4585 a
1753 4561 1799 4620 ο
1825 4534 2028 4587 mintnu
2064 4535 2373 4589 multitudo.
2406 4534 2722 4589 Pontillcem
2753 4550 2814 4588 ea
2854 4533 3138 4588 occasione
3165 4531 3230 4585 de
3250 4546 3405 4583 sacra

127 4626 386 4681 Waltero
413 4624 666 4694 episcopo
694 4622 1008 4685 Albanensi,
1040 4622 1131 4691 qui
1165 4622 1383 4690 pallium
1411 4637 1507 4690 pro
1533 4632 1721 4677 sancto

129 4716 402 4772 Auscltno
433 4715 650 4768 nomine
678 4714 881 4770 Urbani
913 4713 1192 4778 attulerat,
1231 4722 1289 4768 ut
1317 4712 1492 4767 utilius
1535 4730 1563 4767 a
1597 4729 1655 4769 se
1680 4718 1723 4769 fc

129 4808 443 4877 apostolica
470 4806 523 4860 in
563 4805 813 4874 Angliam
848 4804 1054 4873 legatus
1083 4804 1386 4858 mitteretur
1407 4805 1610 4873 absque
1635 4821 1724 4861 re-

132 4901 212 4967 gis
233 4905 551 4970 praecepto;
584 4904 639 4950 at
666 4894 979 4949 Jarentonis
1008 4894 1152 4948 fama
1176 4896 1308 4950 adeo
1336 4894 1562 4950 celebris
1582 4906 1723 4961 erat,

133 5001 406 5060 tantaque
444 4987 544 5042 fuit
577 4987 693 5057 ejus
746 4987 799 5041 in
854 4986 1179 5057 alloquendo
1219 5000 1399 5058 regem
1449 4985 1726 5040 inadulata

134 5084 324 5135 mentis
367 5080 699 5145 constantia,
769 5089 830 5134 ut
882 5095 979 5134 rex
1014 5079 1064 5134 ei
1122 5078 1298 5150 palam
1354 5078 1725 5133 contradicere

137 5174 373 5237 veritus,
407 5170 638 5225 consiliis
664 5170 778 5239 ejus
812 5187 874 5223 ac
896 5171 1023 5225 cotis
1060 5170 1419 5240 acquieturum
1461 5170 1727 5239 promitte-

139 5274 232 5317 ret.
258 5264 371 5320 Sed
403 5262 589 5316 fallere
616 5262 834 5317 volebat
859 5261 1085 5316 callidus
1109 5277 1203 5317 rex
1228 5276 1291 5315 ea
1326 5262 1504 5330 specie
1525 5262 1624 5315 viri
1652 5263 1724 5331 pii

143 5356 423 5411 incautam
468 5354 905 5424 simplicitatem;
943 5353 1055 5422 jam
1086 5355 1286 5423 quippe
1329 5353 1395 5407 ad
1453 5352 1724 5410 Urbanum

143 5449 365 5500 nuntios
389 5445 528 5499 clam
549 5447 790 5513 miserat,
817 5461 984 5501 novas
1000 5446 1151 5501 abeo
1170 5444 1437 5514 petiturus
1462 5446 1724 5512 inducias,

146 5551 278 5605 quas
310 5553 437 5591 cum
481 5538 659 5607 reipsa
710 5538 1084 5609 impetrasset,
1115 5540 1276 5611 idque
1324 5541 1604 5597 Jarentoui
1631 5542 1730 5596 de—

148 5628 435 5693 clarasset,
469 5628 579 5693 ille,
610 5628 824 5684 infectis
854 5631 1037 5697 rebus,
1068 5647 1133 5686 ex
1168 5632 1361 5703 Anglia
1391 5636 1573 5689 statim
1617 5634 1728 5689 dis-

151 5722 331 5776 cessit.
357 5720 413 5775 ln
435 5720 667 5776 Galliam
692 5736 940 5778 reversus
963 5723 1203 5779 substitit
1227 5725 1282 5779 in
1307 5724 1724 5793 Northmannia,

152 5808 240 5863 ubi
290 5827 475 5881 pacem
542 5811 682 5866 inter
707 5812 957 5867 eumdem
987 5825 1167 5883 regem
1225 5829 1285 5868 ac
1336 5814 1560 5870 fratrem
1608 5817 1727 5883 ejus

1824 4625 2175 4692 expeditione
2222 4624 2463 4679 locutum
2495 4625 2659 4677 fuisse
2686 4624 2968 4693 plusquam
2992 4621 3271 4691 probabile
3300 4631 3403 4674 est.

1826 4713 1893 4767 lit
1918 4714 2137 4781 quidem
2165 4714 2289 4777 huc,
2339 4715 2442 4768 nisi
2487 4714 2664 4778 fallor,
2704 4712 2945 4783 revocari
2975 4711 3133 4765 debet
3166 4712 3308 4780 quod
3342 4711 3408 4763 de

1827 4802 2054 4874 llugone
2083 4806 2150 4861 de
2202 4804 2579 4867 Calvomontc,
2630 4814 2684 4859 et
2733 4804 3018 4857 llamerico
3062 4803 3128 4857 de
3169 4804 3410 4857 Gut-rone

1826 4897 2020 4967 legitur
2051 4900 2104 4954 iu
2137 4899 2376 4955 Historia
2410 4900 2682 4954 Ambasia:
2724 4908 2867 4953 tonio
2900 4896 2946 4951 Χ
2991 4894 3285 4965 Spicilegii,
3316 4894 3409 4965 qui

1826 4990 1899 5043 ibi
1962 4989 2216 5045 dicuntur
2275 4991 2334 5045 in
2394 4990 2609 5045 ecclesia
2677 4990 2813 5043 beati
2878 4986 3099 5041 Martini
3156 4986 3409 5056 Majoris-

1826 5080 2143 5137 Monasterii
2170 5084 2223 5137 in
2259 5083 2535 5153 prtrsenzia
2563 5097 2734 5151 parte,
2764 5080 2943 5133 multis
2983 5080 3079 5132 sibi
3119 5078 3405 5148 odjunctis,

1825 5175 2049 5229 vestibus
2072 5176 2435 5245 superanticzis
2457 5183 2652 5228 sancto:
2668 5172 2838 5225 crucis
2852 5170 3096 5226 vexillum
3120 5171 3327 5224 consuis
3356 5187 3403 5223 e.

1897 5266 2183 5331 Postridie,
2236 5282 2331 5322 seu
2374 5280 2426 5320 vt
2455 5265 2577 5319 ldus
2614 5263 2813 5329 Martii,
2855 5263 3096 5333 pontifex
3124 5278 3245 5317 cum
3284 5262 3408 5315 aliis

1827 5360 2099 5432 episcopis
2156 5369 2210 5413 et
2260 5355 2629 5413 cardinaiibus
2682 5355 2942 5426 majorem
2992 5353 3229 5422 ejusdem
3287 5368 3405 5407 rno-

1828 5451 2049 5505 nasterii
2100 5448 2380 5503 basilicam
2427 5444 2744 5500 solenntiter
2786 5444 3074 5506 dedicavit,
3107 5452 3163 5497 et
3203 5443 3290 5497 die
3322 5458 3407 5496 se-

1829 5542 2017 5611 quenti
2065 5538 2343 5594 benedixit
2389 5535 2785 5590 cmmeterium.
2836 5535 2985 5602 Quas
3035 5532 3406 5595 caeremonias,

1832 5631 2017 5687 relatis
2069 5644 2257 5683 eorum
2314 5626 2627 5697 pontificum
2682 5626 2773 5696 qui
2837 5631 3122 5694 presentes
3178 5622 3404 5676 aderant

1830 5721 2161 5786 nominibus,
2214 5719 2430 5790 egregie
2486 5718 2773 5789 descripsit
2823 5727 2980 5770 vetus
3027 5724 3218 5769 auctor
3265 5712 3407 5780 apud

1830 5813 2162 5879 Bochcllum,
2195 5812 2351 5881 cujus
2388 5825 2457 5892 ca
2482 5810 2549 5867 de
2577 5824 2635 5867 re
2664 5805 2980 5878 opusculum
3018 5804 3074 5862 in
3098 5803 3408 5873 Appendice
