3892 6320
579 367 681 426 190

574 483 852 548 integrum
883 475 1082 530 referre
1109 473 1281 528 visum
1310 481 1414 536 est,
1450 469 1629 525 addita
1662 468 1829 522 veteri
1862 468 2051 521 notitia
2085 467 2148 520 de

579 566 1038 637 aliquotjuribus,
1065 579 1184 634 quin
1218 578 1280 616 ea
1329 560 1618 615 occasione
1661 557 1814 628 llugo
1866 558 1930 611 de
1960 556 2143 611 Calvo-

580 667 762 712 monte
793 671 956 725 supra
987 654 1236 708 laudatus
1268 650 1604 704 monasterio
1643 649 1826 704 cessit.
1857 647 2152 702 Cclebrita-

581 757 689 801 tem
723 761 850 799 vero
879 744 994 810 ejus
1022 741 1380 797 dedicationis
1411 748 1684 794 testantur
1724 739 1872 792 varia
1913 737 2151 807 ejusdem

580 837 678 891 loci
706 837 1088 898 instrumenta,
1114 847 1235 901 qua:
1263 833 1330 886 ab
1377 846 1521 885 anno
1551 845 1658 899 quo
1701 829 1840 882 facta
1869 827 1990 892 fuit,
2029 829 2153 880 data

577 927 850 980 dicuntur.
900 922 1103 976 Ferunt
1134 932 1262 975 tunc
1289 919 1598 989 pontiﬁcem
1628 919 1681 972 in
1711 917 1948 984 capitulo
1972 931 2154 969 mona-

578 1018 803 1070 chorum
840 1016 1144 1084 ingressum
1183 1028 1304 1066 cum
1335 1013 1401 1065 iis
1432 1012 1653 1075 sedisse,
1687 1023 1753 1064 ac
1801 1009 1936 1063 facta
1960 1009 2155 1063 exhor-

581 1108 808 1169 talione,
836 1107 1026 1160 iisdem
1059 1104 1451 1160 absolutionem
1480 1119 1577 1174 pro
1600 1118 1750 1158 more
1779 1101 1992 1155 illorum
2026 1110 2159 1154 tem-

578 1214 770 1268 porum
802 1196 1151 1266 impertiisse.

651 1290 783 1345 Cum
819 1290 999 1357 itaque
1035 1303 1130 1356 per
1170 1287 1284 1342 dies
1305 1295 1508 1356 septem
1538 1295 1591 1340 et
1628 1283 1875 1353 amplius,
1910 1281 2160 1336 Urbanus

583 1382 893 1449 frequenter
917 1379 1058 1432 beati
1095 1377 1306 1431 Martini
1348 1378 1634 1432 ecclesiam
1679 1376 1968 1435 invisisset,
2009 1374 2094 1427 die
2122 1389 2156 1426 ιι

582 1471 707 1524 ldus
762 1470 938 1523 Martii
986 1471 1038 1524 in
1107 1470 1223 1538 ejus
1277 1460 1489 1523 castello
1539 1468 1776 1522 existens
1835 1476 2158 1534 prwceptum

587 1561 754 1619 dedit,
781 1575 887 1629 quo
923 1559 1114 1612 modus
1146 1559 1197 1612 in
1229 1575 1347 1613 eam
1380 1559 1657 1613 basilicam
1690 1558 2158 1627 suscipiendorum

582 1651 890 1716 aposmliea:
939 1650 1081 1703 sedis
1135 1649 1434 1718 legatorum
1485 1649 1808 1712 ordinatur;
1849 1656 1902 1702 et
1947 1648 2070 1716 quia
2105 1648 2156 1700 in

587 1744 910 1810 quihusdam
960 1741 1199 1806 ejusdem
1227 1741 1479 1796 Ecclesia:
1511 1741 1802 1811 privilegiis
1845 1755 2158 1795 concessum

589 1833 706 1899 ejus
766 1831 1042 1886 canonicis
1091 1840 1208 1885 erat
1258 1832 1526 1900 proprium
1594 1830 1783 1883 habere
1843 1831 2158 1899 episcopum,

588 1925 821 1977 saneivit
876 1921 1141 1984 Urbanus,
1193 1931 1251 1975 ut
1301 1923 1415 1991 ejus
1472 1923 1579 1975 rice
1627 1921 1880 1990 deinceps
1931 1920 2163 1974 Romano

580 2013 879 2082 specialiter
925 2012 1251 2064 adlia'rerent
1305 2011 1540 2080 pontiﬁci
1582 2020 1628 2064 et
1671 2012 1932 2080 graviores
1986 2024 2164 2062 eorum

581 2122 755 2158 causa!
785 2104 898 2172 ejus
930 2103 1204 2171 penderent
1229 2101 1459 2170 judicio.
1506 2102 1684 2170 Atque
1729 2103 1830 2156 hac
1877 2101 2164 2156 occasione

584 2196 674 2248 hic
709 2195 910 2248 referre
935 2194 1085 2260 juvat
1117 2193 1260 2260 quod
1288 2193 1340 2245 in
1372 2192 1544 2247 veteri
1577 2207 1679 2246 ins.
1712 2193 1833 2246 eod.
1869 2192 2066 2262 legitur
2096 2192 2164 2246 de

581 2284 796 2338 catenis
848 2282 1080 2347 ferreis,
1144 2298 1263 2351 qua:
1322 2283 1589 2351 hodieque
1637 2291 1868 2352 quatuor
1933 2282 2165 2350 majores

585 2377 865 2430 columnas
901 2375 1050 2428 chori
1089 2371 1204 2440 ejus
1233 2373 1474 2427 basilica:
1512 2388 1677 2442 prope
1720 2371 1979 2427 fornicem
2012 2372 2165 2427 colli-

583 2482 714 2536 gare
765 2465 1187 2532 conspiciuntur.
1241 2464 1332 2518 Sic
1378 2465 1540 2518 habet
1590 2482 1602 2517 :
1646 2463 1890 2516 Urbanus
1937 2481 2071 2532 pupa
2101 2461 2164 2518 ΙΙ

583 2560 636 2612 in
665 2558 870 2628 signum
923 2556 1129 2609 unionis
1187 2556 1413 2623 episcopi
1471 2555 1668 2624 proprii
1715 2555 1871 2623 hujus
1916 2555 2165 2609 Ecclesia!

585 2647 822 2701 Romano
863 2644 1098 2715 pontiﬁci
1129 2657 1176 2696 et
1205 2643 1453 2700 Ecclesia:
1483 2645 1750 2708 Romanun
1781 2658 2010 2715 quatuor
2031 2663 2165 2716 prte-

585 2738 766 2806 cipuas
797 2739 942 2791 chori
967 2737 1198 2806 ejusdem
1231 2735 1480 2790 Ecclesiw
1500 2737 1770 2791 columnas
1811 2739 2008 2792 catenis
2036 2755 2166 2806 qua-

583 2836 706 2879 tuor
758 2828 940 2896 ferreis
1002 2828 1138 2896 cingi
1191 2827 1373 2896 jussit.
1438 2827 1493 2880 In
1543 2827 1816 2882 Chronico
1864 2825 2163 2882 Turonensi

584 2916 786 2970 dicitur
819 2917 957 2970 idem
993 2915 1232 2985 pontifex
1259 2934 1351 2986 per
1386 2917 1494 2971 dies
1521 2929 1710 2986 septem
1739 2929 1786 2971 et
1822 2936 1881 2972 eo
1908 2918 2162 2985 amplius,

587 3015 645 3058 ut
667 3005 779 3072 jam
811 3006 1062 3068 diximus,
1099 3005 1348 3059 invisisse
1382 3007 1553 3060 sancti
1587 3007 1801 3061 Martini
1831 3010 2161 3077 sepulcrum,

588 3109 653 3149 ac
697 3106 945 3165 receptus
1005 3095 1244 3164 quotidie
1299 3095 1610 3150 solemniter
1673 3096 1840 3152 fuisse
1892 3099 1944 3152 in
2007 3107 2162 3168 porta

587 3187 908 3240 thesaurarii
934 3203 962 3239 a
991 3187 1136 3241 clero
1163 3187 1402 3257 ejusJeni
1436 3189 1700 3243 ecclesiae.

585 3299 778 3354 CCL".
804 3299 1091 3354 Concilium
1126 3299 1438 3352 Turonense.
1471 3299 1498 3352 1
1505 3300 1553 3352 bi
1579 3301 1850 3354 ordinatus
1877 3300 2162 3354 Marbodus

660 3371 980 3423 ﬂedonensis
1027 3371 1318 3438 episcopus.
1367 3371 1814 3436 (ilannuj’oliensis
1864 3373 2164 3423 monasterii

655 3440 713 3493 S.
749 3441 924 3492 Mauri
951 3451 1226 3492 restitutio.
1260 3438 1620 3492 Corium-icitur
1653 3441 1714 3493 S.
1743 3441 1974 3492 Martino
2001 3456 2164 3492 asser-

559 3517 562 3520 ’
652 3522 784 3562 tum.
836 3510 1062 3573 Quinam
1093 3509 1312 3562 concilio
1362 3510 1717 3576 interfuerint.
1753 3509 2022 3562 l’rimatus
2052 3509 2164 3562 Lu-

653 3581 932 3648 gdunensis
970 3579 1189 3646 episcopi
1236 3581 1600 3646 con/ii'imitus.
1642 3583 1719 3632 An
1756 3579 2028 3647 Philippus
2075 3596 2165 3632 res:

656 3647 724 3718 ibi
760 3648 1049 3700 absolutus.
1087 3647 1217 3718 (£910
1263 3651 1766 3718 esti-omniunicntus.
1820 3649 2162 3718 l’rivilcgium

659 3717 1036 3770 Bainsonense.
1084 3716 1419 3784 l‘riritegiunt
1465 3716 1872 3771 Tetrorchiense.
1929 3716 2030 3770 Lis
2069 3719 2166 3771 Τε-

658 3787 1006 3856 trorcliienscs
1038 3786 1174 3856 inter
1203 3796 1248 3836 et
1281 3789 1556 3838 canonicos
1597 3789 1987 3856 zlnrtegavenses
2023 3805 2164 3841 com-

659 3855 846 3928 positu.
917 3854 1359 3928 liotu:__fundatio
1433 3854 1763 3922 con/innata;
1826 3856 2162 3928 I’ririlegium

659 3925 717 3977 δ.
761 3921 1012 3976 Vincentii
1049 3923 1220 3976 Metis.

663 4033 1010 4088 Ilebdontada
1051 4034 1319 4103 sequenti,
1366 4051 1486 4104 qua:
1523 4037 1678 4090 tertia
1707 4047 1825 4090 erat
1855 4038 2164 4110 Quadrage-

586 4128 760 4190 sintne,
790 4126 1030 4180 dominus
1080 4144 1236 4194 papa,
1284 4139 1342 4181 ut
1369 4129 1530 4182 habet
1562 4128 1864 4195 Bertoldus,
1904 4135 2164 4201 synodum

585 4220 863 4273 celebravit
889 4235 1004 4270 cum
1033 4220 1354 4272 diversarum
1397 4223 1645 4289 episcOpis
1691 4224 2076 4291 provinciarum
2109 4226 2165 4278 in

586 4318 792 4370 civitate
835 4314 1146 4378 Turonensi,
1181 4316 1269 4368 ubi
1301 4319 1489 4370 iterum
1528 4335 1741 4372 suorum
1781 4321 2162 4389 praeteritorum

583 4419 783 4461 statuta
809 4407 1150 4459 conciliorum
1177 4407 1432 4476 generalis
1469 4411 1654 4478 synodi
1683 4413 1980 4467 assensione
2007 4413 2160 4466 robo-

585 4502 738 4553 ravit.
787 4500 929 4552 Idem
963 4499 1125 4552 habet
1157 4500 1448 4556 Orderieus
1502 4504 1696 4558 Vitalis
1746 4507 1900 4560 initio
1947 4507 2066 4560 libri
2107 4523 2161 4560 Ix

584 4591 728 4660 quod
765 4591 1053 4644 concilium
1108 4592 1160 4642 in
1194 4594 1506 4646 monasterio
1549 4594 1732 4648 Sancti
1768 4595 1987 4650 Martini
2017 4597 2158 4650 cele-

587 4682 798 4734 brutum
826 4680 991 4733 fuisse
1019 4677 1248 4731 allirmat
1268 4691 1458 4735 auctor
1481 4681 1732 4737 Chronici
1769 4684 2156 4740 Malleacensis.

587 4775 666 4826 An
702 4781 881 4826 autem
907 4771 1028 4824 novi
1063 4771 1204 4826 ineo
1228 4787 1463 4826 canones
1500 4775 1702 4829 conditi
1735 4775 1952 4841 fuerint,
1985 4777 2161 4831 incer-

586 4873 722 4927 tum,
759 4878 881 4916 enm
926 4877 1187 4931 nusquam
1237 4862 1327 4915 nlli
1373 4865 1740 4932 inveniantur;
1791 4877 1940 4923 eteo
1981 4869 2162 4923 animo

583 4953 922 5021 potissimum
961 4968 992 5007 a
1021 4953 1278 5023 pontiﬁce
1315 4954 1647 5011 celebratum
1679 4958 1842 5012 fuerit
1869 4960 2007 5014 istud
2029 4974 2160 5016 con-

583 5043 792 5107 cilium,
842 5053 900 5096 ut
926 5045 1358 5112 praecedentibus
1409 5046 1632 5115 synodis
1667 5049 1833 5102 robur
1883 5047 2157 5115 adjiceret.

586 5136 747 5189 Varia
800 5145 977 5190 tatnen
1017 5137 1069 5190 in
1120 5151 1186 5190 eo
1233 5137 1449 5205 negotia
1485 5147 1815 5206 pertractata
1862 5138 2048 5204 fuisse,
2107 5148 2162 5194 et

582 5238 776 5279 causas
802 5223 982 5278 [initas
1005 5238 1072 5278 ex
1103 5225 1376 5279 veteribus
1402 5225 1713 5280 auctoribus
1742 5236 1796 5280 et
1829 5227 2158 5282 instrumen-

607 5314 656 5368 is
683 5313 965 5367 discimus.
1011 5313 1109 5368 Ubi
1134 5315 1299 5368 etiam
1349 5313 1659 5378 Marbodus,
1687 5324 1745 5368 nt
1773 5332 1834 5370 ex
1873 5317 2160 5372 Chartario

583 5404 769 5461 Sancti
825 5403 1004 5458 Albini
1082 5404 1326 5458 referunt
1397 5405 1714 5461 Sammarth
1754 5407 1807 5462 ni
1870 5407 1920 5462 in
1987 5410 2159 5465 Gallia

586 5492 914 5557 Christiana,
947 5506 1014 5546 ex
1040 5491 1415 5564 Andegavensi
1450 5481 1840 5552 arehidiacono
1874 5499 2160 5571 episcopus

581 5580 937 5649 ltedonensis,
960 5582 1150 5638 electus
1178 5601 1210 5638 α
1237 5587 1510 5640 reverenda
1555 5604 1690 5657 papa
1723 5587 1938 5644 Urbano
1965 5594 2019 5644 in
2053 5592 2166 5646 Tu-'

577 5676 787 5732 ronensi
814 5675 1031 5732 concilio
1051 5678 1378 5732 sanctissimo
1401 5680 1538 5734 sedis
1567 5683 1864 5752 apostolictc
1887 5684 2156 5751 Ecclesite,

578 5780 840 5824 annuente
870 5770 1000 5837 Qeo,
1027 5773 1302 5827 ordinatus
1332 5783 1405 5829 est
1431 5775 1685 5843 pontifex.
1719 5776 1865 5832 idem
1893 5787 2156 5833 testantur

1884 354 1942 408 Β.
1989 351 2240 408 URBANI
2281 351 2320 406 ll
2358 351 2559 409 ΡΛΡίΕ

3679 371 3748 426 ΞΜ

2181 471 2221 524 Α
2254 468 2503 522 monachi
2537 468 2722 523 Sancti
2754 469 2954 536 Albini,
2988 471 3038 524 in
3069 472 3290 542 epistola
3321 476 3570 546 cur-yelira
3590 477 3642 530 de
3671 481 3749 547 ejus.

2258 570 2450 624 morte,
2508 578 2669 631 quam
2705 565 2932 622 dimisso
2973 568 3288 639 episcopatu
3339 573 3611 628 monachus
3652 577 3751 631 inter

2255 666 2349 706 eos
2385 651 2561 709 factus
2591 656 2754 710 subiit
2781 672 2925 710 anno
2957 659 3114 714 H23.

2327 743 2472 797 Inter
2499 745 2635 800 alias
2675 762 2802 802 vero
2828 762 3022 804 causas
3079 765 3200 819 qum
3232 751 3302 804 ihi
3345 753 3548 822 agitata!
3574 753 3752 817 fuerunt.

2257 837 2490 893 celebris
2551 840 2822 894 restitutio
2893 850 2978 896 est
3025 827 3469 900 Clannafoliensis
3516 853 3754 902 monasterii

2260 928 2318 981 S.
2357 928 2526 984 Mauri
2554 931 2605 984 in
2635 932 2922 1000 pristinam
2957 932 3283 998 libertatem,
3315 950 3473 1004 quam
3499 939 3541 992 ei
3573 940 3628 993 ab
3648 943 3757 995 annis

2259 1019 2539 1090 plusquam
2578 1023 2822 1078 ducentis
2857 1024 3212 1079 Fussalenses
3243 1029 3461 1081 abbates
3491 1030 3754 1084 ademerant.

2260 1110 2388 1178 Ejus
2445 1114 2520 1166 rei
2575 1115 3036 1170 meminitauctor
3097 1117 3354 1172 Chronici
3420 1118 3757 1187 Malleaecnsis;

2261 1201 2454 1258 Petrus
2481 1204 2748 1261 Diaconus
2785 1206 2923 1261 libro
2971 1223 3022 1261 ιν
3051 1207 3305 1263 Chronici
3349 1209 3638 1267 Casinensis
3659 1216 3762 1270 addit

2261 1295 2663 1352 Glannafolium
2727 1314 2792 1354 ea
2871 1301 3160 1356 occasione
3217 1304 3446 1374 principi
3509 1311 3762 1361 monasterio

2261 1387 2564 1453 Lasinensi,
2599 1397 2658 1442 ut
2683 1403 2899 1459 semper
2923 1401 3048 1446 ante
3074 1392 3477 1448 Fossatensium
3504 1395 3762 1451 invasionun

2267 1477 2462 1544 fuerat,
2519 1479 2686 1535 fuisse
2730 1483 3078 1549 restitutum;
3128 1484 3221 1539 sed
3271 1500 3430 1540 nemo
3459 1485 3628 1540 melius
3671 1489 3763 1543 hanc

2264 1583 2378 1622 rem
2406 1571 2654 1640 exposuit
2679 1586 2842 1641 quam
2866 1573 2979 1642 ipse
2999 1572 3252 1630 Urbanus
3277 1575 3331 1629 in
3359 1576 3557 1631 duabus
3577 1578 3702 1631 bullis
3720 1595 3761 1632 ea

2266 1662 2333 1717 de
2372 1678 2431 1717 re
2457 1663 2600 1718 datis
2632 1681 2646 1718 :
2677 1664 2849 1734 prima
2879 1664 3120 1720 Gerardo
3147 1681 3286 1721 novo
3318 1667 3496 1723 abbati
3544 1669 3628 1722 illSt
3643 1670 3764 1738 r'pla;

2265 1754 2434 1808 altera
2498 1754 2776 1812 Orilcrisio
2829 1756 3013 1811 abbati
3069 1757 3377 1817 Casinensi.
3435 1760 3517 1813 cui
3568 1761 3767 1813 restitutio

2195 1838 2238 1892 Β
2263 1843 2406 1899 facta
2447 1844 2565 1898 fuit.
2606 1843 2662 1898 In
2693 1847 2776 1900 his
2802 1846 2961 1901 bullis
2989 1847 3346 1916 quadraginta
3373 1859 3596 1916 quatuor
3618 1848 3768 1906 Panes.

2265 1935 2664 2003 archiepiscopi
2706 1935 2938 1999 scilicet,
2973 1935 3231 2005 episcopi,
3268 1945 3324 1991 et
3369 1937 3582 1990 abbates
3605 1938 3770 1990 concito

2265 2023 2564 2080 Turonensi
2632 2024 2944 2081 interfuisse
3013 2026 3310 2088 dicuntur,
3365 2027 3555 2095 quibus
3599 2027 3654 2080 de
3707 2028 3770 2079 hoc

2264 2118 2478 2188 negotio
2509 2117 2712 2188 aliquid
2747 2118 2952 2188 absque
2979 2129 3234 2174 accurato
3269 2120 3521 2174 examine
3553 2129 3604 2174 et
3629 2119 3771 2172 delibo

2264 2211 2472 2264 ratione
2521 2219 2730 2264 matura
2768 2211 3143 2280 pronuntiare,
3200 2212 3379 2266 fuerat
3438 2211 3640 2281 religio;
3677 2213 3770 2264 unde.

2262 2317 2388 2356 cum
2432 2312 2618 2371 postea
2678 2303 3083 2358 Fossatensium
3125 2305 3475 2374 instigatione
3511 2316 3676 2360 contra
3709 2305 3773 2357 hoc

2257 2391 2525 2461 judicium
2562 2393 2652 2448 lvo
2681 2393 3038 2450 Carnotensis
3084 2395 3312 2464 epistola
3376 2395 3480 2450 159
3530 2394 3774 2449 Paschalein

2264 2485 2574 2554 pontiticem
2626 2486 3043 2554 interpellasset,
3096 2487 3230 2541 nihil
3285 2488 3462 2557 potuit
3491 2476 3714 2550 obtinere,
3743 2497 3775 2539 ei

2263 2573 2735 2631 Glannat‘olienses
2763 2576 3020 2646 deinceps
3044 2591 3073 2631 a
3107 2577 3517 2632 Fossatensium
3537 2579 3648 2647 jugo
3672 2576 3775 2629 liberi

2266 2650 2435 2721 luere.
2473 2666 2682 2736 Corpus
2737 2676 2917 2722 tamen
2969 2669 3142 2724 sancti
3198 2669 3374 2724 Mauri
3431 2671 3484 2724 in
3535 2668 3774 2724 Fossatensi

2268 2760 2602 2814 monasterio
2646 2769 2919 2814 retentum
2949 2769 3054 2826 est,
3088 2761 3230 2831 quod
3267 2762 3398 2816 inde
3434 2764 3624 2816 sensim
3658 2759 3776 2813 sancti

2267 2849 2434 2904 Mauri
2463 2865 2660 2907 nomen
2689 2852 2918 2921 accepit,
2953 2851 3220 2920 hodieque
3250 2852 3473 2916 retinet,
3500 2852 3684 2906 duabus
3701 2849 3771 2902 eir-

2267 2941 2405 2994 citer
2433 2939 2600 2996 Ieueis
2637 2957 2666 2995 a
2693 2941 3028 2997 Parisiorum
3075 2943 3207 2998 urbe
3248 2942 3527 3008 dissitum,
3565 2942 3776 2997 monadiis

2267 3030 2319 3082 in
2347 3037 2638 3085 canonicos
2668 3031 2968 3086 conversis.

2338 3121 2532 3175 Actum
2585 3123 2752 3176 etiam
2805 3123 2906 3176 l'nit
2956 3123 3009 3176 in
3063 3122 3272 3194 synodo
3315 3123 3410 3177 illa
3445 3121 3708 3178 Turonensi
3740 3122 3779 3172 de

2191 3179 2237 3240 C
2268 3212 2670 3269 Cormaricensi
2720 3215 3092 3280 monasterio,
3157 3215 3300 3285 quod
3359 3215 3553 3284 injuste
3597 3230 3621 3268 a
3663 3212 3779 3267 sancti

2268 3303 2483 3358 Martini
2525 3305 2861 3374 suhjectione
2901 3306 3148 3360 avulsum
3193 3306 3414 3371 fuerat;
3469 3321 3624 3376 quare
3663 3313 3780 3356 statu-

2271 3404 2382 3448 tum
2407 3405 2510 3460 est,
2546 3406 2604 3449 ut
2629 3397 2678 3450 ei
2705 3397 3103 3460 restitueretur,
3133 3405 3188 3451 et
3211 3406 3269 3450 ut
3293 3397 3572 3466 deinceps,
3594 3393 3781 3450 defuncto

2271 3484 2470 3539 abbate
2525 3485 2954 3550 Cormaricensi,
3003 3485 3120 3554 ejus
3174 3485 3406 3541 baculus
3461 3501 3613 3556 supra
3660 3481 3780 3537 sancti

2267 3573 2482 3628 Martini
2516 3575 2822 3644 sepulcrum
2868 3578 3245 3646 deponeretur,
3279 3593 3446 3647 quem
3479 3577 3659 3632 exinde
3690 3589 3783 3627 coru-

2267 3672 2413 3726 muni
2444 3673 2627 3726 decani
2650 3683 2696 3726 et
2727 3673 2944 3740 capituli
2966 3674 3147 3743 jussu,
3169 3674 3260 3743 qui
3290 3690 3582 3729 successor
3606 3671 3783 3740 legitime

2270 3764 2482 3818 elccuts
2510 3764 2672 3818 fuerit
2704 3765 2993 3834 reciperet,
3027 3774 3319 3834 antequatn
3346 3767 3421 3821 ab
3449 3763 3784 3832 archiepiscopo

2269 3856 2570 3910 Turonensi
2597 3857 2647 3910 in
2673 3857 2921 3911 abbatem
2944 3857 3227 3910 secundum
3249 3873 3576 3910 communem
3603 3851 3784 3908 Ecclesia

2270 3949 2700 4001 consuetudinem
2750 3947 3184 4009 benediceretnr.
3226 3945 3353 4002 llaec
3392 3947 3562 4002 fusius
3587 3945 3781 4001 habent“!

2269 4039 2322 4091 in
2357 4039 2497 4092 hulla
2529 4038 2754 4103 Urbani,
2789 4054 2853 4094 ea
2883 4039 2948 4092 de
2981 4054 3037 4092 re
3061 4049 3180 4108 post
3209 4039 3420 4107 aliquot
3464 4041 3576 4093 dies
3613 4032 3786 4090 Pietatis

2267 4130 2414 4193 data,
2451 4145 2519 4183 ex
2549 4145 2653 4198 qua
2687 4131 2826 4184 sicut
2847 4139 2901 4184 et
2924 4145 2988 4184 ex
3013 4131 3180 4184 veteri
3224 4131 3588 4185 instrumento
3620 4127 3783 4180 dedica-

2270 4223 2433 4276 tionis
2470 4222 2714 4276 ecclesia:
2742 4221 3326 4292 lilajoris-Momtsterii,
3358 4224 3504 4291 quod
3534 4233 3678 4289 supra
3704 4216 3783 4266 lau-

2267 4313 2534 4376 davimus,
2564 4313 2830 4368 habentur
2871 4315 3089 4368 nomina
3115 4314 3324 4386 aliquot
3351 4318 3704 4386 episcoporum
3725 4304 3785 4374 qui

2271 4405 2399 4459 huic
2430 4406 2658 4460 concilio
2681 4405 2992 4460 interfuere.
3023 4406 3089 4460 At
3111 4421 3208 4461 nec
3239 4407 3332 4471 ibi,
3361 4424 3466 4462 nec
3488 4409 3540 4462 in
3576 4406 3669 4459 alio
3690 4413 3784 4469 quo-

2195 4526 2238 4580 Ι)
2271 4498 2415 4566 piam
2441 4498 2609 4552 veteri
2653 4508 3004 4552 monumento
3030 4499 3269 4567 reperire
3299 4499 3452 4554 licuit
3484 4513 3662 4553 nomen
3701 4493 3786 4544 Βέτο

2268 4588 2424 4643 nardi
2459 4589 2700 4644 Toletani
2732 4589 3145 4659 archiepiscopi,
3175 4605 3334 4660 quem
3385 4601 3562 4644 tamen
3591 4591 3651 4643 ad
3690 4587 3788 4640 hanc

2268 4679 2540 4748 synodum
2590 4679 2802 4742 venisse
2846 4679 3087 4733 nonnulli
3139 4680 3473 4735 recentiores
3524 4679 3706 4732 volunt.
3747 4672 3787 4722 lat

2269 4771 2487 4838 quidem
2515 4769 2762 4825 interluit
2793 4785 2980 4828 mense
3007 4770 3168 4826 .Innio
3213 4772 3467 4840 sequenti
3517 4760 3787 4826 dedieatioui

2263 4860 2506 4914 ecclesiae
2550 4861 2733 4916 Sancti
2774 4860 3051 4916 Saturnini
3091 4861 3231 4929 apud
3274 4861 3548 4923 Tolosam,
3578 4865 3789 4912 etmeusc

2265 4951 2408 5008 Julio
2448 4953 2682 5008 concilio
2731 4953 3105 5016 Nemausensi,
3154 4953 3228 5008 uti
3253 4953 3364 5007 suis
3410 4951 3544 5007 locis
3578 4951 3787 5004 dicemus.

2266 5043 2427 5099 Certe
2465 5059 2590 5098 cum
2629 5043 2771 5097 nulla
2812 5043 3120 5099 habeantur
3163 5045 3279 5112 ejus
3311 5043 3527 5099 concilii
3571 5049 3716 5111 gesta.
3739 5031 3788 5084 nil

2265 5135 2462 5188 mirum
2513 5135 2556 5189 si
2598 5133 2981 5204 plerorumque
3028 5149 3217 5188 eorum
3264 5134 3485 5189 nomina
3534 5136 3802 5210 ignoremus

2263 5223 2354 5292 qui
2383 5224 2489 5278 huc
2525 5237 2854 5288 convenere,
2884 5223 2974 5292 qui
3011 5224 3157 5278 enim
3183 5225 3293 5277 noti
3324 5232 3468 5287 sunt,
3502 5221 3553 5275 id
3588 5231 3717 5278 casu.
3749 5220 3785 5261 υ¹

2265 5313 2558 5384 plurimum
2602 5313 2808 5368 factum
2837 5323 2942 5369 est.
2985 5314 3077 5368 Sic
3115 5313 3469 5368 Benedictum
3517 5309 3785 5364 Namnetcn-

2261 5420 2376 5461 sem
2426 5405 2748 5469 antistitem,
2780 5477 2782 5482 Ι
2813 5417 2868 5460 et
2936 5403 3274 5475 liayualdum
3322 5403 3568 5458 abbatem
3640 5387 3784 5448 Sancti

2260 5497 2518 5568 Cypriani
2551 5507 2678 5552 tunc
2708 5497 2944 5552 Turonis
2970 5497 3248 5552 exstitisse
3285 5495 3541 5550 discimus
3567 5487 3717 5546 80lutn
3739 5492 3784 5532 cl

2261 5589 2377 5658 cjns
2402 5591 2638 5661 episcopi
2671 5591 2962 5645 donatione
2986 5599 3097 5644 ttnn
3136 5588 3279 5643 facta
3319 5588 3517 5642 Sancto
3546 5577 3783 5652 Cyprium.

2259 5683 2414 5754 cujus
2443 5683 2753 5738 donationis
2781 5683 3032 5738 notitiam
3063 5683 3118 5736 in
3145 5679 3451 5751 Appendice
3478 5675 3719 5732 dabimus.

2330 5777 2531 5830 Eodem
2585 5776 2742 5830 nzodo
2785 5790 2850 5830 ex
2884 5775 3024 5831 bulla
3076 5772 3300 5840 Urbani,
3351 5784 3468 5842 qua:
3513 5768 3562 5822 in
3600 5757 3783 5833 gratiam
