3892 6320
120 345 229 399 20]

1688 362 1861 417 VITA.

3280 385 3386 440 202

120 460 368 531 Hugonis
400 460 777 532 Lugdunensis
818 467 1053 541 episcopi
1097 487 1239 526 anno
1271 472 1407 527 -1099
1433 473 1554 527 data
1599 484 1702 539 est,
1735 481 1780 539 Α
1812 475 1951 544 apud
1980 478 2298 550 Anuegavos
2326 484 2617 553 approbata
2656 485 2850 545 fuerat.
2879 491 2994 558 Qua
3030 496 3243 563 quidem
3275 499 3386 555 die.

116 553 280 605 nobis
306 552 473 622 liquet
510 556 655 612 hunc
685 560 983 615 antistitem
1021 563 1269 632 querelas
1299 564 1365 618 ad
1402 565 1543 620 istud
1570 581 1703 619 con-

114 638 310 693 cilium
350 641 546 696 iterum
584 644 843 702 detulisse
886 649 1141 705 adversus
1184 651 1494 709 Richerium
1537 655 1705 711 Seno-

114 745 347 786 nensem
372 732 871 804 metropolitanum,
908 740 1125 796 decreto
1143 744 1208 799 de
1236 744 1469 814 primatu
1496 745 1706 817 Lugdu-

112 822 274 877 nensi
318 823 370 879 in
403 841 555 880 suam
582 827 881 883 Ecclesiam
907 832 1129 888 obedire
1151 834 1331 891 adhuc
1353 836 1700 893 detrectanti.

186 914 260 968 At
307 913 630 974 fallunturii
671 921 762 991 qui
803 921 956 977 aiunt
1000 920 1307 997 Philippum
1337 944 1516 1000 regem
1549 945 1613 985 eo
1646 931 1700 986 in

111 1010 352 1066 concilio
405 1011 474 1067 ab
531 1016 1097 1073 excommunicatione
1163 1020 1467 1076 absolutum
1514 1020 1699 1088 fuisse,

114 1119 247 1158 cum
274 1084 486 1158 certum
515 1107 585 1161 sit
604 1121 666 1161 ex
694 1108 859 1178 ipsius
883 1108 1084 1165 Urbani
1109 1112 1336 1182 epistola
1359 1129 1517 1184 quam
1542 1114 1699 1183 paulo

109 1204 238 1263 post
260 1196 331 1249 ad
361 1195 609 1253 Francia:
646 1201 932 1272 episcopos
970 1205 1317 1276 conscripsit,
1351 1207 1401 1261 id
1433 1216 1560 1263 tunc
1583 1218 1701 1264 ten-

111 1297 232 1343 tare
256 1290 477 1358 quidem
520 1291 755 1349 voluisse
802 1294 1007 1364 aliquot
1051 1295 1366 1353 Gallicanos
1392 1300 1695 1370 episcopos,

110 1378 205 1431 sed
237 1378 321 1431 eis
343 1394 466 1433 cum
497 1382 756 1449 pontifice
786 1386 1053 1440 restitisse
1074 1387 1232 1458 hujus
1257 1389 1446 1458 synodi
1483 1389 1691 1445 Patres.

108 1467 444 1523 Conﬁrmata
471 1472 634 1525 etiam
686 1471 757 1528 ibi
800 1473 901 1529 fuit
940 1479 1429 1534 excommunicatio
1463 1480 1690 1552 jampri-

109 1560 229 1614 dem
255 1560 361 1614 lata
396 1562 448 1615 in
475 1560 733 1619 Eblonem
763 1566 1068 1622 invasorem
1094 1569 1336 1624 ecclesia:
1360 1571 1414 1626 S.
1442 1570 1689 1643 Gregorii

110 1648 305 1704 insula:
354 1649 627 1719 Oleronis,
659 1668 779 1723 quae
820 1656 886 1710 ad
932 1656 1364 1715 Vindocinenses
1396 1665 1691 1719 monachos

112 1742 451 1810 pertinebat;
493 1744 649 1815 cujus
672 1748 745 1801 rei
780 1754 970 1803 testem
1002 1750 1319 1806 adducimus
1344 1753 1687 1810 Guillelmum

1809 583 1928 637 qua:
1953 571 2021 624 ob
2053 573 2222 627 sancti
2264 574 2540 632 Benedicti
2589 580 2933 639 festivitatem
2979 590 3209 645 celebris
3247 602 3388 659 erat,

1809 667 1868 711 ut
1890 658 1943 713 iu
1967 662 2136 715 veteri
2165 663 2528 720 instrumento
2550 667 2745 738 legitur
2764 676 2906 742 apud
2922 675 3387 750 Sammarthanos,

1806 756 1861 804 et
1893 756 2037 806 tomo
2077 751 2119 806 ll
2161 753 2625 814 Miscellaneorum
2681 761 2914 831 Baluzii,
2956 768 3031 822 vir
3071 773 3389 840 apostolicus

1805 839 2131 897 devotissime
2185 846 2395 900 missam
2437 847 2747 906 celebravit.
2785 852 2897 910 Hac
2952 857 3078 913 item
3107 839 3245 931 ipsa
3298 864 3389 921 die

1800 929 2044 997 pontifex
2074 932 2410 1004 privilegium
2434 937 2669 995 Lanioni
2701 942 2879 998 abbati
2906 945 3090 1002 Sancti
3118 929 3387 1010 Vincentii

1804 1013 1945 1081 apud
1968 1014 2135 1072 Metas
2158 1020 2447 1086 concessit,
2476 1037 2596 1093 qua:
2620 1025 2693 1089 ei,
2717 1025 2940 1099 ejusque
2962 1038 3385 1105 successoribus,

1801 1112 1923 1171 post
1954 1105 2222 1162 bonorum
2265 1126 2329 1166 ac
2370 1115 2776 1181 possessionum
2827 1123 3215 1193 assertionem,
3257 1145 3388 1200 con-

1801 1192 2010 1259 ﬁrmat,
2053 1206 2115 1251 ut
2157 1199 2383 1257 absente
2420 1204 2674 1276 episcopo
2724 1207 2982 1279 Meteusi,
3023 1215 3163 1270 sicut
3201 1192 3313 1285 jam
3342 1193 3383 1275 .a

1799 1282 1912 1336 suis
1956 1289 2397 1345 antecessoribus
2438 1300 2698 1350 statutum
2744 1297 2952 1365 fuerat,
2996 1303 3162 1360 abbas
3201 1282 3387 1365 Sancti

1799 1366 2065 1428 Vincentii
2092 1376 2301 1433 l‘estivis
2331 1381 2519 1437 diebus
2544 1385 2598 1438 in
2629 1387 2925 1446 cathedrali
2971 1394 3119 1450 urbis
3153 1400 3385 1455 ecclesia

1796 1475 1918 1517 cum
1963 1465 2221 1521 sandaliis
2252 1480 2305 1523 et
2338 1471 2627 1529 dalmatica
2665 1478 2953 1535 missarum
2985 1484 3247 1541 solemnia
3290 1505 3382 1543 ce-

1795 1549 2007 1609 lebrare
2036 1557 2225 1625 possit.

1828 1661 2045 1718 CCLIll.
2094 1664 2317 1722 Concilii
2363 1669 2680 1756 Turonensis
2719 1678 2865 1745 ﬁnis.
2916 1681 3176 1741 Solemnis
3222 1705 3348 1742 oro-

2506 1760 2685 1800 cessio.

118 1831 463 1889 Pictavorum
490 1837 742 1892 comitem
774 1839 828 1893 in
864 1855 1007 1911 saepe
1047 1841 1259 1899 laudato
1304 1845 1688 1916 instrumento,
1722 1819 1767 1879 Β
1815 1915 1821 1916 ί
1868 1824 2143 1896 Ν¹¹⁸Ψ¹³¹¹¹
2178 1845 2264 1885 me
2300 1830 2497 1904 legisse
2532 1837 2752 1892 memini
2795 1855 2900 1911 qua
2945 1844 3029 1898 die
3074 1846 3379 1905 ³δ⁵⁰¹¹¹¹¹¹¹¹¹

115 1925 249 1992 quod
278 1927 551 1981 referetur
576 1944 672 1984 suo
697 1929 839 1986 loco.

186 2017 278 2072 Die
302 2030 398 2072 xm
441 2018 710 2075 Kalendas
732 2022 951 2092 Aprilis,
986 2025 1037 2080 id
1068 2034 1150 2082 est
1186 2028 1256 2083 20
1286 2029 1486 2095 Martii,
1515 2030 1692 2100 ponti-

128 2107 208 2161 ies
250 2113 559 2167 monasterii
611 2113 1019 2183 Bainsonensis,
1071 2123 1213 2189 quod
1257 2122 1399 2177 haud
1428 2122 1615 2193 procul
1661 2136 1692 2176 a

132 2199 424 2254 castellione
493 2217 658 2273 supra
718 2204 1022 2262 Matronam
1100 2210 1261 2266 situm
1303 2221 1357 2268 et
1406 2225 1691 2282 parentum

129 2304 335 2342 suorum
372 2291 714 2360 haereditate,
740 2297 823 2351 sui
861 2295 1004 2365 juris
1026 2314 1147 2355 esse
1189 2301 1351 2368 dicit,
1383 2303 1689 2362 libertatem

121 2383 371 2452 rescripto
411 2386 712 2454 apostolico
762 2390 1042 2457 asseruit;
1077 2407 1183 2461 qua
1233 2395 1397 2450 etiam
1445 2399 1560 2468 ipsa
1605 2401 1692 2455 die

116 2475 252 2528 aliud
307 2478 656 2547 privilegium
713 2484 984 2538 concessit
1048 2484 1209 2541 Petro
1275 2488 1691 2546 Trenorcbiensi

114 2566 311 2627 abbati.
346 2569 494 2637 quod
526 2580 647 2639 post
671 2572 1140 2630 conﬁrmationem
1164 2577 1284 2646 ejus
1307 2578 1410 2635 loci
1440 2590 1497 2636 et
1522 2582 1695 2637 bono-

106 2670 219 2711 rum
265 2670 331 2715 et
376 2664 783 2731 possessionum
838 2668 1035 2721 asserit
1081 2670 1258 2725 eidem
1323 2677 1687 2744 monasterio,

101 2747 243 2815 juxta
292 2752 446 2821 quod
495 2752 547 2806 in
598 2754 715 2825 ipso
760 2754 1059 2813 Turonensi
1120 2761 1349 2817 concilio
1390 2763 1689 2832 judicatuzn

104 2838 297 2907 fuerat,
330 2844 465 2898 duas
496 2845 752 2902 ecclesias
787 2847 1063 2905 Lausduni
1094 2852 1247 2918 sitas,
1276 2869 1411 2924 quas
1435 2860 1689 2916 monachi

104 2931 281 2989 Sancti
323 2932 590 2990 Florentii
616 2938 696 2992 sui
719 2936 859 3006 juris
881 2954 1002 2995 esse
1029 2946 1451 3001 contendebant.
1486 2947 1691 3003 Prmter

105 3026 237 3080 hanc
260 3026 478 3081 bullam
507 3038 684 3085 exstat
712 3047 773 3085 ca
806 3032 873 3087 de
902 3049 959 3087 re
986 3043 1140 3091 vetus
1178 3036 1600 3098 instrumentum
1635 3046 1687 3098 in

102 3118 520 3185 probationibus
577 3120 832 3179 Historia:
881 3126 1331 3187 Trenorcbiensis
1390 3147 1458 3187 ex
1516 3136 1685 3191 veteri

1800 1915 1968 1971 fuerit
1998 1918 2315 1977 Turonense
2350 1926 2662 1992 concilium,
2694 1932 2939 1997 quamvis
2972 1935 3141 2002 ipsum
3183 1938 3235 1991 in
3271 1949 3379 1992 ter-

1795 2012 1869 2064 tia
1929 2010 2363 2084 Quadragesimw
2426 2020 2751 2078 hebdomada
2821 2026 2989 2083 fuisse
3054 2032 3380 2089 celebratum

1794 2118 1983 2159 omnes
2033 2109 2397 2164 consentiant.
2438 2113 2534 2176 At,
2592 2115 2635 2168 si
2687 2132 2791 2171 non
2845 2118 3019 2186 fallor,
3069 2124 3381 2179 conclusum

1795 2194 1897 2249 l‘uit
1955 2195 2154 2254 celebri
2224 2200 2313 2255 illa
2371 2208 2717 2272 processione
2768 2224 2933 2278 quam
2986 2211 3147 2293 Fulco
3198 2230 3381 2271 comes

1793 2287 2227 2361 Andegavensis,
2286 2295 2378 2363 qui
2442 2313 2680 2367 przescns
2741 2304 2958 2367 aderat,
3014 2287 3274 2363 describit
3326 2312 3380 2366 in

1794 2374 2097 2447 fragmento
2123 2382 2371 2439 Historia:
2392 2386 2504 2456 jam
2535 2388 2772 2457 laudato,
2801 2394 2883 2448 his
2914 2398 3092 2452 verbis
3123 2416 3135 2451 :
3175 2418 3193 2450 ι
3231 2400 3381 2457 Datis

1796 2470 2089 2525 venerabili
2117 2473 2347 2528 concilio
2380 2475 2633 2546 decretis,
2661 2484 2898 2550 pontifex
2930 2488 3105 2542 media
3138 2488 3383 2557 Quadra-

1795 2556 1997 2625 gesima
2043 2572 2340 2617 coronatus
2369 2574 2471 2629 est,
2504 2576 2559 2621 et
2600 2584 2721 2624 cum
2759 2572 2985 2629 solemni
3037 2580 3382 2645 processione

1795 2648 1863 2701 ab
1910 2650 2137 2707 ecclesia
2170 2651 2355 2709 Sancti
2403 2657 2674 2726 Mauricii,
2708 2662 2819 2731 ipsa
2864 2674 2946 2719 est
2991 2669 3381 2742 archiepiscopi

1792 2740 1980 2804 sedes,
2031 2742 2099 2796 ad
2146 2744 2431 2801 ecclesiam
2479 2748 2627 2804 Beati
2678 2752 2893 2810 Martini
2947 2759 3241 2827 deductus,
3286 2740 3380 2819 ubi

1791 2830 1922 2885 mihi
1950 2830 2138 2887 ﬂorem
2170 2850 2413 2902 aureum,
2448 2856 2607 2909 quem
2648 2843 2700 2897 in
2738 2862 2897 2901 manu
2935 2852 3174 2919 gerebat,
3215 2856 3381 2910 donas

1790 2920 1890 2983 vit,
1918 2937 2078 2990 quem
2107 2940 2205 2994 ego
2238 2927 2401 2982 etiam
2431 2931 2498 2984 ob
2530 2936 2847 2990 memoriam
2880 2948 2932 2992 et
2964 2957 3205 2997 amorem
3238 2945 3379 3003 illius

1725 3018 1739 3034 ’
1792 3011 1845 3067 in
1888 3012 2136 3079 Osanna,
2194 3020 2245 3077 id
2286 3032 2367 3075 est
2417 3024 2469 3077 in
2524 3031 2872 3095 processione
2923 3033 3253 3105 Palmarum,
3300 3040 3380 3094 uti

1792 3105 2041 3175 conjicio,
2069 3124 2283 3179 semper
2323 3114 2454 3168 mihi
2501 3118 2744 3188 meisque
2786 3127 3190 3183 successoribus
3230 3130 3380 3185 deice

104 3172 1480 3282 ᾖροεωώςοἡὲξιῖξὼἆῶἒᾱίᾘῶζᾮλᾘξῖξῶθῖιῖι,
1716 3172 1759 3232 C
1791 3197 2016 3253 rendum
2047 3203 2322 3257 constitui.
2355 3204 2661 3264 Chronicon
2694 3211 3006 3272 Turonense
3038 3218 3202 3274 refert
3227 3235 3380 3277 eum-

109 3298 259 3369 hujus
283 3302 488 3372 synodi
517 3303 815 3371 decretum,
840 3307 976 3363 alias
1006 3310 1359 3383 incognitum.
1390 3314 1502 3371 Hoc
1524 3333 1687 3387 porro

102 3385 297 3446 Urbani
323 3392 593 3462 judicium
624 3396 970 3453 conﬁrmavit
995 3398 1239 3459 Calixtus
1260 3404 1302 3458 ιι
1328 3406 1379 3459 in
1407 3385 1687 3480 privilegio

100 3482 229 3548 quod
260 3498 418 3538 anno
441 3484 577 3539 “2’2
605 3485 871 3544 Frauconi
902 3491 1083 3547 abbati
1124 3494 1353 3552 indulsit
1402 3499 1472 3554 ab
1496 3502 1686 3559 eodem

98 3572 365 3630 Cbiﬂlctio
391 3576 591 3630 ibidem
619 3594 741 3649 pag.
768 3580 873 3635 409
905 3583 1129 3638 editum.

157 3664 336 3722 Litem
398 3683 519 3737 qua:
565 3669 709 3725 inter
751 3672 891 3728 idem
946 3679 1334 3734 monasterium
1384 3690 1437 3736 et
1473 3684 1682 3753 episco-

96 3774 210 3829 pum
243 3771 420 3830 atque
448 3764 741 3820 canonicos
777 3766 1021 3822 ecclesia:
1067 3772 1396 3827 cathedralis
1436 3774 1683 3847 Andcga-

95 3853 264 3907 vensis
304 3854 629 3909 vertebatur
672 3857 740 3911 de
783 3858 1105 3926 quibusdam
1149 3856 1314 3917 Doadi
1353 3866 1560 3920 castelli
1597 3882 1689 3922 ec-

97 3945 290 4011 clesiis,
329 3945 398 3999 ad
431 3949 694 4017 synodum
719 3943 1091 4007 Turonensem
1118 3953 1186 4007 ab
1214 3953 1431 4011 Urbano
1455 3958 1683 4013 delatam

98 4032 250 4089 fuisse
282 4036 549 4091 diximus.
584 4036 688 4092 Sed
728 4053 1021 4107 quemnam
1069 4042 1157 4096 illa
1196 4045 1401 4100 exitum
1439 4048 1687 4102 habuerit

97 4122 415 4179 discendum
467 4136 552 4180 est
604 4142 670 4181 ex
724 4128 914 4183 charta
967 4129 1227 4188 Gaufredi
1281 4136 1685 4207 Andegavensis

97 4214 327 4285 episcopi
365 4229 525 4284 quam
559 4216 611 4270 in
650 4216 1103 4277 Trenorcbiensis
1131 4222 1382 4280 Historiae
1410 4229 1685 4296 probatio-

99 4308 245 4363 nibus
270 4308 466 4363 videre
507 4308 650 4363 licet.
681 4311 737 4364 In
768 4327 831 4367 ea
862 4313 1049 4369 Patres
1080 4312 1326 4373 Turonos
1367 4321 1685 4377 convenisse

100 4400 352 4477 dicuntur
376 4415 561 4455 coram
593 4400 817 4473 llugone
858 4404 1225 4477 Lugdunensi,
1252 4409 1484 4467 Bodull‘o
1515 4412 1685 4468 Turo-

102 4494 274 4554 nensi,
328 4491 578 4548 Guidone
628 4494 951 4564 Viennensi,
1006 4499 1315 4557 Hildeberto
1361 4503 1683 4560 Bituricensi
1715 4514 1762 4572 ι)

102 4581 534 4652 archiepisc0pis,
562 4583 814 4641 Brunone
842 4587 1137 4659 Signiensi,
1169 4590 1358 4651 Hoello
1385 4593 1686 4652 Ceuoman~

101 4678 270 4744 nensi,
328 4677 617 4738 Guillelmo
681 4685 854 4741 electo
903 4689 1232 4748 Arvernensi
1294 4697 1558 4766 episcopis
1623 4716 1686 4755 ac

100 4764 384 4825 Adalberto
413 4780 468 4824 et
497 4771 779 4831 Thcutone
814 4780 1201 4849 cardinalihus,
1237 4784 1464 4855 aliisque
1480 4764 1685 4857 judici-

100 4850 192 4910 bus
216 4872 246 4911 a
273 4860 537 4928 pontiﬁce
573 4864 852 4935 delegatis,
879 4869 969 4923 ubi
996 4882 1115 4940 post
1142 4875 1305 4928 multa
1336 4850 1459 4932 hinc
1562 4880 1687 4937 inde

101 4945 281 5014 allata,
335 4965 460 5004 cum
504 4951 715 5020 judices
771 4963 1097 5016 sententiam
1159 4978 1340 5022 essent
1401 4970 1682 5037 prolaturi,

102 5034 278 5093 iisdem
308 5042 771 5102 intercedentibus
805 5051 1021 5121 utrique
1054 5055 1104 5108 in
1138 5057 1240 5112 hoc
1284 5063 1682 5117 concordarunt

102 5136 175 5193 ut,
199 5134 499 5189 reservatis
522 5135 1167 5213 EcclesraeAndegavensi
1205 5150 1525 5216 quibusdam
1548 5154 1688 5223 juri-

103 5214 195 5272 bus
220 5236 284 5276 ac
316 5224 589 5292 censibus,
614 5242 734 5296 qua:
766 5230 819 5284 in
849 5233 1040 5287 charta
1073 5236 1289 5292 referun
1320 5256 1404 5305 ur,
1429 5242 1683 5299 Ecclesia:

106 5306 259 5365 Doadi
291 5317 573 5373 monachis
604 5333 964 5390 remanerent,
1000 5325 1050 5378 in
1073 5329 1288 5396 quibus,
1322 5342 1439 5401 post
1462 5336 1683 5390 canoni-

107 5410 279 5453 corum
343 5404 434 5472 qui
472 5405 545 5462 ibi
586 5420 909 5478 supererant
944 5413 1173 5485 obitum,
1215 5423 1510 5479 monachos
1551 5440 1680 5495 pos-

114 5496 224 5538 sent
260 5490 609 5550 substituere.

174 5574 263 5631 Die
296 5596 369 5634 xu
392 5581 661 5641 Kalendas
686 5587 886 5659 Aprilis
912 5592 964 5647 in
992 5595 1179 5652 eodem
1213 5602 1444 5658 concilio
1482 5606 1681 5660 conﬁn-

112 5672 240 5718 mata
282 5666 383 5723 fuit
418 5670 658 5730 iundatio
698 5684 1009 5737 monasterii
1054 5685 1303 5746 Botensis
1346 5708 1513 5763 prope
1543 5694 1678 5750 Cre-

114 5751 353 5826 douium,
399 5778 550 5832 quae,
604 5776 661 5822 ut
710 5785 869 5840 supra
918 5777 1173 5847 diximus,
1200 5782 1311 5851 jam
1346 5751 1422 5840 ab
1447 5751 1678 5843 'Urbano

352 5879 617 5944 ΡΑτιιοι.
661 5886 792 5945 CLI

1787 3286 1910 3342 dem
1942 3292 2252 3359 ponliticem
2293 3294 2346 3348 in
2384 3298 2561 3352 media
2604 3300 3026 3373 Quadragesima
3066 3310 3116 3364 in
3149 3312 3377 3367 ecclesia

1788 3376 1931 3432 beati
1981 3380 2198 3436 Martini
2251 3399 2404 3439 more
2442 3387 2686 3445 Romano
2733 3408 2929 3448 corona
2970 3398 3269 3466 palmarum
3317 3417 3377 3456 se

1787 3484 2110 3537 coronasse,
2166 3475 2350 3544 ibique
2409 3479 2631 3533 missam
2685 3484 2751 3537 ad
2811 3485 2982 3542 altare
3037 3489 3373 3546 Dominicum

1788 3558 2111 3616 celebrasse.
2144 3582 2162 3615 ι
2205 3564 2283 3618 An
2315 3581 2444 3620 vero
2469 3568 2517 3620 id
2545 3573 2857 3637 prmstiterit
2883 3575 2995 3644 ipsa
3028 3576 3160 3634 feria
3184 3582 3373 3650 quinta

1788 3649 1979 3704 media:
2022 3650 2487 3723 Quailragesimm,
2539 3669 2632 3713 aut
2668 3660 2754 3717 die
2800 3670 3073 3734 sequenti,
3133 3649 3269 3742 qua,
3308 3678 3369 3730 ut

1788 3739 2043 3805 diximus,
2076 3744 2127 3797 in
2159 3744 2297 3800 festo
2327 3750 2498 3802 sancti
2532 3749 2806 3809 Benedicti
2840 3758 3060 3813 missam
3098 3739 3369 3820 devotissid

1787 3844 1869 3881 me
1897 3829 2211 3898 celebravit,
2244 3843 2338 3889 aut
2383 3847 2531 3895 certe
2571 3840 2849 3900 Dominica
2892 3846 3220 3919 insequenti,
3253 3866 3372 3924 quae

1786 3920 1961 3987 prima
1993 3938 2059 3978 eo
2095 3939 2239 3981 anno
2262 3936 2380 3982 erat
2410 3941 2531 3999 post
2560 3935 2792 3990 medium
2820 3937 3277 4012 Quadragesimae,
3313 3955 3373 4001 ut

1787 4028 1853 4066 cx
1884 4015 2079 4071 tabulis
2111 4021 2453 4087 temporariis
2479 4034 2712 4090 constat,
2743 4044 2848 4084 non
2892 4035 3113 4089 omnino
3150 4037 3315 4106 liquet
3353 4059 3369 4095 τ

1786 4104 1928 4172 quod
1956 4115 2131 4161 tamen
2156 4109 2617 4169 verisimiliusest.
2647 4115 2857 4173 Etenim
2884 4125 3156 4190 processio
3185 4104 3234 4179 in
3263 4143 3369 4195 qua

1787 4194 2027 4264 pontifex
2055 4213 2231 4254 rosam
2259 4216 2477 4256 auream
2503 4214 2715 4275 gestare
2738 4209 2895 4277 solet,
2926 4213 3025 4268 hac
3050 4214 3161 4285 ipsa
3191 4219 3371 4273 Domi-

1788 4287 1906 4342 nica
1956 4288 2145 4345 media:
2182 4291 2642 4365 Quadragesimae,
2676 4300 2729 4354 in
2777 4318 2882 4371 qua
2929 4306 3137 4361 scilicet
3166 4307 3371 4364 Lwtnre

1786 4378 2043 4445 canitur,
2088 4381 2203 4437 ﬁeri
2262 4387 2543 4441 consuevit
2603 4391 2768 4447 etiam
2822 4396 3152 4467 antiquitus.
3197 4411 3256 4454 ut
3305 4398 3370 4455 ex

1788 4472 2063 4526 veteribus
2101 4475 2383 4532 ordinibus
2427 4477 2709 4550 Romanis,
2749 4500 2777 4538 a
2811 4483 3118 4545 Mabillonio
3155 4490 3299 4547 torno
3329 4494 3370 4547 ll

1792 4561 1969 4617 Musaei
2001 4564 2171 4620 Italici
2203 4568 2387 4633 editis,
2420 4580 2473 4625 et
2504 4587 2570 4627 ex
2599 4573 2874 4631 Glossario
2898 4580 3193 4652 Cangiano,
3225 4586 3370 4640 aliis-

1789 4668 1892 4722 que
1921 4657 2119 4727 passim
2158 4661 2468 4718 auctoribus
2495 4676 2657 4733 patet.

1787 4744 2005 4800 CCLIV.
2042 4744 2376 4835 erit'ilcgi'um
2398 4752 2647 4835 Corbeite.
2676 4758 2919 4835 Episcopi
2943 4761 3365 4835 §trasburgeusis

1860 4818 2248 4900 reconcilinzs'o.’
2268 4820 2504 4900 [ipistplq
2534 4827 2603 4879 ad
2634 4818 2897 4900 episcopos
2930 4818 3367 4894 Franciwaon-

1858 4886 1964 4940 cilii
1993 4886 2324 4944 Arelatensis
2330 4892 2613 4961 judicium.

1856 4976 2015 5033 Feria
2041 4981 2196 5034 tertia
2221 4986 2493 5053 sequenti,
2517 5004 2613 5044 Vill
2637 4992 2840 5047 scilicet
2857 4992 3123 5053 Kalendas
3144 5000 3364 5071 Aprilis,

1787 5082 1907 5137 qua:
1931 5068 2046 5125 dies
2070 5071 2139 5125 ob
2167 5071 2611 5134 Annuntiationis
2652 5080 2944 5140 Dominica:
2981 5068 3366 5150 festum—cele-

1786 5159 1898 5213 bris
1947 5170 2067 5224 est,
2120 5161 2370 5221 Urbanus
2420 5169 2595 5226 adhuc
2648 5175 2788 5242 apud
2834 5176 3078 5236 Turonos
3128 5184 3369 5243 existens

1784 5251 2123 5322 privilegium
2159 5259 2430 5313 concessit
2458 5259 2678 5318 Nicolao
2708 5265 2887 5322 abbati
2919 5270 3218 5341 Corbeinsi,
3259 5294 3367 5349 quo

1786 5343 2015 5413 insignia
2043 5346 2159 5416 ejus
2193 5348 2299 5403 loci
2335 5349 2457 5420 jura
2494 5362 2554 5407 et
2588 5363 2973 5429 prmrogativas
3000 5366 3364 5426 conﬁrmavit.

1783 5432 1944 5488 Forte
1982 5436 2053 5489 ibi
2084 5437 2259 5493 adhuc
2300 5450 2419 5497 erat
2452 5447 2716 5514 pontifex,
2762 5467 2881 5507 cum
2924 5470 3026 5511 non
3058 5460 3221 5515 multo
3248 5473 3367 5533 post

1785 5524 2060 5579 concilium
2094 5526 2412 5599 Turonense,
2446 5536 2522 5589 uti
2546 5538 2704 5595 habet
2734 5541 3035 5613 Bertoldus,
3066 5524 3363 5623 episcopum

1786 5614 2241 5687 Strasburgensem
2281 5623 2345 5677 de
2382 5635 2915 5691 excommunicatione
2955 5641 3361 5713 resipiscentem,

1783 5710 1968 5773 recepit
1995 5710 2049 5762 in
2068 5716 2503 5784 communionem,
2530 5723 2605 5777 ita
2635 5734 2805 5781 tamen
2834 5737 2889 5783 ut
2917 5730 2981 5787 de
3002 5732 3162 5790 illatis
3184 5738 3368 5792 crimi-t

1785 5798 1933 5851 nibus
1962 5816 2013 5854 se
2044 5816 2307 5873 purgaret.
2346 5808 2425 5865 Ad
2458 5812 2598 5878 idem
2630 5831 2840 5890 quoque
2874 5830 3080 5879 tenmus
3110 5833 3361 5887 revocari

2903 5923 2938 5943 ρο

2910 5942 2931 5983 λι

2760 5986 2801 6011 ε,
2899 5989 2929 6000 ..
