3892 6320
545 384 650 441 ἳοό

1859 380 1918 425 υ.
1953 366 2202 426 UllBANl
2231 363 2271 422 Il
2302 369 2502 426 PAi‘.-‘E

3657 371 3734 431 ΞΜ

548 507 728 570 potest
766 495 968 553 Urbani
1021 492 1243 564 epistola
1286 489 1353 545 ad
1397 487 1710 544 flicherium
1762 484 2129 540 Senonensem
2163 479 2207 535 A
2237 482 2554 545 nasterium,
2583 481 2723 551 quod
2753 482 2947 552 oppido
2981 496 3175 536 nomen
3207 482 3367 547 dedit,
3400 482 3737 552 liospitatusest
3774 529 3777 531 .
3847 487 3849 570 Α

551 592 792 661 aliosque
824 589 1069 644 Franciae
1103 586 1385 656 episcopos
1423 583 1648 652 scripta,
1681 579 1770 648 qui
1815 590 2128 632 excommu-

550 683 879 738 nicationem
937 681 1198 733 adversus
1247 674 1554 744 Philippum
1613 685 1824 742 regem,
1881 668 1950 723 ob
2015 667 2132 737 ejus

551 773 880 828 adulterinas
919 763 1139 838 nuptias
1181 767 1477 826 decretam.
1509 764 1728 834 insuper
1756 762 1956 817 habere
1985 759 2136 814 vide-

551 866 766 922 bantur.
810 863 869 918 In
913 863 1011 916 hac
1051 859 1282 929 epistola
1329 864 1589 912 convocat
1633 854 1872 925 pontifex
1914 852 2134 907 eosdem

552 957 822 1012 antistites
848 955 914 1008 ad
942 952 1256 1026 concilium,
1277 951 1421 1027 quod
1448 949 1548 1004 sub
1573 948 1732 1026 finem
1758 946 1899 1002 Junii
1936 945 2134 1000 habere

553 1049 694 1118 apud
733 1047 1005 1103 Arelatem
1059 1045 1399 1101 decreverat.
1425 1043 1492 1097 Et
1528 1056 1587 1098 re
1623 1040 1838 1096 auidem
1872 1039 2005 1110 ipsa,
2043 1038 2136 1093 sed

551 1138 831 1203 Nemausi,
863 1138 1198 1194 celebratum
1228 1144 1332 1192 est.

556 1229 748 1286 CCLV.
795 1229 1018 1285 Pictavis
1064 1245 1198 1299 papa
1229 1226 1657 1299 privileginm_
1695 1223 1914 1299 Martini
1939 1223 2134 1293 ﬁrmat.

625 1301 891 1354 Placitum
919 1317 1011 1368 pro
1041 1297 1140 1353 lite
1160 1297 1435 1368 canonicos
1468 1297 1526 1351 S.
1562 1297 1758 1349 Hilarii
1782 1298 1920 1368 inter
1953 1306 1996 1348 et
2029 1310 2140 1346 mo-

552 1364 570 1370 ”
625 1371 819 1425 nachos
853 1364 1161 1424 Monasterii
1198 1367 1352 1423 Novi.
1386 1367 1725 1435 Privilegium
1755 1365 2031 1435 Anglense.

628 1461 742 1517 Sub
771 1462 932 1518 finem
964 1460 1168 1516 mensis
1193 1459 1372 1514 Martii
1402 1459 1653 1513 Pictavos
1684 1457 1923 1526 pontifex
1955 1469 2142 1510 rursus

558 1557 713 1620 adiit,
743 1556 819 1610 uti
867 1556 1065 1610 docent
1112 1568 1212 1608 nos
1264 1552 1366 1606 tria
1407 1551 1695 1621 diplomata
1736 1564 1834 1619 pro
1867 1547 2142 1602 canonicis

559 1645 745 1702 Sancti
801 1644 1017 1698 Martini
1067 1643 1141 1698 ibi
1195 1652 1324 1698 tunc
1377 1643 1526 1696 data.
1576 1641 1633 1694 in
1683 1639 1862 1709 primo
1916 1646 2144 1694 testatur

555 1732 798 1804 pontifex
851 1751 909 1790 se
960 1733 1217 1789 Simonim'
1277 1732 1484 1795 labem,
1537 1747 1656 1800 quae
1725 1730 1779 1784 in
1842 1729 2144 1798 praebendis

2239 572 2512 639 Urbanus,
2575 574 2663 628 ubi
2721 590 2859 629 novo
2907 574 3089 629 Sancti
3141 573 3303 627 Mauri
3357 573 3738 632 Glannafoliensis

2236 664 2550 719 monasterii
2582 664 2761 720 abbati
2790 663 3033 719 Gerardo
3057 663 3437 732 amplissimum
3466 663 3738 733 privilegium

2236 755 2534 820 concessit,
2579 753 2732 823 cujus
2778 754 2890 824 jam
2942 771 3100 824 supra
3149 755 3346 808 laudati
3390 754 3659 823 exemplum
3695 773 3740 811 et

2238 847 2459 902 archivo
2483 849 2792 902 monasterii
2821 847 3128 903 Casinensis
3155 855 3364 904 erutum
3392 846 3523 901 inter
3546 847 3744 916 epistolas

2237 936 2537 1004 pontificias
2568 937 2692 990 olim
2732 938 2967 992 dabitur.

2237 1025 2481 1082 CCLVll.
2517 1026 2806 1097 Angeriaco
2833 1031 3021 1099 transit
3053 1027 3189 1083 Urbr
3201 1044 3297 1084 nus
3321 1028 3543 1099 pontifex
3567 1031 3744 1099 etpriu-

2821 1098 2954 1169 legia
2982 1101 3233 1154 concedit.

2310 1187 2449 1244 Hinc
2466 1189 2736 1246 Santones
2768 1192 3042 1263 ingressus
3068 1192 3307 1262 pontifex
3337 1194 3402 1246 ad
3425 1192 3748 1263 Angeriaeense

2241 1282 2496 1351 oppidum
2547 1283 2788 1350 divertit,
2823 1284 2875 1339 in
2921 1287 3311 1341 monasterium
3354 1287 3530 1342 Sancti
3565 1285 3748 1350 Joannis,

2241 1376 2320 1428 uti
2375 1377 2599 1446 ipsemet
2654 1383 2886 1430 testatur
2933 1378 2986 1431 in
3045 1379 3346 1448 rescripto,
3394 1394 3498 1448 quo
3544 1378 3643 1446 ejus
3682 1381 3750 1433 loci

2244 1469 2615 1538 possessiones
2644 1478 2699 1524 et
2728 1470 3068 1539 potissimum
3115 1472 3495 1528 Bnriacensem
3523 1473 3751 1528 Ecclesiam
3848 1515 3849 1546 ξ

2245 1559 2300 1614 in
2342 1559 2564 1615 ditecesi
2613 1561 2982 1619 Bellovacensi
3014 1565 3205 1630 sitam,
3248 1565 3503 1621 Anseulfo
3540 1567 3688 1622 abbati
3719 1577 3754 1620 et
3848 1563 3849 1640 ξ

2246 1652 2460 1708 caeteris
2493 1651 2732 1720 ejusdem
2781 1658 3096 1713 monasterii
3145 1659 3428 1713 monachis
3464 1657 3754 1713 continuarit.

2247 1747 2386 1812 illud,
2429 1748 2786 1818 rescriptum,
2823 1749 2966 1818 quod
3020 1750 3072 1804 in
3123 1750 3400 1805 chartario
3443 1750 3754 1818 Angeriacensi

559 1827 816 1881 Ecclesia!
838 1825 1175 1880 Martiniance
1199 1823 1560 1892 adipiscendis
1586 1821 1904 1882 invaluerat,
1929 1819 2142 1889 penitus
2175 1821 2218 1876 B
2245 1839 2388 1894 ηοιίε
2431 1839 2705 1895 chronicis
2741 1840 3060 1896 desulumm
3112 1850 3227 1907 est,
3270 1842 3378 1898 huc
3419 1841 3757 1897 referimus”,
3848 1857 3849 1866 η

557 1933 864 1984 resecasse;
911 1927 1022 1971 tum
1056 1916 1238 1971 laudat
1267 1926 1323 1970 et
1351 1916 1634 1969 confirmat
1666 1913 1947 1984 privilegia
1987 1912 2141 1966 istius

557 2010 785 2082 insignis
825 2009 1080 2073 basilicze,
1114 2017 1168 2063 et
1213 2009 1406 2078 repetit
1455 2007 1595 2076 quod
1639 2005 1751 2076 jam
1792 2003 1926 2059 alias
1967 2005 2033 2057 ab
2075 2018 2142 2057 eo

556 2102 910 2178 constitutum
954 2100 1164 2169 fuerat,
1217 2108 1278 2154 ut
1329 2099 1556 2162 scilicet,
1594 2111 1881 2167 suppresso
1922 2095 2143 2166 proprio

559 2195 706 2250 illius
757 2193 1022 2259 ecclesiae,
1060 2193 1176 2262 ipse
1226 2201 1282 2245 et
1336 2191 1417 2245 sui
1469 2204 1813 2245 successores
1861 2187 2144 2258 pontifices

559 2285 793 2341 Romani
815 2279 930 2354 ejus
955 2284 1076 2339 loco
1101 2283 1266 2336 futuri
1296 2291 1498 2337 essent.
1524 2281 1655 2335 Data
1677 2290 1760 2336 est
1780 2281 1892 2335 hac
1919 2279 2059 2334 bulla
2091 2293 2142 2332 ιν

560 2375 681 2431 Kal.
712 2375 942 2446 Aprilis,
973 2390 1132 2444 quam
1173 2374 1516 2428 Innocentius
1555 2387 1692 2441 papa
1736 2371 1983 2442 Lugduni
2012 2385 2142 2425 xvm

559 2466 681 2524 Kal.
737 2465 892 2532 Maii,
945 2467 1293 2536 pontificatus
1345 2466 1427 2521 sui
1487 2480 1630 2519 anno
1671 2481 1704 2518 v
1748 2465 1814 2519 de
1855 2465 2024 2519 'Verbo
2076 2473 2144 2517 at

560 2558 788 2613 verbum
841 2572 911 2613 ex
966 2559 1303 2629 autographo
1371 2558 1696 2625 descriptam
1768 2565 1823 2611 et
1892 2556 2146 2612 collatam

565 2651 918 2722 approbavit,
978 2660 1033 2706 et
1079 2666 1217 2706 nova
1267 2649 1411 2705 bulla
1457 2649 1814 2704 confirmavit.
1872 2647 1931 2702 In
1977 2646 2150 2703 altero

567 2743 847 2812 rescripto,
879 2741 1021 2812 quod
1045 2741 1133 2797 die
1170 2742 1436 2809 sequenti,
1469 2741 1521 2795 id
1559 2747 1643 2794 est
1676 2754 1738 2793 ιιι
1771 2738 1891 2792 Kal.
1927 2737 2149 2806 Aprilis.

568 2833 752 2886 datum
780 2840 884 2896 est,
916 2831 1169 2887 Urbanus
1197 2847 1386 2888 omnes
1412 2831 1846 2901 archiepiscOpos
1874 2839 1930 2884 et
1949 2829 2153 2898 episco-

567 2939 667 2988 nos
690 2923 876 2977 Gallia:
901 2923 1226 2978 adhortatur
1270 2932 1332 2978 ut
1354 2922 1637 2994 privilegia
1665 2931 1720 2976 et
1741 2922 1883 2977 bona
1907 2921 2154 2976 ecclesiae

570 3012 759 3068 Sancti
817 3013 1030 3067 Martini
1110 3013 1164 3067 in
1233 3013 1346 3068 suis
1403 3013 1602 3083 quique
1663 3011 1992 3067 dioecesibus
2051 3011 2153 3066 sita

569 3115 848 3161 tueantur.
882 3105 1000 3172 Quo
1038 3105 1166 3160 item
1211 3106 1296 3161 die
1337 3103 1521 3159 datum
1560 3113 1644 3158 est
1679 3104 1898 3158 tertium
1935 3102 2155 3173 privile-

571 3197 715 3265 gium
747 3210 874 3264 quo,
897 3194 1050 3265 juxta
1074 3196 1217 3264 quod
1253 3195 1307 3248 in
1336 3193 1636 3248 Turonensi
1665 3193 1869 3264 synodo
1892 3191 2153 3248 sancitum

570 3288 781 3351 fuerat,
820 3287 1208 3342 monasterium
1247 3286 1659 3342 Cormaricense
1706 3286 1891 3340 Sancti
1937 3285 2154 3340 Martini

570 3379 808 3434 basilica:
832 3381 1111 3435 asseritur.
1146 3379 1283 3435 Huic
1309 3379 1588 3449 diplomati
1617 3393 1740 3433 cum
1771 3377 1990 3432 Urbano
2019 3393 2153 3448 papa

570 3473 922 3528 subscribunt
966 3472 1053 3527 alii
1106 3471 1502 3543 archiepiscopi
1555 3480 1612 3527 et
1661 3472 1897 3542 episcopi
1951 3472 2020 3525 ibi
2075 3487 2158 3527 re-

571 3567 788 3621 censiti.

649 3657 800 3712 llaud
843 3659 1060 3713 dubium
1091 3659 1218 3728 quin
1260 3670 1313 3714 et
1351 3661 1538 3715 eadem
1568 3661 1856 3715 occasione
1889 3661 1948 3714 Β.
1980 3659 2159 3730 ponti-

575 3747 661 3801 fex
695 3749 997 3815 sepulcrum
1048 3751 1217 3804 sancti
1260 3752 1444 3805 llilarii
1478 3753 1672 3806 iterum
1707 3754 1970 3817 inviserit,
2009 3754 2163 3822 cujus

582 3839 926 3894 testivitatem
975 3855 1158 3895 mense
1208 3841 1464 3896 Januario
1510 3844 1827 3898 solemniter
1863 3848 1974 3914 jam
2020 3845 2163 3901 cele-

581 3932 858 3985 braverat.
889 3929 988 3986 ilic
1016 3933 1162 3986 enim
1193 3948 1313 3986 cum
1346 3933 1531 3988 multis
1553 3935 1906 4004 episcopisjet
1931 3938 2161 4006 optima-

584 4022 727 4076 tibus
763 4022 1013 4090 placitum
1051 4024 1239 4078 habuit
1281 4027 1335 4079 in
1365 4027 1594 4094 capitulo
1635 4026 1816 4082 Snncli
1856 4028 2075 4094 Hilarii,
2111 4041 2168 4087 ut

583 4113 1011 4167 controversiam
1054 4114 1329 4169 dirimeret
1367 4117 1508 4170 inter
1539 4116 1654 4184 ejus
1681 4120 1924 4174 ecclesiae
1951 4123 2172 4177 canoni-

2243 1938 2316 1992 ibi
2346 1937 2632 2008 septimam
2663 1936 2868 2006 Aprilis
2896 1935 3037 1990 diem
3075 1936 3326 2004 exegisse
3359 1935 3512 1990 docet
3540 1949 3625 1988 nos
3646 1935 3758 2002 priri-

2245 2030 2442 2100 legium
2484 2029 2796 2084 Monasterii
2823 2028 2954 2084 Novi
2996 2029 3358 2095 Pictavensis,
3397 2028 3533 2098 quod
3567 2028 3650 2081 hac
3681 2026 3756 2094 ipsa

2245 2123 2332 2178 die
2354 2122 2624 2192 Ληρειὶαεὶ
2651 2123 2834 2178 datum
2865 2123 3082 2177 dicitur.
3114 2121 3318 2177 ibidem
3352 2131 3593 2177 renovata
3620 2122 3756 2175 iterum

2247 2216 2350 2270 fuit
2387 2216 2440 2270 in
2486 2215 2744 2272 Eblonem
2788 2215 3091 2270 invasorem
3122 2214 3370 2270 ecclesiae
3405 2214 3576 2270 Sancti
3603 2211 3758 2280 Georgii

2249 2311 2302 2364 in
2357 2310 2525 2364 insula
2576 2309 2824 2364 Oleronis
2878 2307 3409 2373 excommunicatio,
3461 2306 3531 2360 uti
3577 2307 3622 2360 in
3664 2318 3758 2368 sape

2248 2402 2468 2457 laudato
2510 2401 2771 2456 Willclmi
2819 2400 3126 2471 Aquitaniae
3171 2400 3328 2457 ducis
3364 2401 3687 2455 instrumento
3713 2394 3760 2447 le-

2249 2498 2413 2566 gitur.
3848 2498 3849 2564 ἶ

2250 2609 2471 2665 CCLIX.
2513 2610 2665 2678 Apud
2697 2609 2961 2666 Santonos
2985 2610 3206 2663 celebrat
3245 2601 3760 2678 Pascha.Pririlegiam

2325 2681 2387 2736 S.
2420 2670 2707 2734 Martialis.
2757 2681 3093 2751 Pririlegiurn
3213 2679 3415 2751 Albini.
3437 2674 3666 2751 Ecclesia
3693 2670 3759 2723 lie-

2321 2752 2513 2805 mensis
2549 2769 2675 2805 usus
2713 2746 3006 2805 conﬁrmat.
3042 2749 3383 2805 Maledicitur
3427 2746 3554 2800 Eblo
3594 2746 3758 2797 iuratur.

2326 2821 2383 2876 S.
2414 2821 2655 2890 Eutropii
2684 2821 2849 2874 altare
2873 2830 3160 2875 consecrat.

2326 2934 2455 2990 lude
2493 2933 2767 3003 profectus
2810 2932 3052 3003 pontifex
3107 2932 3248 3002 apud
3289 2931 3552 2986 Santonas
3588 2921 3759 2981 advenit,

2256 3027 2348 3082 ubi
2402 3031 2614 3083 Sacram
2675 3026 3090 3081 resurrectionis
3141 3025 3439 3078 Dominica:
3492 3017 3761 3075 festivitatem

2259 3117 2574 3173 solemniter
2626 3115 2946 3177 celebravit,
3000 3115 3074 3168 uti
3130 3113 3293 3168 habet
3341 3111 3501 3166 Fulco
3550 3117 3696 3162 comes
3729 3100 3762 3151 in

2259 3210 2564 3280 fragmento
2593 3209 2846 3263 Historiae
2871 3205 3301 3276 Andcgavensis,
3329 3213 3384 3258 et
3409 3201 3763 3273 probantveten

2257 3302 2460 3374 passim
2528 3303 2910 3356 instrumenta.
2991 3299 3270 3354 Consentit
3336 3307 3520 3350 auctor
3581 3282 3763 3374 Chronici

2258 3372 2650 3458 Malleacenms,
2702 3391 2792 3462 qui
2835 3399 2957 3460 post
2998 3397 3360 3444 memoratum
3403 3383 3660 3442 concilium
3696 3372 3765 3426 Tu-

2261 3502 2493 3541 roneuse
2515 3485 2694 3540 subdit
2725 3503 2739 3538 :
2765 3483 2899 3538 Inde
2920 3499 3150 3536 reversus
3174 3491 3244 3534 est
3273 3480 3534 3535 Santonus
3557 3472 3764 3528 civitatem.

2260 3585 2308 3631 et
2360 3574 2631 3630 celebravit
2690 3573 2762 3626 ibi
2816 3582 3054 3626 sanctum
3121 3569 3346 3624 Pascha.
3410 3565 3600 3635 Quibus
3644 3553 3766 3610 verbis

2263 3667 2354 3722 hic
2398 3673 2587 3721 auctor
2636 3663 2944 3733 pontificem
2993 3663 3158 3724 semel
3209 3671 3261 3714 et
3316 3662 3505 3714 iterum
3545 3655 3766 3708 Santonum

2264 3759 2453 3813 urbem
2490 3756 2688 3810 adiisse
2737 3754 2932 3816 innuit,
2977 3752 3119 3821 quod
3152 3752 3240 3805 alii
3284 3753 3568 3819 scriptores
3594 3756 3677 3796 non
3707 3737 3768 3789 hac

2264 3850 2413 3904 bent.
2444 3848 2578 3902 Eum
2607 3861 2635 3898 a
2663 3842 2951 3899 Ramnulfo
2973 3843 3225 3913 episc0po
3257 3843 3331 3897 ibi
3357 3846 3638 3908 susceptura
3659 3827 3769 3883 fuisse

2269 3942 2391 3996 Idus
2419 3939 2621 4008 Aprilis
2651 3935 2870 4007 scripsit
2911 3935 3233 3991 Sirmundus
3281 3936 3334 3989 in
3384 3933 3520 3988 notis
3548 3928 3604 3981 ad
3636 3917 3770 3978 Goll'ri-

2270 4031 2396 4085 dum
2428 4028 2902 4083 Vindocinensem.
2933 4025 3004 4080 At
3050 4026 3100 4080 id
3151 4039 3256 4079 uno
3298 4024 3488 4079 saltem
3539 4026 3619 4073 aut
3656 4013 3770 4065 altera

2271 4125 2358 4179 die
2388 4131 2546 4177 antea
2582 4121 2780 4176 factum
2823 4118 2990 4175 fuisse
3035 4117 3116 4172 vel
3166 4134 3231 4172 ex
3281 4118 3386 4173 hoc
3430 4114 3538 4170 solo
3575 4105 3771 4174 conjicere

2183 3162 2226 3221 C

577 4219 676 4259 ros
705 4215 759 4260 et
801 4205 1112 4266 monachos,
1145 4205 1454 4262 Monasterii
1488 4208 1641 4274 Novi,
1674 4218 1855 4265 natam
1885 4214 2172 4269 occasione
2259 4217 2422 4280 licet,
2461 4215 2606 4286 qttod
2652 4212 2944 4269 verisimile
2982 4227 3086 4266 non
3127 4210 3287 4264 fuerit
3322 4193 3771 4286 Urbauum'ipsotlie

589 4296 828 4351 ecclesiae
873 4297 1058 4354 Sancti
1093 4298 1320 4365 Nicolai,
1350 4315 1470 4370 qua:
1521 4301 1606 4356 his
1643 4305 1940 4369 monachis,
1975 4315 2029 4358 ut
2059 4304 2170 4374 jam
2275 4284 2493 4360 Pascbae
2540 4320 2660 4359 sese
2721 4303 2900 4357 itineri
2950 4302 3307 4357 commisisse.
3359 4299 3514 4355 Certe
3558 4299 3661 4346 ante
3699 4284 3773 4336 dit‘S

583 4387 838 4453 diximus,
874 4388 1132 4442 attributa
1167 4390 1360 4446 fuerat.
1410 4391 1742 4449 Sententiam
1772 4409 1835 4449 ea
1865 4394 1931 4450 de
1963 4411 2021 4451 re
2056 4397 2175 4452 tulit
2274 4404 2428 4458 octo,
2458 4394 2536 4447 uti
2583 4393 2833 4457 vidimus,
2861 4390 3115 4446 Urbanus
3155 4389 3502 4460 Angeliacum
3541 4377 3770 4468 appulerat;

586 4480 825 4549 pontifex
855 4481 1216 4536 assidentibus
1249 4483 1349 4537 sibi
1383 4484 1553 4540 tribus
1590 4486 2030 4558 archiepiscopis,
2053 4490 2170 4542 toti.
2206 4514 2254 4570 ι)
2280 4498 2330 4540 et
2367 4485 2584 4556 quidem
2615 4490 2828 4538 constat
2873 4498 2995 4538 eum
3028 4482 3218 4537 saltem
3272 4483 3326 4536 in
3376 4473 3631 4570 Paschalis
3655 4477 3775 4570 Ρθτξξ
3848 4497 3849 4570 ἦ

586 4571 706 4624 dem
725 4570 1228 4642 episcopis,dnobus
1248 4572 1609 4640 abbatibus,et
1631 4577 1750 4632 aliis
1764 4579 2178 4647 quamplurimis

585 4676 649 4715 ex
681 4670 912 4733 utroque
941 4663 1131 4717 ordine
1160 4663 1291 4718 viris
1313 4663 1631 4731 illustribus,
1656 4678 1712 4722 ut
1737 4669 1968 4738 ipsemet
1991 4683 2177 4726 narrat

588 4755 641 4808 in
683 4754 942 4826 rescripto
980 4769 1042 4809 ea
1083 4757 1148 4810 de
1202 4771 1260 4809 re
1297 4767 1416 4826 post
1463 4758 1667 4827 aliquot
1707 4761 1822 4814 dies
1863 4761 1990 4816 dato
2036 4763 2176 4830 apud

596 4847 887 4903 Santonas.
921 4847 1112 4914 Porro,
1142 4848 1189 4905 si
1233 4865 1300 4904 ex
1343 4849 1582 4905 locorum
1619 4851 1816 4906 vicinia
1847 4852 1976 4908 illud
2009 4855 2178 4926 conji-

592 4953 717 4993 cere
749 4939 927 5004 liceat,
957 4940 1063 4996 huc
1101 4941 1265 4996 etiam
1313 4942 1554 4996 revocari
1603 4953 1781 5011 potest
1813 4943 2014 5001 Urbani
2060 4948 2173 5018 pri-

589 5029 843 5101 vilcgium
879 5033 1128 5090 ccenobio
1171 5033 1430 5106 Anglensi
1474 5037 1611 5106 apud
1657 5037 1912 5094 Pictones
1950 5039 2176 5095 canoni-

597 5137 784 5177 corum
834 5125 1432 5196 regularium-datum,
1484 5129 1625 5198 quod
1670 5145 1735 5184 ex
1783 5131 2074 5188 Innocentii
2115 5134 2178 5188 ιιι

594 5212 742 5268 bulla
785 5229 814 5267 a
864 5213 1296 5274 Sammarthanis
1338 5227 1482 5274 tomo
1516 5219 1583 5274 ιν
1629 5218 1815 5274 Galliae
1859 5223 2179 5281 Christiana:

596 5304 871 5373 laudatur,
898 5321 998 5362 nec
1026 5307 1175 5378 plura
1206 5309 1272 5365 de
1300 5309 1416 5381 ipso
1441 5310 1623 5383 dicere
1655 5312 1734 5366 fas
1763 5322 1864 5379 est,
1895 5330 2018 5370 cum
2051 5317 2180 5371 illud

599 5411 926 5467 recuperare
959 5413 1066 5452 non
1103 5398 1330 5456 licuerit.

598 5505 820 5565 CCLV].
856 5508 1009 5580 Apud
1129 5509 1570 5650 Maxefggpargsdat
1597 5515 1918 5584 privilegium
1950 5521 2184 5580 Glanna-

1295 5599 1510 5638 01011388.

671 5671 850 5727 Pridie
881 5672 1369 5747 KalendasAprilis
1402 5679 1538 5747 apud
1571 5691 1818 5738 sanetum
1852 5682 2180 5750 Maxentium

604 5765 656 5820 in
687 5765 871 5821 eadem
904 5767 1181 5838 provincia
1225 5766 1402 5823 nobile
1441 5772 1646 5828 ordinis
1695 5775 2028 5836 Benedictini
2063 5798 2179 5839 mo-

2281 4553 2409 4650 gilio
2458 4575 2599 4647 apud
2653 4575 2921 4644 Santonas
2957 4573 3143 4637 fuisse,
3195 4581 3347 4627 utcx
3383 4569 3495 4639 ejus
3521 4553 3775 4650 bullacolli-

2279 4644 2455 4742 éimus
2493 4644 2620 4739 quae
2661 4665 2785 4718 data
2817 4673 2902 4720 est
2930 4665 3034 4720 hoc
3062 4665 3178 4735 ipso
3209 4664 3296 4718 die
3329 4663 3379 4717 in
3413 4644 3774 4746 gratiam—adlici

2279 4763 2414 4817 mari
2439 4762 2650 4817 abbatis
2676 4760 2865 4815 Sancti
2902 4757 3164 4812 Martialis
3191 4750 3599 4811 Lemoviceusis.
3626 4743 3776 4829 Insigne

2279 4862 2360 4907 est
2407 4851 2535 4907 illud
2587 4852 2960 4922 privilegium,
3006 4864 3114 4918 quo
3154 4856 3277 4918 post
3331 4845 3650 4902 confirmatas
3696 4829 3777 4881 hi"c
3848 4847 3849 4896 Ψ

2279 4943 2610 4997 monasterio
2648 4943 2826 4996 varias
2873 4940 3245 5010 possessiones
3289 4946 3346 4993 et
3389 4932 3648 4991 ecclesias,
3687 4927 3777 4987 quas
3845 4943 3849 5010 Σ

2280 5036 2590 5104 singillatim
2634 5045 2878 5089 recenset
2922 5039 3186 5103 pontifex,
3224 5053 3242 5085 ι
3282 5031 3468 5088 statuit
3517 5034 3588 5087 ut.
3619 5018 3777 5072 ³¹¹⁵θ¹⁹¹⁸
3848 5035 3849 5042 “

2260 5130 2628 5185 Lemovicum
2671 5129 2944 5198 episcopo,
2992 5130 3161 5181 abbas
3191 5127 3378 5181 Sancti
3429 5115 3657 5179 Martialis
3694 5115 3775 5159 ευηι

2282 5222 2578 5293 majoribus
2602 5222 2846 5277 ecclesia:
2888 5222 3163 5275 cauonicrs
3192 5219 3456 5290 prmcipue
3491 5203 3777 5296 dioaeesisctt-

2263 5332 2397 5370 .ram
2439 5328 2610 5386 gerat,
2645 5323 2758 5369 tum
2805 5322 2863 5367 ut
2891 5314 3213 5383 episcopalis
3243 5312 3432 5367 electio
3459 5323 3517 5363 cr
3549 5302 3645 5370 ejus
3664 5297 3776 5392 P9“?

2283 5412 2478 5466 simum
2507 5409 2735 5465 arbitrio
2767 5409 3119 5477 disponatur;
3151 5421 3216 5462 ac
3245 5405 3470 5473 denique
3504 5407 3557 5451 ut
3578 5392 3774 5463 ρπιτίινηε

2284 5507 2524 5574 ejusdem
2554 5503 2808 5558 Ecclesia:
2838 5501 3072 5572 negotia,
3107 5502 3273 5555 etiam
3305 5503 3552 5569 praesente
3573 5484 3772 5555 episcopo!

2287 5599 2401 5670 ejus
2448 5598 2674 5655 consilio
2703 5608 3049 5669 peragantur.
3087 5615 3106 5649 ι
3141 5595 3296 5650 Hanc
3337 5589 3552 5649 bullam,
3581 5587 3704 5648 quam
3727 5575 3774 5670 ξι

2287 5694 2622 5764 autographo
2672 5692 3046 5748 Lemovicensi
3099 5699 3290 5763 noster
3336 5675 3677 5764 Stephanotius
3714 5664 3774 5764 ("9‘

2288 5791 2612 5859 scripserat,
2650 5796 2704 5842 et
2743 5802 2809 5842 ex
2863 5787 2982 5844 aliis
3012 5761 3234 5856 quoque
3275 5785 3481 5866 msstet
3509 5767 3644 5830 etlitis
3668 5756 3764 5814 lube
