3892 6320
172 320 292 377 205

1725 318 1897 372 VITA.

3345 321 3452 377 2οε

168 447 328 497 mus,
373 432 455 486 vir
496 430 835 487 clanssimus
876 433 1181 504 Stephanus
1217 432 1471 487 Baluzius
1513 432 1579 486 ad
1624 431 1769 485 aliud
1798 437 1844 494 Α
1874 430 2199 497 conscripta,
2244 440 2403 497 quam
2433 426 2486 482 in
2517 428 2677 497 hujus
2706 429 2993 486 voluminis
3018 432 3323 503 Appendice
3359 454 3451 493 re-

169 539 440 593 qnoque,
489 534 549 579 ut
588 525 705 594 ipse
752 525 883 578 mihi
934 533 1159 581 testatus
1208 533 1321 584 est.
1376 524 1768 594 autographum

170 616 421 670 contulit
466 615 521 669 in
572 616 906 671 monasterio
953 616 1337 682 Cluniacensi,
1385 616 1481 670 sed
1525 628 1645 685 quae
1695 616 1769 670 ibi

170 708 419 761 habetur
463 708 665 777 absque
711 707 857 762 bulla
888 708 1135 779 plumbea
1161 747 1177 774 ,
1202 717 1257 763 et
1286 707 1555 763 nonnullae
1579 722 1771 764 occur-

169 808 314 853 runt
356 799 519 853 variae
552 798 827 856 lectiones.
876 799 933 854 In
963 810 1195 869 utroque
1224 808 1406 854 autem
1433 800 1770 870 autographo

169 890 314 944 data
358 890 555 945 dicitur
591 905 733 945 anno
780 891 915 945 1097
961 905 1062 962 pro
1093 889 1251 958 1096,
1284 889 1426 960 quod
1457 898 1513 945 et
1558 889 1610 944 in
1652 888 1771 944 aliis

158 980 458 1051 plerisque
496 981 808 1036 indubitatae
828 995 1061 1051 prorsus
1107 979 1231 1035 ﬁdei
1269 979 1642 1036 instrumentis
1675 979 1770 1034 ob-

169 1087 410 1128 servare
456 1072 619 1137 licet;
676 1073 727 1127 in
781 1073 977 1142 quibus
1037 1072 1247 1129 scilicet
1294 1072 1448 1139 juxta
1513 1071 1767 1125 Pisanum

168 1163 453 1222 calculum
500 1178 674 1216 annus
720 1163 787 1218 ab
838 1162 1215 1219 Incarnatione
1278 1162 1522 1226 Domini,
1586 1176 1771 1218 mense

169 1255 382 1310 Martio
411 1255 751 1325 praecedente
796 1270 996 1309 annum
1017 1262 1334 1310 currentem
1383 1253 1589 1322 incipit.
1625 1253 1769 1308 Idem

170 1347 529 1418 privilegium
559 1346 836 1402 Paschalis
862 1346 905 1401 ll
936 1346 1103 1400 altera
1130 1346 1295 1411 bulla,
1319 1360 1437 1417 quae
1462 1360 1601 1399 anno
1634 1345 1771 1400 1105

169 1442 373 1494 Romae
418 1439 541 1493 data
586 1452 699 1502 est,
750 1449 807 1494 et
846 1439 1065 1509 plumbo
1113 1438 1364 1509 sigillata,
1409 1437 1768 1492 conﬁrmavit.

170 1531 479 1600 Utriusque
525 1532 918 1603 autographum
951 1548 981 1586 a
1012 1546 1071 1586 se
1112 1530 1357 1587 Cluniaci
1386 1529 1558 1585 visum
1604 1528 1769 1583 fuisse

168 1621 317 1677 mihi
350 1628 580 1676 testatus
606 1632 690 1676 est
714 1622 958 1676 eruditus
982 1621 1249 1677 Baluzius.

251 1712 417 1767 Feria
446 1715 683 1769 secunda
713 1714 965 1779 Paschas,
998 1729 1116 1783 quae
1158 1714 1274 1769 dies
1308 1713 1373 1769 14
1404 1720 1523 1768 erat
1545 1710 1767 1782 Aprilis,

1876 520 2130 575 feremus.
2166 519 2317 575 [Inde
2347 520 2616 591 colligitur
2641 522 2773 577 duas
2816 524 3038 580 circiter
3080 526 3450 587 hebdomadas

1876 608 2153 664 Urbanum
2177 611 2315 678 apud
2346 606 2613 665 Santonas
2634 612 2896 680 exegisse.

2066 700 2265 755 CCLX.
2296 701 2377 753 An
2407 700 2748 755 Inculismam
2772 703 2959 757 adierit
2986 702 3252 764 Urbanus.

1942 790 2023 843 An
2053 790 2179 845 inde
2226 789 2565 845 lnculismam
2592 791 2808 858 adierit,
2846 795 3133 849 incertum.
3156 798 3228 850 At
3258 814 3325 854 ex
3354 799 3463 860 IIi-,

1875 880 2041 933 storia
2068 877 2184 946 ejus
2207 881 2361 935 urbis
2405 881 2780 950 episcoporum
2804 892 2858 937 et
2881 884 3140 938 comitum
3168 897 3332 956 caput
3361 889 3465 960 53,,

1875 979 2020 1025 torno
2071 970 2113 1025 Il
2141 970 2486 1026 Bibliotheca:
2507 970 2810 1027 Labbeana‘.
2834 973 2977 1027 edita
3011 974 3267 1030 discimus
3298 979 3455 1031 resti-

1873 1059 2135 1114 tutionem
2204 1058 2483 1128 cujusdam
2537 1061 2905 1131 praepositum
2969 1063 3212 1120 ecclesiae
3265 1065 3454 1121 Sancti

1872 1150 2038 1215 Petri,
2070 1152 2122 1207 id
2153 1162 2235 1207 est
2263 1152 2581 1218 cathedrali,
2614 1153 2835 1222 factam,
2863 1155 3168 1211 Adhemaro
3198 1159 3451 1229 episcopo

1871 1240 2215 1316 efﬂagitante,
2250 1245 2317 1300 ab
2343 1261 2407 1301 eo
2434 1246 2686 1316 pontifice
2716 1248 3089 1303 confirmatam
3119 1250 3306 1306 fuisse.

1977 1337 2197 1393 CCLXI.
2222 1337 2528 1408 Burdigala:
2550 1339 2755 1393 dedica!
2780 1340 3032 1409 majorem
3056 1342 3343 1398 ecclesiam.

1945 1430 2165 1496 Verum,
2198 1439 2255 1484 ut
2296 1438 2357 1484 ut
2402 1430 2472 1485 sit
2502 1431 2659 1494 ea,de
2687 1446 2762 1496 re,
2804 1440 3009 1488 certum
3052 1442 3136 1488 est
3177 1434 3456 1492 Urbanum

1873 1522 1973 1574 sub
2002 1520 2164 1575 ﬁnem
2213 1521 2413 1590 Aprilis
2456 1521 2799 1592 Burdigalam
2833 1523 3126 1593 appulisse,
3156 1526 3245 1580 ubi
3277 1527 3455 1596 primo

1872 1609 1958 1679 die
1988 1610 2112 1664 Maii
2143 1609 2400 1678 Majorem
2438 1611 2724 1666 ecclesiam
2748 1613 2974 1669 solemni
3000 1616 3104 1670 ritu
3139 1616 3406 1673 dedicavit
3436 1636 3452 1674 :

1872 1700 1925 1755 id
1956 1700 2216 1756 discimus
2240 1717 2305 1756 ex
2330 1702 2495 1756 veteri
2519 1703 2705 1759 codice
2726 1707 2866 1774 apud
2886 1705 3174 1776 Lopesium
3200 1708 3451 1783 laudato;

168 1805 527 1860 conﬁrmavit
554 1807 751 1861 ibidem
789 1806 1028 1875 pontifex
1052 1808 1421 1877 possessiones
1443 1821 1632 1861 omnes
1658 1820 1769 1859 mo-

1879 1793 1964 1862 qui
2008 1793 2134 1847 licet
2175 1795 2316 1848 hanc
2357 1796 2821 1852 consecrationem
2870 1774 3034 1864 anno
3065 1800 3202 1854 10°26
3255 1774 3457 1859 factam

175 1898 411 1951 nasterii
455 1898 640 1952 Sancti
685 1897 863 1953 Albini
912 1898 1353 1969 Andegavensis,
1412 1898 1539 1952 data
1598 1896 1767 1952 bulla.

174 1986 426 2055 Diploma
478 1989 667 2043 eadem
715 1989 801 2043 die
841 1996 896 2042 et
944 1989 997 2044 in
1043 1988 1232 2045 eadem
1285 1990 1419 2045 urbe
1462 1988 1666 2053 datum,
1715 1987 1769 2041 in

178 2079 409 2147 gratiam
455 2079 767 2136 Monasterii
802 2079 932 2135 Novi
964 2080 1318 2144 Pictavensis,
1362 2080 1415 2134 in
1448 2094 1557 2150 quo
1583 2094 1646 2134 ea
1678 2093 1769 2132 re-

186 2168 298 2222 fert
328 2171 562 2239 pontifex
605 2187 726 2243 qua:
768 2173 821 2226 in
868 2182 1137 2227 conventu
1183 2174 1327 2242 apud
1370 2171 1628 2226 Hilarium
1675 2171 1770 2226 ha-

186 2258 326 2325 bito,
356 2262 417 2316 de
458 2277 566 2331 quo
609 2278 771 2333 supra
797 2264 1052 2328 diximus,
1086 2273 1287 2319 statuta
1330 2263 1576 2326 fuerant,
1606 2278 1765 2318 occa-

182 2352 337 2406 sione
384 2355 882 2409 controversiarum
919 2370 1038 2425 qua:
1069 2356 1209 2411 inter
1256 2355 1547 2410 canonicos
1578 2354 1766 2409 Sancti

173 2439 368 2497 Hlarii
412 2452 468 2498 et
508 2446 803 2501 monachos
827 2445 1138 2502 MonaSterii
1164 2446 1295 2501 Novi
1326 2447 1381 2501 in
1424 2446 1668 2517 prioratu
1703 2445 1759 2499 S.

172 2533 391 2589 Nicolai
442 2537 700 2607 degentes
751 2547 955 2593 exortae
1001 2538 1231 2593 fuerant.
1283 2539 1524 2606 Denique
1576 2539 1766 2591 eodem

170 2628 343 2680 etiam
376 2628 462 2682 die
489 2628 730 2698 pontifex
752 2629 1172 2686 consuetudines
1201 2630 1451 2684 Ecclesiae
1484 2629 1767 2683 Bernensis

172 2716 527 2772 conﬁrmavit
576 2719 641 2773 ad
692 2720 1007 2788 petitionem
1075 2719 1459 2776 canonicorum
1522 2719 1765 2788 ejusdem

172 2808 468 2874 Ecclesiae,
497 2811 585 2878 qui
623 2811 688 2864 ad
721 2811 997 2867 Urbanum
1028 2810 1233 2881 aliquot
1266 2826 1297 2865 e
1334 2811 1479 2875 suis,
1510 2824 1645 2879 quos
1678 2807 1767 2864 ille

170 2899 412 2969 benigne
438 2903 669 2970 excepit,
699 2886 760 2956 ea
803 2903 869 2957 de
897 2918 1060 2958 causa
1094 2903 1420 2973 legaverant.
1454 2899 1766 2955 Pontiﬁcias

173 2989 391 3045 litteras
423 2992 590 3046 refert
618 2993 938 3071 Guillclmus
978 2993 1253 3059 Marlotus,
1293 2995 1382 3063 qui
1416 3002 1599 3047 censet
1629 3006 1763 3045 con-

176 3084 499 3139 suetudines
544 3085 596 3139 in
644 3101 713 3141 eo
765 3086 1031 3156 rescripto
1078 3096 1405 3141 memoratas
1452 3086 1570 3140 illas
1621 3086 1764 3154 ipsas
1795 3117 1840 3177 Ο

178 3190 300 3232 esse
338 3191 459 3244 quae
514 3178 583 3233 ab
612 3193 677 3233 co
713 3187 860 3234 tomo
902 3178 946 3233 ll
998 3188 1226 3249 metrop.
1277 3179 1561 3233 Rcmensis
1606 3178 1766 3233 editae

180 3276 328 3320 sunt.

254 3359 311 3412 In
346 3374 532 3414 canem
564 3362 694 3416 urbe
718 3360 957 3431 pontifex
990 3362 1178 3417 Ebloni
1217 3361 1329 3433 jam
1364 3370 1441 3416 tot
1466 3361 1673 3416 vicibus
1700 3361 1771 3416 ob

184 3450 523 3505 invasionem
550 3452 790 3508 ecclesia:
831 3451 1016 3508 Sancti
1047 3454 1262 3523 Georgii
1291 3452 1540 3508 Oleronis
1582 3451 1769 3507 insulae

182 3544 656 3599 excommunicalo
690 3544 980 3608 maledixit,
1016 3545 1158 3614 quod
1181 3545 1390 3614 judicio
1424 3538 1771 3614 archiepisco-

182 3644 396 3701 porum,
427 3633 815 3704 episcoporum,
857 3636 1106 3689 abbatum
1150 3647 1194 3690 ει
1230 3636 1588 3707 religiosorum
1620 3635 1772 3689 cleri-

184 3739 367 3778 corum
414 3726 799 3795 comprobatum
850 3727 1033 3796 fuisset
1075 3728 1290 3797 jamdiu
1336 3728 1529 3796 injuste
1577 3737 1769 3780 terram

184 3818 560 3869 monac/torum
600 3810 1064 3874 Vindocinénsium
1096 3821 1342 3874 tenuisse.
1370 3819 1548 3886 Quare
1572 3835 1603 3873 a
1632 3834 1769 3889 papa

184 3907 495 3963 maledictus
531 3911 798 3976 discessit;
829 3912 1125 3981 datumque
1161 3914 1355 3966 Amato
1398 3912 1770 3983 Burdigalensi

188 4001 597 4072 archiepiscopo
632 4004 945 4059 mandatum
975 4013 1034 4058 ut
1082 4002 1427 4058 Guillelmum
1468 4006 1767 4074 Aquitano-

186 4109 307 4147 rum
340 4095 532 4147 ducem
584 4094 778 4161 adiret,
812 4109 937 4150 eum
979 4095 1304 4151 adhortandi
1335 4106 1497 4151 eausa
1537 4108 1596 4151 ut
1623 4096 1767 4165 ejus-

188 4185 308 4238 dem
331 4194 494 4239 teme
519 4186 917 4240 restitutionem
949 4186 1439 4242 Vindocincnsibus
1467 4187 1770 4243 faciendam

186 4284 525 4344 procuraret,
559 4278 703 4345 quod
752 4278 927 4347 reipsa
975 4276 1175 4331 factum
1220 4286 1320 4332 est.
1354 4278 1474 4330 llrcc
1509 4278 1688 4331 omnia
1719 4279 1770 4331 in

187 4365 428 4432 ejusdem
476 4367 625 4421 ducis
653 4367 839 4422 charta
890 4367 1221 4433 referuntur,
1248 4384 1430 4435 quam,
1461 4368 1559 4423 etsi
1587 4363 1701 4433 jam
1739 4382 1767 4420 a

186 4457 367 4510 Beslio
398 4456 619 4522 editam,
661 4456 917 4512 recudere
946 4466 1126 4511 tamen
1169 4471 1236 4511 ex
1275 4458 1545 4511 chartario
1576 4458 1771 4511 Vindo—
1801 4459 1850 4517 ι)

189 4550 397 4603 einerrsi
429 4549 603 4603 visum
642 4559 757 4613 est,
788 4549 931 4618 quod
962 4549 1013 4603 in
1044 4563 1107 4603 ea
1152 4558 1261 4602 tcta
1301 4546 1459 4614 hujus
1501 4549 1575 4601 rei
1606 4549 1773 4603 series

189 4641 475 4710 perspicue
515 4640 808 4706 habeatur,
853 4640 1186 4708 multumque
1217 4640 1283 4694 ad
1325 4639 1641 4694 illustranda
1676 4638 1773 4694 Ur-

190 4733 314 4786 bani
343 4730 503 4786 Gesta
530 4732 779 4786 conferre
807 4731 994 4800 possit.

266 4823 363 4877 Ilis
390 4825 719 4890 temporibus
744 4822 993 4876 monachi
1028 4820 1433 4885 Cluniaceuses,
1461 4821 1552 4890 qui
1580 4821 1646 4874 ab
1678 4820 1773 4873 ali-

191 4926 325 4985 quot
353 4916 510 4969 annis
554 4924 824 4970 vetustum
868 4913 1051 4968 Sancti
1102 4913 1345 4983 Entropii
1386 4912 1773 4968 monasterium

194 5009 532 5062 Santonense
581 5006 908 5069 incolebant,
949 5015 1002 5059 ct
1054 5012 1379 5059 reuovarant
1424 5013 1669 5074 cryptam
1721 5005 1775 5057 in

192 5112 303 5169 qua
358 5098 528 5151 sancti
576 5097 832 5166 martyris
885 5095 1122 5164 reliquim
1168 5096 1605 5156 continebantur,
1653 5108 1775 5147 cum

194 5192 409 5248 duobus
440 5192 704 5245 altaribus
730 5202 749 5242 ξ
778 5205 947 5257 quare
977 5189 1287 5257 prmclararn
1333 5188 1471 5241 hanc
1506 5188 1647 5241 nacti
1686 5203 1776 5239 oc-

191 5284 493 5347 CJsionem,
530 5283 843 5352 pontificem
876 5282 1147 5345 adierunt,
1174 5294 1404 5348 eumque
1432 5286 1691 5349 rogarunt
1719 5288 1779 5331 ut

195 5390 366 5430 unum
410 5375 596 5429 saltem
628 5390 693 5427 ex
734 5374 817 5427 his
847 5372 1110 5427 altaribus
1145 5374 1364 5439 propria
1394 5387 1555 5425 manu
1584 5386 1776 5426 conse-

194 5480 359 5522 crare
379 5480 484 5518 non
505 5465 914 5534 dedignaretur;
937 5477 1164 5532 quorum
1189 5461 1431 5529 petitioni
1457 5461 1544 5515 ille
1567 5460 1774 5524 annuit,

196 5554 392 5612 relicta
423 5554 649 5609 alterius
686 5554 875 5609 altaris
898 5553 1310 5608 consecratione
1340 5550 1624 5607 Bamnulfo
1666 5552 1778 5621 cpi-

194 5662 366 5716 SCOpO
390 5645 716 5701 dimcesano.
742 5644 853 5699 Hoc
879 5654 1056 5699 autem
1081 5642 1283 5697 factum
1310 5641 1475 5697 fuisse
1504 5644 1775 5697 Dominica

198 5747 257 5799 in
287 5739 422 5795 albis
465 5739 661 5807 legitur
699 5738 750 5792 in
787 5738 951 5792 veteri
981 5736 1171 5791 notitia
1206 5737 1273 5791 ab
1317 5744 1534 5791 auctore
1581 5735 1773 5805 aequa-li

1872 1885 2039 1940 fuisse
2066 1886 2325 1940 mendose
2360 1885 2640 1955 praeferat,
2668 1903 2786 1943 eam
2824 1897 3002 1945 tamen
3029 1907 3170 1947 anno
3199 1895 3456 1963 praesenti

1872 1976 2291 2047 consignaudam
2321 1993 2441 2032 esse
2480 1994 2660 2033 rerum
2693 1992 2965 2051 gestarum
3003 1983 3172 2038 series
3205 1985 3451 2042 invictis-

1870 2068 2006 2123 sime
2054 2072 2267 2138 probat.
2314 2069 2472 2124 Certe
2520 2070 2767 2127 Urbanus
2808 2072 2923 2142 ipse
2967 2074 3018 2128 in
3069 2075 3331 2145 rescripto
3381 2079 3451 2135 ad

1870 2160 2163 2216 canonicos
2205 2161 2635 2237 Bnrdigalenses,
2667 2172 2896 2219 testatur
2918 2165 3054 2241 ejus
3086 2168 3237 2222 urbis
3285 2169 3456 2241 Majo-

1871 2266 1986 2306 rem
2015 2251 2303 2307 ecclesiam
2348 2268 2376 2306 a
2397 2315 2400 2318 ,
2423 2253 2600 2323 seipso
2631 2240 3005 2311 consecratam
3035 2258 3234 2325 fuisse;
3276 2271 3329 2315 et
3358 2240 3454 2332 qui

1872 2341 1923 2395 in
1975 2358 2042 2413 eo
2091 2343 2297 2412 scripto
2360 2354 2749 2413 recensentur,
2798 2346 2919 2425 ejus
2964 2350 3176 2406 itineris
3225 2355 3451 2409 comites

1870 2444 2049 2488 erant.
2072 2434 2144 2488 At
2170 2450 2273 2490 non
2306 2436 2404 2491 abs
2432 2451 2491 2491 re
2520 2437 2627 2492 erit
2653 2438 2757 2493 huc
2782 2439 3026 2508 proferre
3053 2440 3170 2511 ejus
3198 2443 3456 2501 solemni-

1871 2525 1997 2580 tatis
2027 2526 2559 2595 descriptionemlex
2605 2530 2775 2586 veteri
2830 2530 2920 2586 illo
2965 2534 3170 2601 codice,
3214 2546 3372 2603 prout
3418 2555 3451 2592 a

1870 2616 2118 2672 Darvalio
2148 2619 2201 2672 in
2233 2619 2605 2688 supplemento
2638 2620 2905 2679 chronica:
2936 2623 3365 2696 Burdigalensis,
3396 2640 3455 2685 et

1869 2723 1900 2761 a
1934 2708 2168 2778 Lopezio
2198 2725 2320 2780 cap.
2347 2711 2381 2765 5
2409 2709 2659 2766 IIistorite
2692 2711 2931 2779 ejusdem
2963 2717 3111 2772 urbis
3137 2720 3449 2774 exhibetur.

1872 2818 1891 2850 ι
1927 2799 2499 2859 Annolncarnationis
2544 2804 2757 2860 Domini
2788 2805 2945 2872 1016,
2977 2807 3094 2878 lege
3121 2810 3277 2877 1096,
3310 2813 3455 2868 vide-

1868 2890 1998 2947 licet
2025 2892 2280 2949 Kalendis
2310 2895 2464 2959 lllaii,
2496 2896 2744 2951 dedicata
2782 2896 2883 2951 fuit
2914 2897 3155 2955 Ecclesia
3191 2901 3456 2972 Burdiga-

1868 2983 2055 3049 lensis,
2082 3002 2201 3055 quae
2227 2990 2524 3042 estdomus
2546 2988 2785 3054 Domini,
2807 2989 2859 3043 in
2885 2990 3142 3047 honorem
3171 2993 3453 3051 beatorum

1871 3078 2238 3146 apostolorum
2302 3080 2531 3135 Andreae
2585 3089 2642 3135 et
2699 3080 2877 3147 Petri,
2935 3092 2989 3137 et
3037 3084 3177 3139 beati
3228 3085 3453 3143 Joannis

1872 3167 2157 3238 Baptistae,
2194 3172 2365 3227 sancti
2411 3171 2705 3242 Stephani,
2740 3172 3045 3241 Laurentii,
3078 3176 3457 3250 Vincentiique

1872 3261 2149 3331 martyris,
2176 3272 2231 3317 et
2259 3264 2398 3317 beati
2441 3263 2699 3319 Macharii
2731 3264 3078 3333 confessoris,
3113 3279 3451 3326 sanctarum-

1872 3368 1977 3422 que
2022 3355 2289 3424 virginum
2342 3356 2596 3426 Agathte,
2641 3356 2892 3423 Eulaliae,
2937 3373 3163 3427 quarum
3213 3362 3452 3431 reliquiae

1871 3446 2103 3501 condita:
2134 3458 2263 3501 sunt
2304 3449 2357 3500 in
2389 3448 2579 3517 majori
2609 3448 2767 3502 altari
2800 3449 2853 3502 in
2882 3448 2994 3518 ipsa
3038 3455 3452 3511 consecratione

1872 3552 1901 3590 a
1939 3538 2157 3591 doruino
2185 3552 2341 3606 papa,
2372 3546 2427 3591 et
2456 3537 2524 3591 ab
2571 3537 2764 3592 Amato
2810 3548 3010 3594 sanctae
3050 3539 3307 3596 Romana:
3353 3544 3454 3599 Ec-

1871 3630 2048 3685 clesiae
2074 3629 2253 3700 legato
2282 3628 2760 3700 Burdigalensique
2794 3631 3220 3704 archiepiscopo.
3246 3635 3455 3692 Adfue-

1873 3730 1998 3775 runt
2027 3722 2266 3790 quinque
2292 3721 2504 3785 decani,
2535 3721 2751 3776 Simeon
2775 3722 3113 3794 Agennensis
3137 3727 3448 3799 episc0pus,

1873 3812 2051 3867 Bruno
2076 3813 2355 3884 Signensis
2380 3813 2685 3883 episcopus,
2710 3814 2960 3872 Albcrtus
2982 3815 3275 3892 (Valterus)
3298 3821 3456 3876 Alba-

1873 3904 2053 3960 nensis
2084 3915 2137 3959 et
2163 3905 2253 3957 alii
2301 3904 2621 3959 cardinales.
2656 3923 2674 3955 ›
2712 3905 2903 3960 Mirum
2949 3915 3032 3962 est
3072 3908 3189 3979 ejus
3228 3913 3451 3968 dedica-

1876 3997 2037 4051 tionis
2065 3996 2497 4052 anniversarium
2552 3996 2637 4050 die
2661 3996 2723 4050 ‘21
2762 3997 2961 4067 Aprilis
2986 3999 3279 4067 celebrari,
3313 4002 3455 4060 forte

1873 4087 1942 4141 ob
1967 4103 2295 4143 concursum
2333 4087 2641 4143 festivitatis
2678 4090 2958 4145 beatorum
3005 4091 3189 4148 Jacobi
3229 4103 3283 4148 et
3328 4095 3456 4152 Phi-

1872 4178 2034 4248 lippi,
2082 4189 2171 4234 aut
2221 4178 2358 4234 forte
2398 4181 2465 4235 ob
2512 4180 2672 4234 aliam
2719 4182 2835 4249 ejus
2888 4184 3128 4240 ecclesiae
3174 4189 3451 4257 antiquam

1874 4273 2358 4325 consecrationem.

1873 4359 2114 4424 CCLXII.
2126 4361 2318 4415 Neraci
2334 4362 2535 4415 dedicat
2550 4346 2817 4416 ecclesiam
2841 4368 3138 4421 monasterii
3149 4367 3204 4422 S.
3218 4368 3449 4425 Tltoma'.

1946 4450 2193 4507 Pontifex
2237 4451 2473 4517 Neraco,
2524 4453 2667 4521 quod
2719 4454 2992 4511 Vasconiae
3044 4460 3294 4528 oppidum
3344 4472 3450 4527 est,

1880 4545 2171 4609 transiens,
2218 4545 2290 4599 ibi
2338 4545 2649 4609 solenmiter
2695 4550 3030 4602 consecravit
3069 4550 3349 4605 ecclesiam
3396 4554 3452 4607 in

1875 4635 2132 4690 honorem
2163 4635 2218 4690 S.
2254 4635 2473 4691 Thomm
2496 4646 2551 4690 et
2574 4639 2744 4692 sancti
2772 4638 2995 4703 Nicolai,
3026 4643 3077 4695 in
3100 4657 3204 4711 qua
3224 4643 3451 4700 Arsirms

1878 4725 1942 4778 de
1967 4724 2210 4791 Albione,
2242 4726 2367 4780 data
2417 4740 2484 4780 eo
2529 4736 2687 4795 pacto
2735 4728 2859 4784 Loci
2916 4730 3059 4794 villa,
3108 4735 3372 4789 monacho
3419 4751 3449 4789 c

1880 4817 2063 4871 Sancti
2091 4817 2235 4871 Petri
2257 4817 2668 4873 Condorniensis
2691 4822 3015 4876 monasterio
3035 4822 3236 4879 accitos
3252 4825 3451 4883 locavit

1878 4910 2130 4976 precibus
2161 4908 2464 4979 Raymundi
2497 4907 2610 4975 ejus
2640 4910 2841 4976 fratris,
2871 4913 2961 4981 qui
3011 4921 3136 4969 tunc
3164 4913 3447 4974 Condomii

1878 5000 2045 5054 abbas
2072 5008 2211 5054 erat.
2245 4998 2372 5067 Ejus
2404 5000 2505 5053 loci
2532 5001 2813 5055 cmnobitae
2840 5002 3034 5057 saeculo
3060 5003 3268 5061 decimo
3294 5019 3452 5064 sexto

1878 5092 2169 5145 monachos
2192 5091 2434 5145 ecclesia:
2460 5091 2888 5156 Condorniensis,
2916 5108 3033 5161 quae
3068 5094 3121 5149 in
3164 5099 3450 5155 cathedra-

1879 5182 1981 5235 lem
2020 5183 2300 5237 aloanne
2348 5198 2482 5245 χχιι,
2523 5191 2701 5235 erecta
2751 5182 2955 5249 fuerat,
3004 5186 3218 5252 imitati,
3272 5157 3482 5259 togam;

1880 5273 2191 5327 saecularem
2215 5274 2269 5327 in
2301 5273 2591 5328 canonicos
2615 5275 2861 5353 conversi
2886 5275 3191 5332 induerunt.
3227 5277 3450 5336 Brevem

1881 5364 1998 5433 ejus
2031 5364 2388 5419 dedicationis
2414 5364 2661 5418 notitiam
2703 5380 2733 5418 e
2771 5367 3043 5421 chartario
3076 5368 3453 5427 Condomiensi

1878 5456 2125 5510 dabimus
2157 5456 2208 5508 in
2237 5455 2565 5524 Appendice.

1911 5567 2178 5624 CCLXIII.
2208 5567 2409 5621 Leiraci
2444 5571 2747 5643 monasterii
2786 5570 2977 5627 Montis
3012 5572 3119 5627 Alli
3139 5574 3414 5643 conﬁrmat

1898 5700 1901 5701 ν
2528 5636 2797 5694 Cluniaco.

1948 5730 2115 5787 Nonis
2158 5744 2251 5783 seu
2296 5729 2326 5784 7
2385 5727 2469 5783 die
2512 5729 2633 5786 Maii
2682 5732 2823 5787 idem
2869 5733 3102 5803 pontifex
3170 5734 3452 5794 Leiracum
