3892 6320
481 307 585 363 207
1793 301 1852 356 Β.
1890 298 2056 353 CRBA

2180 297 2220 352 ll
2259 297 2460 356 ΡΑΡᾸΞ
3637 312 3735 368 208

484 425 691 494 invisit,
714 425 805 483 ubi
827 425 1097 492 prioratus
1118 432 1199 480 est
1225 422 1431 479 ordinis
1457 417 1851 487 Cluniacensis,
1884 422 2063 492 ibique
2094 436 2142 484 Α
2171 436 2292 476 cum
2346 423 2469 476 aliis
2527 424 2714 478 decem
2745 424 3084 480 consecravit
3114 426 3403 482 ecclesiam
3435 428 3620 484 Sancti
3643 431 3736 484 Sa-

483 522 751 591 rescripto
773 520 840 575 ad
869 520 1141 588 Hugonem
1175 515 1418 571 Cluuiaci
1443 516 1694 571 abbatem
1724 514 1850 570 dato
1872 514 2062 570 cellam

485 612 542 668 S.
575 610 855 666 Michaelis
880 612 947 664 de
984 609 1162 663 Monte
1194 608 1317 662 Alto
1365 623 1488 662 cum
1527 606 1779 662 omnibus
1821 605 1939 674 ejus
1968 621 2064 676 ap-

483 702 749 772 pendiciis
779 701 1038 758 Cluniaco
1060 716 1088 754 a
1117 699 1409 764 Willelmo,
1437 708 1625 770 postea
1656 699 2064 769 archiepiscopo

480 795 783 859 Ausciensi,
815 807 937 852 cum
982 793 1279 848 monachus
1307 790 1483 847 factus
1507 798 1616 857 est,
1643 790 1896 846 collatam
1933 805 2063 845 con-

480 886 739 941 firmavit.
769 885 900 940 Illud
933 885 1256 955 rescriptum
1289 884 1416 939 olim
1450 883 1665 940 dabitur
1689 884 1832 939 inter
1856 882 2060 939 Urbani

479 977 737 1049 epistolas
781 992 851 1034 ex
892 977 1062 1033 veteri
1120 976 1458 1050 apographo,
1509 975 1648 1032 forte
1695 975 2060 1048 autographo,

480 1069 834 1140 descriptum.

479 1180 746 1238 CCLXIV.
779 1180 983 1236 Tolosa:
1019 1180 1111 1234 dat
1156 1181 1485 1250 privilegium
1526 1179 1846 1250 Moyssiaco.
1890 1204 1911 1232 ι
1939 1182 2062 1236 rivi—

997 1251 1187 1320 legium
1214 1251 1273 1305 S.
1301 1250 1548 1305 Orientii.

549 1342 750 1397 Eadem
779 1342 887 1406 die,
916 1342 959 1395 si
990 1358 1094 1395 non
1123 1340 1315 1395 fallunt
1337 1341 1604 1396 chronica
1632 1350 1772 1396 nota
1800 1343 1852 1396 in
1877 1357 2060 1399 exem-

475 1432 582 1503 plis
607 1433 841 1498 nostris,
873 1440 1133 1487 autcerte
1178 1432 1328 1488 locus
1376 1433 1486 1486 dati
1536 1433 1780 1503 rescripti
1814 1434 2060 1490 sincerus

476 1534 583 1589 est,
607 1524 852 1578 Tolosam
880 1524 1096 1579 advenit
1121 1523 1384 1594 pontifex,
1413 1524 1499 1578 ubi
1526 1525 1752 1589 litteras,
1780 1541 1927 1580 num.
1957 1526 2059 1582 192

475 1615 542 1670 ad
570 1615 776 1670 vicinos
813 1615 1095 1684 episcopos
1141 1614 1287 1670 dedit
1318 1615 1371 1668 in
1401 1617 1628 1685 gratiam
1667 1617 2057 1672 monachorum

474 1704 982 1776 Movssiacensium,
1030 1715 1086 1759 ut
1132 1722 1318 1760 eorum
1367 1707 1540 1773 bona,
1584 1708 1812 1778 quisque
1858 1709 1911 1763 in
1959 1724 2055 1765 sua

475 1798 714 1864 dioecesi,
743 1805 1045 1854 tuerentur.

544 1891 672 1946 Post
699 1891 906 1960 aliquot
937 1891 1052 1946 dies
1097 1891 1484 1946 monasterium
1517 1891 1912 1964 Moyssiacense
1941 1894 2054 1968 ipse

469 1979 712 2053 pontifex
759 1981 976 2048 invisit,
1007 1981 1190 2050 ibique
1235 1996 1292 2034 ιιι
1333 1981 1455 2036 ldus
1495 1981 1616 2036 Maii
1661 1983 1796 2038 alias
1845 1984 2055 2038 litteras

472 2079 663 2126 sancto
689 2069 898 2141 Hugoni
924 2069 1140 2125 scripsit
1172 2071 1224 2124 in
1250 2072 1479 2140 gratiam
1509 2074 1899 2127 monachorum
1928 2073 2053 2128 Clu-

471 2161 808 2216 niacensium
853 2161 912 2216 S.
959 2158 1185 2234 Ol‘lelllli
1236 2176 1403 2230 prope
1452 2163 1640 2219 urbem
1695 2165 2052 2226 Ausciorum.

471 2253 688 2322 quibus,
717 2263 778 2306 ut
803 2253 915 2321 jam
946 2269 972 2306 a
1001 2253 1180 2307 Leone
1218 2252 1286 2306 IX
1317 2255 1583 2310 sancitum
1616 2255 1814 2323 fuerat,
1859 2259 2053 2312 confir-

473 2352 586 2396 mat
609 2341 699 2412 jus
729 2343 1052 2406 cameterii.
1097 2343 1205 2397 llas
1235 2343 1447 2400 litteras
1481 2345 1624 2402 idem
1665 2347 1908 2417 pontifex
1949 2349 2054 2404 alio

473 2435 740 2504 rescripto
770 2433 1144 2501 confirmavit,
1175 2442 1236 2489 ut
1261 2433 1488 2491 inferius
1512 2451 1612 2493 suo
1637 2437 1760 2494 loco
1789 2438 2049 2495 dicemus.

472 2523 724 2592 Ejusdem
751 2523 1068 2579 monasterii
1100 2524 1274 2580 altare
1303 2523 1362 2579 S.
1391 2525 1690 2583 Salvatoris
1714 2531 2053 2585 consecravit

475 2614 745 2680 Urbanus,
773 2617 821 2669 si
857 2615 1128 2672 Chronico
1149 2618 1433 2673 credamus
1467 2620 1611 2689 quod
1638 2619 1958 2692 Aymericus
1987 2623 2052 2676 de

471 2703 676 2773 l’eyrac
721 2705 884 2774 hujus
924 2704 1029 2762 loci
1076 2705 1246 2763 abbas
1292 2709 1638 2781 conscripsit.
1686 2710 1832 2768 Idem
1883 2713 2053 2768 refert

471 2793 690 2850 Urbano
722 2794 919 2852 ibidem
962 2797 1229 2856 existente
1259 2814 1424 2855 unum
1457 2802 1786 2857 cardinalem
1817 2805 2049 2870 obiisse,

470 2902 534 2940 ac
568 2887 618 2940 in
651 2902 779 2942 arcu
822 2890 1136 2944 monasterii
1185 2889 1353 2946 fuisse
1392 2893 1738 2957 tumulatum,
1787 2897 1852 2948 ad
1896 2895 2051 2963 cujus

469 2979 767 3048 sepulcrum
812 2994 871 3034 se
919 2981 1117 3036 vidisse
1162 2992 1391 3038 testatur
1432 2986 1486 3038 in
1525 2985 1692 3040 altum
1719 2989 1940 3056 pendere
1965 3005 2052 3040 ra-

469 3071 662 3139 pellum
694 3088 878 3131 suum.
912 3072 1072 3125 nimia
1107 3083 1355 3128 vetustate
1384 3076 1536 3145 quasi
1571 3079 1777 3145 penitus
1807 3093 2050 3132 consum-

468 3171 634 3229 ptum.

470 3272 724 3349 CCLXV.
766 3277 839 3331 To
859 3295 966 3349 osa;
1015 3280 1105 3332 dat
1152 3281 1476 3349 privilegium
1528 3282 1785 3337 Belliloci.
1830 3284 2048 3338 Dedicat

543 3345 811 3401 ecclesiam
838 3347 898 3402 S.
934 3345 1230 3404 Saturnini.
1265 3345 1354 3405 Lis
1383 3356 1658 3408 canonicos
1690 3354 1892 3409 Tolosa:
1920 3359 2054 3408 inter

539 3426 586 3469 et
615 3415 880 3472 Clusinos.

541 3529 791 3585 Tolosam
824 3547 1074 3588 reversus
1119 3535 1360 3603 pontifex
1398 3535 1750 3593 Bellilocense
1775 3549 2052 3594 monaste-

473 3623 611 3674 rium
663 3623 803 3691 apud
854 3623 1192 3689 Lemovices,
1238 3629 1381 3695 quod
1416 3627 1558 3681 nulla
1616 3629 1686 3682 ibi
1743 3641 2056 3684 servaretur

473 3712 755 3790 disciplina
825 3716 1122 3782 regularis,
1175 3717 1514 3772 Cluniacensi
1577 3720 1756 3772 ordini
1806 3721 2051 3784 addixit,

473 3804 614 3858 datis
635 3820 696 3858 ea
733 3806 798 3858 de
830 3821 884 3859 re
912 3806 1103 3860 litteris
1133 3808 1199 3860 ad
1241 3819 1489 3862 sanctum
1534 3808 1814 3879 Hugonem
1851 3810 1939 3865 die
1985 3811 2057 3864 25

474 3898 632 3967 hujus
659 3900 877 3954 mensis.

544 3990 641 4044 Die
670 4001 850 4046 autem
882 3995 1151 4062 sequenti,
1178 3996 1338 4049 idest
1371 4011 1423 4049 ιχ
1454 3994 1723 4051 Kalendas
1754 3995 1921 4062 Junii,
1951 3996 2051 4052 Uro

472 4083 646 4137 bonus
691 4083 976 4139 ecclesiam
1041 4086 1228 4141 Sancti
1283 4083 1564 4141 S.:turnini
1627 4089 1678 4141 in
1705 4091 1894 4143 eadem
1921 4091 2054 4145 urbe

473 4171 789 4228 solemniter
824 4175 1116 4238 dedicavit,
1148 4186 1209 4230 ut
1238 4178 1371 4230 varii
1397 4187 1648 4233 auctores
1673 4181 2052 4247 observarunt,

474 4265 695 4335 ipseque
722 4267 961 4336 pontifex
991 4268 1043 4322 in
1072 4269 1213 4323 bulla
1243 4270 1308 4323 ad
1341 4270 1582 4339 ejusdem
1614 4271 1866 4328 Ecclesia
1894 4289 2056 4329 cano-

474 4359 626 4413 nicos
669 4371 792 4430 post
832 4362 1041 4432 aliquot
1087 4377 1303 4417 menses
1349 4362 1475 4418 data
1507 4371 1740 4420 testatus
1761 4376 1860 4421 est.
1895 4367 2054 4423 Certe

2169 516 2367 570 tttrnini
2393 517 2653 588 martyris
2680 515 2892 572 Tolosa
2917 519 3181 589 epis¢opi,
3216 532 3272 574 et
3293 521 3467 577 altare
3497 522 3550 576 in
3581 523 3737 578 bono-

2169 621 2281 660 rem
2311 607 2549 677 ejusdem
2582 608 2838 679 martyris
2875 609 3273 680 gloriosissimi,
3308 621 3362 667 et
3391 612 3570 668 sancti
3599 614 3738 669 Assi-

2166 698 2326 754 scccli
2355 699 2644 771 martyris;
2680 702 2968 770 posuitque
3000 703 3292 758 maximam
3319 715 3530 772 partem
3560 706 3738 774 capitis

2164 791 2535 862 gloriosissimi
2564 792 2867 859 Saturnini,
2897 795 3266 867 reliquiasque
3293 797 3467 852 saneti
3497 796 3736 854 Assiscc-

2163 881 2231 937 cli
2298 883 2553 954 martyris
2606 892 2662 938 et
2710 884 2937 939 aliorum
2991 895 3325 952 sanctorum,
3376 895 3432 942 et
3490 886 3740 958 reliquias

2163 979 2336 1034 sancti
2367 979 2624 1049 Exuperii
2663 980 2901 1051 episcopi
2941 979 3218 1035 Tolosani.
3250 1001 3268 1034 l

2232 1065 2424 1121 Adhuc
2447 1065 2500 1120 in
2530 1079 2594 1120 ea
2631 1067 2766 1122 urbe
2794 1067 3111 1123 morabatur
3147 1066 3412 1137 pontifex,
3437 1081 3564 1122 cum
3586 1081 3740 1122 cano-

2163 1158 2269 1213 nici
2323 1157 2654 1213 cathedralis
2703 1157 2950 1214 ecclesia
2995 1159 3178 1213 Sancti
3219 1157 3483 1229 Stephani
3515 1159 3584 1213 ad
3625 1174 3738 1214 eum

2161 1249 2415 1319 querelas
2445 1248 2753 1304 detulerunt
2807 1251 3069 1306 adversus
3099 1251 3396 1306 monachos
3427 1249 3621 1306 Sancti
3647 1249 3738 1304 lli-

2161 1339 2365 1394 cbaelis
2409 1339 2476 1393 de
2505 1337 2690 1404 Clusa,
2738 1339 2829 1409 qui
2882 1339 3169 1395 ecclesiam
3217 1337 3434 1395 Sancta
3485 1339 3740 1405 Gavella,

2161 1429 2414 1485 Ecclesia
2444 1429 2726 1485 Tolosaua
2751 1429 3002 1487 collatam
3028 1431 3109 1486 sui
3138 1430 3279 1500 juris
3300 1446 3422 1488 esse
3448 1433 3740 1488 contende-

2160 1519 2311 1574 bant.
2337 1518 2605 1574 Placitum
2632 1520 2774 1590 apud
2807 1521 3064 1576 Sanctam
3087 1521 3313 1577 Mariam
3344 1522 3518 1578 Electi
3553 1521 3744 1577 indixit

2160 1611 2426 1680 pontifex,
2452 1613 2505 1666 in
2535 1627 2642 1682 quo
2673 1612 2739 1668 lis
2769 1613 2875 1668 ista
2925 1613 3304 1679 dirimeretur;
3347 1613 3441 1669 sed
3469 1613 3742 1668 renuentio

2159 1702 2260 1757 bus
2293 1703 2577 1757 monachis
2610 1703 2674 1757 ad
2709 1701 2840 1757 illud
2873 1703 3086 1768 venire,
3141 1702 3418 1774 negotium
3445 1711 3577 1757 tunc
3616 1701 3743 1756 infe-

2085 1769 2132 1828 Β
2159 1802 2306 1849 ctum
2368 1795 2650 1858 remansit,
2699 1796 2855 1867 cujus
2885 1803 3054 1851 totam
3086 1769 3307 1862 seriem,
3340 1794 3436 1850 sed
3461 1810 3588 1865 qua
3616 1794 3742 1850 nihil

2159 1887 2225 1941 ad
2253 1901 2350 1942 nos
2377 1887 2591 1950 attinet,
2616 1887 2805 1942 videre
2825 1896 2911 1943 est
2935 1887 2988 1942 in
3018 1886 3186 1942 veteri
3214 1887 3581 1942 instrumento
3607 1885 3741 1955 apud

2156 1981 2418 2036 Catellum
2446 1981 2586 2037 libro
2618 1997 2651 2036 v
2673 1981 3200 2036 Commentariorum
3238 1979 3484 2035 historia
3526 1977 3740 2034 Occiu-

2158 2071 2282 2134 nia,
2312 2085 2435 2142 pag.
2467 2071 2591 2126 875.
2625 2071 2786 2126 Certe
2833 2071 3057 2126 Clusino
3099 2069 3433 2126 monasterio
3462 2069 3741 2139 complura

2159 2162 2347 2217 harum
2371 2163 2603 2232 partium
2632 2163 2958 2218 monasteria
2986 2161 3226 2232 subjecta
3251 2171 3432 2226 erant,
3457 2161 3604 2216 inter
3630 2176 3741 2230 qua

2156 2269 2218 2307 ex
2252 2252 2455 2308 Urbani
2490 2252 2632 2307 bulla
2647 2269 2767 2324 qua
2788 2254 3015 2319 excidit,
3039 2261 3325 2309 recensent
3349 2251 3739 2307 monasterium

2157 2342 2327 2398 Mansi
2373 2342 2622 2398 Garnerii
2666 2359 2834 2414 prope
2890 2344 3190 2399 Virdunum
3231 2345 3298 2398 ad
3325 2342 3666 2399 Garumnam
3690 2342 3739 2397 in

2155 2436 2379 2492 dioecesi
2409 2435 2700 2503 Tolosana,
2725 2437 2886 2492 hodie
2913 2437 3323 2508 congregationi
3353 2435 3543 2492 Sancti
3572 2434 3739 2490 Mauri

2155 2529 2448 2583 addictum.

2260 2661 2530 2718 CCLXVI.
2550 2662 2932 2720 Carcassonam
2956 2665 3066 2719 adit
3106 2662 3353 2719 Urbanus
3375 2666 3636 2735 pontifex.

2229 2777 2433 2832 ltelicta
2488 2776 2708 2845 Tolosa,
2740 2777 3133 2836 Carcassonam
3181 2780 3425 2850 pontifex
3466 2783 3624 2848 adiit,
3664 2783 3734 2837 uti

2155 2871 2375 2940 exigere
2401 2871 2612 2926 videtur
2638 2871 2879 2928 locorum
2906 2873 3046 2928 situs
3074 2882 3130 2928 et
3167 2874 3379 2928 dierum
3410 2875 3602 2929 series.
3632 2874 3736 2928 Huc

2156 2980 2286 3019 vero
2327 2975 2519 3034 quarta
2547 2965 2704 3032 feria,
2732 2965 2820 3020 die
2856 2965 2911 3019 11
2955 2965 3100 3019 Junii
3141 2965 3452 3032 advenisse,
3492 2976 3654 3036 atque
3688 2967 3734 3021 iu

2158 3072 2220 3112 ea
2254 3059 2386 3114 urbe
2415 3057 2665 3129 exegisse
2686 3058 2926 3128 quinque
2949 3058 3064 3113 dies
3090 3058 3352 3113 discimus
3375 3072 3443 3112 ex
3470 3059 3737 3114 veteribus

2159 3150 2402 3205 historia
2432 3149 2673 3220 ejusdem
2707 3148 2856 3205 urbis
2886 3149 3230 3212 centonibus,
3263 3149 3353 3218 qui
3393 3151 3474 3205 sic
3500 3149 3732 3205 habent:

2155 3244 2307 3295 Anno
2369 3241 2654 3295 Dominica:
2700 3239 3093 3295 lncarnationis
3145 3241 3303 3306 1096,
3358 3241 3734 3304 indictionetr,

2157 3347 2320 3387 Lxxw
2369 3330 2551 3404 “orte,
2586 3329 2714 3384 luna
2744 3329 3056 3402 xx1v]feria
3088 3341 3306 3402 quarta,
3332 3331 3583 3387 Urbanus
3607 3349 3736 3402 papa

2157 3425 2541 3480 Carcassonam
2580 3425 2846 3493 ingressus
2873 3434 2967 3488 est,
3000 3434 3048 3478 et
3078 3425 3263 3478 missas
3290 3424 3483 3478 ibidem
3515 3425 3735 3478 celebra-

2159 3520 2255 3583 uit;
2281 3517 2417 3572 viros
2448 3526 2494 3569 et
2535 3515 2810 3584 defunctos
2846 3517 3150 3570 benedicens
3189 3516 3430 3584 absolvit,
3463 3517 3626 3572 etiam
3652 3533 3731 3570 ec-

2158 3607 2329 3663 clesite
2365 3607 2518 3661 Beati
2552 3605 2802 3671 Nazarii,
2838 3606 2890 3660 itl
2929 3616 3011 3661 est
3042 3605 3390 3671 catltcdralis,
3423 3623 3558 3661 saxa
3590 3610 3731 3660 beat-

2157 3703 2324 3766 dixit;
2361 3715 2481 3770 quae
2502 3699 2730 3763 scilicet,
2756 3709 2812 3754 ut
2851 3701 3238 3769 interpretatur
3281 3697 3515 3764 Beslius,
3538 3700 3604 3754 ad
3627 3714 3734 3768 per-

2160 3794 2446 3849 ﬁciendam
2484 3795 2623 3848 hanc
2661 3792 2945 3848 ecclesiam
2978 3793 3294 3863 jamdudum
3327 3803 3486 3848 antea
3529 3795 3733 3848 inchoa-

2160 3896 2291 3950 tam,
2313 3893 2501 3954 parata
2536 3884 2752 3939 fuerant
2781 3902 2794 3950 ;
2825 3897 2875 3938 et
2901 3884 3235 3954 subscquenti
3261 3895 3408 3938 sexta
3431 3884 3568 3954 [et-ia
3593 3899 3734 3953 super

2158 3979 2321 4031 beata:
2383 3975 2573 4030 Maria:
2633 3992 2836 4044 semper
2882 3977 3097 4047 virginis
3143 3977 3412 4047 sanctique
3449 3976 3730 4031 Saluatoris

2156 4070 2325 4124 altare
2357 4071 2543 4124 missas
2567 4069 2861 4134 celebravit,
2891 4085 3180 4126 sermonem
3213 4071 3361 4124 nobis
3391 4069 3537 4138 fecit,
3566 4085 3733 4123 creme-

2158 4161 2347 4212 terium
2373 4159 2608 4229 propriis
2633 4158 2877 4212 manibus
2920 4158 3050 4213 solis
3079 4160 3381 4229 aspersione
3409 4159 3660 4220 absolvit;
3688 4167 3730 4212 et

2157 4252 2232 4304 sic
2257 4252 2438 4304 diebus
2465 4254 2692 4321 quinque
2714 4251 2978 4304 nobiscum
3006 4263 3378 4316 commoratus,
3407 4251 3539 4305 vivis
3566 4268 3626 4305 ac
3649 4251 3731 4304 de-

2159 4343 2353 4411 functis
2414 4344 2735 4412 consignatis
2775 4359 2893 4396 cnm
2940 4342 3097 4396 laude
3136 4353 3184 4396 et
3210 4342 3509 4412 gratiarum
3540 4343 3731 4396 actione

472 4451 752 4508 paschalis
779 4454 817 4506 ιι
863 4455 916 4508 in
963 4455 1189 4520 epistola
1221 4455 1288 4509 ad
1315 4456 1625 4527 Aragonum
1657 4472 1835 4529 regem
1861 4461 1938 4514 an
1969 4477 2058 4516 ρο,
2093 4471 2134 4524 υ
2163 4433 2419 4486 discessit.
2475 4432 2570 4486 llis
2619 4434 2969 4487 consentiunt
3027 4432 3236 4488 Beslius
3267 4435 3320 4488 in
3359 4433 3601 4489 llistoria
3634 4434 3732 4503 epi-

473 4545 696 4601 clesiam
737 4546 921 4600 Sancti
971 4543 1251 4601 Saturnini
1283 4547 1352 4602 ab
1391 4546 1609 4603 Urbano
1648 4550 1930 4606 decessore
1959 4567 2057 4607 suo

477 4651 598 4691 cum
641 4635 1029 4705 septemdecim
1085 4636 1508 4708 archiepise0pis
1531 4649 1587 4694 et
1615 4640 1888 4710 episcopis
1925 4655 2057 4696 conc

476 4740 766 4787 socratam.
809 4737 862 4782 et
909 4727 1207 4801 privilegiis
1233 4729 1548 4798 apostolicis
1575 4732 1839 4786 munitam
1867 4731 2056 4799 fuisse,

475 4831 533 4875 et
560 4820 798 4874 Amelius
819 4819 1124 4876 Tolosanus
1149 4819 1380 4876 antistes
1404 4820 1748 4877 confirmavit
1776 4822 2057 4894 privilegia

477 4926 510 4966 a
539 4911 802 4980 Gregorio
839 4908 954 4976 VII,
984 4907 1203 4965 Urbano
1233 4909 1275 4964 ll
1303 4919 1358 4966 et
1381 4909 1630 4966 Paschali
1663 4910 1703 4965 ll
1737 4911 1799 4965 de
1820 4910 2058 4966 libertate

477 4999 939 5056 ecclesiae-Sancti
989 4999 1267 5056 Saturnini
1298 5015 1579 5056 concessa.
1608 5001 1712 5057 Sed
1744 5017 1856 5058 rem
1886 5001 2059 5059 fusius

479 5103 699 5163 exponit
732 5096 938 5164 antiqui
954 5095 1204 5152 Chronici
1231 5106 1421 5152 auctor
1443 5098 1583 5167 apud
1605 5097 1893 5166 Catellum,
1919 5099 2058 5156 libro

479 5201 518 5241 ll
551 5183 801 5265 Historia
828 5189 1087 5243 comitum
1115 5188 1343 5255 Tolosa,
1367 5204 1486 5259 cap.
1510 5191 1568 5256 3,
1595 5200 1648 5244 et
1667 5191 1718 5245 in
1748 5192 2059 5262 Appendice

479 5293 545 5332 ex
570 5279 737 5332 veteri
767 5279 864 5332 cod
894 5294 1020 5341 ms.,
1043 5281 1094 5333 in
1120 5297 1226 5350 quo
1249 5281 1360 5336 haec
1387 5280 1637 5349 leguntur
1666 5299 1680 5336 :
1713 5301 1732 5334 ι
1771 5283 1927 5338 Anno
1958 5282 2060 5339 Do-

483 5369 612 5423 mini
637 5368 793 5434 1096,
820 5370 1115 5424 indictione
1144 5387 1216 5432 tv,
1243 5385 1385 5426 nono
1411 5371 1683 5428 Kalendas
1711 5370 1856 5428 Junii
1884 5375 2059 5428 domi-

482 5474 584 5513 nus
643 5474 776 5529 papa
834 5458 1087 5514 Urbanus
1139 5474 1262 5514 cum
1331 5461 1738 5531 archiepiscopo
1799 5461 2060 5520 Tnletauo

477 5549 774 5613 Bernardo,
799 5558 852 5604 et
876 5550 1069 5603 Amato
1092 5549 1406 5621 Burdcgalis
1423 5553 1826 5623 archiepiscopo
1843 5554 2062 5610 Pisano~

481 5657 585 5709 que
615 5642 1022 5711 archiepiscopo
1051 5651 1104 5694 et
1133 5641 1671 5714 Tisanoldlbanensi)
1699 5647 2058 5716 archiepisco-

485 5748 574 5798 po,
604 5733 819 5788 Gailero
847 5733 1084 5788 Alhiensi
1115 5744 1168 5787 et
1199 5733 1358 5790 Petro
1379 5734 1772 5805 Pampiloucnsi
1807 5739 2060 5808 episcopo

2161 4539 2450 4594 scaporum
2504 4524 3060 4591 Carcassonensium,
3127 4537 3179 4580 et
3239 4524 3645 4582 Sammarthani
3685 4527 3732 4580 in

2160 4615 2475 4670 eorumdem
2537 4616 2785 4687 catalogo
2858 4625 3002 4671 tumo
3054 4617 3097 4672 11
3156 4618 3342 4675 Gallia
3395 4619 3729 4676 Christiana.

2160 4703 2332 4759 Porro
2377 4706 2597 4760 abbatia
2641 4705 2855 4761 Sancta
2888 4706 3072 4762 Maria
3113 4719 3171 4762 et
3200 4708 3386 4765 Sancti
3422 4709 3728 4772 Salvatoris,

2161 4794 2315 4864 cujus
2365 4795 2456 4851 hic
2493 4796 2667 4852 altare
2697 4808 3059 4863 memoratur,
3099 4801 3152 4854 in
3178 4800 3438 4857 suburbio
3458 4804 3731 4859 Carcasso-

2161 4904 2315 4946 nenst
2365 4892 2493 4960 sita,
2543 4892 2744 4948 saeculo
2784 4896 3033 4964 sequenti
3089 4897 3307 4952 transiit
3361 4898 3429 4951 ad
3453 4897 3732 4952 canonicos

2161 4984 2492 5051 saeculares;
2527 5000 2648 5055 qua
2685 4996 2872 5055 postea
2934 4987 2984 5041 in
3020 4985 3389 5057 Albigensium
3430 4988 3639 5044 bellicis
3661 4999 3734 5040 tn-

2163 5075 2428 5131 multibus
2475 5077 2774 5142 destructa,
2827 5079 3065 5143 tandem,
3099 5094 3192 5134 seu
3249 5080 3451 5150 potius,
3477 5079 3627 5137 locus
3655 5079 3734 5133 ubi

2162 5169 2264 5224 sita
2293 5179 2428 5233 erat,
2461 5168 2718 5226 Patribus
2747 5170 3038 5242 Capucinis
3063 5171 3246 5235 cessit,
3284 5173 3375 5243 qui
3408 5173 3481 5228 ibi
3515 5188 3737 5228 οοιινειιο

2165 5269 2276 5314 tum
2302 5259 2525 5315 habent.
2551 5259 2690 5316 Huic
2716 5261 2858 5328 loco,
2891 5263 2966 5316 ιιιί
2989 5263 3242 5318 observat
3263 5264 3496 5328 Beslius,
3521 5273 3737 5338 praem:

2163 5366 2310 5406 anno
2361 5350 2497 5406 1085
2550 5351 2778 5408 Pontius
2827 5355 3034 5422 abbas;
3087 5357 3180 5411 sed
3229 5372 3296 5410 an
3340 5368 3467 5412 tunc
3490 5359 3661 5413 adhuc
3687 5358 3734 5410 iu

2163 5446 2301 5500 vivis
2356 5453 2519 5510 esset,
2571 5449 2788 5514 quando
2825 5448 3077 5505 Urbanus
3131 5452 3236 5506 huc
3258 5453 3515 5517 accessit,
3542 5453 3733 5507 income

2165 5547 2376 5608 pertum
2434 5547 2538 5594 est.
2600 5539 2793 5595 Petrus
2839 5557 2968 5596 vero
3013 5542 3268 5598 Ecclesia
3293 5541 3730 5599 Carcassonensis

2169 5637 2293 5683 tunc
2321 5629 2606 5701 cpiscopus
2629 5641 2765 5687 erat.
2791 5633 2982 5689 Exstat
3013 5635 3065 5688 in
3094 5635 3332 5705 ejusdem
3348 5634 3503 5691 urbis
3523 5633 3728 5691 dioecesi

2164 5720 2343 5776 nobile
2369 5723 2754 5779 monasterium
2782 5725 2956 5782 Beata
2969 5726 3152 5783 Maria
3165 5725 3454 5795 deCrassa;
3474 5728 3557 5783 cui
3577 5726 3725 5780 etiam
