3892 6320
159 442 258 502 2(9

1654 443 1829 501 VITA.

3278 445 3384 502 930

161 555 395 612 Urbanus
439 555 795 626 privilegium,
837 556 932 613 sed
982 557 1123 626 quod
1161 556 1384 620 excidit,
1421 555 1713 612 indulsisse
1739 564 1788 620 Α
1818 556 1927 612 alia
1971 555 2252 629 privilegia
2297 559 2472 614 eidem
2523 558 2780 616 Ecclesia
2806 558 3045 624 donavit,
3068 568 3123 614 et
3145 553 3386 615 secundo

160 643 342 700 dicitur
364 644 417 699 in
435 646 877 715 subsequentium
908 647 1221 702 oontiﬁcum
1243 647 1423 702 bullis.

157 754 434 814 CCLXVII.
474 757 599 811 Adit
635 767 745 812 tum
789 757 1075 879 Ttl‘nterias.
1118 756 1454 829 Privileginm
1489 755 1708 830 Pampi-

861 845 995 879 οηω.

861 845 995 882 οηω.

218 912 339 969 Inde
385 912 658 984 profectus
701 914 952 971 Urbanus
1001 916 1340 972 nativitatem
1389 916 1567 974 sancti
1621 916 1712 974 Jo-

157 1005 304 1062 annis
348 1003 602 1076 Baptista:
653 1006 709 1060 in
741 1005 1119 1062 Tomeriarum
1168 1006 1386 1078 oppido,
1407 1008 1626 1064 nomine
1653 1017 1712 1065 et

158 1096 465 1153 monasterio
493 1095 678 1154 Sancti
700 1096 900 1165 Pontii,
916 1099 1057 1168 quod
1075 1099 1128 1154 in
1147 1099 1511 1156 cathedralem
1536 1099 1710 1156 eccle-

159 1185 280 1240 siam
325 1193 508 1254 postea
564 1195 805 1243 erectum
844 1198 948 1255 est,
992 1189 1252 1260 insignito
1279 1190 1593 1256 celebravit,
1617 1191 1707 1248 ubi

159 1272 249 1328 hac
300 1273 409 1342 ipsa
451 1275 540 1330 die
589 1275 938 1334 conﬁrmavit
996 1279 1278 1352 privilegia
1335 1281 1547 1351 aliaque
1585 1280 1706 1350 jura

83 1389 86 1392 λ
159 1361 386 1418 Ecclesia:
404 1362 850 1435 Pampilonensis.
876 1368 1030 1438 cujus
1048 1371 1345 1428 diceceseos
1372 1372 1571 1428 limites
1595 1374 1706 1429 sin-

159 1452 356 1522 gulatim
377 1458 667 1525 expressit.
701 1459 850 1516 Bulla
883 1463 1159 1531 pontiﬁcia
1185 1477 1249 1519 ea
1280 1464 1346 1519 de
1373 1479 1432 1519 re
1456 1463 1618 1521 Petro
1639 1467 1706 1522 de

159 1543 289 1596 ﬁoda
316 1559 405 1600 seu
427 1546 494 1600 de
520 1546 661 1602 Rota
690 1549 931 1617 ejusdem
956 1553 1107 1607 urbis
1134 1554 1407 1624 episcopo,
1431 1555 1520 1625 qui
1544 1565 1705 1611 antea

158 1631 489 1692 Tomeriensis
513 1640 815 1696 monachus
845 1625 1044 1707 fuerat,
1079 1643 1340 1713 inscripta
1363 1654 1466 1699 est.

275 1725 581 1784 CCLXVIII.
634 1729 974 1801 Magalmtam
997 1749 1264 1788 consecrat
1299 1733 1561 1789 Urbanus.

219 1814 469 1871 Urbanum
485 1809 695 1874 exinde
715 1822 781 1876 ad
805 1822 1390 1893 Montempcssulanum
1418 1825 1704 1881 divertisse

1811 646 1934 702 loco
1979 656 2101 718 post
2146 646 2447 702 Romanam
2472 648 2766 704 Ecclesiam
2800 647 3260 703 honoriﬁcandam
3286 645 3384 702 de-

1809 739 2001 805 crevit,
2025 748 2081 794 et
2109 748 2165 793 ut
2191 754 2249 794 se
2271 739 2456 795 ﬁdeles
2491 740 2557 795 de
2585 742 2998 809 quibuscunque
3017 739 3155 795 locis
3181 738 3386 795 ibidem

1811 828 2028 898 sepeliri
2072 827 2318 884 facerent
2350 829 2642 901 diligenter
2669 828 2897 884 monuit.
2927 829 2994 884 Et
3016 837 3148 884 tunc
3176 826 3385 884 consti-

1811 929 1987 976 tutum
2013 931 2100 978 est
2123 922 2193 977 ab
2222 921 2337 992 ipso
2359 920 2654 977 Gotofredo
2683 921 2936 992 episcopo
2961 929 3044 986 ut,
3070 920 3125 974 in
3152 931 3387 976 comme-

1810 1012 2113 1068 moratione
2159 1027 2222 1068 ac
2278 1012 2627 1068 veneratione
2660 1010 3020 1083 processionis
3052 1009 3382 1081 huiusmodi,

1809 1101 2037 1172 singulis
2081 1103 2240 1157 annis
2266 1118 2295 1157 a
2319 1103 2466 1158 clero
2494 1111 2548 1158 et
2596 1101 2793 1172 populo
2823 1102 2925 1156 hac
2949 1100 3036 1156 die
3061 1101 3114 1155 in
3151 1100 3383 1157 circuitu

1809 1193 1968 1248 dicta:
1991 1194 2238 1249 ecclesiae
2277 1195 2552 1264 processio
2586 1193 2843 1250 solemnis
2872 1193 2984 1257 ﬁat,
3011 1202 3065 1246 et
3100 1191 3381 1248 duodecim

1809 1295 2074 1352 pauperes
2100 1283 2438 1338 reﬁciantur.

1807 1391 2079 1448 CCLXIX.
2111 1393 2264 1464 Apud
2292 1393 2857 1467 Montempessulanum
2894 1395 3000 1467 agit
3043 1396 3107 1450 de
3131 1394 3380 1450 electione

2295 1466 2518 1534 episcopi
2552 1465 2884 1520 Parisiensis.

1874 1552 2032 1624 Apud
2070 1552 2678 1624 Montempessulanum,
2715 1572 2834 1624 qua:
2856 1559 2983 1614 urbs
3011 1559 3173 1614 hodie
3197 1557 3383 1629 Maga-

1805 1645 2048 1702 Ioneusis
2101 1646 2339 1716 episcopi
2387 1647 2544 1702 sedes
2593 1657 2692 1711 est,
2728 1651 2967 1718 pontifex
3001 1660 3223 1719 rogante
3255 1667 3382 1722 rege

1805 1737 2050 1811 Philippo
2079 1739 2146 1794 de
2195 1738 2458 1794 electione
2501 1738 2768 1795 Guillelmi
2802 1743 2854 1796 iu
2881 1743 3190 1814 episcopum
3231 1743 3381 1797 Pari-

1807 1829 2041 1884 siensem
2073 1829 2382 1898 inquisivit;
2435 1831 2634 1898 quippe
2663 1833 2751 1898 qui
2789 1831 3058 1886 nonnullis
3078 1833 3146 1887 ob
3173 1833 3232 1892 id,
3257 1832 3378 1886 ﬁdei

159 1920 213 1959 ex
233 1903 388 1960 Ivonis
406 1905 705 1964 Carnoteni
733 1912 976 1980 epistolis
994 1913 1151 1968 facile
1181 1913 1483 1983 colligitur;
1518 1924 1568 1967 at
1597 1931 1703 1970 non
1736 1903 1778 1956 Β
1804 1921 1978 1975 dubiae
2029 1923 2336 1996 habebatur
2380 1924 2522 1990 quod
2547 1921 2865 1978 Guillelmus
2912 1923 3000 1978 ille
3028 1923 3232 1979 electus
3253 1923 3380 1977 Ber-

164 2001 224 2054 ita
259 2007 497 2055 constans
547 2011 637 2056 est
682 2005 820 2074 apud
863 2005 1082 2071 multos,
1108 2021 1177 2060 an
1211 2006 1440 2060 insulam
1473 2006 1706 2076 Megalo-

167 2105 363 2154 nensem,
397 2092 542 2160 quod
594 2093 664 2146 ab
718 2109 782 2149 eo
809 2096 1064 2166 pontiﬁce
1097 2097 1200 2152 hoc
1253 2105 1350 2152 aut
1377 2099 1704 2168 praecedenti

175 2192 286 2231 anno
305 2179 486 2232 factum
520 2179 696 2236 fuisse
719 2185 1065 2240 consentiunt
1115 2201 1324 2254 omnes,
1356 2197 1484 2243 tunc
1513 2203 1705 2243 conse-

172 2267 370 2321 craverit.
423 2269 598 2324 Certe
651 2273 696 2326 si
745 2288 888 2329 anno
941 2275 1079 2330 1095
1108 2277 1391 2332 Astensem
1417 2276 1702 2332 ecclesiam

174 2360 369 2417 Urbanus
397 2363 450 2417 in
481 2363 693 2420 Gallias
726 2381 1045 2436 properans,
1098 2370 1175 2424 uti
1209 2370 1462 2432 diximus,
1493 2370 1704 2424 dedica-

163 2450 272 2503 verit
302 2449 557 2507 Kalendis
584 2453 712 2524 ipsis
739 2455 892 2519 Julii,
941 2459 1047 2513 dici
1075 2474 1180 2513 non
1213 2467 1394 2529 potest
1429 2475 1550 2513 eum
1575 2475 1702 2516 exe-

157 2551 260 2595 uute
287 2541 433 2599 Junio
488 2544 740 2615 ejusdem
791 2551 915 2603 anni
981 2550 1276 2622 Magaloute
1307 2552 1605 2607 exstitisse.
1637 2554 1704 2608 Et

159 2633 341 2699 quidem
368 2636 410 2691 si
433 2636 536 2692 sibi
572 2648 846 2695 constaret
889 2642 1158 2698 Arnaldus
1183 2643 1251 2700 de
1275 2645 1504 2700 Verdala
1528 2645 1704 2717 Maga-

157 2718 362 2779 lonensis
400 2725 692 2797 episcopus
743 2728 796 2782 in
829 2731 971 2785 serie
1016 2747 1237 2786 suorum
1265 2741 1698 2798 autecessorum,

153 2811 274 2865 nulla
314 2828 602 2884 superesse
651 2816 927 2872 videretur
960 2819 1265 2876 ditlicultas.
1297 2823 1365 2876 At
1409 2821 1614 2884 illeres
1643 2833 1702 2879 et

155 2911 361 2974 tempora
389 2908 694 2964 confundit.
727 2910 779 2964 Is
805 2912 949 2966 enim
980 2912 1120 2968 hanc
1151 2914 1340 2968 insula:
1369 2917 1701 2972 benedictio-

151 3008 267 3048 nem.
295 3011 428 3052 anno
467 2999 613 3055 1096
654 3002 957 3072 consignat,
991 3005 1084 3058 sed
1132 3006 1316 3061 statim
1344 3008 1392 3063 ei
1421 3009 1701 3079 subjuugit

153 3086 334 3142 concilii
374 3088 740 3146 Arvernensis
785 3093 1236 3164 celebrationem;
1295 3102 1438 3168 quod
1479 3102 1696 3171 quidem

153 3177 401 3234 concilium
451 3197 601 3236 anno
643 3184 776 3238 1095
815 3186 1054 3243 habitum
1089 3190 1253 3247 fuisse
1273 3207 1437 3248 nemo
1463 3194 1694 3250 inﬁciari

155 3277 320 3336 potest.
357 3270 411 3329 Si
446 3281 630 3331 tamen
685 3279 826 3333 notis
867 3281 1161 3349 chronicis,
1208 3299 1342 3354 quas
1389 3285 1478 3341 ille
1505 3295 1698 3344 auctor
1724 3253 1766 3311 ϐ

157 3359 352 3430 profert,
392 3375 541 3422 stare
588 3367 842 3434 velimus,
891 3381 945 3426 et
992 3384 1140 3430 certe
1193 3376 1362 3432 multo
1405 3377 1619 3436 facilius
1642 3381 1696 3436 in

153 3451 441 3522 assignando
465 3473 616 3514 antro
636 3475 796 3529 quam
828 3462 881 3515 in
906 3465 1048 3520 notis
1073 3467 1344 3524 chronicis
1375 3470 1692 3538 referendis,

157 3559 269 3612 quas
309 3548 416 3619 ipse
453 3568 564 3607 non
611 3553 828 3610 videtur
868 3560 1226 3630 excogitasse,
1256 3561 1366 3616 falli
1405 3564 1605 3634 potuit;
1643 3567 1693 3620 id

154 3633 209 3687 ab
234 3634 434 3695 Urbano
489 3645 793 3712 praestitum
847 3646 1016 3704 fuisse
1045 3650 1146 3706 hoc
1189 3668 1334 3708 anno
1368 3655 1501 3710 I096
1527 3656 1694 3710 multo

153 3725 464 3786 verisimilius
513 3743 620 3797 est,
674 3751 797 3792 cum
839 3738 1043 3794 scilicet
1069 3741 1122 3796 in
1153 3742 1361 3798 Italiam
1390 3747 1689 3815 repedaret.

154 3811 236 3870 llic
277 3835 458 3891 nempe
505 3835 699 3880 auctor
743 3828 820 3882 ait
871 3831 1179 3899 pontiﬁcem
1230 3835 1282 3888 in
1321 3811 1688 3905 apostolorum

151 3910 400 3975 pervigilio
464 3915 803 3983 Magalonam
847 3917 1152 3989 advenisse,
1209 3941 1273 3982 ac
1322 3931 1556 3984 secunda
1604 3934 1687 3988 sui

154 3998 380 4058 adventus
427 4008 532 4072 die,
565 4026 683 4079 qua:
735 4011 1009 4069 Dominica
1037 4033 1170 4082 erat,
1202 4019 1432 4074 insulam
1470 4023 1689 4079 benedi-

153 4086 300 4156 xisse;
361 4111 477 4166 qua
527 4100 747 4169 quidem
803 4112 945 4158 nota:
991 4121 1331 4176 nequaquam
1360 4127 1504 4168 anno
1531 4114 1686 4179 1095,

151 4181 340 4273 oilinino
388 4201 516 4244 vero
566 4190 722 4257 1096,
761 4196 1106 4251 conveniunt.
1149 4197 1261 4255 Hoc
1293 4203 1490 4273 quippe
1521 4221 1684 4269 anno,

151 4265 244 4323 dies
268 4271 330 4328 29
355 4275 520 4346 Junii,
548 4283 753 4338 sanctis
773 4283 931 4339 Petro
955 4295 1010 4340 et
1033 4287 1200 4344 Paulo
1223 4265 1401 4359 sae-ra,
1424 4265 1484 4348 in
1513 4294 1688 4350 Donu-

152 4359 300 4452 tticam
331 4367 615 4428 incidebat.
648 4373 755 4430 Sed
783 4376 1142 4448 referrejuvat
1170 4383 1435 4452 integrum
1462 4386 1685 4445 Arnaltli

149 4447 319 4550 locum,
355 4460 404 4513 in
435 4477 546 4532 quo
573 4467 752 4520 omnia
783 4467 986 4524 Urbani
1009 4474 1148 4542 apud
1176 4447 1508 4545 Mag—alonam
1531 4494 1684 4550 gesta

150 4545 308 4648 pett-cis
334 4550 513 4606 verbis
541 4569 908 4624 repraesentat.
945 4578 963 4610 ι
1001 4563 1180 4628 Anno,
1216 4567 1408 4636 inquit,
1435 4545 1596 4636 109b,
1630 4574 1682 4626 in
1717 4589 1766 4648 ι)

149 4631 301 4730 Vigilia
322 4644 684 4711 apostolorum
718 4647 864 4704 Petri
888 4661 942 4706 et
960 4652 1135 4720 Pauli,
1172 4631 1424 4715 Urbanus
1452 4631 1592 4730 papa
1617 4664 1680 4730 ll,

149 4723 222 4790 qui
245 4728 305 4782 ad
349 4732 639 4793 visitaudas
685 4748 738 4793 et
783 4743 1178 4800 conlirmandas
1211 4747 1396 4803 Galliae
1422 4723 1683 4809 ecclesias

147 4813 284 4911 bipes
298 4826 596 4893 transierat,
613 4829 678 4883 ad
700 4845 887 4899 preces
907 4831 1183 4892 Cotofredi
1205 4840 1440 4911 epiSCOpi
1464 4841 1686 4899 intravit

149 4904 472 4982 Ilagannam,
523 4920 705 4990 ibique
735 4925 884 4979 stetit
912 4941 1008 4996 per
1033 4904 1270 4999 quinque
1295 4904 1438 4999 dies;
1473 4945 1529 4989 et
1557 4945 1683 4992 tunc

149 5006 351 5059 secunda
407 5009 494 5065 die
538 5011 805 5070 adventus
855 5019 948 5072 sui.
1006 5021 1214 5077 scilicet
1257 5024 1344 5079 die
1380 5027 1679 5096 Dominica,

150 5103 445 5188 congregato
504 5105 672 5159 totius
709 5121 844 5175 pene
895 5109 1292 5181 Magalonensis
1340 5118 1682 5188 episcopatus

149 5181 270 5240 clero
324 5200 375 5246 et
413 5196 627 5266 populo,
663 5214 913 5258 sermone
959 5203 1123 5272 facto,
1174 5207 1553 5266 assistentibus
1594 5229 1680 5268 ar-

150 5272 469 5376 fbit‘piscoms
511 5288 709 5344 Pisano
755 5302 809 5346 et
855 5294 1269 5364 Tarraconensi,
1310 5315 1373 5355 ac
1409 5303 1680 5376 episcopis

149 5359 430 5439 Albaneusi,
478 5376 743 5448 Signensi,
803 5382 1156 5443 Nemausensi
1187 5401 1242 5443 et
1284 5359 1678 5461 Magalonen‘si,

149 5465 466 5546 presentibus
525 5472 726 5527 comite
796 5473 1305 5546 Substantionensi,
1381 5483 1678 5540 Guillermo

150 5537 576 5644 Mtill-lispessulani
593 5563 826 5643 domino,
852 5566 1239 5626 confluentibus
1263 5574 1496 5644 undique
1523 5585 1678 5632 terra:

151 5632 404 5709 nobilibus,
433 5655 597 5704 totam
633 5634 864 5709 insulam
894 5657 1323 5729 Magalonensem
1362 5632 1678 5723 solemniter

151 5733 464 5826 Cpnsecravit,
497 5751 549 5796 et
569 5746 821 5801 omnibus
854 5749 906 5802 in
933 5766 996 5806 ea
1025 5753 1247 5822 sepultis
1278 5767 1331 5810 et
1357 5758 1677 5826 sepeliendis

154 5811 496 5885 absolutionem
520 5836 756 5891 ouinium
778 5839 1091 5899 delictorum
1122 5849 1408 5912 concessit,
1435 5860 1484 5904 ct
1508 5852 1674 5907 nnilta

1809 2011 1995 2074 tradas,
2016 2025 2176 2078 quam
2215 2009 2519 2080 Philippus,
2559 2026 2727 2066 uxore
2751 2013 3051 2082 repudiata,
3078 2012 3181 2066 sibi
3214 2027 3382 2080 copu-

1805 2102 2034 2166 laverat,
2086 2100 2260 2155 frater
2312 2111 2476 2166 esset,
2519 2116 2580 2156 ae
2635 2103 2856 2172 proinde
2884 2103 3034 2159 locus
3057 2113 3174 2158 erat
3203 2104 3378 2173 suspi-

1803 2190 1960 2243 candi
1996 2205 2064 2244 ne
2091 2206 2118 2244 a
2148 2191 2296 2245 clero
2325 2191 2620 2246 Parisiensi
2649 2193 2834 2247 favore
2859 2193 3039 2262 aliquo
3059 2203 3150 2248 aut
3184 2194 3378 2249 timore

1806 2280 2043 2335 humano
2090 2281 2178 2335 ille
2227 2282 2529 2350 postulatus
2590 2281 2802 2338 fuisset.
2854 2283 2988 2339 Rem
3037 2285 3090 2338 in
3135 2285 3380 2354 partibus

1803 2375 2215 2429 examinandam
2234 2375 2380 2429 Ivoni
2397 2376 2715 2431 Carnotensi
2732 2378 3005 2447 episcopo,
3034 2379 3152 2433 viro
3168 2379 3379 2449 integro

1802 2476 1855 2519 ct
1903 2465 1971 2519 ab
2023 2465 2166 2519 onmi
2223 2465 2529 2520 adulatione
2580 2467 2734 2522 valde
2781 2467 2978 2533 alieno,
3033 2469 3122 2536 qui
3166 2477 3294 2523 tunc
3319 2469 3375 2524 in

1805 2558 2043 2612 Ilomana
2110 2559 2262 2613 curia
2315 2559 2653 2627 versabatur,
2693 2563 2962 2616 commisit
2992 2562 3261 2626 Urbanus,
3300 2564 3376 2618 ita

1805 2658 1863 2702 ut
1896 2648 1942 2703 si
1974 2664 2190 2704 omnem
2221 2650 2478 2706 Simonite
2502 2652 2861 2722 suspicionem
2885 2653 3199 2722 juramcnlo
3228 2670 3378 2712 amo-

1804 2735 2033 2791 Iirentur
2057 2739 2302 2793 canonici
2327 2739 2689 2805 Parisienses,
2718 2740 3034 2798 Guillclmus
3065 2760 3094 2798 a
3117 2743 3374 2800 Richerio

1803 2826 2109 2883 Seuoneusi
2131 2844 2229 2884 suo
2255 2829 2422 2900 ipsius
2473 2831 2882 2901 metropolitano
2910 2833 3148 2887 ordinari
3173 2845 3377 2903 posset,

1802 2917 2006 2972 indulta
2034 2919 2082 2972 ei
2107 2920 2207 2974 hac
2227 2920 2399 2976 solum
2443 2922 2753 2988 occasione,
2796 2921 2941 2991 pallii
2981 2925 3166 2979 utendi
3201 2925 3374 2982 licen-

1803 3010 1900 3073 tia,
1936 3026 2056 3079 qua:
2103 3010 2244 3080 eiin
2277 3012 2506 3068 concilio
2543 3014 2896 3080 Arverneusi,
2937 3014 3008 3070 ob
3052 3017 3376 3087 denegatam

1804 3098 2009 3166 llugmli
2038 3100 2380 3171 Lugdunensi
2405 3104 2620 3174 primati
2671 3105 3058 3171 obedientiam,
3085 3108 3375 3166 interdicta

1802 3191 1996 3246 fuerat.
2028 3193 2094 3247 Et
2124 3194 2339 3262 quidem
2385 3209 2506 3251 cum
2536 3197 2660 3253 dato
2682 3208 3030 3254 sacramento
3057 3201 3245 3258 clerici
3268 3202 3370 3257 Pa-

1802 3282 2057 3340 risienses
2103 3285 2420 3340 electionem
2462 3302 2492 3342 a
2544 3289 2737 3359 seipsis
2786 3289 2984 3346 factam
3032 3305 3369 3364 purgassent,

1799 3373 2118 3430 Guillelmus
2167 3387 2294 3431 ante
2343 3378 2540 3434 festum
2589 3382 2761 3437 sancti
2803 3383 3084 3454 Remigiis
3120 3386 3375 3440 Richerio

1797 3467 2082 3523 ordinatus
2140 3467 2259 3523 fuit.
2321 3470 2373 3524 ld
2403 3481 2589 3525 narrat
2624 3472 2736 3541 ipse
2763 3473 2854 3527 lvo
2884 3473 2936 3528 in
2961 3474 3204 3544 epistolis
3228 3475 3296 3530 50
3319 3484 3375 3529 et

1750 3583 1752 3585 -
1798 3556 1890 3621 54,
1919 3559 2007 3628 qui
2034 3557 2146 3624 jam
2172 3570 2298 3614 ante
2323 3561 2452 3615 illud
2482 3572 2693 3631 tempus
2720 3564 2772 3617 iu
2805 3564 3043 3632 ejusdem
3065 3565 3220 3620 electi
3249 3583 3372 3636 gra-

1797 3647 1925 3700 tiam
1959 3648 2270 3716 scripserat,
2318 3652 2476 3720 epist.
2524 3649 2618 3716 45,
2640 3653 2783 3721 quod
2811 3653 2920 3721 ille,
2971 3663 3160 3725 utpote
3186 3657 3238 3710 in
3267 3657 3370 3710 Ec-

1795 3743 1959 3796 clesia
2019 3743 2338 3801 Caruoteusi
2383 3749 2672 3812 emitr-itus,
2725 3750 2892 3820 probe
2938 3753 2986 3806 ei
3016 3763 3179 3806 notus
3200 3760 3365 3807 esset.

1795 3835 1896 3890 IIic
1944 3852 2108 3906 porro
2127 3839 2418 3894 observare
2441 3839 2595 3906 juvat
2624 3837 2802 3910 quam
2823 3842 3073 3898 Urbanus
3103 3845 3369 3901 sollicitus

1792 3927 1960 3981 interit
2016 3943 2082 3982 ne
2147 3929 2198 3982 in
2256 3930 2686 3986 ordinationibus
2729 3933 3103 4002 episcoporum
3163 3936 3367 4004 aliquid

1793 4019 2003 4075 sinistri
2045 4021 2362 4090 obreperet;
2408 4022 2510 4078 has
2546 4023 2693 4077 enim
2738 4025 2808 4079 ob
2838 4024 2892 4078 id
2915 4024 3087 4079 solum
3117 4026 3367 4082 adhibuit

1793 4111 2073 4166 cautiones
2119 4109 2564 4179 vigilantissimus
2619 4112 2885 4184 pontifex,
2942 4125 3002 4170 ut
3033 4115 3118 4171 vel
3148 4132 3364 4174 omnem

1794 4203 1918 4257 mali
1944 4204 2178 4274 speciem
2207 4206 2274 4260 ab
2297 4207 2396 4263 hac
2417 4207 2681 4264 electione
2706 4209 3041 4264 amoliretur.

1789 4315 2041 4370 CCLXX.
2080 4316 2335 4372 Nemnusi
2376 4319 2655 4374 concilium
2701 4321 2926 4376 celebrat
2958 4321 3224 4378 Urbanus.
3264 4323 3366 4378 Ec-

1859 4387 2101 4460 c_lesinm_
2143 4388 2510 4460 cathedralemi
2562 4407 2851 4446 consecrat.
2919 4393 3008 4447 Lis
3067 4397 3363 4460 episcopum

1863 4455 2063 4533 Tolosa:
2086 4458 2222 4533 inter
2249 4469 2294 4510 et
2324 4459 2599 4533 canonicos
2728 4461 3032 4533 Saturnini.
3083 4455 3362 4533 l’rivilegiu

1862 4524 1919 4602 S_.
1947 4523 2222 4578 Saturnini
2249 4528 2594 4602 conﬁrmata:
2618 4529 2964 4602 Figiacenses
2993 4535 3132 4587 inter
3151 4545 3196 4584 et
3223 4523 3366 4587 Gon-

1865 4596 2074 4670 {penses
2122 4599 2502 4670 controversia.
2565 4596 2860 4670 Rayntundi
2911 4603 3075 4656 cessio
3125 4604 3264 4670 facta
3301 4603 3362 4657 S.

1864 4663 2075 4734 Egidio.
2107 4665 2481 4741 ﬁivipullensis
2506 4663 2805 4724 monasterii
2822 4673 2952 4741 jura
2981 4663 3206 4741 serra-ta.
3242 4671 3364 4726 Pri-

1860 4745 2034 4809 ntotus
2075 4734 2429 4809 ALugd‘unensi
2483 4741 2719 4809 episcOpo
2771 4734 3024 4795 (λέπει-ιω.
3083 4739 3363 4796 Guibertus

1860 4803 2021 4879 abbas
2052 4803 2520 4879 Antisciodorenais
2580 4803 2860 4879 depositus.
2897 4810 3093 4863 ΑνδρΗὶ
3120 4810 3362 4865 Bellova-

1859 4875 2390 4948 rcnsi._electi_ca_ttsn
2424 4875 2696 4947 suspensa.
2757 4880 2834 4932 An
2863 4880 3138 4948 Philippus
3172 4898 3262 4934 rex
3292 4883 3362 4935 ibi

1863 4943 2134 5020 depositus
2273 4943 2524 5020 Monac/ii
2575 4951 2842 5003 vindicati.
2908 4943 3246 5020 Pribilegium
3297 4952 3358 5006 S.

1860 5011 2078 5066 Martini
2104 5033 2136 5068 a
2164 5013 2396 5085 Campis.

1861 5124 2083 5179 Ineunte
2143 5143 2328 5180 Iliense
2385 5129 2528 5183 Julio
2583 5130 2834 5184 Urbanus
2890 5129 3177 5199 Nemausi,
3242 5148 3361 5201 qua:

1784 5217 1980 5269 nobilis
2027 5227 2112 5270 est
2165 5218 2531 5275 Narbonensis
2586 5223 2880 5290 provincia:
2940 5225 3163 5290 civitas,
3218 5241 3354 5280 con—

1782 5307 1962 5363 cilium
2017 5309 2225 5376 habuit,
2279 5315 2418 5379 quod
2462 5314 2530 5366 ab
2579 5329 2644 5368 eo
2697 5315 2928 5383 primum
2977 5316 3356 5371 Arelatamin-

1785 5396 1988 5449 dictum
2041 5397 2208 5452 fuisse
2262 5415 2326 5452 ex
2380 5397 2618 5465 ejusdem
2678 5404 2953 5470 pontiﬁcis
3002 5405 3227 5474 epistola
3289 5407 3356 5460 ad

1787 5486 2096 5541 Richeriutn
2151 5489 2521 5543 Senonensem
2582 5494 2740 5546 modo
2791 5493 3003 5548 laudata
3029 5493 3138 5562 jam
3171 5497 3357 5550 obser-

1784 5583 2052 5635 vavimus.
2099 5583 2154 5635 In
2203 5597 2267 5637 eo
2296 5583 2525 5638 concilio
2566 5587 2820 5640 nonnulla
2861 5589 3054 5656 quaain
3085 5590 3358 5658 prioribus

1780 5671 2001 5741 synodis
2028 5680 2228 5726 statuta
2264 5672 2500 5741 fuerant,
2528 5677 2840 5730 conﬁrmata
2876 5675 3056 5736 fuere.
3103 5681 3359 5734 nonnulla

1779 5763 1941 5816 etiam
1963 5765 2029 5816 de
2057 5778 2197 5818 novo
2226 5766 2452 5832 sancita,
2481 5782 2600 5838 quae
2631 5768 2787 5823 simul
2827 5769 3101 5823 sexdecim
3141 5772 3361 5823 canoni-

1782 5854 1880 5908 bus
1909 5855 1961 5907 in
1997 5854 2223 5927 vulgatis
2251 5858 2598 5914 conciliorum
2631 5859 2956 5915 editionibus
3000 5861 3360 5928 comprchen~
