3892 6320
554 419 659 476 2H

1860 405 1921 463 B.
1962 403 2219 466 URBANI
2246 405 2289 461 ll
2326 402 2530 468 PAPE

3649 406 3725 462 Si!

557 533 778 594 duntur,
841 531 898 581 at
947 523 1063 596 ejus
1108 523 1241 579 Acta
1289 521 1590 592 perierunt.
1643 521 1822 589 Quare
1845 513 2206 590 utaliquid'A
2237 517 2420 574 Sancti
2471 516 2772 574 Saturnini.
2824 516 3127 587 Utrumque
3187 531 3282 572 suo
3334 515 3448 573 loco
3503 518 3727 576 referetui-
3824 517 3828 520 ’

552 617 760 691 praeter"
780 624 1102 671 memoratos
1141 626 1397 678 canones,
1450 612 1701 682 quicum
1754 610 1874 665 aliis
1923 609 2127 666 Urbani

553 708 798 764 conciliis
823 706 948 762 olim
982 705 1278 768 dabuntur,
1326 703 1416 758 hic
1461 702 1832 764 exhibeamus,
1859 701 2012 770 juvat
2043 700 2130 755 hic

551 811 616 852 ea
647 797 851 852 referre
880 809 999 864 quae
1030 795 1083 848 in
1107 793 1275 848 variis
1296 792 1531 860 antiquis
1553 790 1912 846 monumentis
1942 789 2007 844 de
2028 789 2131 842 hac

552 885 755 956 synodo
787 883 1029 954 reperire
1067 881 1238 936 licuit.
1292 881 1360 938 Et
1409 881 1584 952 primo
1628 879 1848 950 quidem
1889 875 2128 936 nonnulli

551 984 904 1031 recensentur
928 973 1196 1029 antistites
1247 987 1314 1027 ex
1353 971 1440 1026 his
1494 971 1587 1040 qui
1629 969 2130 1026 Nemausensicon-

527 1062 679 1148 fcilio
711 1068 1096 1133 interfuerunt,
1127 1068 1180 1121 in
1209 1067 1400 1122 charta
1427 1062 1728 1136 Raymttndi
1761 1064 1996 1128 comitis,
2025 1078 2130 1132 qua

548 1160 882 1216 monasterio
905 1159 1094 1214 Sancti
1115 1158 1286 1228 Egidii
1310 1156 1498 1212 vallem
1516 1155 1824 1210 Flavianam
1847 1153 2132 1210 confirma-

556 1253 652 1307 vit.
679 1251 719 1307 Ii
751 1261 878 1307 sunt
915 1249 1314 1319 metropolitani
1366 1248 1589 1304 omnino
1632 1262 1746 1310 sex,
1789 1245 2132 1303 Daimbertns

551 1340 820 1403 Pisarum,
854 1339 1006 1408 Hugo
1053 1338 1318 1408 Lugduni,
1365 1337 1588 1398 Amatus
1642 1335 1960 1404 Burdigalae,
2001 1335 2132 1391 Ber-

552 1432 758 1486 nardus
783 1426 1088 1499 Toleti,qui
1113 1436 1221 1483 tres
1245 1426 1550 1496 apostolicae
1593 1427 1733 1480 sedis
1768 1425 1930 1494 legati
1955 1433 2131 1488 erant,

553 1523 708 1592 llugo
739 1521 1052 1576 Bisuntinus
1079 1528 1133 1575 et
1161 1517 1336 1574 Guido
1361 1517 1684 1571 Viennensis
1709 1515 2132 1586 archiepiscopi:

553 1611 795 1682 episcopi
849 1610 1087 1681 quinque
1138 1609 1382 1668 scilicet,
1434 1605 1723 1661 Gauterius
1773 1604 2131 1669 Albanensis,

553 1701 740 1756 Bruno
783 1699 1100 1770 Signensis,
1144 1697 1456 1753 Gotofridus
1501 1695 1935 1766 Magalonensis,
1986 1694 2136 1766 Hugo

554 1785 935 1861 (Humbaldus)
958 1789 1452 1845 Autissiodurensis
1477 1796 1530 1842 et
1545 1786 1896 1842 Bertramnus
1909 1785 2132 1842 Nemau‘

554 1880 763 1946 sensis;
791 1879 1096 1936 cardinales
1136 1894 1241 1933 non
1285 1879 1522 1948 episcopi
1553 1878 1809 1947 quinque,
1839 1878 1978 1932 inter
2003 1892 2136 1946 quos

553 1981 673 2026 erat
706 1972 1009 2028 Richardus
1039 1970 1208 2027 abbas
1250 1970 1626 2026 Massiliensis.
1677 1968 1932 2024 Chartam
1965 1970 2135 2040 ipsam

552 2077 620 2118 ex
648 2063 936 2134 Spicilegio
965 2062 1269 2119 Acheriano
1300 2061 1386 2116 ubi
1419 2061 1674 2132 integrior
1698 2061 1944 2125 habetur,
1975 2076 2136 2130 quam

551 2154 608 2208 in
637 2154 883 2210 conciliis
913 2153 1241 2218 Labheanis,
1289 2153 1456 2208 habes
1501 2152 1556 2206 in
1580 2150 1928 2221 ,Appendice.
1967 2150 2137 2206 Porro

554 2256 673 2305 tres
702 2250 865 2305 etiam
892 2249 1028 2304 alios
1065 2248 1346 2318 episcopos
1390 2246 1676 2316 Hispanos,
1704 2245 1906 2302 scilicet
1935 2247 2136 2302 Beren-

557 2342 770 2412 garium
801 2341 1292 2407 Tarraconensem,
1339 2340 1671 2395 Bernardum
1710 2340 2137 2409 Gerundensem,

551 2441 610 2488 et
640 2430 921 2486 Artaldum
965 2429 1350 2495 Hclenensem;
1400 2440 1454 2484 et
1492 2430 1712 2485 totidem
1762 2432 2006 2496 abbatcs,
2033 2431 2137 2486 Pe-

554 2529 701 2577 trum
749 2520 1165 2587 Coxanensem,
1220 2521 1566 2578 Benedictum
1625 2517 2028 2576 Balneolcnsem
2084 2530 2139 2576 et

551 2613 890 2669 Bernardum
912 2613 1330 2683 Rivipollensem
1354 2614 1422 2668 ad
1451 2613 1694 2669 eamdem
1725 2614 1987 2686 synodum
2011 2630 2140 2670 con-

550 2706 770 2760 venisse
798 2705 986 2760 scribit
1015 2704 1208 2760 Petrus
1237 2705 1303 2760 de
1324 2704 1503 2759 Marca
1530 2703 1586 2758 in
1616 2703 1793 2760 Marca
1826 2705 2135 2776 His-punica,

552 2797 658 2853 col.
685 2797 792 2851 ‘72
817 2806 871 2853 et
895 2811 961 2853 ex
991 2812 1058 2851 eo
1083 2796 1374 2852 cardinalis
1403 2795 1658 2867 Aguirius
1688 2803 1831 2851 tomo
1853 2797 1916 2851 lll
1939 2797 2134 2852 Conci-

551 2886 758 2940 liorum
777 2885 1066 2955 Hispaniae.
1107 2886 1178 2941 At
1200 2886 1380 2956 plures
1416 2901 1483 2941 ex
1525 2886 1694 2956 ipsius
1726 2887 1932 2942 Urbani
1966 2889 2140 2957 diplo-

556 2986 706 3032 mate
754 2977 808 3034 in
858 2991 1020 3032 causa
1073 2976 1308 3047 episcopi
1341 2977 1596 3032 Tolosani
1647 2986 1702 3032 et
1750 2978 2136 3033 canonicorum

557 3064 616 3121 ὃ.
645 3064 925 3123 Saturnini
951 3066 1077 3122 dato
1105 3067 1386 3122 habemus.
1415 3065 1549 3121 Nam
1582 3066 1680 3133 ibi,
1707 3079 1903 3137 praeter
1927 3077 2135 3138 septem

2229 608 2491 664 Caeterum
2519 607 2730 664 .Urbani
2753 607 2957 678 judicio
2981 623 3124 677 aegre
3150 610 3477 666 consensisse
3498 613 3730 668 canonicos

2228 700 2468 758 ecclesiis
2489 698 2814 758 cathedralis
2840 699 3120 755 'l'olosanae
3167 709 3313 770 patet
3358 716 3422 757 ex
3468 702 3615 758 veteri
3646 703 3732 770 illa-

2231 806 2348 844 rum
2379 791 2444 846 de
2489 790 2676 845 eadem
2729 806 2790 846 re
2838 791 3224 858 instrumento,
3253 793 3392 863 quod
3437 792 3664 859 Catellus,
3696 805 3736 849 et

2231 890 2352 953 post
2371 897 2494 940 eum
2517 883 2763 940 Labbeus
2803 893 2947 940 tomo
2974 885 3024 940 X
3053 885 3410 942 Concilioer
3447 887 3656 952 edidere,
3670 889 3735 944 ubi

2231 975 2498 1032 Calixtum
2543 975 2586 1030 ll
2632 975 2976 1046 pontificem,
3024 977 3115 1045 qui
3159 975 3502 1032 Nemausensi
3545 979 3738 1043 concilio,

2233 1073 2346 1120 tum
2371 1066 2809 1137 archiepiscopus
2859 1065 3200 1134 Viennensis,
3249 1065 3584 1131 interfuerat,
3621 1068 3741 1122 indu-

2234 1166 2362 1214 cunt
2392 1157 2463 1212 ita
2487 1172 2551 1213 ea
2573 1156 2640 1212 de
2661 1173 2720 1212 re
2740 1157 3095 1214 disserentem
3120 1176 3134 1212 :
3195 1156 3308 1228 Ego
3335 1159 3389 1212 in
3430 1159 3630 1212 concilio
3666 1159 3744 1213 Ne-

2232 1251 2526 1302 mausensis
2575 1250 2628 1304 in
2681 1265 2783 1319 quo
2817 1249 3060 1304 dominus
3105 1249 3349 1303 Urbanus
3395 1266 3525 1318 papa
3566 1251 3744 1318 praefuit,

2235 1353 2352 1391 cum
2375 1337 2552 1393 multis
2576 1337 2694 1392 aliis
2725 1337 2973 1406 interfui,
3021 1338 3191 1408 ibique
3237 1339 3453 1392 clericos
3491 1336 3647 1392 Sancti
3679 1338 3746 1392 Sa-

2236 1429 2434 1482 turnini
2460 1429 2728 1482 dominum
2757 1445 2947 1499 papam
2976 1429 3392 1498 interpellantem
3428 1430 3593 1482 audivi
3617 1447 3745 1498 μικο-

2237 1532 2385 1576 tenus
2413 1533 2653 1592 quartam
2694 1533 2895 1593 partem
2951 1523 3272 1578 oblationum
3309 1524 3494 1578 altaris
3539 1524 3652 1578 beati
3675 1525 3749 1578 Sa-

2237 1614 2436 1668 lumini
2457 1616 2695 1686 episcopo
2734 1615 2946 1681 Isarno,
3001 1616 3091 1684 qui
3135 1625 3258 1670 tunc
3309 1617 3550 1684 temporis
3591 1632 3682 1668 eam
3715 1617 3750 1666 in

2238 1705 2471 1760 dominio
2498 1723 2593 1760 suo
2620 1707 2843 1771 tenebat,
2878 1707 3131 1775 auferret,
3176 1716 3227 1762 et
3262 1708 3365 1762 sibi
3405 1708 3585 1772 daret;
3615 1718 3652 1760 et
3683 1709 3751 1760 do-

2238 1793 2411 1846 minus
2440 1811 2575 1863 papa
2595 1795 2930 1863 petitionibus
2954 1811 3134 1849 eorum
3155 1796 3497 1850 condescendi
3524 1796 3748 1852 ridebatur.

2237 1884 2423 1952 quibus
2443 1886 2713 1954 episcopus
2733 1883 2954 1939 lsarnus
2977 1886 3382 1955 magnanimiter
3411 1885 3751 1947 resistebat,etc.

2241 1972 2376 2027 Tum
2413 1973 2739 2044 subjungnnt
2789 1973 3088 2031 Guidonem
3138 1974 3314 2043 ipsum
3362 1990 3483 2030 cum
3512 1974 3658 2027 fratre
3688 1987 3756 2024 suo

2239 2065 2648 2136 archiepiscopo
2695 2066 3023 2132 Briassensi,
3087 2066 3373 2138 legendum
3433 2065 3753 2126 Bisontiuemi,

2238 2155 2410 2216 lsarni
2441 2167 2624 2225 partes
2649 2156 2864 2224 egregie
2892 2156 2945 2209 in
2971 2157 3084 2226 ipsa
3131 2157 3340 2227 synodo
3376 2157 3684 2217 sustinuisse,
3707 2157 3755 2205 ita

2239 2257 2301 2302 ut
2337 2247 2478 2301 idem
2504 2247 2721 2302 lsarnus
2763 2248 2977 2303 nonnisi
3026 2256 3149 2318 post
3197 2248 3503 2302 absolutum
3527 2247 3754 2302 concilium

2241 2337 2444 2394 Urbani
2472 2339 2674 2406 judicio
2702 2340 3071 2404 consenserit,
3104 2340 3373 2410 promisso
3401 2340 3449 2393 ei
3480 2339 3611 2408 quod
3633 2339 3682 2390 de
3702 2354 3756 2390 ετ-

2241 2431 2396 2486 clesia
2423 2429 2602 2485 Sancti
2633 2429 2909 2495 Saturnini
2934 2447 3134 2499 semper
3161 2448 3278 2484 cum
3318 2432 3429 2484 suis
3455 2431 3626 2484 victum
3648 2428 3757 2481 liabe-

2241 2533 2336 2588 ret,
2365 2524 2504 2594 quod
2529 2532 2576 2578 et
2607 2523 2731 2577 dum
2774 2523 2899 2577 uixit
2927 2523 3128 2576 habuit.
3160 2523 3429 2577 Fatentur
3454 2529 3616 2576 tamen
3641 2520 3754 2573 iidem

2239 2615 2482 2671 canonici
2512 2615 2678 2685 quod,
2701 2630 2888 2669 rursus
2910 2614 3214 2667 examinata
3245 2613 3582 2682 postmodum
3606 2611 3649 2664 in
3667 2627 3759 2680 pra--

2240 2704 2943 2774 sentiaipsiusmetCalixti
2995 2703 3096 2759 ista
3141 2704 3543 2766 controversia,
3590 2701 3757 2756 ecclesn

2241 2797 2569 2853 cathedralis
2616 2806 2736 2867 post
2797 2797 2977 2851 varias
3044 2795 3485 2850 concertationes
3528 2809 3584 2847 ea
3635 2793 3687 2845 de
3724 2806 3760 2843 re

2241 2887 2426 2941 multis
2457 2887 2510 2941 in
2534 2887 2666 2942 locis
2694 2887 2906 2942 habitas
2932 2886 3062 2941 nihil
3086 2886 3330 2941 obtinere
3379 2887 3617 2955 potuerit.
3647 2886 3696 2937 At
3726 2883 3758 2935 id

2241 2977 2580 3047 negligentiae
2606 2977 2865 3047 episcopi,
2916 2976 3007 3045 qui
3059 2984 3185 3030 tunc
3235 2975 3496 3031 Ecclesiae
3544 2975 3756 3029 Tolosatis

2239 3077 2492 3139 praeerat,
2524 3068 2868 3124 tribuendum
2894 3082 3013 3123 esse
3040 3075 3385 3122 asseverant.
3416 3065 3521 3123 Sed
3565 3066 3624 3120 ad
3665 3078 3756 3118 con-

2172 1857 2213 1910 B

555 3157 1002 3227 metropolitanos
1037 3174 1201 3228 supra
1255 3166 1606 3226 memoratos,
1654 3159 1744 3214 alii
1789 3168 1896 3215 tres
1927 3160 2138 3215 archie-
2166 3193 2208 3252 C
2241 3160 2422 3215 cilium
2445 3169 2803 3215 revertamur.

553 3249 801 3320 piscopi,
859 3265 1052 3322 nempe
1103 3249 1364 3307 Badult‘us
1427 3251 1799 3318 Turonensis,
1861 3250 2137 3308 Gibclinus

552 3340 912 3410 Arelatensis,
937 3351 991 3397 et
1017 3342 1419 3399 Ebreduncnsis
1445 3344 1812 3409 nominantur,
1843 3358 1980 3414 quos
2012 3359 2136 3399 cum

551 3433 806 3503 episcopis
849 3441 900 3488 et
954 3433 1224 3488 abbatibus
1255 3433 1326 3491 86
1368 3435 1544 3489 eidem
1579 3435 1809 3490 concilio
1843 3445 2139 3506 praesentes

553 3523 726 3580 fuisse
770 3532 1001 3582 testatur
1045 3524 1308 3596 pontifex.
1358 3525 1602 3582 Aliorum
1654 3527 1870 3582 nomina
1911 3543 1980 3583 ex
2017 3527 2139 3584 aliis

553 3616 942 3682 monumentis,
974 3632 1207 3686 quorum.
1238 3618 1491 3673 nonnulla
1537 3633 1656 3687 qua:
1682 3631 1972 3689 supersunt
1998 3619 2138 3676 infra

553 3705 918 3773 laudabimus,
975 3706 1095 3761 erui
1149 3716 1424 3776 poterunt.
1473 3707 1633 3763 Certe
1693 3711 1924 3779 exempli
1973 3725 2137 3766 causa

557 3811 754 3861 nemo,
810 3805 871 3852 ut
926 3798 1140 3867 quidem
1192 3799 1323 3853 mihi
1371 3800 1625 3864 videtur,
1656 3803 1878 3872 negabit
1922 3804 2139 3858 lvonem

557 3890 924 3945 Carnotenum
953 3889 1128 3946 eidem
1181 3891 1410 3946 concilio
1461 3891 1792 3958 interfuisse,
1823 3895 1935 3962 qui,
1964 3895 2140 3965 seipso

561 3989 710 4035 teste
736 3980 794 4037 in
822 3980 1068 4052 epistolis.
1090 3983 1335 4052 superius
1359 3981 1614 4049 laudatis,
1644 3983 1970 4054 colloquium
2015 3995 2144 4043 tunc

561 4070 822 4142 mmmris
843 4086 967 4130 cum
1019 4070 1239 4128 Urbano
1275 4073 1465 4128 habuit
1491 4074 1628 4143 apud
1665 4074 2144 4147 Montempessula-

559 4179 695 4218 num
747 4166 813 4220 de
860 4164 1124 4226 electione
1181 4166 1449 4226 Guillelmi
1503 4169 1563 4224 in
1608 4169 1968 4228 Parisiensem
2031 4175 2143 4244 (ιρίν

558 4267 806 4324 scopum.

630 4343 756 4414 Quo
780 4355 960 4403 autem
988 4349 1075 4406 die
1100 4348 1387 4420 inceperit
1433 4351 1518 4407 vel
1564 4353 1810 4409 absoluta
1856 4347 2023 4410 fuerit
2055 4355 2140 4409 illa

559 4437 817 4506 synodus,
855 4452 1036 4503 nemo,
1070 4439 1212 4509 quod
1253 4441 1469 4509 quidem
1507 4443 1697 4508 sciam,
1747 4442 1948 4499 diserte
1978 4446 2144 4498 adno-

565 4528 718 4584 tavit.
750 4528 822 4582 At
851 4516 1163 4599 pontiﬁcem
1190 4521 1342 4586 sexta
1371 4532 1456 4588 die
1494 4535 1695 4590 mensis
1719 4532 1841 4589 Julii
1868 4533 1980 4603 jam
2007 4536 2148 4605 apud

557 4617 889 4683 Nemausum
939 4620 1214 4677 exstitisse
1255 4636 1324 4676 ex
1382 4622 1698 4680 domesticis
1742 4624 1986 4679 ecclesiae
2030 4625 2146 4693 ejus

561 4710 716 4766 urbis
749 4712 1079 4768 cathedralis
1108 4712 1489 4770 instrumentis
1517 4716 1807 4782 discimus,
1858 4717 1910 4772 in
1952 4717 2148 4786 quibus

539 4815 686 4874 eam
715 4801 998 4858 ecclesiam
1035 4803 1137 4861 hac
1166 4802 1280 4872 ipsa
1313 4803 1401 4858 die
1426 4804 1493 4858 ab
1520 4803 1741 4860 Urbano
1761 4816 2134 4861 consecratam

565 4891 735 4952 fuisse
764 4891 990 4965 legitur,
1009 4893 1314 4949 astantibus
1335 4893 1704 4962 compluribus
1729 4895 2149 4965 archiepiscopis

564 4987 617 5035 et
665 4980 974 5052 episcopis,
1024 4998 1145 5037 cum
1184 4982 1385 5037 comite
1442 4981 1784 5053 Raymundo.
1843 4983 2006 5040 Forte
2046 4984 2148 5040 hac

562 5067 908 5126 solemnitate
937 5072 1175 5140 synodus
1201 5070 1415 5127 initium
1458 5072 1697 5142 accepit;
1731 5081 1878 5127 certe
1902 5088 1972 5127 vn
2000 5072 2146 5139 ldus,

565 5164 618 5218 id
649 5171 733 5221 est
759 5164 900 5219 die8
927 5165 1050 5221 Julii
1092 5167 1144 5219 in
1198 5182 1261 5220 ea
1311 5174 1493 5223 actum
1535 5174 1618 5221 est
1665 5165 1731 5219 de
1779 5167 2147 5222 controversia

564 5268 686 5325 qua:
716 5254 857 5308 inter
881 5253 1190 5322 episcopum
1215 5253 1547 5310 Tolosanum
1577 5262 1629 5309 et
1651 5254 1944 5315 canonicos
1966 5255 2147 5310 Sancti

571 5344 850 5403 Saturnini
874 5342 1194 5413 jamdudum,
1219 5345 1554 5408 vertebatur,
1584 5359 1812 5414 quaeque
1838 5384 1854 5409 ,
1895 5353 1952 5399 ut
1984 5354 2150 5399 testa-

566 5447 656 5495 tur
684 5440 801 5509 ipse
827 5436 1073 5510 pontifex
1105 5437 1156 5492 in
1184 5439 1432 5508 superius
1456 5437 1669 5491 laudata
1691 5435 1834 5490 bulla
1861 5437 1948 5492 die
1978 5453 2007 5490 v
2029 5437 2152 5492 ldus

564 5530 806 5598 ejusdem
852 5528 1056 5584 mensis
1108 5536 1230 5598 post
1271 5527 1884 5587 varias'altercationes
1931 5527 2150 5583 definita

566 5619 691 5677 fuit.
747 5618 937 5695 Totam
991 5633 1120 5670 vero
1173 5617 1332 5686 hujus
1383 5618 1768 5686 controversiae
1819 5618 2015 5672 seriem
2061 5619 2150 5672 hic

567 5724 840 5780 exponere
866 5710 1197 5779 superﬂuum
1221 5715 1382 5770 esset,
1418 5721 1539 5760 cum
1567 5707 1829 5761 habeatur
1859 5709 1909 5761 in
1933 5707 2152 5782 laudato

576 5803 779 5864 L'rbani
817 5802 1124 5874 diplomate,
1151 5807 1206 5855 et
1242 5797 1298 5854 in
1322 5797 1426 5852 alia
1457 5797 1570 5865 ejus
1601 5799 1742 5852 bulla
1774 5799 1838 5851 ad
1861 5799 2149 5853 canonicos

2313 3272 2369 3326 ln
2394 3286 2458 3328 eo
2485 3271 2804 3326 conﬁrmata
2827 3278 2952 3327 sunt
2977 3270 3154 3326 omnia
3174 3269 3458 3342 privilegia
3483 3277 3533 3323 et
3561 3267 3661 3335 jura
3681 3279 3759 3332 qua:
3842 3329 3843 3344 χ

2242 3362 2492 3417 Urbanus
2521 3369 2576 3415 et
2604 3360 2954 3432 Raymundus
3017 3375 3198 3414 comes
3225 3358 3404 3412 eidem
3428 3357 3600 3413 Sancti
3629 3354 3760 3408 Satur-

2241 3455 2353 3508 nini
2389 3453 2632 3508 ecclesiae
2671 3453 2725 3507 in
2757 3450 2874 3520 ejus
2910 3451 3247 3506 dedicatione
3281 3449 3626 3504 indulserant.
3654 3444 3758 3511 Quod

2244 3559 2352 3597 non
2382 3542 2556 3597 solum
2587 3556 2653 3596 ex
2683 3541 2975 3612 pontificiis
3008 3539 3191 3604 bullis,
3237 3541 3332 3594 sed
3391 3540 3548 3593 etiam
3590 3553 3645 3591 ex
3682 3533 3760 3586 aliis

2244 3632 2520 3688 veteribus
2584 3631 2964 3686 instrumentis
3025 3637 3260 3685 constat.
3325 3629 3476 3685 Duas
3537 3644 3594 3683 ea
3636 3626 3687 3680 de
3725 3638 3760 3676 re

2243 3724 2460 3777 chartas
2485 3720 2703 3775 exhibet
2726 3719 2965 3775 Catellus
2996 3719 3047 3772 in
3096 3718 3333 3773 Historia
3382 3719 3628 3774 comitum
3652 3712 3763 3768 Tolo-

2244 3827 2520 3875 sanorum,
2571 3810 2623 3864 in
2653 3820 2899 3880 quarum'
2934 3809 3100 3878 priori
3151 3809 3487 3864 Bertrandus
3529 3820 3685 3862 comes
3712 3802 3762 3854 sic

2244 3903 2508 3969 decernit,
2530 3917 2652 3972 pag.
2687 3902 2826 3956 155:
2866 3900 3164 3955 Ecclesium
3214 3899 3403 3954 Sancti
3441 3895 3688 3953 Saturnini
3718 3892 3761 3942 li-

2244 3995 2417 4049 beram
2469 3995 2533 4047 ab
2585 3994 2837 4046 omnibus.
2885 4001 3059 4045 statuo
3085 4031 3100 4055 ,
3133 3991 3265 4043 sicut
3298 3990 3486 4043 melius
3513 3987 3644 4041 illam
3684 3981 3764 4050 [ait

2244 4085 2463 4138 liberam
2496 4099 2631 4152 papa
2674 4079 2919 4135 Urbanus
2963 4096 3080 4132 cum
3116 4079 3228 4132 suis
3273 4078 3548 4148 episcopis,
3589 4084 3631 4130 et
3664 4082 3766 4139 pater

2245 4190 2391 4228 meus
2424 4173 2766 4243 Raymundus
2806 4161 2978 4225 comes
3019 4172 3071 4223 in
3103 4170 3493 4223 consecratione
3542 4166 3682 4236 ipsius
3713 4175 3766 4212 cc-

2246 4266 2438 4330 clesiar,
2458 4277 2503 4318 et
2532 4267 2586 4318 iu
2617 4263 2839 4316 concilio
2889 4261 3258 4316 Nemauseusi.
3305 4259 3454 4315 Idem
3483 4257 3680 4314 omnino
3705 4252 3767 4304 lia-

2245 4354 2356 4420 bet,
2390 4370 2511 4424 pag.
2569 4353 2691 4417 166,
2754 4352 3056 4406 Willeltnus
3099 4365 3280 4405 comes
3336 4345 3656 4406 Pictavensis
3683 4354 3766 4395 cum

2247 4461 2416 4502 uxore
2440 4461 2535 4501 sua
2565 4445 2858 4516 Philippia,
2878 4444 2930 4497 in
2954 4442 3124 4497 altera
3146 4441 3357 4508 charta,
3379 4456 3498 4512 quae
3525 4451 3651 4496 anno
3674 4431 3767 4487 1098

2179 4532 2224 4585 D
2251 4539 2372 4592 data
2402 4546 2506 4593 est.

2319 4649 2417 4703 Die
2435 4665 2509 4704 vn
2533 4647 2677 4714 Idus,
2702 4647 2753 4701 id
2770 4647 2924 4710 cst9,
2947 4645 3073 4701 Julii
3096 4653 3273 4699 actum
3300 4651 3385 4698 est
3414 4643 3466 4698 iu
3502 4636 3701 4696 concilio
3725 4631 3769 4684 dc

2248 4740 2618 4796 controversia
2661 4740 2804 4793 inter
2847 4738 3190 4809 Figiaceuses
3221 4743 3275 4789 et
3319 4733 3652 4789 Conchenses
3684 4737 3765 4779 mo-

2248 4833 2454 4887 nachos
2504 4832 2790 4886 occasione
2851 4826 3250 4896 coniunctionis
3315 4825 3473 4880 facta:
3545 4820 3767 4875 amborum

2251 4923 2702 4979 monasteriorum
2763 4924 2863 4976 sub
2911 4921 3072 4975 unico
3111 4920 3306 4973 abbate
3353 4929 3518 4979 mora,
3546 4925 3652 4982 qua:
3679 4903 3769 4958 υιιὶο

2249 5016 2544 5070 multorum
2577 5013 2921 5069 dissidiorum
2972 5010 3124 5080 origo
3177 5009 3374 5062 fuerat.
3411 5005 3544 5072 Quid
3581 5015 3636 5054 ea
3657 4998 3707 5050 de
3731 5006 3768 5043 re

2252 5108 2320 5162 ab
2368 5107 2589 5162 Urbano
2625 5104 2892 5158 sancitum
2945 5101 2996 5154 in
3048 5099 3279 5153 concilio
3335 5098 3534 5160 fuerit,
3581 5090 3767 5145 di'celll"s

2252 5197 2412 5261 infra,
2444 5197 2534 5251 ubi
2564 5197 2629 5250 de
2652 5195 2769 5262 ejus
2800 5193 3063 5261 rescripto
3107 5192 3247 5259 apud
3283 5188 3480 5244 Vallem
3513 5181 3766 5240 Flavianalu

2252 5307 2314 5346 ea
2344 5288 2632 5344 occasione
2659 5287 2784 5340 dato
2814 5284 3080 5353 agendum
3109 5282 3233 5335 crit.

2327 5405 2421 5460 Dic
2469 5402 2536 5456 12
2579 5401 2706 5455 Julii
2749 5398 3000 5452 laudatus
3026 5390 3597 5466 comes'Raymundus,
3625 5387 3763 5436 coram

2256 5496 2575 5568 pontiﬁceet
2601 5493 2851 5546 universo
2879 5487 3110 5544 concilio
3128 5473 3331 5540 vallem
3352 5482 3658 5539 Flavianam.
3679 5476 3764 5568 iui“

2253 5564 2504 5644 omnibus
2534 5585 2830 5651 honoribus
2856 5593 2910 5637 et
2943 5579 3438 5642 consuetudinibus,
3470 5587 3593 5644 quas
3617 5569 3661 5621 in
3682 5564 3762 5630 ipsa

2270 5681 2404 5734 Villa
2441 5679 2697 5731 Flaviana
2735 5686 2780 5728 et
2812 5673 3115 5727 eatrinsecis
3146 5681 3250 5724 tant
3288 5669 3426 5738 justo:
3450 5679 3592 5737 quam

2260 5780 2524 5835 tenuerat,
2552 5768 2763 5824 Odiluni
2797 5763 2974 5820 abbati
3003 5773 3054 5817 ct
3085 5764 3408 5817 monasterio
3445 5754 3609 5814 Sancti
3632 5743 3760 5817 Εείάη
