3892 6320
504 267 609 326 ius

1818 266 1876 323 Β.
1909 264 2164 323 URBANI
2204 265 2245 321 II
2281 264 2482 321 PAPXE

3622 266 3713 325 -216

507 365 1329 465 cpiscopatuum.electiones,ac
1349 378 1665 435 electionem
1682 379 2083 451 Andegavensis
2113 386 2157 443 Α
2186 379 2334 432 sticae
2361 366 2646 435 abbatissa:
2685 379 2737 433 in
2779 379 2999 435 dioecesi
3044 380 3375 447 Trevirensi,
3396 381 3531 451 quod
3563 381 3714 439 lauda-

505 474 746 545 episcopi
771 464 952 528 comiti
981 464 1204 525 Fulconi
1226 476 1341 523 tum
1371 469 1620 525 collatam
1647 466 1832 525 fuisse.

577 565 956 625 Monacborum
1010 562 1175 617 etiam
1225 570 1411 631 partes
1470 562 1889 630 monasticaeque
1961 561 2081 615 vitae

509 658 825 727 dignitatem
845 665 898 709 et
927 654 1339 710 sanctimoniam
1362 654 1575 724 egregie
1603 655 1720 707 tuiti
1747 663 1870 713 sunt
1893 653 2081 709 Patres

503 747 885 804 Nemausensis
918 746 1133 801 concilii
1168 746 1426 801 adversus
1469 761 1656 801 eorum
1712 746 2075 812 aemulatores,

501 840 591 911 qui
624 840 768 910 ipsos
806 838 1081 894 temerario
1119 854 1278 903 ausu,
1324 847 1379 890 ut
1435 837 1797 907 antiquiorum
1834 836 2080 906 exemplo

502 931 671 995 aiunt,
706 945 736 983 a
766 929 1110 985 clericalibus
1132 928 1499 984 functionibus
1522 944 1708 984 arcere
1744 929 2074 985 nitebantur.

497 1019 554 1073 ω
601 1019 810 1075 duobus
866 1019 1206 1088 potissimum
1273 1019 1569 1075 renonibus
1619 1020 1914 1089 praestitum
1973 1028 2076 1077 est.

500 1111 629 1168 llzec
663 1112 729 1166 de
753 1112 981 1167 concilio
1003 1110 1375 1170 Nemausensi.

570 1202 817 1257 Solutum
840 1210 978 1267 erat,
1001 1210 1056 1265 ut
1090 1202 1299 1257 videtur
1330 1202 1502 1273 pridie
1532 1203 1655 1258 ldus
1684 1202 1832 1269 Julii,
1860 1218 1963 1275 qua
1993 1203 2079 1259 die

498 1292 748 1349 Urbanus
802 1294 1186 1351 monasterium
1239 1293 1423 1350 Sancti
1488 1295 1702 1351 Martini
1778 1311 1808 1350 a
1862 1296 2077 1365 Campis

492 1400 662 1456 prope
690 1386 926 1449 Parisios
960 1387 1134 1445 ordini
1167 1386 1508 1443 Cluniacensi
1553 1389 1813 1455 asseruit,
1853 1388 2078 1459 ejusque

495 1476 887 1546 possessiones,
918 1494 1054 1547 quas
1077 1478 1384 1547 singillatim
1416 1490 1681 1545 recenset,
1713 1482 2074 1550 confirmavit,

496 1565 708 1626 indulto
735 1580 798 1622 ea
828 1568 895 1622 de
924 1582 981 1621 re
1015 1567 1294 1639 privilegio
1320 1570 1462 1638 quod
1494 1570 1704 1641 Hugoni
1737 1570 2074 1627 Cluniacensi

493 1655 673 1710 abbati
700 1657 1016 1727 inscriptum
1045 1668 1148 1714 est.

2185 477 2296 523 tum
2345 470 2445 524 fuit
2489 471 2541 525 in
2591 470 2927 540 placilatiane
2958 488 3045 527 an.
3093 473 3227 528 “28
3271 474 3413 528 inter
3457 474 3715 534 Lanzonem

2182 558 2430 613 abbatem
2464 558 2649 615 Saneti
2679 560 2957 618 Michaelis
3004 565 3070 617 ad
3103 563 3304 620 Mosam
3348 573 3401 619 et
3440 564 3717 624 llarduidem

2182 649 2510 705 abbatissam
2550 651 2841 716 Juviniaci,
2887 668 2916 707 a
2958 654 3177 710 Baluzio
3213 656 3358 711 edita
3395 666 3533 711 tomo
3559 657 3615 714 IV
3642 658 3719 735 Ili:

2181 738 2430 807 scellan.,
2473 756 2538 796 ex
2586 757 2690 812 qua
2738 744 3014 814 colligitur
3061 745 3391 802 Harduidem
3437 764 3570 803 anno
3612 750 3720 807 1124

2180 827 2407 884 electam
2454 830 2623 888 fuisse
2662 833 2849 888 decem
2881 844 2935 889 et
2963 845 3087 890 octo
3126 837 3282 898 annis
3314 846 3434 907 post
3458 837 3721 912 Walburgit

2182 930 2410 978 mortem
2436 963 2449 990 ,
2487 940 2607 994 qua:
2649 925 2875 995 proinde
2927 941 3069 981 anno
3114 927 3251 982 “06
3300 928 3499 984 abiisse
3536 930 3719 989 dicenda

2180 1024 2285 1072 est.
3734 1015 3740 1021 ’

2250 1104 2505 1174 Sequenti
2533 1104 2619 1160 die
2642 1104 2894 1163 Urbanus
2915 1107 3094 1163 adhuc
3128 1108 3181 1164 in
3207 1113 3536 1165 monasterio
3570 1111 3722 1168 Sancti

2180 1195 2380 1267 Egidii
2437 1198 2772 1261 versabatur,
2826 1199 2902 1252 uti
2951 1198 3155 1254 indicat
3207 1198 3329 1267 ejus
3383 1200 3603 1269 diploma
3650 1218 3724 1271 pro

2179 1287 2405 1344 ecclesia
2439 1287 2622 1344 Sancti
2648 1287 2958 1350 Saturnini.
3010 1290 3062 1343 in
3106 1305 3213 1359 quo
3256 1289 3501 1361 pontifex
3543 1307 3723 1345 causam

2179 1380 2320 1435 inter
2364 1379 2655 1434 canonicos
2695 1377 2810 1446 ejus
2863 1378 3116 1434 ecclesia:
3170 1388 3226 1435 et
3264 1380 3511 1434 Isarnmn
3556 1379 3725 1435 Tolosae

2178 1473 2507 1542 episcopum,
2542 1472 2596 1525 in
2638 1471 2867 1528 concilio
2898 1471 3284 1539 Nemausensi,
3313 1472 3392 1528 uti
3436 1488 3591 1543 supra
3618 1473 3725 1529 dixi-

2181 1580 2323 1630 mus,
2357 1563 2612 1635 agitatam
2642 1563 2759 1619 fuse
2789 1564 3031 1632 exponit.

2179 1672 2471 1729 CCLXXII.
2519 1673 2781 1728 Avenione
2824 1671 2969 1726 aliud
3012 1674 3197 1726 datum
3236 1674 3302 1727 ab
3358 1671 3566 1728 Urbano
3602 1673 3726 1741 pririo

492 1744 764 1835 “LW.-
785 1746 1026 1835 Urbani?
1044 1749 1264 1835 φηςιάβ·
1285 1750 1581 1835 λελίιέίωῖι·
1612 1751 2074 1835 είιιερνρεεερψηι
2106 1732 2153 1792 θ
2251 1742 2637 1835 ‘sgira;_1:em.
2652 1760 2763 1835 ξῑρ,
2774 1742 3116 1835 ﬂecte;
3154 1743 3426 1835 (fieri?
3447 1732 3726 1835 3391393192?

567 1815 925 1894 proFigiaco.
959 1815 1297 1892 Privilegium
1334 1815 1702 1892 Rivipultense.
1737 1815 2074 1894 Privife'gium

572 1886 929 1941 Balnedlense.

562 1978 674 2034 llac
702 1979 816 2049 ipsa
846 1979 931 2033 die
951 1989 1046 2034 aut
1066 1990 1212 2037 certe
1240 1988 1506 2051 sequenti,
1534 1983 1800 2040 Nemauso
1823 1999 2076 2056 egressus

489 2069 732 2141 pontifex
760 2112 773 2133 ,
820 2071 1037 2126 divertit
1081 2075 1148 2127 ad
1206 2072 1462 2128 Sanctum
1512 2073 1785 2144 IEgidium
1836 2077 1891 2130 in
1925 2077 2075 2131 Valle

494 2162 773 2229 Flaviana,
805 2162 982 2233 ibique
1010 2179 1072 2218 ea
1104 2180 1224 2233 quae
1246 2165 1298 2218 in
1335 2167 1539 2236 synodo
1570 2166 1921 2222 Nemausensi
1950 2184 2068 2223 san-

490 2251 601 2313 cita
648 2251 863 2306 fuerant
906 2253 970 2308 de
1027 2255 1395 2309 controversia
1447 2256 1590 2310 inter
1638 2255 1981 2327 Figiacenses
2022 2268 2078 2314 et

490 2340 836 2399 Conchenses
865 2345 1158 2399 monachos
1190 2346 1452 2415 rescripto
1479 2346 1840 2413 confirmavit,
1867 2349 1990 2405 dato
2021 2350 2073 2404 in

490 2434 610 2503 ipso
642 2435 971 2489 monasterio
993 2435 1174 2489 Sancti
1216 2435 1415 2506 Egidii
1455 2437 1638 2492 Idibus
1663 2437 1809 2502 Julii,
1835 2441 1975 2506 quod
2008 2456 2073 2496 ex

488 2525 659 2580 veteri
689 2526 999 2588 membrana
1039 2527 1204 2582 edidit
1246 2537 1432 2582 noster
1462 2526 1695 2585 Joannes
1740 2529 2075 2586 Mabillonius

492 2611 632 2675 δερ.
660 2614 724 2668 ΙΙΙ
753 2614 978 2681 Bened.,
1008 2625 1164 2688 parte
1205 2634 1267 2683 ll,
1309 2634 1430 2690 pag.
1465 2619 1591 2685 448,
1623 2620 1713 2675 ubi
1742 2621 1938 2693 legitur
1966 2631 2076 2677 sta-

490 2712 665 2764 tutum
696 2705 861 2761 fuisse
887 2715 947 2763 ut
975 2715 1203 2777 uterque
1242 2708 1390 2764 locus
1422 2711 1721 2780 proprium,
1754 2727 1868 2777 seu,
1912 2722 1971 2767 ut
1998 2713 2071 2768 ibi

492 2795 734 2865 loquitur
776 2796 1037 2867 pontifex,
1086 2798 1407 2857 Cardinafem
1440 2799 1687 2856 abbatem
1728 2801 1968 2866 haberet,
2000 2804 2073 2857 ita

492 2894 674 2943 tamen
707 2895 764 2940 ut
800 2885 1102 2956 Figiacum,
1138 2887 1281 2957 quod
1313 2886 1694 2945 Cluniacenses
1723 2892 2071 2963 repetierant,

492 2976 593 3029 sub
624 2990 755 3029 cura
789 2983 842 3029 et
877 2975 1184 3045 provisione
1231 2974 1601 3033 Cluniacensis
1648 2978 1858 3035 abbatis
1898 2995 2071 3035 rema-

2179 1843 2195 1879 ε
2250 1811 2314 1939 ἓξ
2334 1814 2577 1868 Andrece.
2602 1811 2879 1868 Atenionis
2900 1811 3116 1867 ecclesia
3146 1812 3417 1873 canonicis
3445 1811 3725 1883 regularibus

2288 1895 2399 1938 ata.

2288 1895 2399 1938 ata.

2248 1976 2451 2035 Eadem
2491 1974 2662 2032 ferme
2693 1975 2891 2045 repetit
2929 1975 2982 2031 in
3034 1974 3176 2029 bulla
3204 1974 3272 2030 ad
3303 1973 3594 2030 canonicos
3623 1972 3729 2043 ejus-

2182 2067 2299 2123 dem
2326 2068 2572 2124 ecclesiae
2595 2075 2716 2138 post
2738 2068 2873 2122 duos
2910 2068 3026 2123 dies
3046 2069 3169 2121 data
3202 2067 3350 2138 apud
3381 2066 3726 2122 monasterium

2180 2160 2376 2217 Montis
2402 2160 2701 2225 Andaonis,
2737 2174 2832 2215 seu
2876 2158 3064 2216 Sancti
3094 2160 3330 2215 Andreae
3364 2160 3526 2215 situm
3561 2158 3610 2213 in
3633 2158 3729 2212 sub-

2180 2252 2335 2306 urbio
2360 2252 2743 2316 Avenionensi,
2773 2252 2914 2319 quod
2944 2250 3102 2306 hodie
3136 2251 3419 2307 Villanova
3450 2249 3725 2320 appellatur.

2180 2345 2293 2413 Qua
2316 2345 2480 2400 etiam
2511 2344 2626 2415 ipsa
2646 2344 2755 2409 die,
2781 2344 2991 2400 scilicet
3017 2345 3088 2398 22
3108 2344 3258 2411 Julii,
3302 2343 3636 2400 confirmavit
3656 2342 3728 2395 do-

2178 2436 2452 2492 nationem
2482 2436 2636 2491 vallis
2661 2435 2938 2491 Flavianae
2972 2452 3000 2490 a
3031 2436 3373 2507 Raymuntlo
3424 2435 3608 2490 comite
3639 2448 3728 2488 rno-

2179 2529 2418 2584 nasterio
2449 2528 2634 2584 Sancti
2678 2527 2880 2599 IEgidii
2913 2528 3112 2583 factam
3157 2528 3210 2583 in
3262 2527 3497 2584 concilio
3539 2525 3730 2581 Nemauv

2180 2623 2345 2686 sensi,
2380 2622 2455 2676 uti
2487 2637 2584 2676 suo
2625 2621 2743 2676 loco
2772 2620 3030 2675 diximus.
3073 2619 3152 2674 Ne
3189 2635 3322 2674 vero
3354 2620 3468 2690 ipse
3492 2631 3608 2687 erga
3632 2628 3727 2669 suos

2180 2714 2422 2782 hospites
2448 2713 2693 2785 ingratus
2722 2712 3016 2777 videretur,
3071 2712 3157 2767 die
3198 2712 3450 2780 sequenti
3495 2714 3727 2763 monaste-

2181 2801 2318 2855 rium
2349 2800 2532 2857 Sancti
2567 2801 2817 2865 Andreae,
2848 2801 2900 2854 in
2929 2815 3035 2869 quo
3064 2810 3191 2854 tunc
3228 2799 3465 2871 degebat
3506 2797 3596 2852 sub
3622 2808 3724 2865 apo.-

2180 2895 2365 2950 stolica
2390 2895 2613 2949 tuitione
2643 2893 2880 2963 suscepit
2924 2909 2988 2947 ac
3031 2892 3330 2963 privilegiis
3360 2874 3600 2955 munivit,
3629 2888 3725 2942 data

2180 3000 2241 3039 ea
2270 2986 2334 3039 de
2360 3000 2419 3039 re
2446 2984 2587 3039 bulla
2639 2984 2799 3039 Petro
2844 2984 3025 3038 abbati
3080 2983 3368 3053 inscripta.
3412 2980 3572 3037 Aiunt
3604 2979 3726 3035 Sam-

498 3074 674 3128 neret.
716 3066 784 3123 At
811 3066 863 3120 in
894 3066 999 3125 alio
1026 3067 1354 3138 apograpbo,
1387 3068 1529 3138 quod
1560 3084 1623 3122 ex
1653 3070 1870 3124 archiro
1896 3071 2073 3142 Figia-
2103 3086 2143 3143 C
2181 3074 2451 3133 marthani
2489 3084 2632 3129 tomo
2658 3073 2678 3128 Ι
2704 3073 2889 3128 Gallia:
2933 3072 3258 3128 Christianae
3296 3089 3363 3127 ea:
3404 3070 3612 3142 publicis
3647 3067 3726 3121 Ec-

494 3158 642 3213 censi
670 3158 1001 3227 descriptum
1022 3160 1305 3217 nobiscum
1339 3161 1758 3217 communicavit
1789 3163 1873 3215 vir
1892 3162 2072 3218 claris.

495 3247 804 3320 Stephanus
832 3248 1103 3319 Baluzius,
1129 3252 1493 3320 praetermissa
1524 3252 1734 3307 abbatis
1759 3252 2076 3309 Cluniacen-

490 3338 568 3393 sis
623 3339 917 3406 mentione,
958 3340 1237 3395 definitum
1292 3340 1348 3395 in
1398 3341 1628 3395 concilio
1668 3343 1865 3398 dicitur
1908 3343 2076 3398 fuisse

490 3436 549 3486 ut
578 3438 867 3503 utrumque
914 3430 1303 3486 monasterium
1343 3430 1561 3486 sisteret
1596 3433 1695 3487 sub
1743 3436 1947 3502 proprii
1992 3436 2074 3488 sui

490 3524 698 3581 abbatis
726 3540 878 3579 cura.
916 3523 1046 3579 Utra
1076 3534 1259 3579 autem
1303 3523 1464 3580 lectio
1508 3525 1577 3580 sit
1620 3526 1952 3595 prmferenda
1983 3525 2074 3581 alii

488 3615 754 3681 viderint;
784 3624 839 3669 at
858 3624 1065 3671 certum
1094 3625 1178 3670 est
1205 3616 1518 3686 Figiacense
1556 3617 1943 3672 monasterium
1974 3618 2075 3672 sub

491 3704 835 3761 Cluniacensi
865 3706 1055 3763 ordine
1085 3722 1461 3777 perseverasse
1506 3723 1673 3777 usque
1709 3709 1775 3761 ad
1817 3709 2071 3763 saeculum

490 3812 606 3861 xvr,
647 3812 753 3864 quo
795 3794 910 3864 ejus
967 3796 1068 3873 loci
1123 3798 1402 3858 monachi,
1453 3796 1676 3865 abjectis
1720 3798 1971 3861 cucullis,
2020 3799 2071 3852 in

493 3887 782 3941 saeculares
814 3887 1106 3943 canonicos
1142 3888 1329 3941 mutati
1376 3896 1520 3941 sunt.
1561 3888 1899 3956 Rescriptum
1942 3889 2072 3945 illud

492 3994 616 4034 cum
665 3978 959 4039 lectionum
989 3979 1342 4036 varietatibus
1390 3980 1527 4035 inter
1576 3978 1774 4035 Urbani
1816 3980 2070 4050 epistolas

491 4070 725 4132 dabhur.

560 4162 657 4217 Die
680 4178 792 4219 xvu
820 4162 1085 4219 Kalendas
1123 4162 1371 4234 Augusti,
1422 4165 1706 4220 occasione
1736 4180 1920 4221 eorum
1952 4180 2071 4236 quae

489 4258 751 4312 adversus
812 4258 1194 4327 Rivipullensis
1249 4261 1562 4314 monasterii
1621 4260 1878 4316 ecclesias
1926 4261 2067 4316 facta

486 4349 724 4413 fuerant,
744 4348 817 4401 uti
841 4349 999 4420 paulo
1020 4357 1178 4403 antea
1202 4349 1530 4415 dicebamus,
1545 4349 1793 4407 Urbanus
1823 4350 2062 4420 ejusdem

2178 3162 2347 3216 cfesiw
2393 3162 2787 3219 Avenionensis
2829 3161 3021 3218 tabulis
3051 3162 3292 3232 ejusdem
3325 3162 3475 3217 urbis
3502 3158 3722 3231 principav

2176 3253 2278 3307 lem
2328 3254 2615 3308 ecclesiam
2648 3254 2714 3308 ab
2746 3253 2966 3309 Urbano
3015 3254 3054 3308 ll
3102 3255 3385 3310 canonicis
3430 3249 3723 3323 regularibus

2179 3345 2429 3400 traditam
2462 3345 2649 3412 fuisse,
2696 3361 2759 3401 ac
2801 3346 2945 3401 inter
2993 3346 3112 3401 illos
3158 3345 3446 3403 Alfonsum
3484 3338 3722 3412 Aragoniﬁ

2174 3454 2379 3508 regem,
2417 3440 2506 3510 qui
2539 3450 2665 3495 tunc
2692 3440 2983 3509 provincia:
3022 3454 3205 3495 comes
3243 3449 3386 3506 erat,
3419 3429 3720 3493 annumerari

2173 3531 2442 3596 voluisse;
2473 3530 2614 3599 quod
2645 3530 2875 3585 inficiari
2900 3530 3156 3595 nolimus,
3189 3538 3243 3583 at
3267 3546 3380 3599 qua
3407 3529 3460 3584 id
3482 3522 3721 3583 occasione

2175 3619 2374 3679 factum
2406 3620 2569 3674 fuerit
2591 3634 2698 3674 non
2728 3619 2996 3684 referunt,
3027 3634 3127 3674 nec
3152 3629 3311 3674 vacat
3339 3619 3594 3675 divinare.

2348 3707 2668 3769 CCLXXI",
2698 3709 2779 3762 An
2797 3708 3032 3779 pontifex
3061 3708 3325 3763 Arelatem
3360 3705 3567 3762 adierit.

2242 3800 2394 3855 llaud
2423 3802 2593 3871 magis
2619 3801 2788 3870 liquet
2816 3816 2883 3855 an
2909 3816 3147 3871 unquam
3179 3800 3325 3854 idem
3356 3796 3587 3871 pontifex
3613 3792 3719 3849 Are-

2170 3893 2335 3949 latem
2364 3894 2574 3958 adierit,
2623 3895 2713 3949 ubi
2761 3902 2939 3949 tamen
2985 3908 3014 3949 a
3062 3892 3313 3948 Gibelino
3345 3890 3575 3961 ejusdem
3601 3883 3718 3939 urbis

2170 3984 2602 4055 archiepiscopo,
2626 3984 2718 4054 qui
2756 3994 2865 4038 tum
2914 3985 2967 4038 in
3016 3982 3297 4053 pontificio
3337 3981 3586 4037 comitatu
3606 3980 3716 4035 erat,

2170 4091 2293 4133 cum
2323 4091 2353 4130 e
2379 4076 2567 4134 Galliis
2607 4077 2661 4131 in
2688 4076 2893 4130 Italiam
2924 4076 3141 4139 rediret,
3176 4073 3466 4144 magnifico
3493 4073 3716 4140 apparatu

2169 4177 2427 4236 exceptus
2457 4165 2623 4222 fuisse
2656 4167 2872 4223 dicitur.
2926 4168 3035 4222 Hoc
3078 4166 3301 4236 quidem
3350 4160 3581 4219 nonnulli
3617 4168 3715 4212 cum

2170 4255 2337 4312 Saxio
2364 4267 2416 4311 et
2443 4256 2877 4317 Sammartbanis
2904 4258 3169 4320 scribunt,
3205 4256 3300 4311 sed
3339 4272 3445 4311 non
3490 4268 3553 4308 ex
3585 4244 3716 4303 certis

2170 4348 2557 4414 monumentis,
2585 4357 2735 4404 certe
2766 4349 2908 4402 nulla
2939 4349 3163 4407 omnino
3206 4350 3260 4402 in
3302 4348 3418 4418 ejus
3444 4344 3518 4400 rei
3551 4334 3713 4395 confir-

486 4438 802 4499 monasterii
852 4438 1129 4508 privilegia
1158 4481 1172 4504 ,
1217 4440 1499 4494 recensitis
1543 4442 1705 4495 etiam
1750 4441 2058 4509 singulatim
2091 4431 2139 4490 D
2166 4441 2460 4497 motionem
2489 4440 2687 4496 ferunt.
2725 4442 2949 4497 Constat
2974 4440 3192 4511 quidem
3222 4458 3289 4498 ex
3328 4441 3715 4512 ipsiusmctpon-

488 4529 604 4598 ejus
639 4529 1090 4596 possessionibus,
1120 4528 1352 4581 ﬁrmavit
1379 4530 1573 4597 insigni
1600 4529 1763 4595 bulla,
1793 4531 1845 4584 in
1882 4546 2065 4583 mona-

485 4621 651 4676 sterio
677 4621 736 4676 S.
754 4618 957 4691 Aigidii
979 4624 1122 4675 data.
1149 4618 1437 4687 Postridie,
1454 4620 1593 4675 idem
1612 4620 1861 4679 Urbanus
1884 4636 2067 4678 mona-

484 4710 710 4765 sterium
767 4709 1119 4765 Balneolense
1184 4708 1477 4778 apostolico
1538 4710 1860 4782 privilegio,
1919 4714 2062 4782 quod

488 4798 776 4854 Benedicto
819 4799 998 4854 abbati
1037 4799 1353 4872 inscriptum
1403 4808 1513 4865 est,
1562 4800 1756 4855 ibidem
1812 4803 2060 4857 munivit.

487 4888 656 4943 Porro
688 4889 828 4943 istud
861 4890 1219 4959 privilegium,
1253 4889 1393 4944 sicut
1438 4900 1493 4944 et
1532 4893 1860 4959 praecedens,
1896 4894 2060 4950 illust.

486 4978 679 5033 Petrus
701 4979 767 5032 de
790 4978 964 5035 Marca
992 4981 1129 5043 libro
1152 4997 1207 5036 tv
1230 4978 1426 5036 Marcze
1448 4979 1750 5050 Hispanicae
1771 4985 1836 5037 ad
1864 5000 2062 5039 annum

488 5068 627 5123 1097
665 5068 862 5123 retulit.
914 5071 1018 5125 Sed
1070 5081 1209 5126 noue
1262 5072 1381 5125 alia:
1425 5072 1836 5143 cbronologicae,
1883 5091 2062 5130 rerum

491 5170 764 5232 gestarum
789 5162 956 5216 series
981 5172 1034 5217 et
1055 5165 1204 5219 locus
1231 5165 1283 5218 in
1311 5180 1419 5234 quo
1446 5166 1567 5219 data
1600 5164 1837 5230 fuerunt,
1867 5167 2065 5222 invicte

487 5253 717 5320 probant
761 5267 823 5308 ea
871 5254 937 5307 ad
979 5268 1177 5315 annum
1230 5255 1366 5312 1096
1407 5258 1709 5311 revocanda
1760 5272 1899 5322 esse,
1940 5257 2066 5312 licet

487 5344 625 5398 1097
662 5343 979 5415 praeferunt,
1008 5345 1158 5415 juxta
1204 5348 1469 5402 calculum
1506 5347 1784 5414 Pisanum,
1834 5364 1959 5417 quo,
2009 5358 2066 5402 ut

481 5436 594 5505 jam
630 5452 736 5490 non
764 5436 931 5490 semel
957 5436 1382 5503 observavimus,
1416 5439 1543 5494 anni
1570 5438 1783 5493 initium
1815 5455 1842 5492 a
1874 5439 2067 5495 Martio

490 5524 829 5591 praecedente
856 5522 1178 5577 desumitur.

558 5614 653 5667 Dic
678 5628 765 5667 xtv
790 5612 907 5667 Kal.
936 5613 1161 5681 Augusti
1198 5612 1406 5683 insigne
1433 5616 1770 5686 privilegium
1798 5618 2068 5671 concessit

484 5707 741 5777 Galburgi
766 5721 857 5761 seu
886 5704 1166 5775 Walburgi
1192 5702 1557 5761 Juviniacensi
1588 5707 1800 5768 Sancta:
1834 5706 2061 5761 Schola-

2169 4528 2330 4583 titicis
2358 4528 2589 4597 epistola
2610 4527 2722 4597 jam
2752 4543 2856 4581 non
2902 4527 3070 4583 semel
3098 4527 3311 4583 laudata
3340 4528 3405 4584 ad
3438 4516 3712 4579 lticherinm

2165 4626 2219 4672 et
2247 4618 2378 4672 alios
2404 4619 2687 4690 episcopos
2724 4617 3051 4683 Gallicanos,
3082 4619 3349 4688 synodum
3394 4631 3509 4671 eam
3558 4611 3606 4664 in
3642 4618 3712 4657 ur-

2165 4709 2285 4763 bem
2325 4710 2392 4762 ab
2439 4724 2506 4764 eo
2549 4709 2807 4765 indictam
2862 4709 3045 4763 fuisse.
3078 4711 3148 4764 At
3176 4707 3318 4764 haud
3359 4709 3531 4763 minus
3571 4700 3707 4767 liqut’t

2165 4817 2283 4856 eam
2313 4801 2574 4872 synodum
2622 4801 2691 4855 ibi
2733 4817 2838 4855 non
2879 4800 3044 4854 fuisse
3082 4800 3429 4863 celebratam,
3458 4793 3587 4866 quod
3614 4786 3707 4855 (ιυί-

2166 4891 2287 4946 dem
2316 4888 2625 4949 confirmari
2657 4899 2834 4955 potest
2866 4904 2929 4942 ex
2972 4890 3149 4945 lvonis
3175 4891 3399 4959 epistola
3427 4886 3493 4942 56
3520 4891 3703 4949 respoﬂ'

2166 4982 2341 5037 dentis
2367 4981 2610 5051 Philippo
2644 4984 2752 5053 regi
2786 4982 3136 5051 conquerenti
3179 4982 3438 5036 adversus
3464 4976 3701 5043 Ilugonem

2165 5073 2599 5142 Lugdunensem,
2629 5074 2772 5143 quod
2802 5082 2925 5141 post
2951 5073 3055 5126 duo
3078 5072 3181 5128 hoc
3209 5086 3355 5126 anno
3382 5072 3431 5124 in
3454 5060 3622 5121 Galliis
3647 5060 3699 5105 ab

2167 5163 2282 5231 ipso
2316 5163 2570 5233 pontifice
2614 5162 2795 5217 habita
2835 5161 3082 5226 concilia,
3132 5162 3184 5215 id
3218 5170 3301 5215 est
3338 5161 3622 5214 Turonense
3657 5148 3697 5194 el

2167 5253 2551 5317 Nemausense,
2583 5254 2826 5314 tertium,
2858 5254 3109 5307 videlicet
3152 5262 3271 5323 post
3306 5247 3497 5305 Urbani
3527 5242 3694 5296 discoa'

2168 5362 2286 5400 sum
2335 5354 2708 5399 convocasset.
2768 5341 2919 5397 Unde
2964 5341 3252 5408 conjicitur
3313 5340 3559 5402 svnodum
3598 5335 3691 5394 (1³³⁸

2165 5437 2437 5490 Arelatem
2466 5437 2533 5489 ab
2566 5433 2786 5488 Urbano
2824 5442 3131 5493 convocata,
3148 5433 3344 5497 fuerat,
3389 5440 3515 5486 hanc
3552 5419 3688 5489 ipsa”

2166 5542 2286 5583 esse
2311 5541 2472 5595 quam
2498 5528 2636 5580 idem
2661 5525 2898 5596 pontifex
2941 5526 3193 5580 Nem‘ausi
3242 5519 3536 5579 celebravit.
3563 5500 3684 5563 Haud

2166 5623 2345 5669 tamen
2375 5612 2531 5681 plalte
2569 5616 2796 5671 inﬁtiari
2838 5616 3085 5667 nolumus
3134 5616 3398 5668 Urbanum
3439 5603 3682 5663 Arelatem.

2154 5719 2182 5760 ιι
2213 5721 2321 5777 qua
2352 5704 2484 5759 urbe
2512 5717 2635 5764 tunc
2666 5705 2806 5761 haud
2840 5704 3021 5775 proccl
3060 5707 3265 5767 aberat,
3298 5701 3542 5761 inrisisse-
