3892 6320
81 402 173 457 217

745 585 950 636 datum.

141 677 290 733 Forte
316 685 444 732 tunc
467 675 540 732 ibi
567 682 685 731 erat
713 674 976 745 pontifex,
1028 689 1151 730 cum
1206 673 1257 728 ei
1309 671 1631 730 Guillelmus

78 766 502 838 llontis-Majoris
528 780 695 837 prepe
713 765 959 820 eamdem
982 765 1172 819 urbem
1198 763 1367 820 abbas
1391 763 1628 819 libellum

77 859 349 930 supplicem
388 857 587 914 obtulit
627 857 888 914 adversus
925 856 1168 912 ecclesiae
1208 871 1318 911 suae
1367 856 1628 911 bonorum

75 957 351 1011 invaseres.
387 950 458 1006 Et
497 951 714 1022 quidem
768 949 1018 1006 Urbanus
1071 959 1194 1019 post
1241 949 1445 1018 aliquot
1489 950 1628 1016 dies,

75 1048 216 1104 tertio
237 1045 442 1102 scilicet
469 1046 586 1104 Kal.
604 1045 856 1117 Augusti,
881 1044 1021 1115 apud
1043 1044 1368 1100 Cabellicum
1389 1042 1628 1113 ejusdem

73 1139 362 1195 monasterii
401 1138 686 1209 privilegia
719 1147 777 1193 et
822 1139 1194 1210 possessiones
1241 1137 1311 1192 ad
1360 1135 1627 1195 Guillelmi

74 1233 259 1287 abbatis
280 1233 598 1302 petitionem
621 1231 967 1287 conﬁrmavit
987 1232 1109 1286 data
1136 1229 1303 1295 bulla,
1320 1247 1441 1300 qua:
1465 1231 1627 1286 simul

72 1339 176 1377 cum
206 1323 420 1378 laudato
464 1323 648 1379 libello
701 1322 932 1393 supplici
989 1323 1226 1378 dabitur.
1283 1322 1340 1376 ln
1387 1338 1450 1378 ea
1499 1339 1626 1379 vero

72 1415 198 1469 bulla
244 1431 348 1470 non
392 1416 578 1472 omnia
626 1417 766 1470 bona
801 1415 1118 1471 monasterii
1160 1426 1514 1470 recensentur
1559 1417 1626 1472 de

71 1507 238 1574 quibus
265 1506 433 1563 abbas
457 1507 514 1562 in
539 1507 718 1563 libello
746 1523 846 1563 suo
871 1516 1201 1577 conquestus
1227 1507 1428 1573 fuerat,
1459 1510 1622 1578 quod,

69 1606 118 1651 ut
139 1598 338 1667 quidem
369 1599 586 1667 opinor,
620 1599 851 1654 uoluerit
896 1598 1135 1668 pontifex
1172 1599 1426 1655 inauditis
1455 1601 1624 1670 parti-

69 1687 153 1742 bus
184 1687 374 1756 aliquid
405 1690 474 1744 de
508 1689 578 1744 iis
624 1707 745 1761 quae
783 1691 1352 1756 controvertehantur,
1383 1700 1475 1745 aut
1503 1708 1623 1762 quae

69 1778 113 1832 in
157 1780 439 1851 privilegiis
486 1784 834 1852 superiorum
883 1781 1200 1852 pontificum
1257 1798 1365 1837 non
1424 1784 1623 1841 diserte

1609 397 1790 453 VITA.

135 512 441 572 CCLXXIV.
474 511 888 582 Hontismajoris
915 510 1239 583 privilegium
1270 508 1568 565 Cabellione
1659 520 1710 576 Α

3217 403 3316 461 218

1986 508 2306 567 CCLXXVI.
2342 510 2425 564 An
2458 510 2748 570 Massiliam
2785 512 3038 580 inuiserit.

1805 599 1862 657 Si
1889 601 2162 658 Guesnaio
2181 614 2236 658 et
2255 603 2376 659 aliis
2401 605 2799 662 recentioribus
2819 607 3132 682 auctoribus
3153 606 3315 664 fidem

1733 696 2050 763 habeamus,
2084 697 2377 752 Massiliam
2415 713 2632 769 quoque
2666 700 2852 756 invisit
2881 699 3156 768 Urbanus,
3186 718 3310 759 cum

1731 803 1764 843 e
1787 787 1976 844 Galliis
2007 789 2059 842 in
2085 789 2294 844 Italiam
2319 791 2623 860 repedaret,
2649 790 2762 854 ubi,
2784 801 2844 845 ut
2869 791 3043 856 aiunt,
3069 808 3098 845 a
3123 792 3312 847 Sancti

1732 879 1970 936 Victoris
1998 881 2230 937 celebris
2256 882 2572 937 monasterii
2604 883 2892 939 eoenobitis
2921 899 3117 954 magno
3148 898 3312 955 appa-

1731 981 1852 1027 ratu
1877 983 2126 1044 receptus
2147 983 2249 1029 est.
2277 974 2345 1029 At
2369 976 2534 1030 altum
2560 986 2642 1032 est
2666 993 2728 1032 ea
2759 977 2826 1032 de
2848 992 2908 1032 re
2934 977 3074 1047 apud
3096 986 3311 1033 veteres

1729 1063 2038 1133 silentium;
2095 1066 2204 1123 imo
2250 1081 2350 1124 nec
2402 1067 2572 1139 liquet
2621 1084 2726 1139 qua
2778 1069 2888 1135 via,
2945 1083 3118 1140 quove
3165 1068 3308 1124 diee

1728 1153 1916 1212 Galliis
1940 1160 2262 1225 excesserit,
2293 1162 2542 1230 quamvis
2567 1170 2775 1217 certum
2803 1161 2874 1216 sit
2906 1161 3078 1231 ipsum
3105 1160 3308 1228 aliquot

1729 1249 2093 1305 hebdomadas
2141 1251 2194 1306 in
2239 1253 2550 1324 regionibus
2577 1252 2682 1309 illis
2711 1253 3000 1308 maritimis
3040 1253 3284 1322 exegisse

1923 1341 2266 1398 CCLXXVII.
2303 1343 2798 1414 Crucesignatorum
2824 1345 3098 1414 profectio.
3224 1327 3234 1345 ’

1797 1439 1922 1495 Dies
1957 1440 2028 1495 25
2070 1440 2321 1512 Augusti,
2354 1443 2430 1496 uti
2461 1443 2721 1498 discimus
2761 1457 2826 1497 ex
2877 1442 3045 1511 ipsius
3097 1439 3304 1496 Urbani

1724 1530 1950 1596 epistola
1999 1531 2066 1586 ad
2113 1532 2410 1586 Robertum
2459 1531 2727 1587 Flandrise
2777 1532 3026 1587 comitem
3057 1530 3304 1600 snperius

1724 1620 1957 1682 laudata.
1991 1623 2191 1679 indicta
2224 1634 2344 1679 erat
2374 1625 2439 1679 ad
2470 1625 2969 1696 crucesignatorum
3014 1621 3304 1692 profectio-

1726 1727 1872 1778 nem,
1901 1730 2020 1784 qute
2065 1713 2203 1770 forte
2242 1729 2505 1788 praesente
2533 1718 2712 1772 adhuc
2754 1717 2808 1771 in
2853 1715 3041 1772 Galliis
3083 1713 3303 1770 Urbano

1725 1801 1857 1858 inita
1896 1804 2014 1860 fuit.
2051 1807 2142 1863 Sic
2181 1810 2246 1862 de
2283 1823 2345 1863 ea
2394 1811 2535 1864 inter
2585 1817 2811 1864 caeteros
2852 1807 3094 1876 loquitur
3133 1804 3302 1859 Fulco

67 1885 290 1972 ξξρτεεεθ
319 1883 531 1972 Δεῖιπιπξιλ,
575 1877 952 1972 pronuntiare-
1007 1876 1108 1932 Hic
1151 1891 1281 1934 ver0
1323 1878 1617 1972 observare
1649 1885 1692 1940 Β
1718 1907 1901 1951 comes
1921 1898 2324 1970 Andegavensis
2351 1901 2401 1954 in
2427 1901 2730 1972 fragmento
2753 1900 3011 1962 historiae,
3039 1897 3150 1965 ubi,
3180 1905 3305 1966 post

69 1962 178 2019 libet
201 1967 332 2036 quod
365 1967 420 2022 in
460 1968 572 2024 hac
616 1969 820 2026 Urbani
853 1972 1018 2038 bulla,
1056 1988 1157 2042 pro
1195 1981 1454 2028 consueta
1503 1971 1620 2040 ejus

70 2055 326 2126 Scriptum
370 2075 546 2116 sacrae
587 2065 853 2119 sententia
879 2105 892 2129 ,
947 2065 1250 2120 habeantur
1304 2064 1621 2134 simpliciter

71 2145 166 2201 lucc
188 2149 336 2205 verba
365 2151 616 2222 legimus,
648 2155 1042 2223 conﬁrmamus,
1073 2171 1192 2227 quae
1220 2157 1383 2212 etiam
1413 2155 1469 2212 in
1499 2155 1620 2212 aliis

69 2237 169 2305 ejus
189 2239 329 2295 bullis
356 2241 618 2298 similiter
644 2246 882 2301 adhibita
912 2246 1238 2302 invenimus.

143 2351 408 2410 CCLXXV.
436 2356 600 2428 Apta:
631 2359 901 2416 ecclesiam
928 2361 986 2419 S.
1026 2361 1241 2417 Eusebii
1270 2372 1538 2417 consecrat

699 2429 967 2488 Urbanus.

126 2513 256 2571 Initio
273 2520 474 2576 mensis
491 2521 730 2594 Augusti
750 2525 947 2596 Aptam
979 2525 1176 2582 Juliam
1202 2525 1336 2581 adiit
1353 2525 1616 2596 pontifex,

73 2605 164 2671 ubi,
185 2617 400 2668 testante
416 2611 718 2670 Anastasio
732 2615 1022 2674 leummo
1033 2618 1309 2690 pontifice,
1329 2618 1618 2674 ecclesiam

74 2697 391 2758 suburbanam
425 2709 754 2764 monasterii
782 2707 970 2767 Sancti
1005 2710 1222 2766 Eusebii
1255 2710 1617 2766 consecravit.

74 2787 145 2842 Sic
165 2791 292 2847 enim
331 2795 421 2852 ille
449 2797 624 2854 habet
672 2800 726 2855 in
763 2799 908 2856 bulla
959 2818 1100 2858 anno
1133 2803 1273 2858 1154
1298 2803 1470 2857 eidem
1505 2819 1621 2856 mo-

73 2883 273 2939 nasterio
298 2901 558 2946 concessa
593 2909 606 2946 :
644 2891 864 2948 Omnem
899 2893 1210 2960 libertatem,
1261 2895 1617 2966 franquesiam

74 2975 317 3040 supradicti
382 2986 697 3038 monasterii
759 3001 853 3055 per
924 2997 1302 3040 antecessorem
1381 2995 1617 3039 nostrum

79 3064 327 3140 Urbanum,
355 3075 446 3146 qui
465 3076 744 3134 ecclesiam
768 3077 830 3134 S.
858 3077 1070 3134 Eusebii
1091 3077 1429 3142 consecravit,
1455 3078 1616 3148 privi-

74 3158 228 3230 legium
256 3169 611 3223 contributum
642 3172 913 3240 prasentis
941 3171 1200 3243 privilegii
1232 3173 1428 3243 pagina
1467 3172 1618 3224 robo-

75 3274 236 3313 ramus.
287 3259 432 3318 Hanc
499 3277 638 3318 vero
705 3263 1102 3322 dedicationem
1158 3280 1304 3320 anno
1359 3262 1615 3334 praesenti

75 3349 236 3406 factam
257 3352 416 3411 fuisse
440 3356 750 3428 colligimus
779 3370 847 3412 ex
889 3356 1204 3413 domesticis
1235 3355 1618 3413 instrumentis

75 3440 272 3508 ejusdem
301 3446 423 3517 loci,
458 3449 512 3503 in
561 3448 758 3519 quibus
789 3448 1043 3506 Urbanus
1070 3447 1371 3506 Gnilafredi
1404 3448 1618 3504 abbatis

76 3539 274 3603 tempore
316 3537 594 3595 basilicam
637 3537 820 3594 Sancti
847 3539 1060 3594 Eusebii
1096 3557 1127 3594 a
1155 3538 1514 3609 fundamentis
1553 3538 1617 3591 de

77 3637 175 3676 novo
211 3637 422 3682 erectam
456 3629 634 3684 Nonis
671 3631 897 3701 Augusti
934 3631 1156 3686 solemni
1188 3647 1379 3701 pompa
1408 3646 1470 3682 ac
1511 3628 1617 3681 ritu

76 3727 376 3778 consecrasse
401 3723 624 3780 dicitur.
649 3722 810 3781 Certe
841 3724 1121 3781 Urbanum
1146 3725 1248 3780 hoc
1279 3737 1423 3778 anno
1455 3722 1508 3776 in
1548 3738 1614 3778 ea

75 3809 256 3878 regione
279 3815 556 3873 exstitisse
595 3826 802 3872 certum
846 3826 958 3883 est;
1011 3817 1128 3872 dies
1158 3831 1288 3872 vero
1334 3815 1612 3871 Nonarum

75 3900 282 3970 Augusti,
310 3921 469 3976 quem
497 3909 592 3965 hic
615 3917 820 3965 temere
844 3908 1183 3979 designatum
1207 3922 1366 3962 nemo
1391 3905 1611 3973 dixerit,

77 3988 242 4050 indicat
281 3997 333 4052 id
369 3999 437 4055 ad
480 3999 628 4059 hunc
677 4000 860 4072 potius
894 4015 1058 4071 quam
1106 4001 1172 4055 ad
1217 4000 1612 4071 praecedentem

75 4096 238 4138 anuum
284 4091 527 4146 revocari
578 4091 795 4146 debere.
846 4090 979 4145 Nam
1015 4091 1148 4161 ipsis
1177 4089 1344 4147 Nonis
1381 4093 1610 4163 Augusti

76 4174 175 4228 anni
219 4181 568 4247 pracedentis
620 4182 878 4239 Urbanus
924 4182 1184 4238 Valentia:
1245 4184 1610 4239 cathedralem

78 4267 338 4339 ecclesiam,
369 4276 446 4330 uti
477 4291 580 4332 suo
602 4276 723 4332 loco
753 4276 1015 4340 diximus,
1056 4277 1417 4331 consecravit.
1451 4275 1613 4332 Com-

78 4359 220 4416 munis
245 4371 322 4418 est
346 4377 528 4421 autem
561 4366 614 4421 in
661 4367 746 4423 his
774 4367 1020 4436 partibus
1050 4367 1255 4438 opinio,
1303 4383 1408 4422 non
1452 4368 1612 4423 modo

79 4453 314 4510 ecclesiam
339 4457 523 4519 Sancti
555 4460 794 4527 Eusebii,
829 4462 922 4517 sed
942 4462 1105 4517 etiam
1137 4461 1364 4516 alteram
1395 4462 1611 4532 priora-

1725 1989 1992 2042 recensita
2042 1991 2191 2045 varia
2240 1991 2431 2046 itinera
2482 2007 2601 2060 quae
2669 1989 2908 2060 pontifex
2961 1987 3121 2056 hujus
3175 1987 3300 2040 anni

1725 2076 1880 2134 initio
1906 2078 2242 2146 confecerat,
2270 2083 2348 2136 sic
2378 2082 2724 2151 prosequitur
2749 2095 2762 2134 :
2786 2100 2802 2132 ‹
2834 2078 3089 2149 Sequenti
3115 2084 3303 2131 testate

1721 2183 1787 2224 ex
1840 2179 2114 2240 praecepto
2169 2171 2288 2241 ejus
2347 2173 2586 2227 inierunt
2633 2171 2736 2226 iter
2786 2169 3301 2241 Jerosolymitanunt

1722 2274 1831 2313 non
1876 2260 2050 2315 solum
2103 2262 2316 2332 populi,
2368 2263 2461 2318 sed
2513 2263 2680 2318 etiam
2733 2262 2898 2318 duces
2945 2261 3298 2332 populorum.

1721 2366 1952 2419 quorum
2005 2355 2225 2409 nomina
2273 2355 2342 2409 ad
2406 2356 2730 2410 evidentiam
2793 2365 3141 2426 posterorum
3212 2351 3301 2405 hic

1722 2445 1977 2500 adnotata
2027 2455 2172 2512 sunt,
2210 2447 2364 2519 Hugo
2399 2447 2620 2518 Magnus
2655 2447 2822 2503 frater
2868 2446 3100 2517 Philippi
3157 2443 3302 2514 regis

1721 2534 2023 2604 Gallorum,
2041 2537 2335 2595 Rotbertus
2349 2540 2454 2594 dux
2471 2539 2638 2595 North
2648 2554 2990 2602 mannorum,
3006 2537 3302 2592 Rotbertus

1722 2639 1904 2683 comes
1955 2627 2264 2694 F’Iandriae,
2341 2629 2694 2701 Raymundus
2750 2646 2936 2685 comes
2985 2630 3051 2684 de
3111 2634 3302 2682 sancte

1720 2716 1955 2786 Egidio,
1983 2720 2292 2792 Stephanus
2320 2738 2503 2779 comes
2526 2723 2802 2779 Blesensis
2833 2722 2975 2777 filius
3003 2716 3298 2775 Theobaldi

1721 2809 2026 2882 Campaniae
2069 2816 2308 2882 comitis,
2347 2815 2688 2872 Godel‘redus
2719 2815 3194 2885 Lotharingorum,
3245 2820 3302 2865 et

1723 2914 1874 2973 pater
1885 2908 2001 2978 ejus
2014 2909 2332 2965 Eustachius
2345 2925 2524 2965 comes
2536 2910 2768 2966 Boloniae
2786 2924 3039 2980 :qnorum
3054 2905 3300 2962 societati

1721 2992 2000 3052 Podiensis
2028 2999 2341 3070 episcopus,
2365 3001 2704 3056 Adhemarus
2729 3000 3083 3071 expeditionis
3097 2998 3204 3052 dux
3229 2996 3298 3050 ab

1723 3087 1940 3146 Urbano
1979 3092 2258 3148 institutus
2283 3095 2335 3148 in
2357 3095 2589 3150 Concilio
2615 3095 2968 3160 Arvernensi,
2992 3101 3076 3149 est
3102 3091 3294 3164 adjun-

1721 3189 1864 3245 ctus,
1894 3182 2156 3253 multique
2182 3184 2274 3239 alii
2313 3200 2519 3256 magnze
2543 3185 2759 3240 virtutis
2799 3199 3052 3256 proceres
3089 3192 3140 3237 ct
3178 3179 3296 3250 epi-

1721 3273 1936 3342 scopi...
1959 3273 2110 3329 Multi
2129 3276 2567 3346 perl’annoniatn
2582 3291 2744 3332 causa
2766 3274 3046 3331 breviandi
3063 3271 3298 3336 itineris;

1717 3365 2026 3434 complures
2068 3375 2286 3436 portum
2339 3367 2522 3422 Sancti
2566 3367 2797 3433 Nicolai,
2848 3368 2902 3422 id
2932 3377 3016 3421 est
3055 3364 3199 3418 Barii
3244 3362 3300 3416 in

1717 3457 1932 3527 Apulia,
1975 3458 2500 3530 Constantinopolim
2550 3468 2939 3529 pervenerunt.
2975 3478 2993 3509 ι
3031 3456 3125 3512 llis
3170 3469 3298 3510 conn

1717 3551 1959 3606 sentiunt
1986 3552 2074 3606 alii
2105 3561 2357 3607 auctores
2401 3552 2493 3622 qui
2520 3551 2788 3606 habentur
2815 3553 2867 3606 in
2900 3566 3065 3606 unum
3087 3547 3300 3605 collecti

1719 3641 1774 3695 in
1805 3642 1946 3697 libro
1980 3645 2059 3700 De
2095 3643 2264 3714 gestis
2295 3642 2387 3697 Dei
2416 3658 2511 3711 per
2545 3641 2800 3698 Francos.
2838 3643 2914 3697 Ex
2947 3642 3142 3712 quibus
3173 3637 3300 3693 Ful-

1718 3735 1936 3789 alterius
1973 3734 2139 3791 refert
2175 3733 2480 3804 complures
2519 3749 2616 3805 per
2655 3743 2862 3791 turmas
2893 3735 3118 3805 singulis
3147 3746 3299 3786 mon-

1718 3826 1868 3880 sibus
1899 3843 1928 3880 a
1961 3827 2155 3884 Martio
2188 3827 2256 3882 ad
2289 3827 2577 3882 Octobrem
2613 3826 2888 3895 profectos
2919 3827 3106 3891 fuisse,
3140 3832 3302 3895 prout

1718 3934 1838 3975 sese
1868 3931 2171 3990 opportune
2201 3918 2464 3975 offerebat
2489 3918 2734 3986 occasio,
2769 3919 2914 3991 quod
2941 3921 3105 3976 etiam
3134 3917 3300 3972 adno-

1721 4014 1853 4068 tavit
1893 4029 2218 4086 anonymus,
2250 4011 2342 4067 sed
2378 4011 2603 4082 (aqualis
2632 4021 2826 4067 auctor
2849 4029 3009 4082 quem
3038 4014 3140 4067 hac
3166 4025 3302 4066 enus

1717 4107 1980 4162 ineditum
2024 4115 2212 4162 noster
2275 4104 2620 4160 Mabillonius
2651 4116 2799 4160 tomo
2846 4106 2867 4161 Ι
2912 4106 3082 4161 Musei
3129 4104 3328 4161 Italici-

1716 4199 2007 4269 cvulgavit.
2059 4197 2326 4253 Caeterum
2382 4196 2670 4253 nonnullos
2743 4199 3064 4254 temeritatis
3122 4196 3300 4267 arguit

1716 4291 1968 4346 laudatus
1999 4289 2187 4356 Fulco,
2223 4289 2366 4362 quod
2397 4290 2609 4345 cmtcris
2649 4305 2754 4344 non
2793 4291 3119 4360 exspectatis
3149 4305 3300 4343 mare

1723 4384 2155 4449 transmiserint,
2207 4393 2261 4439 et
2311 4397 2374 4438 ea
2409 4383 2697 4438 occasione
2729 4386 2798 4439 ab
2851 4383 3153 4450 infidelibus
3192 4379 3300 4436 fusi

1719 4476 1955 4545 victique
1983 4476 2204 4532 fuerint.

78 4541 158 4636 lem
197 4549 345 4607 vicini
375 4555 500 4622 vici,
541 4556 634 4625 qui
673 4555 1024 4612 Clarusmons
1071 4555 1294 4620 dicitur,
1337 4556 1429 4610 ubi
1479 4556 1608 4612 olim

1787 4564 1906 4620 lam
1940 4582 2067 4620 vero
2103 4567 2354 4623 Urbanus
2382 4583 2413 4621 e
2438 4567 2627 4623 Galliis
2656 4576 2983 4632 excesserat,
3031 4581 3152 4621 eum
3183 4565 3298 4636 epi-

79 4631 249 4706 insigne
293 4651 410 4697 erat
454 4653 731 4711 castrum,
786 4645 854 4700 ab
903 4645 1092 4700 eodem
1141 4644 1403 4716 pontifice
1443 4645 1611 4701 fuisse

80 4739 424 4802 consecratam,
457 4737 512 4792 in
535 4738 689 4808 cujus
718 4738 794 4794 rei
817 4739 1053 4809 signum,
1077 4748 1134 4793 ut
1154 4740 1368 4808 quidem
1396 4749 1607 4809 putant,

81 4817 314 4878 Visebatur
334 4841 527 4883 manus
560 4829 783 4884 dextera
815 4829 970 4898 quasi
999 4829 1253 4900 populum
1281 4830 1610 4886 benedicens

81 4910 129 4961 ad
164 4915 402 4981 parietem
457 4921 512 4976 in
556 4932 788 4978 utrauue
835 4923 1068 4978 ecclesia
1118 4923 1435 4992 exsculpta,
1491 4939 1612 4994 qua:

82 4997 215 5068 figura
241 5006 358 5065 licet
404 5014 548 5084 apud
599 5013 862 5070 Sanctum
902 5015 1214 5080 Eusebium,
1259 5017 1314 5071 in
1370 5017 1609 5074 basilicae

82 5087 420 5157 instauratione
448 5107 630 5162 excisa
673 5107 767 5172 sit,
810 5117 1019 5179 perstat
1049 5117 1228 5162 tamen
1257 5110 1420 5164 etiam
1467 5127 1610 5168 nunc

83 5197 209 5254 supra
237 5195 481 5264 majorem
523 5210 732 5270 portam
763 5201 1008 5258 ecclesia:
1046 5203 1417 5269 Clarimontis,
1449 5220 1608 5274 quam

85 5281 223 5370 teipsa
277 5288 327 5343 in
371 5293 724 5351 dedicationis
768 5296 884 5367 ejus
935 5297 1252 5352 memoriam
1308 5300 1608 5370 appositam

87 5369 214 5433 luisse
238 5382 399 5440 innuit
428 5388 710 5460 inscriptio
737 5391 786 5446 ei
809 5391 986 5446 vicina
1021 5392 1294 5447 veteribus
1320 5394 1606 5448 characte-

90 5465 209 5558 ribus
231 5489 242 5526 :
268 5474 305 5529 ll
325 5477 480 5535 IDUS
501 5479 815 5539 JANUARll
847 5483 1211 5540 DEDICATIO
1234 5483 1605 5558 ECCLESIIE.

91 5552 168 5612 sed
196 5579 301 5632 tina:
328 5568 545 5629 Urbano
577 5586 886 5647 competere
934 5593 1042 5631 non
1079 5587 1276 5646 potest,
1310 5554 1439 5633 nisi.
1468 5578 1606 5633 forte

91 5655 222 5740 Pasita
246 5661 308 5714 sit
332 5674 448 5732 post
475 5667 687 5737 aliquod
725 5671 988 5740 temporis
1018 5669 1361 5725 intervallum
1397 5669 1466 5724 ab
1499 5687 1607 5728 uno

95 5739 252 5837 aliquo,
277 5755 358 5820 qui
387 5770 506 5811 cum
529 5758 778 5815 Bertoldo
803 5762 1094 5830 putaverit,
1129 5761 1406 5816 Urbanum
1439 5763 1602 5820 Nata-

96 5828 192 5888 lium
224 5840 406 5901 Christi
437 5847 778 5908 festivitatem
806 5828 1033 5910 VArclate
1070 5855 1390 5912 celebrasse.

1717 4656 1888 4726 sc0pi,
1921 4658 2011 4726 qui
2040 4656 2108 4710 ab
2141 4673 2206 4713 eo
2234 4658 2499 4728 designati
2523 4659 2740 4713 fuerant
2767 4659 2834 4712 ad
2862 4657 3009 4712 litem
3036 4656 3296 4711 dirimen-

1717 4750 1862 4814 dam,
1891 4766 2010 4819 quae
2046 4750 2188 4804 inter
2214 4749 2670 4816 Psalmodieuses,
2720 4760 2776 4806 et
2827 4749 3010 4806 Sancti
3066 4748 3298 4805 Victoris

1716 4841 2081 4898 Massilienses
2154 4843 2452 4898 monachos
2510 4845 2854 4908 vertebatur,
2926 4842 2982 4895 in
3037 4840 3297 4897 Caissaro

1713 4949 1895 4993 castro
1923 4936 2196 5008 aggregati
2219 4936 2308 4992 die
2334 4935 2400 4991 l6
2431 4934 2768 5007 Septembris
2790 4949 2910 4988 eam
2939 4932 3290 4998 definierunt,

1711 5027 2208 5084 Psalmodiensibus
2233 5043 2263 5083 a
2292 5026 2688 5084 Victorinorum
2719 5027 3056 5097 subjectione
3096 5027 3293 5082 libera.

1717 5120 1806 5175 tis.
1846 5118 2014 5190 llujus
2044 5119 2123 5175 rei
2169 5119 2590 5175 instrumentum
2621 5119 2765 5191 quod
2800 5133 2930 5175 sane
2968 5119 3291 5189 praeclarum

1711 5223 1798 5267 est
1827 5213 1877 5268 in
1908 5211 2217 5280 Appendice
2243 5211 2558 5267 referemus.

1875 5303 2243 5362 CCLXXVIII.
2287 5302 2527 5358 Urbanus
2558 5306 2612 5358 in
2641 5303 2860 5358 Italiam
2895 5321 3150 5366 reversus.

1781 5399 1968 5468 Itaque
1995 5398 2237 5450 dominus
2259 5413 2418 5467 papa,
2441 5396 2616 5466 inquit
2635 5395 2939 5463 Bertoldus,
2966 5398 3089 5452 bene
3115 5398 3296 5467 άὶεροε

1710 5491 1826 5544 sitis
1859 5491 2011 5544 rebus
2033 5491 2088 5542 in
2113 5486 2316 5551 Gallia,
2347 5497 2462 5556 post
2493 5489 2975 5545 reconciliationem
3007 5491 3138 5560 regis
3168 5489 3296 5544 Gal.

1711 5582 1905 5636 larunt.
1922 5591 2098 5649 etpost
2120 5581 2285 5634 multa
2302 5581 2544 5648 concilia,
2567 5584 2776 5637 tandem
2793 5584 2846 5636 in
2873 5582 3294 5651 Longobarrliam

1710 5691 1827 5727 cum
1862 5691 2050 5744 magno
2081 5675 2344 5743 triumpho
2385 5687 2430 5728 et
2480 5676 2646 5746 gloria
2679 5677 2968 5746 repedavit;
3004 5685 3051 5730 et
3097 5675 3294 5728 exalta-

1710 5769 1904 5823 tionem
1945 5779 2140 5822 sancta:
2183 5769 2353 5822 crucis
2385 5770 2525 5839 apud
2560 5769 2867 5846 Hortarium
2909 5769 3094 5840 [l'orte,
3149 5769 3290 5820 Mor-

1719 5855 1967 5927 tnrium],
2019 5857 2109 5927 qui
2164 5857 2310 5913 locus
2393 5859 2615 5931 insignis
2669 5867 2749 5914 cst
2827 5858 2967 5918 inter
3024 5856 3290 5927 ,Ticinunt
