3892 6320
643 362 746 418 219

1953 367 2013 422 Β.
2050 368 2215 424 URBA

2339 367 2381 421 ll
2415 367 2614 422 PAP.~'E
3705 380 3769 438 τε)

646 490 704 531 et
747 477 1029 533 Novariam
1081 480 1134 535 in
1166 480 1358 534 ducatu
1389 478 1793 544 Mcdiolanensi,
1821 497 1976 551 prope
1999 482 2222 551 Papiam
2251 486 2296 540 Α
2323 498 2631 552 compressa
2667 488 2784 537 erat
2815 482 3111 552 protervia,
3146 484 3530 554 peregrinorum
3554 489 3610 543 ad
3628 489 3772 549 Vatica-
3811 527 3813 529 ι

643 566 940 621 solemniter
957 569 1250 635 celebravit,
1275 572 1566 640 multosque
1592 572 1853 642 episcOFos
1880 582 1926 626 et
1955 574 2210 645 principes

645 656 700 708 in
729 673 824 709 suo
849 660 1098 712 comitatu
1127 659 1330 713 habuit.
2167 676 2169 680 '

716 747 884 802 Paulo
921 759 1060 818 post,
1100 751 1153 804 id
1199 759 1282 805 est
1329 766 1424 804 vrn
1454 750 1572 804 Kal.
1631 751 1897 816 Octobris,
1947 769 2013 807 ex
2043 754 2211 810 veleri

644 839 887 908 catalogo
932 841 1070 909 apud
1110 841 1382 896 Mabillon.
1429 850 1573 897 tomo
1601 843 1623 898 Ι
1650 843 1815 898 Musei
1846 845 2012 900 Italici
2043 846 2208 912 edito,

641 927 896 984 Arnull‘us
951 928 1236 986 Mediolani
1284 933 1510 988 antistes
1559 935 1793 990 excessit
1844 949 1876 991 e
1924 935 2067 1001 vita,
2122 937 2208 992 cui

645 1019 931 1075 Auselmus
977 1021 1044 1075 de
1084 1023 1215 1076 Buiz
1251 1024 1572 1079 substitutus
1614 1024 1806 1100 stolam
1852 1039 1946 1080 seu
1990 1026 2209 1096 pallium

645 1112 1103 1183 archiepiscopale
1119 1131 1210 1184 per
1234 1115 1456 1186 legatum
1467 1117 1667 1170 domini
1686 1134 1835 1188 papae
1856 1119 1955 1172 sibi
1975 1118 2208 1174 delatam

643 1201 834 1266 induit,
878 1211 938 1256 ut
982 1212 1167 1259 narrat
1212 1204 1503 1262 Laudulfus
1537 1207 1605 1262 de
1649 1208 1848 1264 Sancto
1875 1208 2042 1264 Paulo
2072 1210 2212 1279 apud

643 1289 965 1347 Puricellum
985 1303 1040 1349 et
1063 1295 1340 1366 Ughellum
1366 1306 1510 1353 tumo
1535 1298 1599 1354 lV
1616 1299 1780 1354 Italia:
1804 1314 1988 1354 sacrae.
2015 1300 2213 1356 Vereor

646 1391 822 1437 tamen
856 1399 923 1440 ne
955 1386 1068 1441 haec
1095 1387 1237 1456 pallii
1267 1403 1362 1458 per
1391 1389 1622 1459 legatum
1657 1391 1853 1446 delatio
1888 1393 1954 1445 ad
1982 1392 2210 1448 alterum

645 1472 980 1542 Anselmum,
1026 1478 1091 1532 de
1124 1494 1230 1547 quo
1273 1480 1506 1535 diximus
1547 1483 1613 1535 ad
1661 1477 1860 1536 annum
1894 1484 2028 1538 1095
2058 1500 2210 1540 revo-

645 1566 812 1619 cauda
843 1568 935 1632 sit,
959 1577 1015 1622 ut
1039 1583 1102 1625 ex
1135 1569 1394 1626 Pandulfo
1419 1572 1470 1625 in
1497 1572 1699 1628 Urbani
1723 1573 1842 1628 Vita
1868 1574 1938 1629 ibi
1962 1576 2213 1632 observa-

645 1671 836 1710 νιιιιιις.

715 1749 1034 1806 CCLXXIX.
1069 1752 1338 1808 Cremonae
1363 1754 1686 1825 privilegium
1713 1757 1802 1810 dat
1839 1757 1898 1812 S.
1925 1758 2139 1814 Basolo.

2313 586 2436 624 nam
2498 570 2776 626 basilicam
2835 571 3208 626 accedentium
3271 575 3483 630 donaria
3541 580 3770 645 rapiebant,

2313 660 2506 714 occisis
2534 661 2698 714 etiam
2737 660 3011 715 nonnullis
3049 674 3190 729 quos
3209 659 3420 717 Urbano
3458 663 3771 721 sciebantaddi-

2312 762 2430 805 ctos
2478 766 2620 805 esse.
2662 753 2860 807 Verum
2908 750 2983 806 illi
3026 751 3312 806 latrunculi
3353 761 3468 822 post
3499 756 3710 824 pontiﬁcis
3743 762 3772 813 in

2314 843 2512 898 Urbem
2543 845 2830 898 adventum
2862 843 3012 898 brevi
3043 843 3208 914 fugati
3237 842 3570 914 dissipatique
3607 848 3772 905 fuerunt.

2539 934 2880 990 CCLXXXII.
2922 934 3136 988 Urbano
3167 935 3332 988 obviat
3361 933 3626 992 Mathildis.

2381 1026 2567 1080 Eidem
2594 1042 2624 1082 e
2652 1026 2822 1080 Gallia
2852 1025 3094 1080 redeunti
3123 1024 3336 1081 obviam
3367 1026 3518 1082 ivisse
3541 1031 3774 1085 comitium

2314 1117 2620 1172 Mathildem
2661 1118 2812 1172 testis
2849 1125 2932 1171 est
2977 1116 3258 1182 Domuizo,
3300 1117 3389 1186 qui
3415 1116 3521 1185 ejus
3542 1120 3719 1174 reditum
3746 1124 3775 1176 in

2313 1206 2520 1261 Italiam
2570 1216 2624 1263 et
2681 1208 2732 1261 in
2780 1207 2977 1262 Urbem
3017 1196 3306 1262 adventum
3352 1209 3582 1264 barbaris
3615 1214 3778 1267 versibus

2315 1297 2600 1366 expressit.
2661 1296 2912 1366 Sigonius
2967 1296 3109 1351 libro
3156 1313 3208 1350 rx
3270 1297 3346 1352 De
3389 1313 3545 1369 regno
3579 1298 3777 1366 ltalia,tit

2318 1389 2591 1444 Urbanum
2626 1405 2654 1442 a
2678 1388 2934 1442 Mathilde
2955 1389 3275 1457 caeterisque
3304 1390 3356 1442 in
3382 1389 3664 1445 Lombardia
3686 1408 3778 1446 stun-

2317 1481 2418 1534 tuis
2467 1480 2759 1535 h'utoribus
2786 1479 3058 1534 excultum
3086 1468 3544 1535 Romam'adiisse.
3569 1481 3626 1534 At
3646 1481 3779 1536 Bcrtoi-

2317 1570 2414 1623 dus
2467 1568 2582 1637 ejus
2630 1569 2682 1622 in
2735 1569 2924 1623 urbem
2980 1568 3212 1622 reditum
3271 1569 3533 1638 triumpho
3576 1585 3782 1640 comparat,

2315 1676 2513 1714 annum
2546 1660 2683 1716 1097
2711 1675 2820 1730 pro
2852 1675 3004 1715 ruore
3049 1675 3146 1714 suo
3191 1675 3221 1713 a
3254 1648 3525 1716 Natalibus
3562 1661 3714 1718 Christi
3736 1665 3782 1716 ill-

2316 1753 2518 1807 choans
2547 1751 2631 1806 his
2652 1752 2832 1807 verbis
2865 1769 2879 1804 :
2911 1751 3162 1804 Dominus
3189 1767 3326 1820 papa
3357 1752 3554 1823 tandem
3579 1753 3633 1804 ad
3655 1765 3786 1822 apostr-

715 1841 894 1897 l’ridie
920 1843 1062 1909 ldus,
1102 1860 1196 1899 seu
1239 1846 1325 1899 die
1359 1820 1419 1899 l4
1459 1820 1728 1914 Octobris,
1759 1849 2037 1905 Cremona:
2078 1867 2216 1920 pon-
2241 1820 2286 1879 Β
2314 1846 2471 1900 licam
2500 1847 2669 1900 sedem
2697 1863 2815 1900 cum
2853 1861 3043 1914 magna
3083 1845 3252 1913 Ηίονὶα
3281 1854 3328 1898 ει
3366 1844 3582 1914 tripudio
3620 1861 3784 1906 νευεηυι,

643 1931 839 1986 tilicem
869 1934 1194 2004 hospitaturn
1223 1935 1389 1989 fuisse
1416 1936 1712 2005 colligimus
1743 1955 1807 1993 ex
1838 1941 1981 1994 bulla
2013 1943 2211 1998 ibidem

641 2038 896 2078 concessa
924 2028 1256 2080 monasterio
1282 2025 1467 2081 Sancti
1491 2028 1665 2083 Basoli
1697 2031 1747 2083 in
1779 2046 1908 2100 agro
1936 2031 2209 2090 l’ternensi.

644 2115 755 2169 Etsi
787 2116 930 2169 enim
963 2130 1161 2170 annum
1201 2118 1334 2172 l098
1368 2119 1418 2171 in
1449 2120 1618 2174 veteri
1648 2124 1979 2190 apographo,
2001 2139 2107 2192 quo
2129 2126 2212 2180 usi

643 2209 860 2276 fuimus,
890 2211 1162 2280 praeferat,
1190 2212 1330 2286 hanc
1351 2219 1530 2266 tamen
1567 2213 1632 2265 ad
1661 2225 1983 2282 praesentem
2010 2231 2213 2272 annum

646 2300 836 2354 referri
865 2303 1061 2356 debere
1092 2303 1438 2372 persuadent,
1477 2313 1672 2372 praeter
1702 2304 1940 2359 locorum
1975 2308 2210 2363 circurn-

645 2393 900 2467 stantiam
964 2409 1151 2447 omnes
1204 2403 1346 2448 nota:
1396 2395 1786 2470 chronologicae
1821 2396 1895 2452 ibi
1937 2399 2212 2468 appositre.

645 2485 700 2538 ln
734 2499 818 2549 ea,
848 2485 987 2538 sicut
1017 2494 1071 2539 et
1097 2486 1148 2538 in
1181 2487 1459 2555 praesenti,
1489 2501 1586 2555 pro
1609 2487 1902 2556 Scriptura:
1924 2492 2212 2557 sententia,

646 2580 761 2633 haec
786 2579 947 2634 verba
993 2580 1303 2635 referuntur
1343 2581 1649 2637 intersertis
1676 2583 1944 2649 crucibus,
1975 2583 2212 2654 legimus,

645 2671 940 2739 ﬁrmamus,
983 2682 1160 2727 sancte
1199 2673 1425 2741 Basole,
1455 2688 1576 2744 quae
1616 2673 1754 2730 forte
1792 2676 2030 2745 pontifex
2063 2677 2217 2733 adbi-

647 2761 826 2818 Imerit
876 2765 946 2819 ob
998 2765 1323 2834 singularem
1373 2764 1489 2834 ejus
1537 2764 1789 2822 affectum
1837 2768 1890 2822 in
1959 2769 2213 2825 Sanctum

645 2851 916 2919 Basolum,
972 2854 1026 2907 in
1089 2856 1239 2925 cujus
1299 2857 1612 2911 monasterii
1664 2858 1862 2913 vicinia
1909 2869 2066 2916 natus
2124 2870 2216 2915 aut

646 2951 793 2997 certe
821 2945 1076 3000 educatus
1098 2947 1291 3001 fuerat.
1327 2948 1401 3002 Ea
1442 2963 1637 3020 nempe
1672 2950 1917 3005 advocati
1958 2953 2075 3019 ejus
2103 2968 2218 3009 mo-

647 3037 869 3090 uasterii
901 3039 1188 3093 s.eculares
1219 3042 1430 3109 penitus
1470 3042 1821 3111 abrogantur;
1848 3044 1938 3113 qui
1968 3045 2209 3115 quidem,

647 3128 691 3180 si
726 3128 974 3184 Urbanus
1003 3146 1066 3184 ex
1108 3131 1584 3190 Caslilionensium
1628 3135 1970 3192 dominorum
2009 3137 2212 3192 fatnilia
2242 3156 2287 3217 ρ

647 3219 829 3282 fuerit.
863 3220 946 3275 sui
975 3221 1140 3292 ipsius
1171 3223 1478 3280 consobrini
1510 3233 1686 3286 erant.

741 3311 1041 3369 CCLXXX.
1087 3314 1262 3370 Latini
1311 3319 1536 3386 episc0pi
1565 3315 1762 3373 Curris
1794 3319 1845 3372 in
1878 3318 2126 3374 Calabria

1299 3387 1583 3441 substituti.

719 3476 815 3532 His
852 3477 1185 3548 temporibus
1213 3486 1431 3534 mortuo
1467 3479 1608 3548 apud
1645 3478 1905 3535 Calabros
1938 3477 2220 3535 Theodoro

649 3571 1006 3640 Squillacensi
1040 3572 1314 3642 episcopo,
1361 3570 1628 3641 Rogo-rius
1656 3586 1840 3626 comes
1883 3573 1936 3627 in
1980 3576 2218 3627 animum

651 3658 753 3711 sibi
774 3657 983 3712 induxit
1009 3659 1174 3714 hacin
1189 3661 1437 3726 ecclesia,
1461 3661 1678 3716 omissis
1691 3661 1914 3727 Graecis,
1938 3677 2220 3732 equorum

652 3760 810 3820 gente
847 3751 1066 3806 ultimus
1100 3752 1201 3806 fuit
1231 3753 1568 3820 Theodorus,
1601 3755 1911 3824 episcOpum
1945 3755 2219 3822 Latinum,

653 3837 780 3905 quia
837 3839 1005 3894 multo
1059 3842 1240 3909 plures
1293 3843 1514 3911 Latini,
1572 3845 1781 3900 scilicet
1827 3845 2218 3911 Northmanni,

652 3941 814 3994 quant
849 3925 1039 3994 Graeci,
1081 3940 1192 3986 tum
1226 3933 1296 3988 ibi
1336 3934 1680 4000 habitabant,
1714 3936 2016 3992 instituere.
2070 3939 2223 4004 Quod

651 4026 708 4073 et
758 4019 932 4089 reipsa
985 4024 1273 4091 praestitit,
1319 4025 1740 4084 assentientibus
1782 4027 1906 4082 aliis
1956 4030 2222 4099 episcopis

649 4107 876 4178 Latinis,
921 4127 1057 4180 quos
1097 4129 1159 4168 ea
1189 4116 1255 4169 de
1287 4131 1451 4171 causa
1477 4133 1508 4172 e
1551 4116 1735 4171 Sicilia
1763 4119 2142 4185 advocaverat,
2169 4130 2224 4177 et

649 4199 986 4267 potissimum
1013 4200 1081 4254 Sa
1091 4217 1226 4257 xoue
1241 4217 1336 4258 seu
1361 4203 1597 4259 Sassone
1613 4204 1932 4262 Cassauensi
1949 4211 2218 4279 episcopo,

653 4290 746 4359 qui
778 4289 974 4346 Urbani
999 4292 1051 4363 in
1080 4293 1324 4348 Calabria
1351 4304 1468 4349 erat
1497 4296 1756 4352 vicarius.
1780 4296 2015 4352 Joannes
2043 4299 2224 4369 itaque

649 4381 832 4436 statim
875 4397 905 4437 e
944 4383 1148 4440 decano
1187 4385 1442 4441 Militensi
1484 4387 1608 4442 huic
1653 4375 1907 4445 Ecclesiae
1936 4391 2224 4460 praefectus

2316 1933 2658 1989 Nativitatem
2713 1934 2928 1988 Domini
2974 1932 3158 1987 Roma:
3206 1949 3326 1986 cum
3374 1935 3482 1988 suis
3531 1935 3785 1988 cardinatiitu

2311 2025 2683 2095 gloriosissime
2731 2023 3037 2088 celebravit;
3086 2023 3274 2092 quippe
3324 2032 3433 2076 tota
3486 2022 3688 2076 Romana
3717 2026 3786 2074 urbe

2311 2129 2437 2182 pene
2461 2113 2560 2166 sibi
2597 2112 2896 2182 subjugata,
2925 2121 3114 2182 prteter
3139 2112 3330 2164 turrim
3359 2110 3639 2175 Crescentii,
3662 2114 3702 2163 in
3725 2129 3784 2177 qut

2313 2204 2485 2256 adhuc
2508 2204 2783 2273 latitabant
2811 2202 3125 2257 Guibertini.
3149 2201 3470 2256 Gttibertum
3493 2203 3642 2272 ipsum
3659 2218 3682 2254 ιι
3699 2201 3786 2270 plelr

2313 2295 2524 2365 pulsum
2549 2295 2713 2350 fuisse
2739 2294 2884 2349 canit
2928 2293 3209 2358 Domniza,
3251 2291 3410 2360 cujus
3436 2307 3498 2346 ea
3526 2293 3584 2347 de
3605 2309 3649 2345 re
3672 2308 3788 2344 Velitis

2313 2383 2514 2439 videsis
2542 2383 2594 2438 in
2622 2382 2948 2452 Appendiee.
2981 2380 3297 2435 Mathildem
3329 2395 3478 2445 vero,
3527 2379 3646 2448 quod
3682 2392 3788 2432 tanta

2315 2490 2421 2530 non
2448 2475 2608 2529 habet
2634 2473 2720 2528 ille
2742 2483 2951 2539 auctor,
2982 2472 3206 2528 Romam
3233 2487 3409 2541 usque
3433 2470 3672 2526 Urbanum
3692 2468 3788 2522 mati-

2318 2571 2486 2618 tatam
2514 2561 2682 2619 fuisse
2723 2577 2791 2617 ex
2819 2562 3100 2633 ipsiusmet
3127 2562 3404 2631 pontilicis
3433 2559 3634 2632 epistola
3654 2559 3702 2612 ad
3731 2557 3789 2610 llu-

2316 2668 2508 2724 gonem
2539 2652 2956 2722 Lugdunensem
3005 2641 3126 2721 post
3157 2651 3378 2720 aliquod
3419 2662 3612 2720 tempus
3651 2647 3788 2718 script:

2317 2743 2494 2812 colligi
2523 2751 2721 2813 potest,
2751 2743 2806 2798 in
2855 2758 2958 2812 qua
3007 2757 3199 2812 nempe
3243 2742 3362 2796 haec
3403 2738 3790 2811 legunturzl’au

2317 2835 2386 2887 ad
2410 2830 2595 2888 Urbem
2620 2850 2738 2889 cum
2764 2835 3027 2889 comitissa
3059 2832 3136 2887 Μ.
3167 2834 3389 2902 ραεὶβσε
3420 2835 3646 2897 ι’θηίῖηυδι
3675 2828 3788 2884 θέτω

2318 2926 2675 2980 honestissime
2703 2943 2822 2980 cum
2854 2925 3260 2997 prtecetlentium
3286 2926 3558 2994 stipatione
3582 2921 3791 2993 frequentia
3846 2925 3847 2996 ξ

2318 3018 2455 3070 sima
2506 3018 2855 3091 introivimus.
2905 3017 2972 3071 El.
3023 3017 3243 3086 quidem
3303 3016 3606 3071 Fulchcrius
3649 3019 3791 3068 testati

2324 3108 2634 3177 pontificem
2666 3108 2905 3176 ejusdem
2940 3106 3231 3162 comitissae
3261 3105 3466 3160 auxilio
3493 3103 3790 3168 Urbem,quatn

2321 3195 2494 3254 adhuc
2514 3197 2816 3252 Guibertini
2861 3196 3137 3261 tenebant,
3169 3203 3522 3264 temperasse,
3547 3208 3678 3264 quant
3701 3189 3794 3256 93""

2320 3291 2464 3356 nius,
2497 3289 2614 3344 loco
2635 3289 2749 3358 jam
2800 3289 3042 3352 laudato,
3093 3302 3122 3342 a
3154 3287 3419 3342 Guiberlo
3444 3279 3793 3354 oceupatam,sa|

2320 3380 2386 3434 ab
2415 3380 2631 3436 Urbano
2659 3379 2700 3434 ll
2726 3385 3083 3450 expugnatam
3108 3376 3279 3432 fuisse
3339 3376 3524 3440 refert,
3561 3371 3794 3444 pseudoptttr

2322 3469 2466 3525 tifice
2517 3471 2570 3524 in
2620 3485 2803 3526 arcem
2847 3468 3127 3538 compulso
3157 3467 3364 3523 auxilio
3413 3482 3604 3522 eorum.
3637 3477 3733 3533 quos
3760 3457 3795 3509 at

2321 3577 2530 3616 sacram
2582 3562 2979 3632 expeditionem
3034 3559 3278 3629 pontifex
3337 3560 3666 3613 animaverat.
3707 3551 3795 3604 lien!

2323 3653 2522 3706 habent
2545 3652 2725 3706 caueri
2767 3660 3018 3706 auctores
3041 3664 3162 3703 cum
3199 3648 3512 3712 Fulcberio,
3532 3646 3612 3716 qui
3635 3642 3797 3698 observat

2326 3741 2594 3795 Urbanum
2641 3736 2712 3796 eo
2745 3743 2861 3812 ipso
2908 3757 3068 3807 anno,
3100 3756 3200 3810 quo
3233 3736 3431 3792 Franci
3456 3735 3704 3791 Jerusalem
3724 3729 3796 3782 ituri

2321 3855 2413 3908 per
2452 3838 2670 3893 Romam
2709 3838 3048 3902 transierunt,
3085 3844 3247 3889 totam
3296 3833 3506 3895 omnino
3558 3823 3797 3899 apostolicam
3846 3875 3847 3882 η

2322 3940 2622 4000 potestatem
2645 3931 2888 3999 adeptum
2913 3945 3042 3982 esse.
3078 3925 3312 4004 Tantum
3344 3925 3485 3978 enim
3515 3921 3657 3976 fuisse
3682 3923 3799 3968 ιιιιιιιι-
3846 3989 3847 3992 η

2324 4037 2442 4076 rum
2484 4023 2785 4092 priuetpum
2834 4031 2890 4076 et
2945 4020 3174 4074 militum
3210 4019 3302 4088 qui
3359 4019 3576 4072 Romam
3621 4026 3673 4066 eo
3715 4013 3799 4058 anno
3846 4063 3847 4076 χ

2325 4114 2573 4169 adierunt
2613 4123 2843 4169 testatur
2879 4111 3147 4167 Rohertus
3177 4111 3319 4167 libro
3341 4127 3379 4164 ιι
3415 4106 3641 4167 Historia:
3664 4099 3800 4153 ieroso-
3846 4127 3847 4172 ζ

2324 4205 2612 4276 lymitante,
2661 4216 2718 4260 ut
2744 4221 2808 4259 ex
2837 4205 2922 4261 his
2950 4204 3103 4258 multi
3132 4212 3286 4258 extra
3309 4203 3518 4266 urbem,
3552 4210 3654 4253 cum
3682 4191 3802 4245 (ιοωυς

2325 4312 2430 4350 non
2458 4295 2778 4360 suliicerent,
2810 4294 3038 4350 tentoria
3068 4294 3234 4365 figere
3261 4293 3435 4347 coacti
3466 4289 3647 4343 fuerint
3673 4298 3684 4334 :
3707 4277 3801 4331 Cede

2295 4381 2618 4444 ‘Robertum
2667 4387 3070 4442 Northmannia:
3099 4386 3289 4440 ducem
3337 4392 3390 4436 et
3421 4381 3640 4437 Odorem
3672 4368 3801 4436 ερῑετθ

649 4481 762 4539 est,
816 4474 896 4528 uti
942 4474 1139 4544 legitur
1177 4476 1230 4530 in
1265 4477 1485 4545 Rogerii
1534 4479 1724 4534 charta
1774 4457 1951 4547 quam—
1974 4480 2227 4552 Ughellus
2259 4491 2303 4546 1)
2331 4497 2453 4551 pum
2485 4479 2884 4549 Bajocassmum
2928 4478 3112 4534 Romae
3156 4492 3278 4532 cum
3310 4475 3529 4530 Urbano
3568 4457 3802 4552 collotttlittill

649 4573 798 4620 tomo
818 4565 890 4620 IX
915 4566 1078 4623 Italiae
1103 4583 1272 4624 sacrae
1294 4584 1418 4639 pag.
1448 4571 1547 4626 591
1578 4571 1765 4627 edidit.
1792 4573 1916 4628 lla-.c
1943 4576 2120 4628 omnia
2154 4577 2222 4630 ab

655 4655 869 4712 Urbano
900 4659 1218 4714 confirmata
1259 4660 1440 4728 fuere,
1485 4663 1582 4732 qtri
1620 4665 1785 4718 etiam
1835 4679 1898 4718 ea
1940 4667 2224 4720 occasione

648 4748 792 4803 hanc
835 4749 1131 4805 Ecclesiam
1179 4751 1436 4808 Romanae
1485 4753 1623 4818 sedi,
1672 4755 1873 4810 omisso
1905 4771 2226 4825 quocunque

649 4841 1084 4911 metropolitano,
1120 4844 1364 4911 proxime
1409 4844 1672 4912 subjecit,
1724 4847 1799 4900 uti
1848 4863 1914 4901 ex
1949 4847 2226 4902 Paschalis

648 4931 792 4986 bulla
815 4935 1012 4989 ibidem
1046 4950 1168 5006 pag.
1197 4936 1301 4989 597
1339 4937 1506 4991 relata
1545 4937 1919 5005 intelligimu3°
1959 4954 2084 4993 nam
2127 4938 2225 4994 Ur-

651 5023 778 5078 bani
808 5041 868 5079 ea
905 5027 970 5081 de
997 5041 1055 5081 re
1081 5027 1317 5096 diploma
1351 5028 1607 5083 amissum
1637 5037 1740 5084 est.

711 5113 1034 5170 CCLXXXI.
1073 5117 1228 5171 Luem
1260 5117 1535 5172 Urbanum
1564 5113 1909 5190 crucesignati
1940 5122 2188 5175 invisum.

728 5207 860 5261 Cum
887 5224 1014 5264 vero
1043 5211 1154 5280 ipse
1187 5211 1384 5266 Lucam
1417 5211 1626 5267 Tuscia:
1654 5213 1841 5267 urbem
1871 5214 2223 5282 pervenisset,

655 5314 777 5353 eum
807 5300 910 5354 ltuc
931 5300 1114 5354 adiere
1137 5301 1405 5358 liolrertus
1420 5301 1827 5358 Nortbmannize
1841 5311 1896 5358 et
1920 5301 2226 5372 Stephanus

653 5485 910 5542 ditionem
949 5489 1329 5554 properabant.
1373 5488 1483 5543 Hoc
1535 5489 1708 5544 secuti
1759 5487 2062 5557 complures
2109 5487 2224 5553 alii,

653 5586 714 5631 ut
746 5585 932 5631 narrat
962 5577 1301 5642 Fulclrerius,
1333 5580 1422 5648 qui
1463 5589 1520 5634 et
1565 5581 1678 5649 ipse
1699 5595 1783 5634 'ex
1824 5566 1932 5634 illis
1968 5587 2106 5644 erat,
2138 5592 2227 5631 ae-

656 5669 1116 5740 cepta‘pontificis
1147 5668 1752 5736 benedictione,"statim
1786 5671 2010 5725 Romam
2043 5683 2226 5738 perre-

659 5770 871 5816 xerunt.
916 5761 986 5813 At
1019 5758 1339 5829 Guibcrtini,
1387 5777 1612 5831 quorum
1646 5770 1769 5816 tunc
1811 5761 2044 5817 nondum
2089 5762 2225 5815 bene

2326 4544 2451 4630 iuuc
2476 4544 2727 4629 habuisse
2761 4575 2911 4628 testis
2940 4580 3022 4626 est
3052 4571 3218 4628 etiam
3250 4570 3366 4639 ipse
3395 4563 3660 4622 Ordcricus
3687 4544 3803 4642 Vili'lf‘
3846 4569 3847 4578 ‘

2323 4665 2460 4720 libro
2490 4682 2542 4730 π,
2589 4680 2725 4735 quos
2777 4664 2889 4736 ejus
2933 4671 3174 4733 percepta
3219 4634 3560 4713 benedictione
3599 4651 3642 4702 iu
3682 4634 3803 4736 Al’f‘lid

2323 4728 2575 4808 Itiemasse
2606 4728 2827 4808 scribii.
2859 4753 2933 4807 De
2987 4751 3071 4806 his
3101 4749 3330 4819 aliisque
3377 4739 3654 4820 peregrinis
3677 4728 3802 4820 cadetll

2325 4845 2550 4900 omnino
2609 4853 2837 4897 narrant
2890 4841 2980 4895 alii
3031 4827 3250 4910 quoque~
3297 4847 3558 4897 auclOI‘CS,
3601 4818 3806 4917 quos

2325 4940 2544 4993 visitata
2597 4937 2854 4993 Romana:
2901 4935 3052 4989 urbis
3100 4933 3217 4987 loca
3281 4945 3461 4992 sacra,
3514 4915 3804 5003 monastertutn

2327 5031 2490 5085 etiam
2537 5029 2832 5084 Casinense
2867 5027 3065 5081 adiisse
3113 5023 3304 5078 scribit
3331 5021 3518 5076 Petrus
3549 5007 3805 5068 Diaconos"!

2325 5120 2593 5175 Chronico
2647 5118 2926 5174 Casinensi
2980 5104 3117 5171 libro
3147 5132 3222 5179 tv,
3272 5129 3392 5183 cap.
3428 5126 3491 5176 ll,
3527 5113 3579 5160 ut
3602 5115 3650 5156 se
3671 5095 3805 5186 ευδίιίξθ

2328 5219 2514 5265 sancto
2539 5210 2680 5264 Patri
2706 5207 3018 5273 Benedicto,
3047 5207 3272 5277 ejusque
3302 5200 3660 5258 monachorum
3685 5191 3803 5255 P'w'

2296 5317 2298 5320 '
2325 5303 2426 5358 bus
2456 5301 2921 5357 contttteudarent.

653 5392 931 5447 Elcsarum
969 5395 1219 5460 comites,
1246 5397 1334 5464 qui
1361 5411 1456 5466 per
1485 5395 1692 5450 Italiam
1712 5397 1786 5450 ad
1818 5409 2030 5450 sacram
2059 5409 2224 5464 expe-
2297 5403 2302 5406 '

2540 5391 2906 5449 CCLXXXIH.
2943 5389 3158 5444 Henrici
3181 5383 3483 5444 miserabilis
3500 5387 3663 5434 status.

2397 5483 2549 5539 llaud
2575 5483 2745 5554 magis
2766 5495 3026 5552 prospera
3052 5488 3210 5534 erant
3235 5479 3291 5533 in
3317 5475 3462 5531 Italia
3490 5459 3802 5554 llenrici‘qui‘f“l

2328 5573 2445 5643 ejus
2492 5541 2963 5642 pseudopoittificis
3011 5568 3250 5636 negotia,
3430 5541 3802 5668 quidemnabﬁﬂz

2328 5626 2552 5719 Urbano
2586 5626 2854 5732 Nogleram
2881 5659 3186 5722 obsederat,
3226 5657 3320 5712 sed
3354 5656 3563 5707 frustra.
3608 5648 3656 5732 ut

2329 5756 2612 5821 Domnizo,
2651 5715 2740 5824 qui
2785 5753 2924 5808 hanc
2952 5752 3284 5808 obsidionem
3324 5739 3580 5802 describit.
3609 5715 3800 5786 Matium"
