3892 6320
101 388 194 444 221

1673 375 1851 433 VlTA.

3259 391 3368 445 ΗΞ

101 516 226 556 vero
250 517 394 571 gum,
441 501 603 557 verba
648 507 774 556 sunt
798 499 1059 567 Bertoldi,
1107 516 1233 571 pene
1273 499 1384 554 sola
1423 514 1541 554 cum
1575 497 1684 552 suis
1714 495 1760 550 Α
1787 495 2141 553 CCLXXXVI.
2177 496 2467 554 Daimberti
2495 499 2720 571 episcopi
2760 498 3073 556 Senonensis
3106 502 3368 557 ordinatio

102 601 279 644 contra
307 589 603 646 Henricum
635 600 682 645 et
712 591 1111 645 hteresiarcltam
1146 591 1452 645 Guibertum
1473 589 1685 659 compli-
1749 631 1754 642 .

103 697 277 750 cesque
310 696 503 734 eorum
522 681 632 750 jam
655 682 917 751 septennia
938 692 1290 753 pugnaverat;
1337 680 1551 735 tandem
1581 679 1684 734 hoc

104 786 239 826 anno
283 771 701 842 imperatorem,
749 774 1130 842 proculdubio
1178 782 1253 827 tot
1303 781 1683 841 tantorumque

103 863 404 927 hominum,
437 865 533 934 qui
566 865 762 920 Urbani
791 865 1005 919 bortatu
1021 865 1088 918 ad
1113 880 1296 919 sacras
1316 863 1682 933 expeditiones

102 954 486 1024 properabant,
513 956 743 1010 adventu
767 956 821 1009 in
847 955 1054 1009 italiam
1084 955 1430 1020 exterritum,
1457 970 1680 1025 recupe-

102 1044 230 1098 ratis
255 1045 370 1099 suis
405 1045 588 1108 bonis,
632 1045 851 1115 penitus
879 1063 906 1098 e
937 1045 1306 1115 Longobardia
1356 1044 1584 1114 fugavit;
1633 1057 1681 1099 et

105 1136 185 1188 ille
226 1152 342 1189 cum
372 1139 564 1205 paucis
607 1136 948 1192 Ratisbonam
984 1139 1190 1191 veniens
1225 1147 1383 1192 totam
1420 1138 1489 1190 ibi
1515 1139 1680 1206 exegit

105 1238 350 1293 ceritatem,
398 1238 450 1282 et
481 1230 623 1282 circa
673 1239 900 1283 castrum
943 1228 1268 1298 Nuremberg
1312 1229 1442 1282 satis
1483 1230 1679 1298 private

107 1331 325 1374 moratus
348 1322 566 1375 laudent
594 1321 871 1376 Nemetum
898 1322 1160 1392 migravit,
1204 1321 1390 1375 ibidem
1422 1321 1548 1374 satis
1575 1321 1684 1390 pri-

107 1420 211 1464 vate
231 1410 320 1465 diu
334 1422 610 1467 moratur.

136 1542 504 1599 CCLXXXIV.
552 1541 795 1600 Urbanus
830 1545 1106 1600 concilium
1139 1545 1386 1599 Laterani
1405 1543 1646 1598 celebrat.

166 1652 291 1708 Cum
334 1654 530 1722 itaque
560 1653 811 1710 Urbanus
852 1653 1036 1708 Roma:
1072 1653 1411 1723 praevaleret.
1465 1651 1577 1714 ubi,
1626 1658 1684 1704 ut

107 1743 208 1811 ipse
256 1744 448 1798 scribit
498 1743 570 1796 ad
620 1743 902 1812 llugonem
954 1743 1387 1812 Lugdunensem,
1451 1743 1680 1806 honeste,

2469 569 2658 623 dilata.

1854 656 2066 712 Mortuo
2099 669 2280 712 autem
2315 659 2413 714 sub
2451 657 2609 712 finem
2651 659 2960 717 Decembris
2990 663 3368 732 praecedentis,

1784 757 1843 801 ut
1869 747 1982 815 jam
2010 748 2440 812 observavimus,
2466 749 2721 805 Rieherio
2763 750 3060 807 Senoncusi
3092 754 3365 824 archiepi-

1787 854 1972 906 scopo,
2025 827 2367 893 Daimbertus
2426 839 2480 892 in
2525 839 2640 908 ejus
2677 838 2850 894 locum
2902 842 3226 896 substitutus
3251 852 3366 906 est;

1785 929 1879 983 sed
1907 945 2029 984 cum
2061 929 2172 996 ille,
2202 929 2287 984 sui
2318 931 2620 985 decessoris
2645 931 2870 1002 vestigia
2904 941 3142 998 secutus,
3168 933 3370 1002 prima-

1786 1021 1862 1075 tui
1893 1004 2278 1090 Lugdunensis
2293 1020 2548 1077 Ecclesia:
2573 1023 2765 1093 subjici
2796 1023 2979 1087 nollet,
3011 1023 3161 1094 Hugu
3188 1025 3368 1080 archi-

1784 1110 2067 1181 episcopus
2098 1111 2403 1167 intercessit
2452 1127 2521 1166 ne
2551 1111 2618 1166 ab
2640 1113 2908 1182 episcopis
2932 1115 3370 1182 comprovincia-

1785 1201 1924 1256 libus
1956 1201 2322 1256 ordinaretur.
2383 1203 2497 1269 Qua
2546 1205 2830 1259 occasione
2867 1204 2958 1259 lvo
3007 1205 3364 1268 Carnotcnus,

1783 1293 1873 1361 qui
1922 1308 1951 1346 a
2009 1292 2346 1357 Daimbcrto,
2404 1301 2464 1346 ut
2519 1307 2643 1348 eum
2696 1303 3059 1358 consecraret,
3113 1295 3370 1348 invitatus

1785 1384 1983 1441 fuerat.
2016 1383 2292 1437 Urbanum
2327 1381 2454 1450 quid
2502 1380 2647 1436 facto
2702 1398 2836 1452 opus
2885 1394 3054 1446 esset,
3097 1384 3369 1437 consuluit

1782 1475 2010 1542 epistola
2040 1474 2158 1528 l65.
2192 1471 2247 1526 ln
2279 1489 2342 1528 ea
2374 1482 2599 1528 excusat
2640 1488 2698 1528 se
2739 1474 2826 1528 lvo
2866 1475 3005 1543 apud
3036 1474 3366 1544 pontificem,

1785 1563 1925 1630 quod
1961 1572 2080 1632 post
2106 1579 2259 1618 suum
2290 1563 2357 1618 ab
2381 1562 2499 1631 ejus
2524 1563 2780 1617 comitatu
2807 1563 3102 1618 discessum
3131 1564 3366 1617 nondum

1786 1653 2027 1710 licuisset
2051 1657 2116 1710 ad
2138 1672 2259 1710 eum
2286 1656 2482 1722 redire,
2507 1666 2599 1709 aut
2622 1655 2810 1709 saltem
2836 1650 2930 1725 per
2954 1659 3167 1710 tmutios
3191 1657 3367 1724 ipstnn

1786 1745 2052 1812 salutare;
2104 1756 2216 1800 tum
2263 1747 2314 1801 ei
2351 1745 2694 1800 commendat
2746 1745 3108 1800 Parisiensem
3161 1746 3371 1813 cpisco-

110 1845 203 1890 tute
221 1843 266 1889 et
293 1834 552 1889 alacriter
579 1836 919 1901 versabatur,
965 1837 1138 1891 visum
1169 1845 1252 1911 est.
1280 1835 1350 1902 ei,
1381 1835 1448 1890 ad
1477 1834 1676 1892 Urbem
1710 1835 1756 1894 Β
1787 1852 1910 1906 pum
1945 1838 2168 1891 Romam
2225 1836 2552 1905 profectum,
2605 1835 2692 1890 cui
2746 1835 2914 1889 abbas
2947 1834 3368 1899 Latiuiaceusis,

108 1927 196 1982 sibi
220 1926 384 1996 magis
415 1928 708 1999 magisque
739 1928 1115 1994 ass‘erendum,
1147 1929 1265 2000 ejus
1287 1930 1418 1983 cives
1449 1939 1494 1982 et
1520 1929 1680 1997 regio—

110 2031 185 2069 nes
211 2031 379 2069 omnes
405 2019 758 2072 sacramentis
803 2033 902 2072 suo
944 2016 1118 2073 ofﬁcio
1153 2018 1493 2088 adstringere.
1522 2018 1680 2071 Certe

106 2102 201 2172 jam
240 2105 303 2159 ab
349 2105 471 2176 ipso
509 2108 638 2162 anni
686 2109 821 2163 1097
878 2109 1030 2165 initio
1077 2109 1432 2163 Lateranensi
1481 2107 1679 2177 palatio

113 2195 410 2264 potiebatur,
442 2207 516 2251 ut
543 2206 690 2269 patet
720 2212 784 2252 ex
815 2197 931 2266 ejus
960 2197 1104 2252 bulla
1141 2198 1208 2253 ad
1246 2197 1523 2268 Hugonem
1554 2197 1680 2251 Clu-

119 2287 391 2345 ttiaoensem
442 2289 707 2344 abbatem
746 2291 871 2343 data
901 2288 1151 2343 Laterani
1173 2304 1205 2343 v
1233 2288 1364 2342 Idus
1406 2287 1676 2353 Januarii,

118 2381 364 2436 indictione
390 2397 444 2446 v,
495 2382 552 2436 in
581 2397 686 2452 qua
717 2381 994 2451 privilegia
1027 2390 1081 2434 et
1106 2365 1476 2450 possessibnes
1499 2393 1656 2432 mona

115 2469 243 2524 sterii
281 2470 664 2526 Cluniacensis
692 2487 756 2526 ac
800 2472 1042 2528 locorum
1088 2472 1138 2525 ei
1175 2473 1512 2527 subditorum
1550 2485 1650 2525 con

114 2562 344 2616 firmavit:
367 2563 459 2633 qui
501 2573 689 2633 utpote
719 2565 1161 2635 vigilantissimus
1189 2568 1430 2636 pontifex
1457 2583 1678 2623 suarum

120 2668 275 2707 rerum
317 2657 745 2726 prosperitatem
790 2656 859 2732 ad
887 2657 1143 2712 Ecclesiae
1173 2660 1512 2713 commodum
1541 2659 1681 2715 refe—

113 2757 234 2808 rens,
263 2746 558 2802 concilium
593 2748 779 2802 statim
827 2750 1169 2811 convocavit,
1204 2749 1389 2818 procul
1427 2751 1589 2804 dubio
1623 2760 1681 2805 ut

115 2847 166 2887 ea
188 2851 294 2905 quae
315 2835 369 2892 in
394 2836 702 2893 Gallicanis
744 2838 969 2908 synodis
1009 2839 1303 2893 constituta
1335 2841 1577 2906 fuerant,
1623 2842 1678 2895 in

115 2923 294 2981 Italiam
335 2943 561 2999 quoque
605 2937 949 2999 propagaret.
985 2929 1126 2982 Istud
1163 2927 1401 2998 generale
1449 2929 1681 3000 appellat

119 3016 335 3087 Sigonius
349 3019 494 3075 libro
523 3035 578 3076 ιι
605 3021 680 3076 De
701 3026 867 3091 regno
893 3020 1078 3087 Italiae,
1109 3022 1195 3076 cui
1221 3021 1346 3077 Otto
1371 3021 1684 3090 Ft‘isingen-

118 3106 179 3160 sis
217 3115 265 3162 et
309 3109 398 3164 alii
454 3119 716 3165 auctores
753 3112 1122 3166 consentiunt.
1182 3111 1299 3182 Ipse
1349 3111 1593 3181 pontifex
1626 3112 1677 3164 in

1783 1926 1885 1980 sub
1915 1927 2093 1995 specie
2119 1927 2240 1980 novi
2270 1926 2534 1996 privilegii
2563 1941 2592 1979 a
2623 1923 2875 1994 pontifice
2905 1924 3198 1991 impctrati,
3235 1925 3367 1978 obe-

1747 2016 2042 2086 dientiam
2093 2016 2411 2087 denegabat.
2442 2015 2602 2071 Certe
2651 2031 2763 2084 prae
2819 2015 3068 2070 manibus
3110 2015 3370 2069 habemus

1779 2109 2116 2180 privilegium
2139 2110 2268 2163 illud
2313 2109 2716 2176 Latiniaccnse,
2753 2110 2920 2180 quod,
2979 2125 3098 2163 eum
3154 2111 3205 2163 in
3239 2124 3371 2180 apo-

1779 2201 1985 2269 grapho
2015 2201 2212 2254 nullam
2246 2202 2443 2256 habeat
2469 2203 2782 2257 chronicam
2825 2211 3032 2266 notam,
3082 2202 3188 2256 huc
3216 2217 3370 2256 revo-

1778 2294 1892 2347 cari
1923 2308 2079 2362 posse
2126 2308 2192 2347 ex
2234 2294 2336 2349 bac
2387 2295 2565 2349 lvouis
2595 2285 2818 2364 epistola
2868 2309 3179 2359 censemus,
3209 2304 3372 2363 atque

1779 2383 1914 2437 adeo
1939 2383 1990 2436 in
2017 2384 2327 2453 Appendice
2349 2399 2377 2437 a
2403 2385 2557 2440 nobis
2579 2385 2967 2440 exhibendum.
2993 2384 3163 2440 Porro
3194 2385 3372 2441 lvonis

1779 2476 2066 2544 epistolam
2126 2477 2279 2530 initio
2335 2475 2494 2546 hujus
2539 2477 2664 2530 anni
2727 2478 2985 2546 scriptam
3035 2475 3201 2530 fuisse
3249 2478 3372 2530 inde

1740 2555 1752 2630 ξ
1779 2564 2081 2634 colligimus
2101 2567 2244 2634 quod
2268 2566 2503 2619 nondum
2539 2574 2664 2619 tunc
2699 2568 2917 2635 quando
2963 2566 3107 2620 illam
3134 2567 3370 2634 scripsit,

1779 2657 2024 2711 audierat
2058 2659 2184 2726 quid
2213 2657 2430 2712 Urbano
2457 2656 2683 2710 Romam
2711 2657 3030 2726 ingredienti
3058 2658 3369 2721 accidisset,

1782 2756 1842 2802 ut
1871 2747 1986 2822 ipse
2021 2758 2255 2804 testatur
2290 2749 2376 2804 his
2400 2749 2581 2803 verbis
2617 2766 2628 2801 :
2660 2748 2733 2801 De
2762 2764 2888 2816 pace
2927 2761 3124 2802 sancta:
3171 2748 3372 2802 Roma-

1781 2857 1861 2895 na:
1889 2840 2138 2896 Ecclesia:
2177 2852 2225 2896 et
2283 2853 2450 2897 vestra
2509 2842 2852 2912 prosperitate
2882 2843 2964 2896 det
3007 2843 3151 2896 nobis
3186 2841 3372 2895 Domi-

1783 2951 1879 2989 nus
1899 2937 2082 2990 autlire
2111 2937 2251 3007 qttod
2282 2949 2545 3005 optamus.

1749 3075 1752 3078 ν
1783 3048 2155 3106 CCLXXXVI.
2191 3049 2458 3106 Gerardus
2497 3051 2655 3119 episc.
2711 3049 3040 3105 Morinorum
3070 3049 3243 3104 sedent
3288 3047 3370 3100 di-

2475 3124 2652 3175 mittit.

121 3197 314 3264 εμίειοιδ
356 3215 487 3254 ωοι
547 3199 762 3254 lauda“!
818 3201 886 3254 ad
938 3201 1215 3271 “ligonem
1262 3201 1676 3272 Lugdunensem
1705 3188 1752 3252 α
1854 3208 2012 3266 Circa
2069 3211 2260 3267 eadem
2298 3219 2711 3284 temporacum
2753 3193 3081 3272 Morinorum
3132 3209 3372 3264 Ecclesia

121 3286 236 3340 hanc
264 3288 426 3358 ipsam
459 3291 724 3359 synodum
756 3289 1004 3344 Laterani
1039 3291 1340 3345 solemniter
1367 3291 1678 3346 celebratum

123 3373 262 3432 fuisse
287 3386 538 3435 testatur.
570 3379 741 3436 Porro
769 3380 871 3435 etsi
900 3380 1076 3435 nullas
1103 3382 1360 3452 praeferat
1382 3382 1677 3439 chronolo-

123 3467 204 3530 giae
253 3478 402 3526 notas
452 3473 576 3527 haec
622 3473 872 3539 epistola,
905 3474 1076 3542 ipsam
1121 3484 1304 3531 tamen
1336 3475 1494 3545 hujus
1546 3476 1676 3531 anui

122 3558 249 3615 initio
276 3545 696 3636 consignandam
727 3579 846 3621 esse
871 3579 938 3620 ex
960 3581 1025 3621 eo
1063 3567 1516 3641 facilelcolligitur
1534 3569 1676 3637 quod

122 3656 163 3709 in
185 3672 238 3712 ea
262 3664 455 3719 mentio
504 3663 599 3719 ﬁat
638 3664 937 3720 Daimberti
987 3679 1180 3720 recens
1206 3663 1363 3718 electi
1413 3662 1466 3716 in
1497 3660 1678 3715 archi-

122 3750 395 3820 episcopum
432 3753 833 3821 Senonensem,
860 3770 1020 3824 quem
1052 3755 1154 3809 hoc
1185 3767 1328 3807 anno
1354 3752 1590 3806 intrante
1621 3751 1672 3804 in

123 3839 328 3900 Richcrii
376 3847 556 3902 locum
604 3847 955 3902 substitutum
1014 3845 1184 3901 fuisse
1237 3852 1468 3923 constat.
1528 3843 1672 3910 ldent

122 3934 282 4001 probat
309 3954 466 3995 causa
493 3939 897 3995 Lemovicensis
911 3938 1176 3994 electi-ibit
1192 3923 1521 4001 memorata;
1547 3951 1671 3988 nam

124 4025 253 4092 paulo
277 4039 389 4098 post
413 4030 736 4089 Guillelmus
764 4030 1048 4101 episcopus
1077 4029 1360 4086 ordinatus
1382 4035 1485 4082 est.
1515 4026 1674 4082 Certe

125 4112 313 4187 insignis
338 4131 420 4176 est
472 4120 728 4190 epistola,
777 4129 964 4192 utpote
1008 4135 1128 4190 qua:
1176 4119 1344 4176 multa
1384 4129 1439 4174 et
1485 4119 1670 4192 gravia

125 4209 356 4266 variarum
387 4213 579 4270 Galliae
617 4213 974 4270 ecclesiarum
1024 4214 1240 4284 negotia
1269 4213 1668 4284 complectitur,

124 4299 368 4358 ctUrbani
420 4308 477 4360 in
530 4306 812 4360 servandis
863 4304 1122 4360 Ecclesiae
1179 4304 1380 4374 regulis
1430 4304 1667 4360 studium

124 4390 304 4456 probat.
334 4393 458 4452 llaec
502 4395 631 4450 olim
661 4395 878 4451 dabitur
917 4410 984 4450 ex
1015 4411 1119 4450 ms.
1147 4395 1441 4450 Baluziano
1466 4395 1670 4450 deseri-

125 4485 216 4542 pta.
236 4479 393 4540 Porro
430 4486 537 4541 etsi
571 4499 639 4539 ex
670 4486 826 4541 dictis
867 4494 1078 4540 certum
1108 4485 1358 4540 videatur
1387 4483 1666 4541 Urbanum

128 4566 240 4625 haud
269 4577 425 4635 multo
448 4587 572 4649 post
604 4594 760 4635 suum
794 4579 847 4633 in
890 4580 1084 4635 urbem
1115 4578 1348 4634 reditum
1376 4578 1665 4633 concilium

127 4656 241 4715 istud
263 4668 393 4735 apud
443 4669 775 4725 Lateranum
819 4669 1146 4736 celebrasse,
1172 4671 1262 4724 vix
1305 4680 1484 4726 tamen
1514 4671 1668 4740 quid-

128 4764 258 4815 ‘Iuam
281 4771 343 4811 ex
364 4759 480 4828 ejus
503 4761 657 4817 Actis
682 4769 775 4816 aut
797 4763 1030 4818 decretis
1071 4778 1360 4833 superesse
1388 4763 1667 4818 fatendum

127 4852 207 4910 est,
239 4853 364 4918 quod
391 4855 531 4911 forte
577 4856 713 4910 nihil
739 4857 863 4911 novi
910 4856 981 4911 ibi
1006 4857 1278 4912 sancitum
1324 4857 1506 4912 fuerit.
1553 4857 1668 4912 Huc

128 4935 265 4995 solum
293 4948 526 5002 revocari
553 4963 712 5018 posse
731 4963 1017 5004 censemus
1040 4949 1267 5020 (nullam
1287 4953 1483 5020 quippe
1505 4949 1666 5004 aliam

129 5023 338 5094 Urbanus
378 5043 640 5113 synodum
702 5041 958 5098 Laterani
1008 5045 1230 5116 habuit)
1303 5047 1665 5116 fragu'ientum

130 5123 327 5210 Cpistolae
362 5136 426 5190 ad
452 5135 810 5192 Golbfredum
855 5137 1290 5208 Magalonensem
1327 5140 1662 5210 episcopum,
1738 5180 1741 5182 -

130 5209 172 5264 in
203 5231 292 5286 quo
317 5227 546 5292 pontifex
598 5230 811 5295 statuit,
860 5229 1016 5297 juxta
1061 5230 1205 5300 quod
1237 5233 1291 5286 in
1321 5231 1664 5286 Lateranensi

133 5310 311 5366 concilio
347 5321 782 5390 promulgaverat,
822 5337 927 5391 qua
977 5323 1189 5379 ratione
1216 5324 1518 5378 dividendae
1554 5324 1663 5378 sint

133 5393 435 5487 sleemosynae
479 5421 814 5468 mortuorum
850 5415 940 5484 qui
975 5416 1026 5469 in
1057 5418 1404 5473 monasteriis
1443 5417 1661 5487 sepeliri

137 5480 534 5558 desideraverant.
583 5503 716 5558 illud
760 5480 1047 5572 statutum,
1086 5509 1226 5576 quod
1282 5507 1336 5561 in
1389 5480 1660 5567 nonnullis

137 5583 478 5649 eXtImplaribus
511 5603 632 5662 post
657 5611 917 5652 canonem
947 5597 1014 5650 12
1043 5597 1258 5662 Questa,
1282 5599 1421 5667 apud
1444 5598 1658 5652 Gratia-

137 5675 236 5721 num
261 5673 338 5739 1'5,
366 5684 420 5750 'q.
447 5685 482 5738 ‘2
531 5686 780 5754 habetur,
825 5688 966 5744 inter
1007 5689 1138 5744 alias
1170 5689 1370 5744 Urbani
1399 5690 1658 5760 epistolas

139 5765 252 5813 num.
277 5764 367 5824 ξω
386 5776 696 5843 proferetur.

1781 3301 1949 3356 variis
2003 3303 2176 3375 turbis
2226 3303 2547 3374 agitaretur,
2594 3302 2737 3372 quod
2786 3301 3059 3357 Gerardus
3084 3301 3372 3369 ejussedis

1779 3392 2066 3461 episcopus
2104 3392 2157 3446 in
2199 3391 2430 3448 concilio
2485 3376 2839 3446 Nemausensi
2863 3431 2877 3454 ,
2917 3375 2977 3444 ut
3014 3391 3269 3453 diximus,
3302 3389 3372 3442 ab

1779 3480 1956 3535 officio
2017 3495 2313 3550 suspensus
2367 3479 2580 3543 fuisset,
2612 3479 2941 3534 Lambertus
2989 3478 3369 3532 Atrebatensis

1778 3573 2026 3634 antistes.
2082 3571 2168 3626 cui
2238 3563 2543 3625 Manasses'
2576 3562 3029 3638 metropolitanus
3071 3568 3366 3624 Remorum

1777 3653 1903 3731 ejus'
1923 3661 2170 3718 ecclesiae
2220 3677 2408 3717 curam
2465 3663 2966 3727 commendaverat,
3025 3663 3084 3716 in
3135 3660 3366 3716 Gerardi

1777 3756 2006 3824 gratiam
2059 3754 2280 3811 Urbano
2332 3755 2570 3828 scripsit.
2614 3755 2749 3821 Quid
2803 3755 3143 3822 responderit
3194 3753 3372 3821 ponti-

1778 3845 1865 3899 fex
1916 3839 2254 3916 ignoramus.
2306 3835 2395 3900 At
2435 3845 2710 3900 Gerardus
2760 3853 2842 3899 tot
2905 3846 3044 3900 forte
3094 3860 3366 3900 morarum

1743 3923 1749 3930 ”
1775 3947 2060 4007 pertaesus,
2089 3945 2142 3992 et
2168 3936 2330 4007 quod,
2355 3953 2607 3991 excusare
2636 3953 2711 4000 se,
2741 3945 2800 3990 ut
2829 3935 2985 3990 habet
3016 3946 3201 4008 auctor
3234 3935 3369 3990 Vitae

1774 4026 1999 4084 Joannis
2038 4027 2156 4099 ejus
2182 4027 2538 4092 successoris,
2583 4027 2778 4082 saltem
2801 4041 2867 4081 ex
2894 4027 3042 4081 enini
3086 4035 3236 4096 parte
3263 4043 3367 4080 non

1772 4130 1964 4191 posset,
2008 4119 2326 4190 episcopatu
2379 4119 2563 4187 cessit,
2607 4128 2667 4173 ut
2723 4117 2892 4174 refert
2941 4119 3030 4172 ille
3083 4126 3271 4171 auctor
3313 4126 3369 4172 et
3445 4141 3452 4145 -

1739 4203 1741 4205 ’
1773 4222 1895 4283 post
1923 4229 2045 4270 eum
2072 4204 2437 4276 Malbrancus,
2471 4222 2634 4283 atque
2664 4212 2718 4265 in
2747 4209 3136 4266 monasterium
3171 4208 3367 4263 Montis

1776 4305 1966 4361 Sancti
2000 4305 2156 4371 Eligii
2186 4320 2356 4376 prope
2398 4304 2688 4359 Atrebatas
2718 4318 2778 4358 se
2826 4303 3056 4373 recepit,
3089 4301 3203 4366 ubi,
3232 4299 3362 4356 sub-

1773 4397 1964 4450 stituto
1984 4395 2034 4451 ei
2068 4395 2230 4466 paulo
2274 4405 2484 4464 postea,
2523 4395 2597 4449 uti
2637 4394 2780 4450 infra
2819 4396 3083 4459 dicemus,
3133 4393 3360 4456 Joanne,

1750 4473 2044 4555 reliquum
2083 4486 2206 4539 vitae
2237 4499 2349 4538 suae
2374 4485 2426 4537 in
2462 4501 2589 4553 pace
2631 4486 2763 4556 egit.
2806 4484 3081 4540 Lamberti
3113 4498 3174 4537 ea
3206 4486 3273 4538 de
3303 4495 3363 4537 re

1742 4574 2078 4648 “epistolam,
2128 4577 2417 4635 deficiente
2473 4581 2675 4635 Urbani
2710 4596 2970 4650 responso
3018 4581 3275 4635 exhibere
3306 4580 3360 4634 in

1769 4667 2081 4737 Appendice
2109 4669 2284 4724 visum
2311 4679 2414 4726 est.
2443 4670 2632 4726 Eidem
2658 4671 2901 4727 Gerardo
2925 4680 3082 4726 antea
3110 4670 3362 4727 Urbanus

1769 4760 2138 4830 rescripserat
2183 4761 2448 4816 adversus
2493 4778 2762 4816 canonum
2814 4771 3236 4831 contemptores,
3265 4761 3362 4816 sed

1770 4852 1944 4907 solum
1969 4863 2218 4924 superest
2245 4856 2364 4924 ejus
2385 4855 2625 4925 epistolae
2653 4855 3018 4931 fragmentum
3067 4853 3207 4923 apud
3237 4852 3358 4908 lvo-

1769 4962 1915 5002 nem.
2368 5023 2370 5026 ν
2564 5020 2566 5022 ν
2809 4941 2814 4946 ’

1768 5062 2167 5119 CCLXXXVII.
2209 5061 2484 5132 Pontiﬁcis
2543 5063 2758 5131 a/Tectus
2790 5061 2844 5114 in
2881 5061 3181 5124 monac/tos,
3228 5077 3356 5131 quos

2067 5172 2069 5175 -
2266 5137 2333 5186 ad
2365 5135 2640 5202 dignitates
2667 5132 2849 5185 ere/tit.

1837 5224 2005 5293 llujus
2031 5227 2155 5280 anui
2175 5226 2348 5295 initio,
2373 5234 2466 5278 aut
2494 5234 2640 5277 certe
2663 5224 2764 5279 sub
2789 5225 3143 5293 praecedentis
3166 5225 3354 5286 finem,

1767 5335 1892 5385 nam
1921 5319 2060 5373 1096
2091 5300 2308 5388 praefert
2335 5317 2639 5370 Chronico"
2672 5314 2914 5371 Cavense
2940 5333 3040 5372 ms.
3084 5317 3355 5372 ecclesiam

1738 5462 1740 5465 .
1773 5410 1948 5465 Sancti
2001 5410 2158 5464 Pauli
2178 5409 2318 5463 dedit
2377 5407 2621 5482 Urbanus
2655 5426 2792 5479 papa
2823 5408 2982 5485 Petro
3013 5410 3188 5464 abbati
3215 5411 3358 5465 San-

1763 5512 1860 5556 σιω
1923 5501 2196 5555 Trinitatis
2248 5500 2312 5553 de
2360 5500 2522 5553 Cava.
2563 5500 2716 5555 llaud
2773 5502 3016 5567 dubium,
3067 5501 3204 5555 utin
3245 5509 3354 5555 tam

1761 5593 1963 5657 celebri
2017 5593 2135 5648 loco
2183 5591 2493 5660 regularem
2554 5593 2894 5663 disciplinam
2957 5593 3220 5658 firmaret,
3259 5601 3354 5647 aut

1762 5686 1902 5741 forte
1965 5685 2303 5754 aliquantum
2373 5693 2736 5754 tcpcsceutem
2801 5691 3153 5739 restauraret.
3207 5683 3352 5738 Nihil

1762 5780 1904 5838 enim
1936 5779 2220 5835 omittebat
2243 5779 2530 5849 religiosus
2555 5776 2815 5849 pontifex,
2848 5778 2981 5831 utin
3005 5776 3352 5855 monasteriis
