3892 6320
623 404 731 462 223

623 622 814 668 curata
841 620 1171 677 servaretur,
1196 613 1339 681 quod
1362 612 1593 681 probam
1613 612 1775 666 varia:
1796 610 1913 680 ejus
1936 610 2113 677 bulla,
2144 611 2197 664 in

622 703 817 773 quibus
838 718 902 757 eo
918 702 1255 773 potissimum
1280 702 1463 758 animo
1492 717 1550 757 se
1563 702 1841 773 privilegia
1855 701 2198 757 monasteriis

619 795 895 866 indulgere
916 794 1178 861 declarat,
1191 802 1252 849 ut
1272 795 1542 860 monachi,
1561 794 1950 851 asazcularibus
1968 795 2128 849 rebus
2143 802 2199 848 et

616 885 762 941 curis
776 885 947 948 liberi,
966 884 1263 939 ferventius
1285 885 1351 940 ad
1363 885 1603 940 coelestia
1626 881 1963 940 anhelarent;
1980 883 2197 939 Sciebat

616 976 814 1047 quippe
828 975 1226 1046 ejusmodiloca
1253 992 1434 1043 sacra,
1458 993 1581 1032 cum
1606 993 1635 1030 a
1659 977 1939 1032 monachis
1970 976 2124 1032 bonis
2142 986 2197 1032 et

614 1065 721 1133 piis
740 1065 1074 1120 inhabitantu
1085 1082 1127 1131 r,
1164 1080 1281 1121 esse
1295 1066 1458 1121 veluti
1474 1067 1762 1122 seminaria
1787 1082 2099 1138 magnorum
2116 1069 2196 1123 vi-

618 1172 823 1224 rorum,
843 1160 934 1230 qui
958 1159 1209 1215 Ecclesia:
1226 1159 1493 1213 laboranti
1515 1158 1716 1214 auxilio
1729 1173 1849 1213 esse
1867 1167 2105 1228 possent.
2129 1158 2195 1213 Et

616 1254 833 1322 quidem
887 1254 938 1309 id
975 1253 1211 1307 maxime
1241 1249 1548 1306 attendebat
1586 1260 1664 1317 ut,
1717 1250 1760 1306 si
1806 1249 1948 1305 forte
1996 1249 2191 1304 alicubi

616 1340 811 1394 lateret
839 1342 1102 1410 ejusmodi
1128 1340 1320 1410 aliquis
1347 1341 1667 1417 monachus,
1699 1355 1821 1394 eum
1847 1341 1912 1393 ad
1933 1339 2189 1395 Ecclesia:

617 1431 906 1498 dignitates
935 1443 1293 1501 promoveret.
1327 1423 1445 1484 Jam
1477 1431 1764 1485 nonnullos
1788 1445 1854 1485 es
1884 1431 1966 1485 bis
1998 1431 2189 1485 lauda-

616 1526 809 1592 vimus,
834 1528 927 1581 sed
958 1527 1063 1583 duo
1085 1527 1240 1581 nobis
1264 1528 1532 1597 prtccipue
1552 1536 1845 1581 occurrunt
1874 1528 1963 1581 hic
1988 1543 2189 1582 memo-

615 1616 814 1669 randi:
851 1615 1102 1671 Albertus
1164 1630 1357 1685 nempe
1419 1617 1541 1685 qui,
1597 1625 1653 1669 ut
1706 1615 1963 1686 Ugbellus
2024 1616 2188 1672 refert

617 1714 764 1760 tomo
777 1706 866 1762 VII
894 1706 1059 1761 Italiae
1087 1721 1281 1773 sacrae,
1314 1708 1413 1760 hoc
1444 1723 1588 1760 attno
1616 1722 1683 1760 ex
1710 1708 1975 1762 monacho
2000 1706 2189 1762 Sancti

616 1798 800 1851 Savini
836 1800 902 1852 de
926 1798 1198 1853 Placentia
1224 1799 1509 1868 presbyter
1537 1798 1847 1864 cardinalis,
1879 1814 1943 1853 ac
1971 1799 2185 1854 tandem

614 1888 1054 1960 archiepiscopus
1085 1888 1402 1959 Sipontinus
1432 1888 1604 1944 iactus
1634 1899 1736 1954 est,
1768 1890 1905 1945 alter
1937 1891 2033 1944 fuit
2062 1906 2187 1946 san-

612 1989 732 2034 ctus
754 1980 1081 2045 Bernartius,
1115 1995 1177 2033 ex
1226 1980 1547 2035 chrtorum
1595 1979 1800 2034 familia
1835 1981 2030 2035 nobilis
2062 1981 2185 2036 Flo-

612 2072 892 2137 rentinus,
943 2088 1103 2142 quem
1143 2073 1307 2127 semel
1357 2082 1411 2127 et
1458 2073 1651 2127 iterum
1703 2072 1953 2127 Urbanus
1986 2072 2185 2127 frustra

613 2164 1019 2227 commonitum,
1056 2164 1269 2217 tandem
1298 2164 1554 2220 adhibitis
1579 2165 1823 2220 censuris
1859 2166 2190 2221 ecclesiasti-

614 2256 715 2319 cis,
762 2265 822 2309 ut
866 2255 920 2309 in
971 2256 1089 2325 ejus
1140 2256 1257 2312 Vita
1314 2253 1530 2324 legitur,
1590 2256 1655 2310 ad
1686 2270 1744 2310 se
1774 2256 1959 2311 venire
1988 2257 2183 2327 coegit,

613 2361 848 2414 eumque
896 2345 995 2401 hoc
1050 2346 1215 2400 etiam
1268 2347 1382 2415 ipso
1436 2362 1578 2400 anno
1624 2349 1996 2418 presbyterum
2045 2350 2184 2403 tituli

614 2437 789 2491 sancti
821 2436 1153 2507 Chrysogoni
1184 2437 1511 2491 cardinalem
1562 2439 1788 2491 creavit.
1838 2438 2018 2495 Multis
2067 2442 2187 2495 l'un-

611 2536 735 2580 ctus
796 2527 1170 2598 legationibus,
1229 2542 1349 2580 cum
1409 2527 1617 2582 Parmae
1682 2529 1964 2599 episcopus
2015 2529 2187 2588 factus

616 2617 828 2681 fuisset,
854 2616 1132 2672 miraculis
1167 2626 1220 2672 et
1246 2618 1532 2671 Sanctitate
1575 2617 1798 2672 illustris
1838 2633 1903 2672 ex
1949 2620 2050 2676 bac
2075 2621 2183 2675 vita

614 2706 866 2777 migravit
896 2706 995 2762 sub
1042 2705 1322 2761 Paschalis
1363 2706 1405 2760 Il
1447 2708 1785 2777 pontificatu.
1817 2709 1912 2765 His
1950 2710 2055 2765 duo
2092 2710 2182 2765 alii

612 2797 827 2866 adjungi
859 2806 1111 2866 possunt;
1158 2798 1307 2863 Milo,
1357 2814 1422 2854 ex
1470 2802 1733 2856 monacho
1779 2800 1962 2857 Sancti
2004 2802 2183 2858 Albini

611 2885 1044 2955 Andegavensis,
1075 2888 1139 2943 de
1170 2903 1278 2957 quo
1312 2888 1425 2959 jam
1454 2888 1714 2955 diximus,
1747 2890 1836 2960 qui
1862 2891 2007 2945 circa
2037 2891 2184 2946 hunc

612 2990 813 3029 annum
840 2976 907 3030 ab
934 2976 1159 3047 Ughello
1184 2978 1383 3032 dicitur
1407 2979 1681 3033 Bernardo
1708 2978 2043 3034 Prtenestino
2068 2981 2183 3048 epi-

614 3080 777 3134 scopo
818 3066 1142 3121 substitutus
1190 3066 1357 3121 fuisse
1411 3077 1598 3122 contra
1654 3067 1932 3138 Hugonem
1984 3068 2179 3124 Album

613 3156 1168 3226 pst-udocardinalem,
1196 3157 1456 3214 famosum
1489 3158 1919 3223 schismaticum,
1936 3170 1992 3215 et
2017 3159 2181 3215 Joan-

613 3264 710 3304 nes
741 3248 1088 3315 Marticanus,
1114 3266 1273 3320 quem
1306 3250 1372 3304 ab
1410 3249 1627 3305 Urbano
1656 3250 2021 3307 Tusculanum
2061 3253 2180 3322 epi-

610 3355 832 3410 scopum
857 3351 1101 3397 creatum
1138 3340 1305 3397 fuisse
1334 3340 1588 3411 Ughellus
1614 3343 1796 3396 tradit.
1825 3343 1870 3397 ls
1904 3342 2042 3397 forte
2068 3344 2182 3413 ipse

607 3448 690 3491 est
715 3437 950 3494 Joannes
972 3439 1287 3503 monachus,
1313 3453 1474 3509 quem
1502 3438 1654 3509 Ilugo
1680 3438 2102 3494 Flaviniaceusis
2126 3441 2177 3494 in

607 3524 877 3581 Chronico
907 3536 1188 3583 memorat.
1228 3528 1329 3583 Hic
1366 3540 1566 3593 tamen,
1614 3530 1656 3583 si
1700 3530 1911 3583 sincera
1949 3530 2017 3584 sit
2064 3531 2180 3600 ejus

608 3618 846 3670 auctoris
872 3619 1136 3684 narratio,
1166 3619 1444 3689 aliquanto
1470 3630 1590 3689 post
1619 3621 1760 3674 hunc
1789 3637 1989 3674 annum
2006 3620 2179 3676 lactus

608 3708 1009 3777 estepiscopus,
1033 3726 1154 3764 nam
1177 3711 1245 3765 ab
1265 3711 1504 3778 Urbano,
1533 3729 1654 3767 eum
1686 3728 1716 3767 e
1736 3712 1924 3768 Galliis
1953 3714 2180 3769 Romam

609 3802 831 3866 rediret,
865 3818 1047 3859 secum
1079 3805 1342 3860 adductus
1365 3807 1584 3875 dicitur,
1610 3817 1664 3862 et
1684 3808 1915 3876 primum
1940 3812 2174 3873 abbatia,

611 3899 725 3943 tum
755 3892 1066 3973 episcopatu
1115 3895 1361 3949 donatus.
1416 3896 1494 3950 En
1550 3897 1666 3965 ipsa
1700 3898 1939 3968 llugonis
1974 3902 2173 3955 verba:

613 3983 767 4037 Anno
796 3984 1188 4042 Incarnationis
1213 3989 1500 4044 Dominica:
1525 3991 1681 4055 1181,
1715 3990 1945 4047 Joannes
1982 3994 2179 4049 Tuscu-

609 4073 763 4126 lanus
793 4076 1058 4145 episcopus
1094 4096 1125 4130 a
1153 4096 1287 4147 papa
1318 4080 1371 4133 in
1408 4081 1649 4150 Angliam
1701 4083 1889 4135 missus
1937 4095 2011 4137 est
2058 4103 2179 4152 pro-

607 4172 723 4230 pter
755 4180 964 4218 censum
999 4163 1056 4219 S.
1098 4164 1260 4220 Petri.
1293 4167 1395 4222 llic
1420 4170 1703 4224 canonicus
1729 4169 1912 4226 Sancti
1941 4172 2180 4239 Quintini

605 4252 991 4309 Bellovacensis
1044 4257 1299 4326 regularis
1347 4260 1668 4330 professione
1725 4263 1937 4324 violata,
2000 4264 2178 4319 habitu

606 4345 858 4411 deposi:o.
885 4348 953 4399 ad
968 4349 1214 4402 smculum
1237 4352 1417 4416 rediit;
1441 4362 1487 4406 et
1517 4371 1632 4406 cum
1655 4357 2021 4422 improperinm
2044 4356 2178 4423 ferre

606 4448 862 4504 nequiret.
885 4437 1036 4492 Becci
1077 4442 1362 4495 monac/tus
1408 4443 1604 4512 factus,
1641 4463 1756 4498 cum
1805 4457 1933 4499 esset
1970 4448 2179 4501 natione

1932 403 1992 457 .
2039 402 2291 457 UIlBANI
2319 404 2359 459 Il
3702 417 3767 475 211

622 520 961 592 potissimum
984 517 1315 574 Benedictinl
1339 517 1546 575 ordinis
1567 517 1762 590 regulae
1782 518 2091 574 observatio
2116 533 2201 573 ac-
2298 521 2445 574 bano
2474 520 2592 588 ipso
2620 520 2671 574 in
2692 516 2900 574 Italiam
2931 519 3215 587 reductus;
3249 508 3335 577 ille
3356 536 3475 579 vero
3498 524 3576 595 qui
3609 527 3663 583 ab
3681 529 3770 588 Ead-

2256 928 2261 933 .
2300 896 2473 937 annos
2499 883 2567 938 ab
2595 882 2814 939 Urbano
2850 885 3153 941 accersitus
3198 889 3397 953 fuerat,
3438 896 3495 943 ut
3516 904 3623 945 eum
3648 908 3775 948 mons.

2302 624 2452 663 mero
2477 609 2748 675 laudatur,
2781 625 2944 665 causa
2972 611 3134 665 studii
3160 611 3446 668 litterarum
3489 614 3538 669 in
3566 616 3770 676 Franciam

2300 699 2513 754 venisse
2557 700 2773 765 dicitur,
2814 715 2881 755 ac
2918 700 3064 755 fama
3107 702 3345 758 Anselmi
3396 714 3641 774 permotus
3669 709 3772 769 Becci

2300 792 2655 846 monasticam
2711 792 2878 847 vitam
2910 794 3243 863 suscepisse,
3296 797 3438 852 unde
3484 808 3592 867 post
3633 801 3773 871 aliquot

2300 972 2466 1028 sterio
2487 972 2737 1028 Telesino
2776 975 3100 1044 praeceret.
3132 978 3315 1044 Certe,
3345 993 3414 1035 ex
3435 981 3516 1035 bis
3546 992 3669 1052 patet
3688 988 3774 1042 nihil

2297 1067 2545 1122 omisisse
2571 1065 2847 1123 Urbanum
2874 1079 2935 1124 ut
2959 1070 3104 1125 viros
3149 1071 3429 1142 religiosos
3447 1074 3511 1127 ad
3536 1090 3587 1129 se
3608 1091 3660 1130 et
3679 1080 3775 1134 omni

2296 1164 2449 1223 parte
2488 1166 2817 1224 accerseret,
2856 1174 3085 1229 quorum
3117 1175 3285 1230 opera
3323 1163 3377 1216 in
3408 1162 3691 1221 dillieillimis
3718 1184 3775 1222 ne-

2296 1248 2455 1316 gotiis
2477 1258 2739 1315 uteretur,
2765 1266 2868 1321 qua
2898 1252 2965 1308 de
2994 1268 3076 1317 re,
3099 1262 3156 1307 ttt
3185 1252 3301 1322 jam
3332 1256 3709 1323 observavimus,
3736 1264 3775 1315 ad

2296 1338 2471 1407 ipsum
2503 1340 2816 1395 Auselmum
2849 1352 2960 1397 tum
2995 1343 3150 1399 Becci
3179 1346 3431 1401 abbatem
3461 1350 3720 1419 scripserat,
3740 1364 3773 1406 ut

2293 1429 2335 1483 si
2369 1430 2601 1500 aliquem
2629 1432 2893 1501 ejusmodi
2936 1435 2989 1489 in
3032 1451 3129 1492 sua
3160 1440 3570 1509 congregatione
3603 1442 3775 1508 haberet,

2290 1536 2411 1576 eum
2457 1532 2547 1577 aut
2577 1523 2865 1580 adduceret
2892 1540 3095 1594 secum,
3118 1539 3207 1584 aut
3242 1540 3413 1595 certe,
3445 1532 3485 1586 si
3527 1532 3624 1602 ipse
3656 1538 3775 1591 venire

2290 1626 2395 1663 non
2427 1622 2628 1680 posset,
2662 1614 2728 1668 ad
2760 1629 2817 1670 se
2860 1616 3117 1673 mitteret.
3156 1618 3305 1674 Idem
3358 1621 3581 1690 pontifex
3622 1625 3777 1691 epistola

2289 1699 2359 1755 48
2384 1701 2644 1759 Joannem
2670 1706 2979 1773 quemdam,
3005 1721 3072 1763 ex
3107 1708 3307 1765 clerico
3348 1711 3581 1768 Romano
3611 1716 3776 1770 ecclesia

2291 1793 2618 1847 monachum
2646 1792 2803 1849 Becci
2829 1794 3032 1850 factum
3061 1799 3279 1867 repetit.
3307 1799 3542 1870 Denique
3563 1802 3778 1857 Eadmerus

2377 1880 2494 1936 Vita
2537 1885 2708 1939 sancti
2736 1885 2977 1942 Anselmi
3006 1887 3185 1942 laudat
3216 1889 3438 1944 Petrum
3469 1891 3614 1945 alium
3649 1909 3775 1946 inona-

2290 1974 2450 2029 cltum
2479 1974 2908 2042 Cluniacettsem,
2936 1996 3136 2047 magna:
3166 1983 3495 2036 auctoritatis
3538 1985 3700 2048 virum,
3721 1988 3776 2053 qni

2291 2066 2492 2121 Urbani
2543 2082 2606 2122 ac
2643 2077 2825 2137 postea
2866 2069 3138 2127 Paschalis
3172 2075 3490 2142 pontilicum
3530 2079 3777 2132 cantem-ius

2289 2155 2483 2209 fuerat.
2536 2154 2691 2213 Hunc
2720 2159 2986 2227 nonnulli,
3037 2164 3130 2217 sed
3177 2165 3475 2231 immerito,
3520 2168 3777 2235 suspicantur

2288 2245 2455 2301 fuisse
2479 2246 2697 2302 Petrum
2739 2250 3031 2317 celebrem,
3083 2264 3268 2323 postea
3312 2256 3556 2311 abbatem
3590 2257 3776 2319 Cluniari,

2289 2337 2665 2395 Vcnerabilem
2692 2342 2917 2397 dictum.
2954 2344 3003 2399 ls
3029 2360 3220 2417 nempe
3264 2363 3411 2403 anno
3438 2349 3568 2405 1092
3603 2348 3693 2418 jam
3727 2365 3779 2405 sc-

2288 2430 2388 2485 den
2400 2442 2449 2485 te
2473 2430 2690 2487 Urbano
2711 2445 2868 2488 natus
2890 2444 2992 2490 est.

2516 2522 2931 2582 CCLXXXVIII.
2962 2526 3251 2584 Concilium
3280 2530 3613 2588 Santoneuse.

2356 2611 2500 2667 Inter
2524 2614 2637 2669 hate
2659 2614 2884 2670 Amatus
2911 2616 3316 2689 Burdigalensis
3344 2624 3729 2693 archiepiscopus
3744 2632 3778 2676 et

2285 2701 2491 2771 legatus
2520 2705 2662 2760 sedis
2704 2707 3013 2775 apostolica:
3152 2710 3340 2767 Nonas
3371 2713 3543 2768 Martii
3572 2714 3777 2768 concilium
3842 2678 3843 2739 1

2286 2792 2424 2859 apud
2456 2791 2724 2848 Santonas
2762 2795 3078 2863 celebravit,
3117 2814 3147 2852 a
3201 2799 3423 2855 Labbco
3451 2811 3503 2857 et
3546 2801 3648 2856 aliis
3685 2816 3782 2853 anno

2284 2880 2611 2948 praecedenti
2646 2884 3059 2954 consignatum,
3100 2888 3242 2956 quod
3284 2891 3461 2959 reipsa
3510 2891 3775 2946 indictioncn

2286 2986 2339 3024 tv
2359 2983 2413 3025 et
2440 2985 2639 3026 annum
2673 2972 2810 3029 1096
2842 2974 2894 3029 in
2935 2974 3123 3032 charta
3156 2978 3558 3045 Vindocinensi,
3591 2982 3701 3035 unde
3722 2980 3779 3033 ba~

2283 3060 2458 3127 betur,
2490 3064 2742 3119 exhibeat
2771 3065 2916 3137 (Vid.
2949 3068 3147 3123 Anecd.
3182 3068 3338 3127 Thes.
3392 3085 3430 3128 t.
3477 3073 3562 3136 IV,
3593 3089 3639 3144 p.
3682 3072 3776 3140 125).

2283 3156 2370 3222 At,
2403 3167 2460 3210 ut
2487 3166 2546 3211 ut
2565 3156 2729 3213 fuerit
2758 3159 2824 3214 de
2863 3160 3175 3230 indictione,
3203 3180 3327 3234 quas
3356 3168 3445 3222 hic
3472 3169 3690 3223 mendosa
3712 3174 3777 3227 est.

2284 3246 2327 3300 si
2366 3246 2542 3301 nullus
2568 3261 2724 3302 error
2754 3248 2806 3302 in
2830 3265 3031 3305 annum
3062 3232 3366 3324 irrepserit,
3400 3257 3704 3327 repetendum
3724 3262 3775 3306 ea

2283 3340 2337 3395 in
2376 3355 2438 3394 ea
2468 3341 2678 3406 charta,
2711 3343 2850 3397 sicut
2887 3346 3088 3415 passim
3138 3347 3255 3403 eri
3306 3350 3467 3413 solet,
3496 3352 3603 3420 ejus
3630 3347 3773 3402 initium

2345 3431 2590 3475 Pnsrhali
2647 3429 2954 3475 festivitates.
3011 3435 3169 3475 Carm
3219 3454 3423 3475 mnum
3472 3440 3594 3475 107
3642 3437 3777 3475 dieprle

2282 3445 2311 3483 a
2345 3431 2591 3485 Paschali
2646 3429 2956 3489 festivitate.
3011 3435 3169 3491 Certe
3218 3454 3424 3494 annum
3472 3440 3594 3494 1097
3642 3437 3777 3492 diserte

2284 3520 2503 3588 praefert
2529 3520 2942 3578 instrumentum
2975 3527 3136 3580 Silvae
3166 3526 3408 3598 Majoris,
3449 3530 3502 3585 in
3530 3544 3589 3585 eo
3616 3526 3777 3582 concilio

2284 3612 2481 3665 factum
2517 3651 2533 3676 ,
2591 3628 2689 3682 pro
2743 3616 3082 3672 restitutione
3143 3629 3299 3673 teri-te
3348 3622 3413 3676 de
3449 3621 3627 3675 Daeria
3665 3628 3700 3672 et
3736 3618 3775 3667 de

2285 3700 2447 3754 Tosco
2473 3717 2634 3772 quam
2663 3703 2950 3764 Achelmus
2994 3706 3234 3774 ejusdem
3276 3708 3382 3766 loci
3435 3712 3593 3766 abbas
3639 3708 3777 3762 ibidem

2283 3791 2613 3859 impetravit.
2673 3793 2790 3849 Non
2854 3795 3103 3852 dissentit
3157 3797 3417 3857 Chronici
3485 3798 3776 3856 Malleacensis

2281 3892 2490 3950 auctor,
2522 3885 2635 3953 qui,
2666 3885 2791 3942 licet
2814 3888 2880 3942 ad
2910 3904 3109 3943 annum
3136 3891 3271 3947 1096
3307 3895 3446 3949 hanc
3471 3894 3696 3965 synodum
3728 3902 3775 3941 re

2280 3985 2458 4044 vocat,
2492 3992 2613 4033 eam
2674 3988 2852 4035 tamen
2886 3983 3097 4037 nonnisi
3152 3985 3249 4039 sub
3301 3986 3467 4041 nem
3516 3985 3655 4054 hujus
3693 3980 3773 4036 anni

2281 4066 2446 4133 locat,
2482 4078 2605 4139 post
2654 4071 2919 4127 recensita
2976 4072 3183 4130 scilicet
3229 4077 3400 4131 multa
3446 4078 3547 4132 alia
3590 4089 3687 4145 qua:
3716 4084 3776 4141 per

2282 4165 2451 4211 totum
2486 4157 2602 4226 ejus
2631 4160 2917 4215 decursum
2948 4162 3314 4234 contigerant.
3359 4166 3479 4222 Uno
3517 4168 3676 4225 verbo,
3701 4174 3775 4214 0m-

2280 4248 2408 4303 nino
2432 4262 2638 4304 certum
2668 4260 2752 4306 est
2798 4252 2938 4307 hanc
2967 4245 3229 4324 synodum
3262 4271 3449 4314 mense
3482 4256 3655 4312 Martio
3690 4248 3775 4305 anni

2281 4340 2417 4396 1096
2468 4342 2795 4398 celebratam
2829 4360 2933 4400 non
2982 4346 3169 4403 fuisse.
3217 4349 3371 4405 Tunc
3407 4351 3544 4406 enim
3592 4348 3775 4402 AmatuS.

2278 4431 2369 4500 qui
2399 4432 2447 4486 ei
2480 4432 2754 4500 prtel'uisse
2796 4436 3009 4497 dicitur,
3064 4439 3204 4507 apud
3244 4438 3513 4494 Santonas
3556 4451 3659 4494 esse
3704 4447 3774 4487 non

604 4528 893 4593 Romanus,
925 4547 1061 4599 papa
1093 4528 1303 4585 Urbano
1334 4534 1402 4586 ad
1442 4532 1645 4587 Gallias
1684 4536 1911 4591 veniente
1941 4537 2149 4606 familia

2285 4521 2475 4590 potuit,
2504 4531 2689 4591 utpote
2718 4525 2806 4593 qui
2838 4540 2902 4580 eo
2928 4534 3167 4595 tempore
3195 4529 3247 4582 in
3284 4530 3553 4599 ponticis
3580 4526 3773 4582 comitatu

603 4619 810 4671 ritatem
832 4618 946 4687 ejus
975 4620 1194 4689 adeptus
1225 4631 1321 4685 est,
1350 4620 1669 4694 Romamque
1698 4626 1959 4690 reductus,
2003 4636 2050 4679 et
2086 4626 2177 4681 de-

600 4708 781 4778 functo
806 4707 1068 4764 Lauicano
1091 4711 1351 4782 episcopo,
1375 4714 1618 4786 cumjam
1632 4714 1696 4769 de
1716 4715 1925 4769 abbatia
1944 4717 2175 4786 quadam

602 4810 908 4859 muneratus
946 4811 1101 4864 esset,
1142 4801 1207 4855 de
1253 4802 1437 4857 abbate
1473 4804 1524 4858 in
1562 4805 1858 4876 episcopum
1907 4817 2175 4875 promotus

602 4901 695 4946 est.
738 4891 792 4944 Si
822 4907 950 4946 vero
988 4892 1033 4946 is
1066 4894 1181 4962 ipse
1220 4893 1288 4948 sit
1320 4892 1553 4950 Joannes
1585 4896 1753 4950 abbas
1782 4896 1963 4951 Sancti
1990 4896 2174 4952 Salva-

601 4982 735 5034 toiis
773 4998 937 5053 prope
983 4983 1289 5040 Telesinam
1332 4988 1545 5053 urbem,
1576 4988 1715 5058 apud
1761 5004 1923 5059 quem
1954 4999 2173 5045 sanctus

598 5071 886 5133 Anselmus
939 5076 1177 5143 divertit,
1236 5085 1293 5130 ut
1338 5093 1480 5133 anno
1531 5079 1778 5149 sequenti
1827 5096 1890 5134 ex
1920 5080 2171 5136 Eadtneri

600 5163 737 5223 libro
762 5163 799 5217 ll
833 5163 1101 5220 Novorum
1136 5169 1398 5232 dicemus,
1424 5170 1513 5223 vix
1540 5170 1644 5224 dici
1672 5181 1848 5240 potest
1870 5173 1936 5226 ab
1957 5171 2171 5227 Urbano

600 5253 775 5314 factus
806 5255 968 5311 fuisse
996 5259 1300 5328 episcopus,
1338 5276 1458 5314 cum
1489 5261 1541 5315 id
1586 5261 1902 5327 Eadmerus,
1946 5272 2004 5316 ut
2048 5262 2168 5331 qui-

599 5345 721 5398 dem
751 5344 1019 5415 conjicere
1045 5357 1148 5411 est,
1177 5350 1410 5405 reticere
1441 5365 1544 5405 non
1574 5351 1868 5407 debuisset.
1907 5350 2171 5407 Nonnulla

598 5447 776 5493 autem
802 5450 1070 5493 momenta
1091 5441 1362 5506 eumdem,
1400 5442 1503 5495 alia
1544 5443 1788 5497 diversos
1830 5444 1997 5499 fuisse
2026 5444 2169 5513 ejus-

596 5527 719 5582 dem
747 5528 980 5583 nominis
1010 5529 1153 5582 viros
1191 5531 1417 5598 probare
1442 5533 1709 5588 videntur.
1742 5533 1903 5589 Certe
1945 5542 2169 5600 uterque

600 5618 871 5672 Romanus
901 5627 1015 5673 erat
1041 5635 1243 5688 genere,
1268 5632 1317 5673 et
1345 5621 1500 5675 Becci
1535 5625 1850 5689 monachus,
1872 5632 1925 5678 et
1952 5622 2166 5692 quidem

597 5727 706 5762 uno
735 5708 923 5764 eodem
940 5719 1181 5780 tempore
1205 5711 1303 5765 sub
1329 5713 1524 5768 abbate
1544 5715 1819 5769 Anseltno.
1842 5718 1910 5769 At
1933 5715 2167 5769 Joannis

598 5799 862 5871 llugonis,
888 5802 1182 5858 canonicus
1212 5802 1603 5861 Bellovacensis
1635 5805 1825 5870 fuerat,
1861 5814 1910 5862 et
1957 5808 2023 5860 ab
2068 5805 2168 5861 lir-

2278 4611 2574 4682 tegrotabat
2634 4613 2775 4682 apud
2834 4614 3101 4679 Turonos,
3151 4617 3239 4672 ubi
3290 4619 3570 4674 concilium
3598 4615 3656 4669 ab
3698 4613 3775 4680 ipso

2278 4699 2496 4755 Urbano
2523 4701 2919 4767 celebrabatur,
2950 4713 3008 4758 ut
3043 4705 3228 4762 videre
3258 4719 3343 4763 est
3388 4709 3440 4762 in
3488 4708 3775 4762 instrumento

2276 4790 2627 4847 dedicationis
2652 4793 2887 4848 basilica:
2909 4793 3124 4862 Majoris
3156 4795 3491 4862 Monasterii,
3515 4806 3565 4851 et
3602 4809 3659 4849 ex
3691 4789 3775 4844 aliis

2275 4882 2641 4937 monumentis
2670 4882 2983 4939 indubitatis
3007 4895 3241 4941 constat.
3264 4880 3471 4942 Deinde
3492 4878 3773 4955 Raymundus

2274 4972 2589 5029 Ausciensis
2611 4974 3072 5046 archiepiscopus,
3103 4979 3381 5046 quieidem
3407 4983 3597 5051 synodo
3621 4974 3767 5028 Santo-

2274 5067 2427 5121 nensi
2482 5067 2790 5123 interfuisse
2834 5068 3063 5133 dicitur,
3118 5072 3353 5126 nondum
3407 5085 3580 5127 mense
3625 5059 3768 5118 Martio

2272 5158 2397 5211 anni
2440 5158 2577 5214 1096
2604 5159 2668 5212 ad
2696 5160 2835 5215 hanc
2851 5160 3133 5215 ecclesiam
3165 5173 3439 5231 promotus
3463 5164 3637 5219 fuerat,
3664 5164 3764 5207 anno

2273 5247 2409 5302 1097
2437 5263 2467 5301 a
2515 5249 2769 5318 pontice
2812 5250 2972 5317 pallio
3010 5251 3259 5306 donatus.
3303 5252 3501 5307 Deinde
3539 5242 3763 5303 Marbodus

2272 5357 2410 5395 unus
2432 5341 2592 5395 etiam
2617 5357 2683 5394 ex
2716 5341 2964 5396 Patribus
2999 5343 3423 5400 Santonensibns
3472 5345 3519 5396 in
3548 5342 3646 5410 ipso
3668 5346 3761 5387 -

2271 5430 2396 5484 cilio
2426 5430 2728 5485 Turonensi
2757 5430 2825 5484 ab
2856 5430 3073 5487 Urbano
3113 5432 3215 5487 fuit
3256 5442 3611 5493 consecratus;
3636 5425 3765 5480 eidem

2272 5521 2477 5589 synodo
2526 5521 2769 5574 interfuit
2824 5521 3163 5578 Hildebertus
3207 5526 3482 5595 episcopus
3526 5520 3762 5576 Cenoman-

2272 5612 2474 5678 nensis,
2508 5613 2599 5682 qui
2638 5612 2848 5669 Joltello
2878 5629 3019 5670 anno
3062 5616 3219 5681 1098,
3267 5634 3316 5672 tv
3344 5616 3459 5672 Kal.
3485 5606 3675 5681 Augusti
3696 5602 3761 5656 dC'

2272 5706 2455 5758 functo
2476 5706 2755 5767 successit,
2789 5715 2846 5759 ut
2873 5706 3073 5761 habent
3098 5708 3212 5775 ejus
3240 5710 3476 5764 ecclesia:
3506 5706 3636 5762 Acta,
3657 5703 3759 5785 tome

2270 5796 2329 5851 Ill
2365 5794 2606 5849 Analect.
2648 5795 2945 5860 Mabillon.,
3000 5814 3120 5869 pag.
3170 5802 3293 5855 302.
3338 5800 3414 5854 Ex
3461 5809 3557 5867 quo
3596 5792 3756 5847 loco,
