3892 6320
51 359 145 417 2‘25

1569 345 1743 402 VITA.

3172 356 3284 412 226

40 471 278 563 1utendum
307 480 408 520 non
456 461 777 533 obrepserit,
826 461 943 516 bzec
988 458 1228 532 synodus
1280 472 1423 512 anno
1467 457 1601 513 1098
1632 469 1676 523 Λ
1706 459 2055 528 perendinans
2079 474 2181 513 non
2211 460 2386 514 multis
2418 460 2599 516 diebus
2625 479 2740 517 cum
2776 464 3026 535 episwpis
3056 474 3103 520 et
3135 466 3293 523 baro-

37 552 384 632 ‘kousignanda
411 558 544 623 erit;
592 557 733 625 quod
783 570 910 610 vero
944 568 1059 609 rem
1106 552 1329 608 omnino
1378 552 1602 617 evincit,

60 661 175 711 hanc
201 668 332 706 anno
370 650 506 705 1096
559 650 799 704 habitam
854 664 959 703 non
1011 647 1195 713 fuisse,
1249 644 1365 715 ipsa
1415 646 1603 700 ebarta

58 741 458 803 Vindociuensis,
494 739 633 794 unde
660 739 997 809 praecipuam
1049 737 1166 807 ejus
1205 738 1453 791 notitiam
1511 738 1607 791 ha-

58 840 241 898 bemus,
266 830 429 887 multa
472 839 714 885 recenset
774 847 871 901 per
927 830 1068 886 hanc
1116 830 1382 899 synodum
1436 828 1604 895 facta,

58 940 158 996 qua:
202 934 371 978 tamen
423 936 607 976 mense
653 920 794 976 Maio
837 931 887 977 et
925 921 1277 990 sequentibus
1328 921 1394 974 ad
1429 919 1607 974 ﬁnem

58 1030 203 1084 usque
238 1014 356 1068 anni
395 1012 534 1068 1096
559 1013 851 1081 contigisse
888 1022 1174 1067 memorat.
1217 1011 1295 1065 Ex
1345 1026 1409 1068 ea
1444 1011 1610 1067 disci-

59 1125 158 1163 mus
177 1108 237 1162 45
263 1116 366 1160 tam
407 1106 690 1174 episc0pos
720 1120 880 1173 quam
908 1105 1132 1159 abbates
1180 1103 1247 1158 ad
1278 1104 1379 1157 hoc
1424 1102 1608 1157 conci-

62 1202 170 1252 lium
196 1199 457 1253 Santouas
491 1198 829 1260 convenisse,
865 1197 1007 1251 inter
1030 1211 1186 1266 quos,
1220 1205 1420 1265 praeter
1442 1197 1607 1249 Ama-

63 1304 173 1357 tum,
199 1301 313 1345 octo
335 1289 573 1359 episc0pi
610 1290 736 1343 huic
764 1288 1125 1342 instrumento
1147 1287 1607 1356 subscripserunt,

62 1400 164 1437 cum
193 1384 351 1437 tribus
382 1382 673 1436 abbatibus
717 1380 979 1435 Gaufrido
1007 1379 1375 1445 Malleacensi,
1433 1378 1609 1435 Guar-

63 1476 189 1530 nerio
216 1473 388 1528 Sancti
436 1472 722 1537 Maxentii,
773 1481 830 1528 et
874 1471 1117 1528 Goffrido
1160 1469 1443 1526 Vindoeini
1474 1486 1489 1537 ;
1520 1470 1611 1525 alii

62 1570 147 1621 duo
173 1568 380 1621 abbates
409 1575 786 1619 memorantur
813 1565 865 1619 in
897 1565 1258 1619 instrumento
1307 1562 1612 1618 concordia:

63 1674 159 1727 qum
180 1666 292 1712 tunc
321 1657 461 1711 inter
482 1657 882 1725 Angeriacense
910 1665 964 1710 et
983 1655 1307 1710 Carrofense
1337 1666 1610 1711 monaste-

66 1752 129 1802 ria
153 1748 330 1803 ibidem
360 1747 492 1802 inita
525 1756 634 1812 est,
678 1762 871 1817 nempe
904 1747 1099 1801 Petrus
1137 1746 1366 1811 Carroft,
1399 1755 1454 1802 et
1499 1747 1613 1801 An-

1710 550 1859 603 nibus
1890 551 1953 603 de
1982 551 2063 603 via
2084 550 2533 622 Jerosolymitana
2558 556 2800 610 habuisse
2814 574 3084 611 commune
3129 560 3292 613 collo-

1707 643 1907 710 quium.
1962 642 2076 697 liae
2128 646 2412 699 occasione
2466 662 2594 701 usus
2640 649 2956 719 ltaynulfus,
3014 650 3103 719 qui
3166 660 3295 707 tunc

1711 733 2009 790 Tlteatinus
2034 738 2319 807 episcopus
2350 748 2488 803 erat,
2521 742 2986 799 confirmationem
3029 760 3059 797 a
3115 744 3292 813 ponti-

1712 824 1815 879 fiee
1847 826 2057 894 accepit
2101 826 2392 880 multarum
2420 828 2666 883 ecclesia:
2711 846 2822 885 sua:
2867 832 3290 900 possessionum,

1710 930 1830 983 qua?
1861 915 1908 969 ei
1951 930 2124 985 nuper
2152 916 2417 971 restitutm
2456 928 2549 972 aut
2597 920 2806 975 donata:
2853 920 3087 986 fuerant,
3140 922 3292 986 dato,

1710 1008 1786 1061 uti
1830 1008 2055 1062 inferius
2081 1008 2347 1074 dieemus,
2374 1024 2435 1063 ea
2469 1010 2535 1064 de
2557 1026 2615 1065 re
2644 1013 2925 1081 rescripto.
2956 1012 3107 1068 Tunc
3127 1014 3294 1068 etiam

1714 1100 1974 1168 temporis
2008 1101 2363 1155 Grinioardus
2406 1101 2763 1158 Pisearicnsis
2790 1120 2885 1159 seu
2916 1104 3069 1159 Casa:
3098 1108 3295 1163 Aurea:

1712 1193 2026 1247 monasterii
2080 1192 2283 1247 electus
2328 1195 2528 1259 abbas,
2581 1197 2747 1249 variis
2811 1196 3211 1255 calamitatibus
3265 1218 3296 1256 a

1712 1283 1905 1338 vicinis
1956 1282 2346 1339 Nortbmannis
2400 1286 2628 1355 aliisque
2688 1287 2822 1342 viris
2872 1293 3297 1358 prarpotentibus

1713 1373 1956 1439 affectus,
1991 1391 2110 1429 cttm
2164 1392 2263 1431 nec
2304 1380 2367 1432 ad
2402 1379 2784 1447 imperatorem
2825 1391 3012 1436 contra
3062 1399 3158 1438 eos
3210 1401 3297 1440 rc-

1713 1481 1952 1531 Currere,
2003 1482 2178 1536 neque
2228 1470 2365 1537 apud
2419 1470 2581 1523 alium
2616 1487 2938 1542 quemquant
2986 1472 3297 1544 confugium

1714 1554 1916 1610 habere
1938 1568 2138 1625 posset,
2171 1558 2237 1611 ad
2272 1558 2546 1614 Urbanum
2573 1564 2825 1627 accessit,
2869 1578 2898 1616 a
2928 1580 3034 1633 quo
3066 1564 3299 1636 benigne

1715 1653 1991 1713 acceptus,
2027 1656 2351 1716 receptoque
2383 1664 2447 1702 ex
2480 1650 2596 1719 ejus
2612 1666 2771 1704 manu
2800 1651 2990 1707 baculo
3015 1654 3296 1721 pastorali,

1715 1750 1836 1788 cum
1870 1736 2135 1791 hactenus
2180 1753 2278 1807 pro
2326 1741 2463 1807 petfo
2500 1739 2659 1808 hujus
2698 1741 2798 1797 loci
2832 1742 3055 1797 abbates
3083 1754 3299 1812 sceptro

65 1821 235 1893 scuffus
252 1838 560 1908 Aljgeriaci.
600 1837 657 1891 In
692 1838 779 1891 illa
829 1847 1010 1891 aulam
1059 1838 1269 1909 synodo
1298 1838 1607 1907 imperatum
1644 1826 1687 1880 Β
1716 1828 1865 1898 regio
1889 1829 1969 1882 USi
1999 1829 2249 1893 fuissent,
2284 1833 2350 1886 ab
2377 1848 2441 1887 00
2474 1834 2525 1886 ill
2558 1835 2807 1889 abbatem
2834 1836 3150 1891 benedictus
3180 1848 3294 1901 881;

64 1932 367 2005 est,uthabet
387 1930 724 1988 Cbronicum
750 1930 1127 1997 Malleacense,
1156 1930 1394 1985 omnibus
1418 1930 1609 2000 vigiliis

64 2025 373 2095 apostolorum
415 2026 689 2095 jejunare.
742 2026 942 2082 Ibidem
987 2037 1168 2083 aetum
1198 2025 1265 2080 de
1294 2027 1443 2097 gravi
1482 2042 1613 2080 con-

70 2118 308 2181 troversia,
336 2134 456 2187 quin
480 2119 625 2174 inter
651 2120 945 2174 monachos
982 2118 1378 2173 Nantonienses
1415 2128 1469 2173 et
1516 2135 1608 2173 ca-

67 2208 247 2262 nonicos
268 2209 445 2263 Sancti
480 2211 733 2264 Emiliani
772 2215 1107 2271 vertebatur.
1141 2222 1199 2264 ut
1246 2211 1505 2264 discimus
1540 2226 1607 2265 ex

70 2297 327 2352 eorumdem
352 2300 743 2355 canonicorum
768 2301 996 2369 epistola
1023 2300 1089 2355 ad
1118 2299 1397 2355 Urbanum
1426 2301 1607 2368 ponti-

72 2386 195 2441 ﬁcem
221 2403 273 2443 ea
306 2390 372 2445 de
421 2406 481 2446 te
525 2390 750 2460 scripta,
782 2390 833 2444 in
872 2406 977 2459 qua
1008 2400 1114 2445 tam
1146 2390 1333 2461 gravia
1368 2389 1608 2445 facinora

68 2479 480 2538 Nantoniensibus
524 2483 806 2537 monachis
858 2483 1161 2552 imponunt,
1212 2492 1271 2536 ttt
1318 2483 1405 2536 vix
1461 2482 1609 2538 credi

69 2572 278 2638 possinta
309 2572 436 2627 viris
466 2572 739 2643 religiosis
768 2573 1004 2627 admissa
1055 2572 1239 2627 fuisse.
1277 2572 1384 2627 llas
1428 2583 1606 2627 tamen

71 2661 269 2729 litteras,
319 2664 611 2721 deficiente
652 2665 851 2721 Urbani
902 2680 1205 2736 responso,
1254 2664 1504 2720 dabimus
1553 2666 1607 2721 in

67 2752 348 2819 Appendice.

115 2844 449 2901 CCLXXXIX.
508 2846 906 2916 Clannafolium
927 2844 1120 2900 Casino
1142 2846 1532 2915 conﬁrmatum.

117 2936 285 2993 Eodem
316 2955 511 2996 mense
560 2940 752 2995 Martio
798 2940 1107 2995 Terracina:
1143 2940 1341 2994 bullam
1373 2941 1519 2995 dedit
1552 2941 1605 2994 in

68 3028 250 3095 gratiam
281 3030 600 3086 monasterii
651 3030 987 3095 Casinensis,
1016 3027 1276 3085 'Oderisio
1327 3030 1506 3083 abbati
1552 3040 1606 3085 et

69 3120 279 3175 cardinali
323 3122 612 3191 inscripta,
663 3123 747 3178 cui
785 3124 1174 3177 monasterium
1206 3123 1389 3177 Sancti
1435 3123 1602 3177 Mauri

67 3208 475 3281 Gltinnafolieuse,
510 3215 583 3268 uti
628 3216 677 3268 in
733 3215 963 3269 concilio
990 3214 1291 3269 Turonensi
1348 3225 1607 3270 statutum

68 3298 224 3373 fuerat,
252 3321 277 3357 a
300 3304 465 3361 Fossa
484 3307 712 3360 tensium
736 3306 865 3377 jugo
891 3306 1175 3361 liberatum
1206 3308 1464 3364 restituit.

243 3395 427 3452 CCXC.
484 3396 725 3451 Urbanus
748 3399 1004 3468 Capuam,
1038 3407 1170 3465 etc.,
1199 3398 1392 3451 invisit.

120 3482 167 3538 in
190 3500 246 3541 eo
271 3488 486 3554 itinere,
517 3490 592 3543 uti
623 3490 897 3559 conjicere
927 3498 1031 3557 est,
1065 3489 1306 3560 pontifex
1344 3490 1604 3560 Capuam,

68 3576 188 3645 cnjus
216 3586 331 3635 tunc
359 3582 651 3651 episcopus
678 3592 794 3636 erat
825 3580 1054 3648 Sctmes,
1086 3581 1291 3647 invisit,
1327 3581 1437 3646 ubi,
1466 3591 1608 3637 teste

72 3665 268 3735 labello,
284 3683 399 3727 octo
418 3672 543 3727 dies
570 3675 670 3727 hoc
698 3688 839 3727 anno
864 3673 1189 3743 transegisse
1205 3673 1427 3728 dicitur.
1446 3671 1608 3728 Certe

72 3756 134 3808 \‘ix
155 3758 356 3815 inliciari
379 3771 561 3831 potest
588 3761 863 3816 Urbanum
895 3773 1020 3817 tunc
1047 3761 1411 3817 Beneventum
1438 3778 1606 3831 usque

73 3849 335 3907 accessisse.
361 3853 411 3907 Id
440 3854 707 3924 probatur
732 3869 795 3908 ex
824 3854 939 3923 ejus
968 3854 1230 3925 rescripto
1277 3856 1339 3909 ad
1386 3855 1605 3910 Petrum

75 3940 445 4013 Aragunensium
521 3958 577 4003 et
640 3948 1130 4019 Pampilonensium
1205 3965 1426 4019 regem,
1482 3950 1606 4004 dato

73 4031 297 4092 Beneventi
330 4056 378 4093 tv
423 4038 615 4095 Nonas
656 4041 862 4109 Martii,
896 4043 1036 4111 quod
1084 4043 1149 4097 ad
1204 4043 1346 4098 hune
1405 4060 1604 4098 annum

71 4138 263 4184 revocari
297 4134 607 4189 necessario
636 4135 811 4189 debet.
873 4135 1065 4189 Datum
1105 4136 1303 4206 quippe
1354 4148 1438 4192 est
1483 4146 1607 4206 post

70 4231 225 4274 annum
256 4223 384 4279 1094
415 4241 529 4297 quo
578 4226 807 4281 Sancius
835 4225 979 4281 Petri
1030 4230 1174 4299 regis
1216 4237 1373 4297 pater
1418 4244 1605 4284 mense

69 4304 189 4365 iunio
212 4317 393 4386 sagitta
424 4318 715 4374 confossus
734 4321 783 4373 in
810 4318 1032 4375 Oscensi
1063 4319 1345 4376 obsidione
1369 4322 1601 4386 interiit;

68 4414 141 4454 nec
167 4410 383 4463 revocari
426 4419 607 4480 potest
636 4411 703 4465 ad
750 4410 885 4467 duos
916 4427 1088 4466 annos
1137 4422 1423 4482 sequentes
1466 4429 1604 4484 quos

1715 1927 1767 1974 et
1789 1920 1913 1975 inde
1937 1921 2051 1975 iure
2080 1922 2321 1987 abbatia,
2362 1940 2482 1992 quin
2510 1927 2613 1980 huc
2647 1942 2817 1995 usque
2844 1927 2944 1981 soli
2978 1927 3296 1995 imperatori

1713 2022 1989 2081 paruerat,
2038 2012 2140 2068 sub
2184 2015 2495 2085 apostolicae
2538 2018 2684 2072 sedis
2723 2019 2972 2083 tuitione,
3004 2023 3081 2074 uti
3131 2020 3300 2077 refert

1716 2104 2007 2171 Berardus,
2039 2121 2158 2161 esse
2196 2108 2380 2176 coepit.
2432 2108 2544 2163 [Iac
2574 2111 2859 2165 occasione
2903 2112 2955 2165 in
2991 2112 3302 2168 authentico

1715 2196 1953 2250 ms.cod.
1984 2196 2099 2265 ejus
2118 2196 2394 2263 Chronici,
2424 2199 2514 2267 qui
2544 2199 2595 2252 in
2615 2199 2942 2254 Bibliotheca
2960 2200 3122 2271 Regia
3140 2203 3303 2255 modo

1714 2297 2045 2353 assu'vatur,
2070 2299 2493 2358 repraesentatur
2514 2291 2765 2346 Urbanus
2781 2293 3093 2346 Gritnoaldo
3119 2295 3299 2348 abbati

1713 2380 1910 2452 pedum
1935 2381 2240 2453 porrigens,
2263 2398 2495 2452 euntque
2517 2384 2795 2453 alloquens
2820 2385 2902 2439 his
2933 2385 3143 2441 duobus
3174 2402 3298 2441 xer-

1713 2472 1889 2527 sibus:

1713 2563 1939 2618 Cwsaris
1980 2564 2043 2618 ob
2075 2574 2334 2634 sceptrum
2369 2564 2612 2619 baculum
2646 2565 2741 2618 tibi
2781 2567 2988 2637 porrigo
3031 2568 3301 2635 dextrum,

1786 2656 1901 2721 Quo
1932 2660 2055 2710 bene
2080 2658 2152 2710 sis
2180 2657 2377 2723 fretus:
2404 2656 2521 2727 plus
2544 2656 2753 2711 Ca'sare
2779 2664 2867 2710 dat
2899 2660 2992 2712 tibi
3015 2659 3228 2715 Petrus.

1746 2770 1989 2827 CCXCII.
2026 2770 2387 2841 Crucesignuti
2422 2789 2485 2825 ex
2524 2774 2665 2825 omni
2708 2783 2853 2843 gente
2893 2774 2947 2827 in
2997 2774 3263 2831 Orientem

2392 2842 2620 2895 solvunt.

1781 2931 2048 2987 Caeterum
2090 2932 2333 3003 plerique
2361 2950 2423 2989 ex
2464 2934 2724 2989 militibus
2774 2937 3111 2993 diversarum
3162 2954 3296 3007 ρεη-

1711 3029 1871 3089 tium,
1904 3028 1997 3095 qui
2034 3028 2100 3080 ad
2124 3042 2336 3081 sacram
2360 3028 2763 3097 expeditionem
2794 3030 3022 3100 profecti
3056 3049 3152 3102 per
3180 3032 3301 3104 .lta-

1712 3120 1837 3173 liam
1865 3119 1966 3173 iter
1998 3130 2372 3190 susceperant,
2403 3130 2529 3174 tunc
2556 3122 2814 3191 temporis
2845 3123 2896 3176 in
2922 3123 2987 3177 iis
3009 3126 3301 3178 maritimis

1716 3212 2023 3281 regionibus
2063 3228 2197 3281 quas
2227 3213 2481 3266 visitabat
2515 3212 2762 3269 Urbanus
2804 3218 3184 3281 versabantur,
3233 3234 3300 3272 ex

1710 3304 1906 3373 quibus
1952 3305 2221 3359 Robcrtus
2260 3303 2692 3371 Northmannite,
2735 3316 2790 3362 ct
2844 3308 3153 3379 Stephanus
3188 3311 3303 3364 Ble-

1710 3397 1885 3450 sensis
1914 3397 2144 3451 comites
2175 3411 2298 3451 cum
2346 3398 2460 3451 suis
2510 3398 2773 3452 militibus
2821 3409 2876 3453 et
2927 3401 3097 3469 copiis
3135 3403 3305 3471 paulo

1709 3498 1851 3555 post,
1893 3503 2089 3559 nempe
2142 3489 2227 3543 die
2287 3488 2469 3542 Nonas
2516 3489 2714 3558 Aprilis
2762 3490 3033 3545 Brundisii
3064 3508 3095 3547 e
3143 3505 3298 3562 portu

1708 3579 2005 3636 solverunt.
2069 3579 2349 3634 Urbanum
2408 3595 2530 3634 cum
2600 3580 2668 3635 iis
2732 3582 3000 3651 proficisci
3064 3584 3300 3643 voluisse

1710 3672 1906 3725 asserit
1929 3670 2240 3733 Ciaconius,
2281 3672 2374 3725 sed
2401 3687 2428 3724 a
2469 3670 2765 3727 Catholicis
2799 3682 3039 3731 retentus
3065 3686 3167 3743 est,
3205 3680 3299 3747 qui

1710 3762 1967 3817 uolebant
2006 3762 2303 3818 Ecclesiam
2356 3764 2651 3818 Romanam
2693 3774 2769 3819 tot
2820 3768 2992 3822 turbis
3035 3772 3295 3840 agitatam

1709 3867 1926 3926 pastore
1954 3855 2192 3910 destitui.
2240 3856 2652 3910 Coueurrebant
2687 3873 2816 3913 vero
2848 3874 2912 3913 eo
2947 3870 3188 3932 tempore
3231 3879 3297 3919 ex

1708 3949 1853 4003 onmi
1885 3950 2096 4018 Europa
2138 3949 2203 4002 ad
2234 3949 2605 4018 expeditiones
2650 3950 2767 4005 illas
2798 3952 3074 4021 principes
3116 3965 3168 4009 et
3199 3970 3300 4024 po-

1709 4041 1855 4110 puli.
1917 4041 2245 4095 Francorum
2308 4040 2578 4110 exutiiplo,
2631 4051 2684 4095 et
2728 4042 2927 4097 Urbani
2960 4046 3304 4102 adhortatio-

1709 4133 1887 4194 nibus,
1916 4143 2008 4187 aut
2037 4144 2186 4188 certe
2216 4132 2331 4201 ejus
2364 4134 2438 4186 rei
2472 4131 2612 4186 fama
2645 4133 2873 4187 incitati.
2918 4132 3183 4190 Observat
3234 4153 3298 4192 ea

1708 4226 1996 4280 occasione
2041 4209 2234 4280 i'etrus
2281 4226 2545 4279 Diaeonus
2594 4224 2645 4278 in
2692 4225 2962 4279 Chronica
2990 4225 3295 4295 Casinensi,

1709 4319 1852 4387 quod
1872 4317 1986 4386 jam
2015 4327 2141 4372 ante
2174 4332 2297 4372 eum
2324 4317 2594 4371 RoLertus
2623 4316 2758 4370 libro
2791 4333 2825 4369 tt
2868 4316 3120 4373 Historiae
3145 4317 3299 4373 Jero-

1708 4408 2048 4479 solymitanac
2075 4424 2138 4463 ac
2187 4408 2276 4462 alii
2322 4418 2572 4462 auctores
2603 4408 2885 4462 domestici
2938 4408 3294 4477 scripserant,

70 4494 263 4555 pontifex
313 4501 362 4554 in
395 4502 595 4555 Tuscia
642 4512 695 4556 et
756 4502 807 4555 in
847 4502 1127 4558 Gallicano
1157 4503 1351 4559 itinere
1399 4506 1599 4576 exegit,
1638 4529 1685 4589 ι)
1712 4499 2089 4554 Boamundum
2122 4510 2177 4554 et
2208 4498 2343 4554 alios
2374 4499 2425 4554 itt
2456 4500 2671 4568 Apulia,
2709 4498 2954 4553 Calabria
3000 4511 3054 4553 et
3086 4500 3295 4565 Sicilia,

70 4596 143 4636 hec
168 4588 309 4643 etiam
340 4594 403 4646 ad
443 4609 619 4648 annos
654 4595 792 4650 1098
840 4606 895 4648 et
934 4596 1100 4661 1099;
1135 4612 1257 4649 nam
1286 4610 1351 4651 eo
1398 4611 1603 4663 mense,

68 4681 253 4746 utroque
276 4680 362 4735 illo
391 4698 536 4738 anno
560 4682 811 4739 Urbanus
841 4685 1026 4740 Romze
1057 4696 1303 4741 versatus
1327 4686 1607 4743 est.Solus

68 4763 211 4834 ilique
235 4785 477 4843 superest
522 4792 697 4831 annus
739 4792 977 4847 praesens
1005 4778 1093 4831 cui
1144 4778 1247 4832 hoc
1278 4779 1606 4849 rescriptum

67 4858 323 4930 consignari
364 4867 556 4936 possit.
600 4866 654 4921 In
687 4883 752 4923 eo
786 4868 1026 4938 pontifex
1058 4867 1355 4923 Ecclesium
1381 4868 1606 4939 Pampi—

68 4940 285 5031 lonensim
319 4959 542 5013 multum
575 4960 684 5031 regi
730 4960 1054 5031 exterisque
1081 4975 1269 5014 earum
1323 4960 1603 5031 regionum

69 5030 271 5095 fidelibus
295 5030 658 5103 commendat.

208 5130 417 5192 CCXCI.
459 5138 855 5209 Expeditionem
899 5141 1154 5211 praedicat
1190 5140 1421 5196 Tlteatw.

121 5215 347 5281 Fortasse
391 5228 493 5286 hoc
537 5230 642 5287 iter
669 5241 988 5302 susceperat
1034 5230 1308 5299 Urbanus,
1342 5232 1604 5305 utRoge-

70 5303 174 5401 lium
192 5311 383 5383 Apuliae
413 5320 598 5375 ducem
625 5324 973 5389 conveniret;
1001 5334 1093 5378 aut
1120 5335 1274 5379 certe
1300 5326 1397 5381 has
1421 5303 1604 5394 partes

71 5400 309 5471 tuvisebat,
339 5421 392 5464 ttt
420 5416 873 5482 quemadmodum
909 5416 958 5470 in
1000 5416 1122 5472 aliis
1156 5416 1483 5485 regionibus.
1528 5418 1600 5473 ita

72 5489 195 5579 etiam
221 5499 317 5555 illic
347 5520 552 5559 sacram
588 5508 913 5577 expedition
939 5526 988 5563 tn
1035 5509 1422 5579 promulgaret,
1460 5512 1602 5578 quod

73 5578 253 5677 i',‘““ere
288 5597 492 5652 videtur
520 5600 785 5658 Berardtts
825 5602 964 5659 libro
996 5618 1055 5657 ttt
1101 5602 1358 5657 Chronici
1400 5602 1605 5657 Casau.

75 5682 226 5769 fleusis
254 5694 388 5742 tomo
413 5691 447 5745 V
473 5693 765 5765 Spicilegii,
800 5696 886 5749 ubi
925 5695 1176 5751 Urbanus
1205 5695 1345 5750 hanc
1371 5695 1597 5762 expedi~

77 5772 230 5827 bouem
257 5782 533 5844 pra‘dicans
568 5786 805 5842 T/tietuut
833 5790 1129 5843 accessisse
1161 5780 1383 5853 dicitur,
1426 5787 1597 5855 ibique

1712 4591 2039 4647 intermissis
2096 4592 2216 4646 aliis
2246 4591 2424 4656 bellis,
2475 4602 2567 4645 aut
2619 4593 2733 4646 suis
2784 4593 3017 4662 propriis
3068 4594 3297 4663 negotiis

1711 4683 1972 4750 dimissis,
2002 4699 2119 4739 sese
2147 4700 2314 4739 sacrae
2365 4686 2725 4754 expeditionis
2773 4686 3033 4739 militibus
3072 4688 3161 4755 qui
3198 4703 3295 4756 per

1710 4774 1917 4830 Italiam
1940 4776 2241 4832 transibant
2274 4776 2605 4847 adjunxisse.
2635 4778 2793 4832 Plura
2814 4779 2974 4833 habet
3001 4779 3293 4834 0rdericus

1712 4867 1926 4941 vitalis,
1973 4867 2062 4937 qui
2100 4867 2301 4938 Anglos
2331 4869 2517 4933 etiam,
2550 4870 2847 4935 Brittones,
2876 4869 3200 4936 Wasconcs,
3239 4881 3296 4927 et

1711 4956 1857 5027 ipsos
1881 4957 1933 5013 in
1961 4967 2204 5013 extrema
2236 4958 2493 5029 Hispania
2526 4960 2801 5027 Gallicios,
2835 4963 2937 5016 huc
2976 4963 3295 5019 convenisse

1709 5047 1927 5113 scribit;
1962 5048 2179 5104 sicutet
2209 5064 2272 5103 ex
2308 5049 2462 5105 italia
2492 5050 2742 5116 Venetos,
2783 5053 3026 5115 Pisanos,
3054 5050 3293 5110 Januen-

1708 5152 1821 5196 ses.
1852 5136 2097 5208 aliosque
2121 5140 2212 5209 qui
2252 5139 2631 5195 Mediterranei
2668 5143 2834 5195 maris
2859 5152 2951 5195 aut
2975 5142 3174 5198 Oceani
3203 5144 3289 5199 lit-

1711 5237 1829 5283 tora
1866 5228 2193 5285 incolebant.
2225 5229 2377 5285 Nulla
2414 5230 2583 5285 ferme
2621 5232 2749 5286 urbs
2780 5242 2861 5286 est
2890 5232 2939 5286 in
2972 5233 3143 5297 Italia,
3174 5249 3293 5304 qua:

1708 5321 1776 5373 ad
1802 5319 1853 5374 id
1879 5320 2077 5375 milites
2106 5334 2165 5375 se
2190 5322 2567 5392 suppeditasse
2590 5336 2696 5376 non
2725 5322 3005 5393 glorietur.
3049 5324 3292 5391 Quatuor

1705 5412 2077 5481 Apuliensium
2110 5414 2275 5468 millia
2306 5413 2406 5468 sub
2448 5413 2725 5469 Tancredo
2771 5416 2927 5481 duce,
2971 5426 3025 5471 et
3074 5400 3293 5485 triginta

1707 5503 2186 5575 Longobardorum
2235 5518 2289 5561 et
2344 5505 2822 5561 Mediolanensiutn
2888 5508 3069 5562 itidem
3123 5507 3289 5560 milia

1706 5600 1804 5652 sub
1836 5598 2149 5653 Boamundo
2181 5598 2443 5653 militasse
2487 5599 2718 5653 aliirtuat
2760 5601 2896 5654 idem
2928 5609 3114 5653 auctor
3154 5598 3292 5654 libro

1705 5705 1783 5749 ιχ.
1820 5692 1907 5743 ubi
1953 5691 2209 5758 pra-ciam
2252 5693 2472 5746 omnino
2510 5694 2668 5747 habet
2700 5693 2763 5746 de
2797 5695 2893 5747 hac
2949 5690 3291 5760 expeditione

1703 5794 1754 5837 et
1780 5784 1844 5839 de
1876 5785 1940 5837 iis
1971 5784 2059 5853 qui
2090 5783 2162 5839 illi
2197 5800 2388 5838 nomen
2415 5786 2712 5851 dederunt;
2738 5786 3082 5841 consentiunt
3103 5784 3286 5837 caeteri
