3892 6320
589 289 691 347 227

1955 289 2013 347 Β.
2063 291 2173 348 URI

2277 290 2314 346 ιι
2357 293 2396 348 ιι
2441 292 2641 351 rara;
3690 319 3760 376 ηε

597 424 790 463 eorum
829 416 1133 478 temporum
1182 405 1498 476 scriptores.
1532 405 1766 476 Legendi
1795 420 1856 460 ea
1887 407 1950 460 de
1981 421 2038 460 re
2063 404 2186 459 Fnl-
2215 412 2262 466 Α
2291 403 2344 458 in
2377 405 2591 476 Sagana
2620 418 2666 460 et
2707 407 2931 464 borariis
2979 413 3210 481 ﬂuminis
3237 415 3418 471 Sallia:
3448 435 3464 481 ;
3496 435 3631 490 quam
3665 426 3764 487 litem

596 502 748 556 conis
777 501 1055 570 cujusdam
1088 507 1260 568 poeta:
1289 497 1404 565 ejus
1429 499 1608 553 aetatis
1647 512 1859 563 versus,
1890 498 1981 568 qui
2033 505 2179 553 tomo

597 591 656 647 IH
717 592 934 649 Chesnii
984 590 1236 646 Historiae
1291 590 1628 645 Francorum
1688 590 2013 660 scriptorum
2048 590 2179 644 editi

595 694 743 740 sunt.
787 684 842 738 In
884 683 950 738 iis
980 683 1091 746 ille,
1123 682 1266 737 sicut
1314 691 1370 737 et
1407 681 1495 736 alii
1551 681 1749 751 passim
1778 689 2050 745 auctores,
2079 681 2178 736 bos

592 775 755 829 etiam
780 773 968 828 laudat
995 773 1086 844 qui
1119 773 1220 827 alia
1251 772 1337 828 via
1365 788 1463 841 per
1491 771 1837 828 Germaniam
1866 785 2174 840 perrexere.

595 863 878 922 Bertoldns
909 864 1254 921 commendat
1286 864 1541 921 comitem
1576 863 1924 919 Harduanum
1965 864 2030 917 de
2057 863 2178 918 Ale-

592 958 832 1023 mannia,
883 966 939 1012 et
990 956 1241 1013 Ottonem
1301 957 1780 1026 St’rasburgensem
1836 955 2174 1025 episcopum,

591 1047 719 1103 licet
767 1049 1202 1114 schismaticum,
1244 1049 1386 1118 quod
1425 1063 1546 1103 cum
1587 1047 1799 1102 caeteris
1845 1047 1985 1101 hanc
2033 1047 2175 1100 viam

591 1141 794 1196 inierit.
824 1141 874 1196 Is
896 1149 980 1196 est
1009 1141 1144 1210 ipse,
1174 1141 1277 1195 nisi
1323 1139 1500 1205 fallor,
1555 1140 1648 1208 qui
1691 1155 1756 1194 ex
1802 1140 1994 1196 eodem
2046 1137 2172 1192 Ber-

594 1234 764 1300 toldo,
819 1242 877 1287 ut
934 1249 1095 1303 supra
1153 1233 1411 1297 diximus,
1470 1232 1691 1288 Urbano
1727 1245 1868 1286 anno
1907 1230 2171 1300 superiori

593 1326 974 1382 reconciliatus
1004 1335 1104 1381 est.
1137 1325 1376 1380 Celebris
1410 1332 1496 1379 est
1547 1324 1711 1378 etiam
1742 1324 1811 1380 ob
1865 1324 2005 1378 hanc
2059 1338 2175 1378 rem

596 1414 812 1473 lllricus
858 1417 1145 1487 episcopus
1194 1417 1495 1477 Curiensis,
1539 1415 1654 1485 qui,
1705 1416 1893 1472 relicta
1944 1415 2176 1470 Geroldo

594 1509 858 1564 monacho
889 1507 1202 1563 Fabariensi
1235 1525 1345 1564 suae
1379 1508 1630 1564 dicecesis
1665 1523 1792 1564 cura
1817 1547 1834 1573 ,
1875 1523 1999 1563 cum
2056 1508 2177 1565 aliis

593 1601 779 1656 multis
809 1603 875 1654 ad
905 1601 1048 1654 illam
1081 1601 1484 1670 expeditionem
1521 1600 1800 1670 profectus
1827 1610 1932 1656 est.

593 1715 950 1772 CCXCIILIV.
1003 1714 1181 1769 Romre
1203 1731 1298 1780 pro
1328 1713 1702 1781 crucesignatis
1729 1711 1905 1765 scribit
1928 1710 2172 1768 Urbanus

748 1786 932 1839 Alexio
956 1785 1282 1854 imperatori.
1320 1783 1607 1852 Privilegia
1635 1782 1816 1837 Casini
1845 1793 2018 1852 auget.

670 1876 802 1932 Cum
833 1891 960 1930 vero
987 1877 1085 1930 has
1114 1875 1508 1944 expeditiones,
1529 1873 1816 1944 instigante
1838 1873 2178 1942 potissimum

580 1947 784 2021 ’Alexio
810 1964 1413 2033 Constantinopolitano
1465 1965 1808 2034 imperatore,
1841 1963 2180 2033 promulgas-

589 2069 670 2113 sct
699 2056 974 2121 Urbanus,
1013 2057 1187 2110 visum
1233 2065 1316 2111 cst
1363 2057 1410 2110 ei
1441 2057 1507 2109 de
1566 2055 1704 2109 felici
1753 2054 1869 2123 ejus
1923 2070 2179 2110 successu

591 2148 851 2211 scribere,
887 2155 943 2200 ut
974 2146 1180 2201 scilicet
1217 2147 1628 2214 crncesignatos
1661 2146 1706 2200 ei
1749 2147 2175 2202 commendaret.

592 2241 830 2308 Ats‘pem
859 2238 1290 2292 Christianorum
1321 2237 1509 2292 fefellit
1544 2237 1846 2307 versipellis
1881 2237 1970 2292 ille
2003 2238 2175 2308 impe-

595 2341 744 2385 rator
775 2349 787 2383 :
822 2330 1025 2384 veritus
1051 2329 1249 2399 quippe
1277 2345 1344 2384 ne
1377 2344 1408 2383 a
1446 2337 1591 2383 tanta
1633 2329 1914 2383 hominum
1961 2339 2178 2386 extero-

599 2438 718 2476 rnm
762 2421 1102 2475 multitudine
1129 2421 1550 2490 opprimeretur,
1584 2421 1808 2474 insidias
1835 2420 1914 2474 eis
1939 2421 2177 2477 occultas

593 2513 828 2584 paravit,
863 2522 916 2568 et
942 2513 1220 2568 subductis
1253 2513 1454 2582 passim
1495 2528 1614 2581 qu:e
1645 2512 1711 2565 ad
1752 2513 1953 2566 victum
1990 2526 2178 2566 neces-

591 2592 737 2661 saria
767 2613 925 2661 erant
967 2605 1244 2669 subsidiis,
1279 2605 1333 2659 in
1365 2619 1524 2659 causa
1573 2603 1675 2657 fuit
1714 2612 1772 2657 ut
1802 2601 1955 2656 multi
2003 2618 2069 2656 ex
2109 2604 2176 2658 iis

564 2681 876 2769 'pcrierint.
909 2696 1075 2752 Paulo
1109 2707 1286 2751 tamen
1317 2708 1500 2766 postea
1531 2695 1851 2750 societatem
1881 2710 2002 2748 cum
2045 2695 2176 2763 ipsis

595 2799 870 2858 utcunque
897 2789 1071 2852 inivit,
1103 2800 1386 2858 postquam
1431 2788 1502 2854 ei,
1543 2797 1603 2842 nt
1652 2785 1817 2842 refert
1873 2801 2175 2857 anonymus

595 2881 874 2945 Barensis,
906 2881 1255 2935 securitatem
1279 2880 1345 2933 de
1373 2895 1469 2934 suo
1499 2879 1643 2934 illius
1670 2893 1835 2947 regno
1863 2877 2176 2932 Constanti-

597 2971 774 3040 nopoli
801 2969 1075 3025 fecissent.
1108 2970 1268 3024 Multa
1305 2969 1522 3024 demum
1553 2969 1632 3024 eis
1662 2969 1886 3023 contulit
1929 2969 2090 3034 dona,
2121 2977 2176 3024 et

597 3061 808 3132 navigia
835 3061 1216 3130 suppeditavit,
1243 3062 1560 3131 quibuscum
1595 3063 1647 3115 in
1674 3061 1969 3115 infidelium
2001 3071 2175 3117 terras

594 3137 965 3222 penetrarent.
1010 3151 1184 3220 Atque
1221 3152 1336 3206 haec
1378 3152 1528 3206 fuere
1577 3151 1905 3205 famosarnm
1957 3151 2170 3206 illarum

593 3243 994 3313 expeditionum
1025 3243 1196 3307 initia,
1247 3257 1366 3312 quae
1415 3257 1511 3311 per
1559 3251 1636 3297 tot
1683 3257 1947 3296 annorum
1999 3244 2170 3312 spatia

591 3337 734 3390 inter
783 3336 963 3389 varias
1006 3328 1261 3388 fortunas
1285 3333 1601 3388 continuata
1637 3334 1892 3403 deinceps
1936 3333 2169 3387 fuerunt.

589 3425 658 3480 At
688 3428 753 3480 de
797 3441 986 3481 earum
1030 3427 1316 3481 eventibus
1347 3423 1521 3480 fusius
1550 3440 1710 3496 agere
1741 3442 1848 3479 non
1887 3434 1971 3479 est
2003 3425 2173 3478 nostri

587 3517 843 3571 instituti.
881 3516 1114 3583 Legendi
1163 3525 1439 3582 auctores,
1487 3525 1544 3570 ut
1578 3518 1688 3587 jam
1720 3533 1827 3572 non
1860 3517 2027 3571 semel
2059 3534 2174 3572 mo-

589 3608 827 3671 nnimns,
881 3607 969 3675 qui
1017 3607 1176 3661 simul
1220 3609 1319 3661 sub
1371 3607 1528 3662 titulo
1583 3607 1871 3663 Gestorum
1931 3607 2025 3662 Dei
2077 3623 2173 3677 per

589 3695 831 3748 Francos
866 3695 993 3749 editi
1023 3704 1168 3750 sunt.

660 3788 931 3842 Reversus
970 3797 1172 3851 autem,
1224 3797 1284 3842 ut
1340 3788 1498 3843 modo
1555 3789 1892 3854 dicebamus,
1943 3789 2168 3844 Romam

593 3878 844 3932 Urbanus
877 3880 946 3930 ibi
981 3880 1244 3948 insignem
1272 3879 1471 3932 bullam
1517 3879 1764 3935 Oderisio
1810 3882 2072 3934 cardinali
2117 3890 2171 3936 et

592 3971 773 4023 abbati
807 3970 1088 4024 Casinensi
1131 3971 1421 4035 concessit,
1456 3972 1508 4023 in
1559 3985 1661 4039 qua
1713 3986 1848 4025 nova
1892 3973 2169 4042 privilegia

591 4059 920 4114 monasterio
951 4058 1232 4113 Casinensi
1270 4059 1453 4112 multis
1508 4057 1620 4127 jam
1680 4069 1836 4114 antea
1894 4064 2171 4117 concessis

588 4152 806 4220 adjecit,
835 4159 890 4205 et
917 4151 1282 4222 possessiones
1307 4151 1443 4220 ejus,
1468 4150 1781 4221 singillatim
1799 4161 1858 4204 nt
1879 4151 2168 4220 plurimum

591 4242 912 4308 reccnsitas,
946 4240 1252 4295 confirmat.
1284 4240 1408 4295 Ilaec
1439 4239 1766 4310 partimjam
1795 4243 1939 4297 edita
1965 4245 2016 4295 in
2049 4243 2164 4296 Bul-

587 4333 724 4387 lario
745 4333 1047 4399 Casinensi,
1082 4348 1149 4388 ex
1192 4332 1464 4386 chartario
1489 4331 1629 4386 Petri
1659 4333 1902 4398 Diaconi,
1933 4333 2074 4402 quod
2112 4334 2165 4388 in

586 4423 911 4478 bibliotheca
945 4422 1202 4494 principis
1235 4422 1498 4492 Pamphili
1526 4423 1772 4487 habetur,
1799 4422 2006 4494 integra
2033 4425 2159 4478 olim
2202 4463 2245 4516 Ι)

589 4516 731 4568 inter
764 4514 959 4570 Urbani
991 4513 1248 4584 epistolas
1272 4513 1596 4584 proferetur.
1625 4515 1758 4568 Data
1788 4524 1873 4569 est
1904 4515 2006 4571 hoc
2026 4531 2167 4570 anno

585 4623 638 4661 ιι
668 4606 785 4662 Kal.
820 4591 1034 4675 Aprilis.
1107 4629 1109 4633 -

796 4697 1046 4753 CCXCV.
1087 4695 1396 4751 Ctaniacum
1421 4699 1662 4768 protegit.
1700 4694 1968 4751 Urbanus.

657 4790 838 4844 Mense
863 4791 978 4860 ipso
1005 4789 1172 4860 Aprili
1226 4790 1466 4859 pontifex
1499 4789 1931 4844 Cluniacens‘utn
1985 4803 2170 4843 mora-

587 4880 838 4945 chotum,
886 4897 1022 4951 quos
1076 4881 1316 4935 nonnulli
1349 4881 1759 4950 perturbabant,
1807 4881 2168 4950 patrocinium

589 4971 850 5042 suscepit,
878 4973 1001 5027 dato
1028 4973 1291 5041 rescripto
1331 4972 1398 5025 ad
1430 4971 1708 5042 Ilugoncm
1744 4972 2014 5036 abbatem,
2063 4986 2170 5042 quo

592 5064 785 5117 statuit
851 5073 929 5128 ut,
978 5063 1191 5118 etiamsi
1245 5063 1531 5117 interdicta
1587 5064 1703 5117 loca
1751 5063 1922 5118 vicina
1961 5073 2166 5130 essent,

590 5151 872 5206 autetiam
933 5154 1194 5210 diaereses
1227 5154 1448 5224 integra:
1481 5154 1531 5207 in
1563 5154 1759 5224 quibus
1790 5154 2169 5211 Cluniacenscs

589 5242 814 5312 degunt,
847 5241 976 5311 ipsis
1027 5244 1214 5300 liceret
1259 5243 1443 5314 januis
1486 5245 1721 5299 oeclusis
1771 5246 1949 5305 divina
1996 5245 2178 5301 officia

591 5346 872 5402 peragere.

661 5425 971 5480 Emerscrat
1026 5423 1212 5481 eodem
1279 5436 1517 5496 tempore
1574 5428 1755 5496 gravis
1799 5429 2167 5483 controversia

589 5519 733 5571 inter
768 5517 986 5581 eosdem
1049 5517 1432 5575 Cluniacenses
1467 5531 1520 5575 et
1556 5519 1778 5574 Petrum
1825 5520 2074 5574 abbatem
2116 5529 2171 5576 et

591 5608 887 5663 monachos
939 5608 1420 5665 Trenorcbienses.
1477 5596 1896 5667 Contendebant
1952 5611 2169 5667 Clunia-
2231 5665 2233 5668 .

590 5712 782 5755 censes
809 5700 876 5755 ab
908 5701 1027 5757 istis
1057 5698 1250 5768 injuste
1295 5711 1606 5772 usurpatam
1639 5701 1806 5759 fuisse
1848 5704 2169 5772 piscutamm

2213 1767 2336 1829 Bin
2371 1771 2717 1832 ordinatione
2766 1779 3169 1850 metrOpolitani
3219 1780 3573 1838 Bituricensis
3618 1786 3776 1854 primum

2287 507 2611 561 prosecutus
2640 495 2819 551 fuerat
2874 499 2926 553 in
2979 501 3131 556 curia
3186 506 3397 559 comitis
3446 507 3765 574 Matisconensis

2284 584 2436 656 Hugo
2465 588 2705 644 Cluniaci
2765 593 3099 650 cellerarius.
3137 597 3206 651 A‘t
3253 615 3373 653 cum
3403 599 3766 668 Trenorcbienses

2283 677 2431 732 nullo
2451 679 2657 748 judicio
2707 669 3050 753 acquiescere
3099 689 3316 752 vellent,
3349 707 3434 745 res
3481 695 3540 746 ad
3569 695 3769 758 Urbanum

2283 769 2461 824 delata
2487 781 2589 838 est,
2649 775 2741 844 qui
2793 779 2974 832 statim
3019 779 3226 850 llugoni
3271 781 3594 853 Lugdunensi
3622 793 3771 847 archie.

2281 860 2502 946 piscopo
2550 857 2834 934 rescripsit
2860 867 3102 924 utPetro
3131 871 3540 928 Trenorchiensi
3579 878 3624 930 in
3647 883 3768 934 catle-
3842 866 3843 922 Ῐ

2281 949 2378 1002 dra
2406 951 2661 1006 abbatia/i
2713 956 2891 1011 sedere
2943 959 3308 1027 interdiceret,
3359 963 3523 1020 donec
3550 969 3769 1027 satisfecis-

2282 1053 2364 1096 set
2391 1043 2860 1102 Cluniacensibus.
2883 1049 2981 1106 Cui
3012 1053 3264 1108 mandato
3293 1055 3382 1110 hic
3432 1059 3626 1113 tandem
3651 1066 3772 1128 pamit

2281 1147 2423 1206 anno
2447 1135 2607 1201 1097,
2665 1136 2957 1196 indictione
2985 1157 3037 1206 ν,
3089 1145 3448 1200 ordinationis
3477 1146 3680 1218 [ingenis
3715 1155 3768 1216 t9,

2283 1231 2339 1274 ut
2367 1222 2526 1277 habet
2553 1233 2709 1279 vetus
2759 1226 3177 1284 instrumentum
3235 1248 3302 1286 ex
3347 1248 3452 1303 quo
3498 1235 3600 1293 haec
3635 1239 3772 1296 descri-

2279 1325 2506 1380 psnnns.
3535 1367 3538 1372 .
3844 1324 3845 1354 ‘

2424 1404 2692 1463 CCXCVI.
2741 1409 3090 1482 Privilegium
3117 1416 3351 1472 ecclesia:
3377 1417 3694 1494 Amaniensis.

2353 1491 2496 1548 Idem
2526 1498 2771 1566 pontifex
2800 1500 2888 1557 die
2918 1505 2985 1560 18
3033 1505 3236 1575 Aprilis
3267 1491 3464 1577 insigni
3494 1510 3619 1564 bulla
3644 1514 3777 1568 confir-

2279 1585 2449 1639 mavit
2506 1590 2688 1644 omnia
2740 1593 3018 1666 privilegia
3071 1613 3133 1652 ac
3191 1601 3558 1668 possessiones
3600 1602 3776 1659 Ecclesia

2277 1674 2680 1747 Arvernensis;
2729 1685 3029 1756 statuitque
3083 1698 3142 1742 ut
3187 1689 3306 1758 ejus
3341 1690 3586 1746 Ecclesia:
3623 1695 3777 1749 antistes

2282 1862 2458 1918 locum
2489 1866 2778 1924 obtineret.

2354 1952 2648 2010 CCXCVII.
2691 1955 2842 2014 Bona
2880 1955 3148 2020 Theatinaz
3179 1963 3437 2022 Ecclesia:
3461 1969 3737 2037 conﬁrmata.
3846 1979 3847 2040 ζ

2353 2044 2614 2116 Sequenti
2647 2049 2734 2104 die
2769 2053 2993 2123 scripsit
3019 2056 3156 2110 idem
3199 2058 3446 2137 pontifex
3470 2060 3781 2115 adelerumet

2280 2149 2537 2203 proceres
2568 2139 2858 2196 comitatus
2882 2143 3159 2212 Theatini,
3194 2149 3261 2203 de
3292 2149 3382 2204 his
3417 2167 3534 2220 qua:
3557 2166 3706 2206 coram
3725 2167 3780 2220 po-

2280 2224 2440 2292 situs,
2459 2243 2581 2282 cum
2598 2228 2788 2286 Theati
2811 2247 2998 2289 mense
3020 2235 3212 2292 Martio
3240 2239 3488 2307 proxime
3499 2239 3662 2312 elapso
3675 2252 3780 2303 esset,

2280 2317 2660 2374 constituerat.
2689 2321 3057 2394 Rescriptum,
3091 2342 3184 2382 seu
3213 2330 3398 2397 potius
3439 2329 3551 2398 ejus
3590 2330 3782 2401 fragmen-

2283 2415 2394 2460 tum
2447 2409 2667 2465 exhibet
2724 2411 3006 2483 Ugbellus,
3053 2419 3146 2472 sed
3201 2417 3429 2476 omnino
3482 2423 3783 2486 mutilum;at

2280 2496 2434 2553 facile
2466 2503 2699 2573 suppleri
2764 2515 2944 2574 potest
2999 2525 3063 2564 ex
3099 2510 3241 2565 bulla
3299 2508 3574 2568 Paschalis
3597 2513 3646 2576 ll,
3680 2530 3783 2582 quam

2281 2587 2421 2643 idem
2450 2602 2641 2647 auctor
2665 2593 2836 2650 refert
2859 2606 3005 2654 tomo
3027 2601 3092 2654 Vl
3123 2605 3173 2656 in
3200 2604 3453 2676 catalogo
3478 2605 3782 2660 Theatinorum

2279 2679 2674 2750 episcoporum,
2738 2702 2794 2740 ιιι
2844 2703 2949 2757 qua
2996 2707 3061 2744 ea:
3092 2691 3294 2748 Urbani
3333 2697 3525 2766 scripto
3553 2695 3783 2766 singillatim
3849 2698 3851 2824 ἵ

2283 2782 2532 2824 1⁸860118οι
2579 2775 2764 2824 varias
2816 2781 3186 2824 nossnssimmc
3222 2799 3249 2824 ει
3309 2785 3593 2824 nnmitihnc
3621 2785 3783 2824 Rnhorln

2283 2782 2532 2828 recenset
2579 2775 2764 2831 varias
2815 2781 3186 2843 possessiones
3222 2799 3252 2838 a
3309 2785 3594 2840 comitibus
3620 2785 3783 2839 Roberto

2279 2871 2334 2916 ct
2365 2862 2627 2922 Tassione
2653 2868 2770 2938 ejus
2820 2868 2993 2927 fratre
3044 2875 3328 2931 restitutas
3381 2887 3476 2939 aut
3518 2877 3672 2943 datas,
3702 2891 3784 2944 Quas

2278 2955 2545 3026 Raynulfo
2572 2960 2846 3029 episcopo,
2871 2971 2923 3016 et
2947 2964 3063 3032 ejus
3090 2967 3350 3023 Ecclesiae
3379 2985 3499 3024 cum
3552 2969 3658 3023 aliis
3683 2969 3784 3022 abeo

2279 3047 2559 3116 acquisitis
2587 3051 2831 3104 lirbanus
2856 3053 3293 3111 confirmaverat.

2531 3139 2845 3196 CCXCVIII.
2889 3143 3168 3216 Philippus
3197 3164 3288 3202 rex
3311 3147 3603 3204 absolutus.

2347 3231 2424 3284 Eo
2451 3242 2689 3302 tempore
2722 3236 2942 3290 nuntius
2973 3255 3002 3292 a
3037 3237 3286 3310 Philippo
3327 3242 3616 3298 Galliarum
3640 3240 3785 3313 regesti

2277 3320 2555 3376 Urbanum
2589 3326 2788 3380 missus
2821 3327 3047 3382 Romam
3087 3331 3330 3395 advenit,
3388 3335 3479 3402 qui
3512 3335 3626 3390 dato
3664 3311 3786 3389 δέω-
3851 3311 3853 3362 Ῑ

2277 3420 2460 3466 mento
2517 3412 2804 3468 affirmavit
2856 3432 3036 3486 regem
3070 3420 3135 3473 ad
3196 3420 3538 3487 Bertradam,
3588 3419 3788 3493 quamju-

2274 3500 2435 3556 bente
2460 3503 2716 3571 pontifice
2743 3505 3046 3571 dimiserat,
3077 3525 3356 3579 nunquam
3411 3515 3642 3569 rediisse.
3667 3513 3788 3578 Quare

2280 3591 2532 3648 Urbanus
2562 3594 2859 3650 Gallicanis
2886 3599 3179 3670 episc0pis,
3211 3617 3275 3656 ac
3307 3607 3580 3674 praecipue
3621 3599 3788 3657 Manasi

2273 3685 2529 3740 Remensi
2558 3688 2996 3760 archiepisc0po,
3039 3694 3106 3747 ad
3134 3708 3294 3762 quem
3328 3696 3655 3764 potissimum
3687 3692 3787 3761 regni

2275 3774 2524 3830 diadema
2561 3778 2891 3846 pertinebat,
2924 3781 3165 3851 scripsit,
3199 3798 3386 3855 regem
3411 3786 3480 3840 ab
3507 3785 3640 3841 omni
3673 3785 3788 3837 inter-

2273 3869 2417 3923 dicto
2445 3884 2567 3925 esse
2589 3871 2894 3928 absolutum
2927 3888 2943 3939 ;
2987 3884 3150 3945 atque
3175 3877 3308 3932 adeo
3332 3893 3497 3948 posse
3525 3880 3594 3933 uti
3625 3890 3787 3934 corona.

2275 3976 2370 4028 pro
2407 3961 2620 4017 illorum
2660 3973 2966 4036 temporum
2993 3984 3167 4034 more,
3203 3971 3256 4024 in
3290 3973 3508 4043 magnis
3549 3969 3788 4027 solemnita-

2273 4053 2433 4122 tibus.
2463 4052 2586 4108 llaec
2609 4056 2859 4124 cpistola,
2891 4073 3012 4127 qua:
3039 4059 3092 4112 in
3125 4059 3421 4129 Spicilegio
3451 4061 3683 4117 chronica
3706 4066 3787 4111 nota

2272 4145 2519 4211 carebat,
2570 4162 2668 4200 vnt
2724 4145 2854 4202 Kal.
2901 4147 3059 4217 Maii,
3106 4149 3359 4205 Laterani
3401 4154 3527 4206 data
3579 4151 3737 4206 dicitur
3756 4148 3788 4200 in

2271 4248 2460 4292 nostro
2489 4239 2608 4292 cod.
2635 4253 2736 4292 ms.

2579 4328 2849 4386 CCXCIX.
2893 4333 2954 4389 S.
2988 4333 3211 4388 Orientii
3228 4334 3355 4404 jura
3381 4347 3570 4392 tuetur.

2348 4410 2517 4472 Paulo
2564 4429 2706 4488 post,
2737 4422 2788 4475 id
2835 4432 2919 4478 est
2953 4426 3113 4478 tertio
3146 4425 3262 4478 Kal.
3291 4427 3454 4497 hujus
3503 4424 3701 4487 mensis,
3725 4421 3790 4476 Ur-

2272 4509 2447 4563 banus
2478 4506 2821 4578 Ilaymnndo,
2851 4515 2940 4581 qni
2973 4515 3075 4569 hoc
3103 4529 3244 4569 anno
3275 4518 3619 4572 Ausciensem
3644 4524 3790 4569 metro-

2271 4599 2436 4671 polim
2482 4601 2774 4666 regendam
2825 4615 3166 4674 susceperat.
3207 4608 3431 4678 scripsit
3475 4616 3533 4662 ut
3568 4604 3789 4660 audaciam

2271 4694 2515 4764 ejusdem
2573 4692 2831 4749 Ecclesia:
2889 4697 3213 4752 clericorum
3269 4699 3495 4769 reprimi
3551 4701 3788 4765 satageret.

2271 4788 2362 4856 qui
2394 4799 2586 4843 contra
2613 4788 2810 4843 Leonis
2842 4803 3014 4858 papae,
3039 4799 3094 4842 et
3122 4790 3202 4842 sui
3229 4790 3395 4844 etiam
3457 4791 3614 4860 ipsius
3649 4789 3788 4842 decre-

2273 4882 2406 4946 tum,
2432 4881 2805 4937 cwmcterium
2835 4880 3022 4934 Sancti
3058 4879 3285 4935 Orientii
3312 4881 3656 4936 violaverant.

2773 4970 2922 5025 CCC.
2954 4969 3196 5025 Udalrici
3228 4989 3388 5027 mors.

2343 5063 2454 5119 Sub
2505 5063 2669 5116 finem
2701 5061 2955 5116 Octobris
3009 5061 3290 5118 Udalricus
3316 5078 3518 5128 comes,
3547 5059 3718 5118 Urbani
3753 5056 3788 5108 in

2271 5157 2561 5212 Germania
2613 5156 2850 5225 partium
2881 5167 3257 5226 pr0pugnator
3286 5161 3602 5224 acerrimus,
3630 5171 3656 5211 e
3690 5151 3788 5205 Vitis

2271 5249 2548 5314 excessit;
2586 5249 2678 5318 qui
2731 5264 2781 5301 vr
2817 5248 3179 5304 Kalendarum
3207 5242 3580 5305 Novembrium
3621 5247 3694 5301 die
3731 5256 3788 5295 sc-

2270 5341 2450 5411 pultus
2471 5354 2552 5395 εει
2580 5340 2721 5409 apud
2747 5339 3108 5409 Brigantium,
3148 5340 3262 5405 ubi,
3315 5349 3448 5396 teste
3476 5337 3716 5396 Bertoldo.
3740 5328 3784 5384 ad

2272 5433 2416 5485 hunc
2440 5445 2662 5496 annum,
2693 5430 2986 5484 monachos
3024 5429 3353 5486 instituerat.

2377 5522 2544 5578 CCCI.
2589 5521 2952 5576 Narbonensis
2979 5521 3230 5577 Ecclesia:
3245 5524 3376 5592 jura
3409 5521 3707 5590 conﬁrmata.

2343 5613 2607 5669 Defuncto
2633 5613 2798 5668 etiam
2845 5613 2948 5669 hoc
3005 5627 3148 5671 anno
3176 5613 3584 5685 ’archiepisc0po
3623 5603 3781 5660 Narbo-

2273 5705 2446 5773 nensi,
2479 5704 2729 5762 Urbanus
2760 5705 3135 5774 Bertrandum,
3189 5721 3350 5776 quem
3406 5713 3552 5760 antea
3593 5689 3782 5768 ipse“?

3851 3158 3853 3310 ι
