  <div class='ocr_page' id='page_1' title='image "/cluster/home/n/w/nwhite01/storage/ocr_20150623/151/hvd.32044015473796/121.png"; bbox 0 0 3892 6320; ppageno 0'>
   <div class='ocr_carea' id='block_1_1' title="bbox 567 284 665 338">
    <p class='ocr_par' dir='ltr' id='par_1_1' title="bbox 567 284 665 338">
     <span class='ocr_line' id='line_1_1' title="bbox 567 284 665 338; baseline -0.01 -1"><span class='ocrx_word' id='word_1_1' title='bbox 567 284 665 338; x_wconf 69' lang='grc'><strong>251</strong></span> 
     </span>
    </p>
   </div>
   <div class='ocr_carea' id='block_1_2' title="bbox 1845 264 2124 337">
    <p class='ocr_par' dir='ltr' id='par_1_2' title="bbox 1845 265 2124 322">
     <span class='ocr_line' id='line_1_2' title="bbox 1845 265 2124 322; baseline 0 -3"><span class='ocrx_word' id='word_1_2' title='bbox 1845 265 1907 321; x_wconf 81' lang='grc' dir='ltr'><strong>Β.</strong></span> <span class='ocrx_word' id='word_1_3' title='bbox 1954 267 2124 322; x_wconf 72' lang='lat' dir='ltr'><strong>URBA</strong></span> 
     </span>
    </p>
   </div>
   <div class='ocr_carea' id='block_1_3' title="bbox 2228 264 3835 337">
    <p class='ocr_par' dir='ltr' id='par_1_3' title="bbox 2242 264 3835 337">
     <span class='ocr_line' id='line_1_3' title="bbox 2242 264 3835 337; baseline 0.009 -14"><span class='ocrx_word' id='word_1_4' title='bbox 2242 268 2284 323; x_wconf 89' lang='lat' dir='ltr'><strong>ll</strong></span> <span class='ocrx_word' id='word_1_5' title='bbox 2334 269 2419 327; x_wconf 78' lang='lat' dir='ltr'><strong>PA</strong></span> <span class='ocrx_word' id='word_1_6' title='bbox 2428 264 2537 327; x_wconf 68' lang='grc' dir='ltr'><strong>ΡίΕ</strong></span> <span class='ocrx_word' id='word_1_7' title='bbox 3663 280 3740 337; x_wconf 72' lang='lat'><strong>23!</strong></span> <span class='ocrx_word' id='word_1_8' title='bbox 3834 286 3835 289; x_wconf 62' lang='grc'><em>“</em></span> 
     </span>
    </p>
   </div>
   <div class='ocr_carea' id='block_1_4' title="bbox 569 390 3741 472">
    <p class='ocr_par' dir='ltr' id='par_1_4' title="bbox 569 390 3741 472">
     <span class='ocr_line' id='line_1_4' title="bbox 569 390 3741 472; baseline -0.002 -14"><span class='ocrx_word' id='word_1_9' title='bbox 569 404 645 460; x_wconf 89' lang='lat' dir='ltr'><strong>sis</strong></span> <span class='ocrx_word' id='word_1_10' title='bbox 687 398 946 472; x_wconf 82' lang='lat' dir='ltr'><strong>episcoui.</strong></span> <span class='ocrx_word' id='word_1_11' title='bbox 993 413 1055 453; x_wconf 88' lang='lat' dir='ltr'><strong>ac</strong></span> <span class='ocrx_word' id='word_1_12' title='bbox 1105 397 1241 452; x_wconf 89' lang='lat' dir='ltr'><strong>forte</strong></span> <span class='ocrx_word' id='word_1_13' title='bbox 1291 394 1381 450; x_wconf 86' lang='lat' dir='ltr'><strong>alii</strong></span> <span class='ocrx_word' id='word_1_14' title='bbox 1414 407 1644 465; x_wconf 88' lang='lat' dir='ltr'><strong>quorum</strong></span> <span class='ocrx_word' id='word_1_15' title='bbox 1684 391 1946 449; x_wconf 91' lang='lat' dir='ltr'><strong>memoria</strong></span> <span class='ocrx_word' id='word_1_16' title='bbox 1992 391 2138 447; x_wconf 78' lang='lat' dir='ltr'><strong>exci-</strong></span> <span class='ocrx_word' id='word_1_17' title='bbox 2164 394 2212 455; x_wconf 77' lang='grc' dir='ltr'>Α</span> <span class='ocrx_word' id='word_1_18' title='bbox 2255 390 2400 446; x_wconf 83' lang='lat' dir='ltr'><strong>aliud</strong></span> <span class='ocrx_word' id='word_1_19' title='bbox 2442 392 2513 447; x_wconf 93' lang='lat' dir='ltr'><strong>sit</strong></span> <span class='ocrx_word' id='word_1_20' title='bbox 2574 407 2606 446; x_wconf 89' lang='lat' dir='ltr'><strong>a</strong></span> <span class='ocrx_word' id='word_1_21' title='bbox 2655 392 2921 447; x_wconf 89' lang='lat' dir='ltr'><strong>Chronico</strong></span> <span class='ocrx_word' id='word_1_22' title='bbox 2968 390 3367 456; x_wconf 87' lang='lat' dir='ltr'><strong>Cameracensi,</strong></span> <span class='ocrx_word' id='word_1_23' title='bbox 3426 393 3557 462; x_wconf 87' lang='lat' dir='ltr'><strong>quod</strong></span> <span class='ocrx_word' id='word_1_24' title='bbox 3603 411 3741 454; x_wconf 79' lang='lat' dir='ltr'><strong>ouiues</strong></span> 
     </span>
    </p>
   </div>
   <div class='ocr_carea' id='block_1_5' title="bbox 568 495 667 550">
    <p class='ocr_par' dir='ltr' id='par_1_5' title="bbox 568 495 667 550">
     <span class='ocr_line' id='line_1_5' title="bbox 568 495 667 550; baseline 0 0"><span class='ocrx_word' id='word_1_25' title='bbox 568 495 667 550; x_wconf 81' lang='lat' dir='ltr'><strong>dit.</strong></span> 
     </span>
    </p>
   </div>
   <div class='ocr_carea' id='block_1_6' title="bbox 566 614 2133 693">
    <p class='ocr_par' dir='ltr' id='par_1_6' title="bbox 566 614 2133 693">
     <span class='ocr_line' id='line_1_6' title="bbox 566 614 2133 693; baseline -0.009 -8"><span class='ocrx_word' id='word_1_26' title='bbox 566 628 760 685; x_wconf 84' lang='lat' dir='ltr'><strong>CCCV.</strong></span> <span class='ocrx_word' id='word_1_27' title='bbox 801 626 1081 681; x_wconf 80' lang='lat' dir='ltr'><strong>Baldricus</strong></span> <span class='ocrx_word' id='word_1_28' title='bbox 1119 623 1178 693; x_wconf 78' lang='lat' dir='ltr'><strong>ﬁt</strong></span> <span class='ocrx_word' id='word_1_29' title='bbox 1231 623 1501 692; x_wconf 82' lang='lat' dir='ltr'><strong>episcopus</strong></span> <span class='ocrx_word' id='word_1_30' title='bbox 1532 617 1777 675; x_wconf 84' lang='lat' dir='ltr'><strong>Noviomi</strong></span> <span class='ocrx_word' id='word_1_31' title='bbox 1809 626 1855 674; x_wconf 86' lang='lat' dir='ltr'><strong>et</strong></span> <span class='ocrx_word' id='word_1_32' title='bbox 1890 614 2133 672; x_wconf 87' lang='lat' dir='ltr'><strong>Tornaci.</strong></span> 
     </span>
    </p>
   </div>
   <div class='ocr_carea' id='block_1_7' title="bbox 635 731 2136 801">
    <p class='ocr_par' dir='ltr' id='par_1_7' title="bbox 635 731 2136 801">
     <span class='ocr_line' id='line_1_7' title="bbox 635 731 2136 801; baseline -0.007 -5"><span class='ocrx_word' id='word_1_33' title='bbox 635 742 692 796; x_wconf 93' lang='lat' dir='ltr'><strong>lu</strong></span> <span class='ocrx_word' id='word_1_34' title='bbox 738 739 921 796; x_wconf 87' lang='lat' dir='ltr'><strong>Galliis</strong></span> <span class='ocrx_word' id='word_1_35' title='bbox 963 736 1203 792; x_wconf 92' lang='lat' dir='ltr'><strong>Ecclesia</strong></span> <span class='ocrx_word' id='word_1_36' title='bbox 1252 733 1647 795; x_wconf 85' lang='lat' dir='ltr'><strong>Noviomensis,</strong></span> <span class='ocrx_word' id='word_1_37' title='bbox 1699 747 1818 801; x_wconf 77' lang='lat' dir='ltr'><strong>qua:</strong></span> <span class='ocrx_word' id='word_1_38' title='bbox 1871 739 1983 785; x_wconf 93' lang='lat' dir='ltr'><strong>toto</strong></span> <span class='ocrx_word' id='word_1_39' title='bbox 2034 731 2136 785; x_wconf 90' lang='lat' dir='ltr'><strong>hoc</strong></span> 
     </span>
    </p>
   </div>
   <div class='ocr_carea' id='block_1_8' title="bbox 564 820 2133 896">
    <p class='ocr_par' dir='ltr' id='par_1_8' title="bbox 564 820 2133 896">
     <span class='ocr_line' id='line_1_8' title="bbox 564 820 2133 896; baseline -0.009 -9"><span class='ocrx_word' id='word_1_40' title='bbox 564 847 706 887; x_wconf 88' lang='lat' dir='ltr'><strong>anno</strong></span> <span class='ocrx_word' id='word_1_41' title='bbox 736 830 900 884; x_wconf 62' lang='lat' dir='ltr'><strong>variis</strong></span> <span class='ocrx_word' id='word_1_42' title='bbox 951 829 1153 896; x_wconf 80' lang='lat' dir='ltr'><strong>agitata</strong></span> <span class='ocrx_word' id='word_1_43' title='bbox 1209 824 1383 880; x_wconf 79' lang='lat' dir='ltr'><strong>turbis</strong></span> <span class='ocrx_word' id='word_1_44' title='bbox 1420 824 1621 882; x_wconf 88' lang='lat' dir='ltr'><strong>fuerat.</strong></span> <span class='ocrx_word' id='word_1_45' title='bbox 1673 836 1862 892; x_wconf 90' lang='lat' dir='ltr'><strong>pacem</strong></span> <span class='ocrx_word' id='word_1_46' title='bbox 1911 820 2133 889; x_wconf 87' lang='lat' dir='ltr'><strong>recepit.</strong></span> 
     </span>
    </p>
   </div>
   <div class='ocr_carea' id='block_1_9' title="bbox 561 910 2136 992">
    <p class='ocr_par' dir='ltr' id='par_1_9' title="bbox 561 910 2136 992">
     <span class='ocr_line' id='line_1_9' title="bbox 561 910 2136 992; baseline -0.006 -16"><span class='ocrx_word' id='word_1_47' title='bbox 561 922 677 976; x_wconf 85' lang='lat' dir='ltr'><strong>Jam</strong></span> <span class='ocrx_word' id='word_1_48' title='bbox 707 920 924 992; x_wconf 83' lang='lat' dir='ltr'><strong>quidem</strong></span> <span class='ocrx_word' id='word_1_49' title='bbox 949 918 1018 971; x_wconf 89' lang='lat' dir='ltr'><strong>ab</strong></span> <span class='ocrx_word' id='word_1_50' title='bbox 1042 915 1200 982; x_wconf 88' lang='lat' dir='ltr'><strong>hujus</strong></span> <span class='ocrx_word' id='word_1_51' title='bbox 1237 915 1362 969; x_wconf 89' lang='lat' dir='ltr'><strong>anni</strong></span> <span class='ocrx_word' id='word_1_52' title='bbox 1415 914 1637 970; x_wconf 80' lang='lat' dir='ltr'><strong>exordio</strong></span> <span class='ocrx_word' id='word_1_53' title='bbox 1666 914 1716 966; x_wconf 93' lang='lat' dir='ltr'><strong>in</strong></span> <span class='ocrx_word' id='word_1_54' title='bbox 1778 912 1951 967; x_wconf 88' lang='lat' dir='ltr'><strong>locum</strong></span> <span class='ocrx_word' id='word_1_55' title='bbox 1998 910 2136 966; x_wconf 83' lang='lat' dir='ltr'><strong>Rab-</strong></span> 
     </span>
    </p>
   </div>
   <div class='ocr_carea' id='block_1_10' title="bbox 562 1001 2135 1075">
    <p class='ocr_par' dir='ltr' id='par_1_10' title="bbox 562 1001 2135 1075">
     <span class='ocr_line' id='line_1_10' title="bbox 562 1001 2135 1075; baseline -0.004 -12"><span class='ocrx_word' id='word_1_56' title='bbox 562 1011 685 1063; x_wconf 88' lang='lat' dir='ltr'><strong>bodi</strong></span> <span class='ocrx_word' id='word_1_57' title='bbox 730 1010 973 1065; x_wconf 87' lang='lat' dir='ltr'><strong>defuncti</strong></span> <span class='ocrx_word' id='word_1_58' title='bbox 1021 1008 1354 1062; x_wconf 84' lang='lat' dir='ltr'><strong>Baldricuse</strong></span> <span class='ocrx_word' id='word_1_59' title='bbox 1403 1013 1624 1075; x_wconf 90' lang='lat' dir='ltr'><strong>cantore</strong></span> <span class='ocrx_word' id='word_1_60' title='bbox 1668 1002 1960 1058; x_wconf 84' lang='lat' dir='ltr'><strong>Morineusi</strong></span> <span class='ocrx_word' id='word_1_61' title='bbox 2019 1001 2135 1069; x_wconf 83' lang='lat' dir='ltr'><strong>ejus</strong></span> 
     </span>
    </p>
   </div>
   <div class='ocr_carea' id='block_1_11' title="bbox 564 1089 2136 1170">
    <p class='ocr_par' dir='ltr' id='par_1_11' title="bbox 564 1089 2136 1170">
     <span class='ocr_line' id='line_1_11' title="bbox 564 1089 2136 1170; baseline -0.007 -13"><span class='ocrx_word' id='word_1_62' title='bbox 564 1102 816 1157; x_wconf 65' lang='lat' dir='ltr'><strong>Ecclesiae</strong></span> <span class='ocrx_word' id='word_1_63' title='bbox 851 1101 1134 1170; x_wconf 88' lang='lat' dir='ltr'><strong>episcopus</strong></span> <span class='ocrx_word' id='word_1_64' title='bbox 1161 1097 1365 1152; x_wconf 86' lang='lat' dir='ltr'><strong>electus</strong></span> <span class='ocrx_word' id='word_1_65' title='bbox 1394 1094 1590 1159; x_wconf 88' lang='lat' dir='ltr'><strong>fuerat,</strong></span> <span class='ocrx_word' id='word_1_66' title='bbox 1641 1095 1860 1162; x_wconf 84' lang='lat' dir='ltr'><strong>diesque</strong></span> <span class='ocrx_word' id='word_1_67' title='bbox 1914 1094 1979 1146; x_wconf 86' lang='lat' dir='ltr'><strong>ad</strong></span> <span class='ocrx_word' id='word_1_68' title='bbox 2019 1089 2136 1158; x_wconf 86' lang='lat' dir='ltr'><strong>ejus</strong></span> 
     </span>
    </p>
   </div>
   <div class='ocr_carea' id='block_1_12' title="bbox 562 1185 2136 1249">
    <p class='ocr_par' dir='ltr' id='par_1_12' title="bbox 562 1185 2136 1249">
     <span class='ocr_line' id='line_1_12' title="bbox 562 1185 2136 1249; baseline -0.005 0"><span class='ocrx_word' id='word_1_69' title='bbox 562 1194 1026 1249; x_wconf 89' lang='lat' dir='ltr'><strong>consecrationem</strong></span> <span class='ocrx_word' id='word_1_70' title='bbox 1057 1201 1243 1246; x_wconf 80' lang='lat' dir='ltr'><strong>octava</strong></span> <span class='ocrx_word' id='word_1_71' title='bbox 1281 1188 1633 1245; x_wconf 82' lang='lat' dir='ltr'><strong>Pentecostcs</strong></span> <span class='ocrx_word' id='word_1_72' title='bbox 1685 1204 1715 1241; x_wconf 89' lang='lat' dir='ltr'><strong>a</strong></span> <span class='ocrx_word' id='word_1_73' title='bbox 1746 1186 1992 1242; x_wconf 84' lang='lat' dir='ltr'><strong>Manasse</strong></span> <span class='ocrx_word' id='word_1_74' title='bbox 2030 1185 2136 1241; x_wconf 83' lang='lat' dir='ltr'><strong>Re-</strong></span> 
     </span>
    </p>
   </div>
   <div class='ocr_carea' id='block_1_13' title="bbox 564 1276 2133 1354">
    <p class='ocr_par' dir='ltr' id='par_1_13' title="bbox 564 1276 2133 1354">
     <span class='ocr_line' id='line_1_13' title="bbox 564 1276 2133 1354; baseline -0.006 -14"><span class='ocrx_word' id='word_1_75' title='bbox 564 1288 739 1341; x_wconf 88' lang='lat' dir='ltr'><strong>mensi</strong></span> <span class='ocrx_word' id='word_1_76' title='bbox 768 1283 1182 1354; x_wconf 86' lang='lat' dir='ltr'><strong>metropolitano</strong></span> <span class='ocrx_word' id='word_1_77' title='bbox 1236 1282 1412 1336; x_wconf 82' lang='lat' dir='ltr'><strong>fuerat</strong></span> <span class='ocrx_word' id='word_1_78' title='bbox 1462 1282 1685 1344; x_wconf 88' lang='lat' dir='ltr'><strong>indicta,</strong></span> <span class='ocrx_word' id='word_1_79' title='bbox 1717 1290 1775 1333; x_wconf 92' lang='lat' dir='ltr'><strong>ut</strong></span> <span class='ocrx_word' id='word_1_80' title='bbox 1801 1294 1865 1332; x_wconf 80' lang='lat' dir='ltr'><strong>ex</strong></span> <span class='ocrx_word' id='word_1_81' title='bbox 1894 1276 2133 1346; x_wconf 84' lang='lat' dir='ltr'><strong>ejusdem</strong></span> 
     </span>
    </p>
   </div>
   <div class='ocr_carea' id='block_1_14' title="bbox 571 1370 2131 1445">
    <p class='ocr_par' dir='ltr' id='par_1_14' title="bbox 571 1370 2131 1445">
     <span class='ocr_line' id='line_1_14' title="bbox 571 1370 2131 1445; baseline -0.007 -14"><span class='ocrx_word' id='word_1_82' title='bbox 571 1376 962 1445; x_wconf 86' lang='lat' dir='ltr'><strong>archiepiscopi</strong></span> <span class='ocrx_word' id='word_1_83' title='bbox 1020 1375 1214 1428; x_wconf 71' lang='lat' dir='ltr'><strong>litteris</strong></span> <span class='ocrx_word' id='word_1_84' title='bbox 1238 1374 1303 1427; x_wconf 89' lang='lat' dir='ltr'><strong>ad</strong></span> <span class='ocrx_word' id='word_1_85' title='bbox 1342 1371 1685 1426; x_wconf 87' lang='lat' dir='ltr'><strong>Lambertum</strong></span> <span class='ocrx_word' id='word_1_86' title='bbox 1721 1370 2131 1423; x_wconf 82' lang='lat' dir='ltr'><strong>Atrebatensem</strong></span> 
     </span>
    </p>
   </div>
   <div class='ocr_carea' id='block_1_15' title="bbox 562 1458 2131 1539">
    <p class='ocr_par' dir='ltr' id='par_1_15' title="bbox 562 1458 2131 1539">
     <span class='ocr_line' id='line_1_15' title="bbox 562 1458 2131 1539; baseline -0.009 -17"><span class='ocrx_word' id='word_1_87' title='bbox 562 1479 736 1539; x_wconf 87' lang='lat' dir='ltr'><strong>patet.</strong></span> <span class='ocrx_word' id='word_1_88' title='bbox 788 1467 987 1522; x_wconf 83' lang='lat' dir='ltr'><strong>Verum</strong></span> <span class='ocrx_word' id='word_1_89' title='bbox 1019 1510 1031 1531; x_wconf 93' lang='lat'><strong>,</strong></span> <span class='ocrx_word' id='word_1_90' title='bbox 1094 1462 1551 1520; x_wconf 82' lang='lat' dir='ltr'><strong>intercedentibus</strong></span> <span class='ocrx_word' id='word_1_91' title='bbox 1597 1458 1886 1523; x_wconf 90' lang='lat' dir='ltr'><strong>nonnullis,</strong></span> <span class='ocrx_word' id='word_1_92' title='bbox 1929 1459 2016 1527; x_wconf 90' lang='lat' dir='ltr'><strong>qui</strong></span> <span class='ocrx_word' id='word_1_93' title='bbox 2065 1473 2131 1510; x_wconf 82' lang='lat' dir='ltr'><strong>ex</strong></span> 
     </span>
    </p>
   </div>
   <div class='ocr_carea' id='block_1_16' title="bbox 564 1550 2133 1627">
    <p class='ocr_par' dir='ltr' id='par_1_16' title="bbox 564 1550 2133 1627">
     <span class='ocr_line' id='line_1_16' title="bbox 564 1550 2133 1627; baseline -0.012 -11"><span class='ocrx_word' id='word_1_94' title='bbox 564 1557 766 1617; x_wconf 85' lang='lat' dir='ltr'><strong>Urbani</strong></span> <span class='ocrx_word' id='word_1_95' title='bbox 798 1559 978 1614; x_wconf 87' lang='lat' dir='ltr'><strong>nescio</strong></span> <span class='ocrx_word' id='word_1_96' title='bbox 1008 1558 1203 1627; x_wconf 84' lang='lat' dir='ltr'><strong>quibus</strong></span> <span class='ocrx_word' id='word_1_97' title='bbox 1250 1553 1445 1609; x_wconf 85' lang='lat' dir='ltr'><strong>litteris</strong></span> <span class='ocrx_word' id='word_1_98' title='bbox 1492 1550 1848 1605; x_wconf 88' lang='lat' dir='ltr'><strong>autumabant</strong></span> <span class='ocrx_word' id='word_1_99' title='bbox 1891 1562 1952 1601; x_wconf 82' lang='lat' dir='ltr'><strong>ea</strong></span> <span class='ocrx_word' id='word_1_100' title='bbox 1983 1560 2133 1600; x_wconf 88' lang='lat' dir='ltr'><strong>occa-</strong></span> 
     </span>
    </p>
   </div>
   <div class='ocr_carea' id='block_1_17' title="bbox 563 1637 2129 1707">
    <p class='ocr_par' dir='ltr' id='par_1_17' title="bbox 563 1637 2129 1707">
     <span class='ocr_line' id='line_1_17' title="bbox 563 1637 2129 1707; baseline -0.011 0"><span class='ocrx_word' id='word_1_101' title='bbox 563 1654 717 1707; x_wconf 82' lang='lat' dir='ltr'><strong>sione</strong></span> <span class='ocrx_word' id='word_1_102' title='bbox 740 1649 1071 1707; x_wconf 84' lang='lat' dir='ltr'><strong>reddeudum</strong></span> <span class='ocrx_word' id='word_1_103' title='bbox 1111 1664 1229 1703; x_wconf 86' lang='lat' dir='ltr'><strong>esse</strong></span> <span class='ocrx_word' id='word_1_104' title='bbox 1284 1644 1747 1707; x_wconf 89' lang='lat' dir='ltr'><strong>Tornacensibus,</strong></span> <span class='ocrx_word' id='word_1_105' title='bbox 1797 1647 1857 1694; x_wconf 93' lang='lat' dir='ltr'><strong>ut</strong></span> <span class='ocrx_word' id='word_1_106' title='bbox 1900 1637 2129 1691; x_wconf 85' lang='lat' dir='ltr'><strong>Atreba-</strong></span> 
     </span>
    </p>
   </div>
   <div class='ocr_carea' id='block_1_18' title="bbox 563 1728 2206 1807">
    <p class='ocr_par' dir='ltr' id='par_1_18' title="bbox 563 1728 2206 1807">
     <span class='ocr_line' id='line_1_18' title="bbox 563 1728 2206 1807; baseline -0.012 -10"><span class='ocrx_word' id='word_1_107' title='bbox 563 1743 806 1797; x_wconf 90' lang='lat' dir='ltr'><strong>teusibus</strong></span> <span class='ocrx_word' id='word_1_108' title='bbox 829 1740 1093 1795; x_wconf 87' lang='lat' dir='ltr'><strong>indultum</strong></span> <span class='ocrx_word' id='word_1_109' title='bbox 1124 1739 1319 1802; x_wconf 82' lang='lat' dir='ltr'><strong>fuerat,</strong></span> <span class='ocrx_word' id='word_1_110' title='bbox 1346 1736 1624 1807; x_wconf 90' lang='lat' dir='ltr'><strong>proprium</strong></span> <span class='ocrx_word' id='word_1_111' title='bbox 1654 1732 1987 1803; x_wconf 87' lang='lat' dir='ltr'><strong>episcopum,</strong></span> <span class='ocrx_word' id='word_1_112' title='bbox 2015 1728 2131 1781; x_wconf 80' lang='lat' dir='ltr'><strong>Bal-</strong></span> <span class='ocrx_word' id='word_1_113' title='bbox 2165 1737 2206 1795; x_wconf 76' lang='grc' dir='ltr'>Β</span> 
     </span>
    </p>
   </div>
   <div class='ocr_carea' id='block_1_19' title="bbox 561 1819 2134 1897">
    <p class='ocr_par' dir='ltr' id='par_1_19' title="bbox 561 1819 2134 1897">
     <span class='ocr_line' id='line_1_19' title="bbox 561 1819 2134 1897; baseline -0.011 -8"><span class='ocrx_word' id='word_1_114' title='bbox 561 1834 727 1889; x_wconf 89' lang='lat' dir='ltr'><strong>derici</strong></span> <span class='ocrx_word' id='word_1_115' title='bbox 749 1831 1019 1887; x_wconf 89' lang='lat' dir='ltr'><strong>ordinatio</strong></span> <span class='ocrx_word' id='word_1_116' title='bbox 1054 1830 1119 1883; x_wconf 89' lang='lat' dir='ltr'><strong>ad</strong></span> <span class='ocrx_word' id='word_1_117' title='bbox 1148 1837 1468 1897; x_wconf 90' lang='lat' dir='ltr'><strong>sequentem</strong></span> <span class='ocrx_word' id='word_1_118' title='bbox 1492 1840 1691 1879; x_wconf 90' lang='lat' dir='ltr'><strong>annum</strong></span> <span class='ocrx_word' id='word_1_119' title='bbox 1730 1821 1893 1877; x_wconf 89' lang='lat' dir='ltr'><strong>dilata</strong></span> <span class='ocrx_word' id='word_1_120' title='bbox 1919 1819 2038 1874; x_wconf 90' lang='lat' dir='ltr'><strong>fuit.</strong></span> <span class='ocrx_word' id='word_1_121' title='bbox 2068 1820 2134 1873; x_wconf 89' lang='lat' dir='ltr'><strong>Et</strong></span> 
     </span>
    </p>
   </div>
   <div class='ocr_carea' id='block_1_20' title="bbox 558 1916 2133 1993">
    <p class='ocr_par' dir='ltr' id='par_1_20' title="bbox 558 1916 2133 1993">
     <span class='ocr_line' id='line_1_20' title="bbox 558 1916 2133 1993; baseline -0.008 -16"><span class='ocrx_word' id='word_1_122' title='bbox 558 1924 775 1993; x_wconf 89' lang='lat' dir='ltr'><strong>quidem</strong></span> <span class='ocrx_word' id='word_1_123' title='bbox 810 1937 916 1977; x_wconf 92' lang='lat' dir='ltr'><strong>non</strong></span> <span class='ocrx_word' id='word_1_124' title='bbox 963 1929 1081 1975; x_wconf 85' lang='lat' dir='ltr'><strong>erat</strong></span> <span class='ocrx_word' id='word_1_125' title='bbox 1138 1920 1343 1987; x_wconf 83' lang='lat' dir='ltr'><strong>absque</strong></span> <span class='ocrx_word' id='word_1_126' title='bbox 1384 1918 1565 1987; x_wconf 90' lang='lat' dir='ltr'><strong>aliquo</strong></span> <span class='ocrx_word' id='word_1_127' title='bbox 1616 1916 1960 1969; x_wconf 87' lang='lat' dir='ltr'><strong>fumlamento</strong></span> <span class='ocrx_word' id='word_1_128' title='bbox 1990 1921 2133 1965; x_wconf 87' lang='lat' dir='ltr'><strong>mota</strong></span> 
     </span>
    </p>
   </div>
   <div class='ocr_carea' id='block_1_21' title="bbox 558 2004 2132 2077">
    <p class='ocr_par' dir='ltr' id='par_1_21' title="bbox 558 2004 2132 2077">
     <span class='ocr_line' id='line_1_21' title="bbox 558 2004 2132 2077; baseline -0.01 -6"><span class='ocrx_word' id='word_1_129' title='bbox 558 2014 648 2071; x_wconf 84' lang='lat' dir='ltr'><strong>illa</strong></span> <span class='ocrx_word' id='word_1_130' title='bbox 693 2013 1001 2069; x_wconf 84' lang='lat' dir='ltr'><strong>dilllctdtas.</strong></span> <span class='ocrx_word' id='word_1_131' title='bbox 1059 2009 1479 2066; x_wconf 87' lang='lat' dir='ltr'><strong>Tornacensium</strong></span> <span class='ocrx_word' id='word_1_132' title='bbox 1533 2008 1729 2077; x_wconf 82' lang='lat' dir='ltr'><strong>quippe</strong></span> <span class='ocrx_word' id='word_1_133' title='bbox 1774 2004 1964 2061; x_wconf 85' lang='lat' dir='ltr'><strong>civitas</strong></span> <span class='ocrx_word' id='word_1_134' title='bbox 2006 2015 2132 2057; x_wconf 90' lang='lat' dir='ltr'><strong>ante</strong></span> 
     </span>
    </p>
   </div>
   <div class='ocr_carea' id='block_1_22' title="bbox 564 2094 2133 2174">
    <p class='ocr_par' dir='ltr' id='par_1_22' title="bbox 564 2094 2133 2174">
     <span class='ocr_line' id='line_1_22' title="bbox 564 2094 2133 2174; baseline -0.01 -9"><span class='ocrx_word' id='word_1_135' title='bbox 564 2125 715 2165; x_wconf 77' lang='lat' dir='ltr'><strong>Sttttm</strong></span> <span class='ocrx_word' id='word_1_136' title='bbox 760 2110 970 2160; x_wconf 89' lang='lat' dir='ltr'><strong>ruinam</strong></span> <span class='ocrx_word' id='word_1_137' title='bbox 1025 2104 1301 2174; x_wconf 89' lang='lat' dir='ltr'><strong>proprium</strong></span> <span class='ocrx_word' id='word_1_138' title='bbox 1335 2094 1601 2156; x_wconf 84' lang='lat' dir='ltr'><strong>habuerat</strong></span> <span class='ocrx_word' id='word_1_139' title='bbox 1643 2100 1976 2169; x_wconf 87' lang='lat' dir='ltr'><strong>episcopum,</strong></span> <span class='ocrx_word' id='word_1_140' title='bbox 2032 2110 2133 2151; x_wconf 89' lang='lat' dir='ltr'><strong>nec</strong></span> 
     </span>
    </p>
   </div>
   <div class='ocr_carea' id='block_1_23' title="bbox 558 2194 2132 2273">
    <p class='ocr_par' dir='ltr' id='par_1_23' title="bbox 558 2194 2132 2273">
     <span class='ocr_line' id='line_1_23' title="bbox 558 2194 2132 2273; baseline -0.009 -16"><span class='ocrx_word' id='word_1_141' title='bbox 558 2203 662 2257; x_wconf 85' lang='lat' dir='ltr'><strong>nisi</strong></span> <span class='ocrx_word' id='word_1_142' title='bbox 709 2198 1025 2273; x_wconf 71' lang='lat' dir='ltr'><strong>provisorize</strong></span> <span class='ocrx_word' id='word_1_143' title='bbox 1072 2194 1444 2250; x_wconf 83' lang='lat' dir='ltr'><strong>Noviomcnsis</strong></span> <span class='ocrx_word' id='word_1_144' title='bbox 1496 2194 1753 2248; x_wconf 87' lang='lat' dir='ltr'><strong>antistitis</strong></span> <span class='ocrx_word' id='word_1_145' title='bbox 1806 2208 1950 2248; x_wconf 71' lang='lat' dir='ltr'><strong>cura:</strong></span> <span class='ocrx_word' id='word_1_146' title='bbox 1995 2206 2132 2245; x_wconf 85' lang='lat' dir='ltr'><strong>com-</strong></span> 
     </span>
    </p>
   </div>
   <div class='ocr_carea' id='block_1_24' title="bbox 560 2286 2130 2352">
    <p class='ocr_par' dir='ltr' id='par_1_24' title="bbox 560 2286 2130 2352">
     <span class='ocr_line' id='line_1_24' title="bbox 560 2286 2130 2352; baseline -0.006 -3"><span class='ocrx_word' id='word_1_147' title='bbox 560 2296 722 2349; x_wconf 86' lang='lat' dir='ltr'><strong>missa</strong></span> <span class='ocrx_word' id='word_1_148' title='bbox 774 2292 939 2345; x_wconf 85' lang='lat' dir='ltr'><strong>fuisse</strong></span> <span class='ocrx_word' id='word_1_149' title='bbox 989 2289 1322 2352; x_wconf 76' lang='lat' dir='ltr'><strong>videbatur;</strong></span> <span class='ocrx_word' id='word_1_150' title='bbox 1389 2288 1581 2342; x_wconf 89' lang='lat' dir='ltr'><strong>deinde</strong></span> <span class='ocrx_word' id='word_1_151' title='bbox 1642 2289 1757 2342; x_wconf 58' lang='lat' dir='ltr'><strong>ha‘c</strong></span> <span class='ocrx_word' id='word_1_152' title='bbox 1808 2289 1937 2343; x_wconf 88' lang='lat' dir='ltr'><strong>urbs</strong></span> <span class='ocrx_word' id='word_1_153' title='bbox 1988 2286 2130 2341; x_wconf 89' lang='lat' dir='ltr'><strong>haud</strong></span> 
     </span>
    </p>
   </div>
   <div class='ocr_carea' id='block_1_25' title="bbox 559 2374 2127 2453">
    <p class='ocr_par' dir='ltr' id='par_1_25' title="bbox 559 2374 2127 2453">
     <span class='ocr_line' id='line_1_25' title="bbox 559 2374 2127 2453; baseline -0.006 -12"><span class='ocrx_word' id='word_1_154' title='bbox 559 2388 737 2441; x_wconf 91' lang='lat' dir='ltr'><strong>minus</strong></span> <span class='ocrx_word' id='word_1_155' title='bbox 762 2374 937 2453; x_wconf 80' lang='lat' dir='ltr'><strong>ampla</strong></span> <span class='ocrx_word' id='word_1_156' title='bbox 985 2392 1077 2435; x_wconf 90' lang='lat' dir='ltr'><strong>aut</strong></span> <span class='ocrx_word' id='word_1_157' title='bbox 1106 2380 1357 2451; x_wconf 86' lang='lat' dir='ltr'><strong>populosa</strong></span> <span class='ocrx_word' id='word_1_158' title='bbox 1414 2388 1550 2443; x_wconf 89' lang='lat' dir='ltr'><strong>erat,</strong></span> <span class='ocrx_word' id='word_1_159' title='bbox 1580 2394 1740 2449; x_wconf 90' lang='lat' dir='ltr'><strong>quam</strong></span> <span class='ocrx_word' id='word_1_160' title='bbox 1787 2378 2127 2445; x_wconf 88' lang='lat' dir='ltr'><strong>Atrebatum,</strong></span> 
     </span>
    </p>
   </div>
   <div class='ocr_carea' id='block_1_26' title="bbox 559 2471 2130 2549">
    <p class='ocr_par' dir='ltr' id='par_1_26' title="bbox 559 2471 2130 2549">
     <span class='ocr_line' id='line_1_26' title="bbox 559 2471 2130 2549; baseline -0.007 -17"><span class='ocrx_word' id='word_1_161' title='bbox 559 2480 675 2542; x_wconf 85' lang='lat' dir='ltr'><strong>cui,</strong></span> <span class='ocrx_word' id='word_1_162' title='bbox 705 2485 895 2549; x_wconf 77' lang='lat' dir='ltr'><strong>agente</strong></span> <span class='ocrx_word' id='word_1_163' title='bbox 923 2474 1165 2537; x_wconf 86' lang='lat' dir='ltr'><strong>Urbano,</strong></span> <span class='ocrx_word' id='word_1_164' title='bbox 1214 2472 1467 2543; x_wconf 85' lang='lat' dir='ltr'><strong>prOprius</strong></span> <span class='ocrx_word' id='word_1_165' title='bbox 1518 2472 1801 2541; x_wconf 89' lang='lat' dir='ltr'><strong>episcopus</strong></span> <span class='ocrx_word' id='word_1_166' title='bbox 1850 2471 2130 2549; x_wconf 83' lang='lat' dir='ltr'><strong>restitutus</strong></span> 
     </span>
    </p>
   </div>
   <div class='ocr_carea' id='block_1_27' title="bbox 558 2548 2127 2637">
    <p class='ocr_par' dir='ltr' id='par_1_27' title="bbox 558 2548 2127 2637">
     <span class='ocr_line' id='line_1_27' title="bbox 558 2548 2127 2637; baseline -0.004 -13"><span class='ocrx_word' id='word_1_167' title='bbox 558 2548 773 2626; x_wconf 85' lang='lat' dir='ltr'><strong>fuerat:</strong></span> <span class='ocrx_word' id='word_1_168' title='bbox 804 2575 856 2622; x_wconf 92' lang='lat' dir='ltr'><strong>et</strong></span> <span class='ocrx_word' id='word_1_169' title='bbox 896 2565 1111 2637; x_wconf 92' lang='lat' dir='ltr'><strong>quidem</strong></span> <span class='ocrx_word' id='word_1_170' title='bbox 1138 2566 1277 2620; x_wconf 90' lang='lat' dir='ltr'><strong>hanc</strong></span> <span class='ocrx_word' id='word_1_171' title='bbox 1323 2578 1475 2619; x_wconf 89' lang='lat' dir='ltr'><strong>suam</strong></span> <span class='ocrx_word' id='word_1_172' title='bbox 1519 2576 1639 2617; x_wconf 88' lang='lat' dir='ltr'><strong>esse</strong></span> <span class='ocrx_word' id='word_1_173' title='bbox 1684 2563 1850 2632; x_wconf 92' lang='lat' dir='ltr'><strong>ipsius</strong></span> <span class='ocrx_word' id='word_1_174' title='bbox 1891 2548 2127 2617; x_wconf 82' lang='lat' dir='ltr'><strong>mentem</strong></span> 
     </span>
    </p>
   </div>
   <div class='ocr_carea' id='block_1_28' title="bbox 555 2653 2127 2727">
    <p class='ocr_par' dir='ltr' id='par_1_28' title="bbox 555 2653 2127 2727">
     <span class='ocr_line' id='line_1_28' title="bbox 555 2653 2127 2727; baseline -0.004 -9"><span class='ocrx_word' id='word_1_175' title='bbox 555 2663 857 2719; x_wconf 84' lang='lat' dir='ltr'><strong>declarasse</strong></span> <span class='ocrx_word' id='word_1_176' title='bbox 904 2659 1189 2713; x_wconf 87' lang='lat' dir='ltr'><strong>videbatur</strong></span> <span class='ocrx_word' id='word_1_177' title='bbox 1244 2656 1358 2727; x_wconf 92' lang='lat' dir='ltr'><strong>ipse</strong></span> <span class='ocrx_word' id='word_1_178' title='bbox 1410 2654 1673 2726; x_wconf 75' lang='lat' dir='ltr'><strong>pontifex,</strong></span> <span class='ocrx_word' id='word_1_179' title='bbox 1724 2656 1775 2709; x_wconf 92' lang='lat' dir='ltr'><strong>in</strong></span> <span class='ocrx_word' id='word_1_180' title='bbox 1819 2653 2127 2711; x_wconf 85' lang='lat' dir='ltr'><strong>litteris&#39;ad</strong></span> 
     </span>
    </p>
   </div>
   <div class='ocr_carea' id='block_1_29' title="bbox 554 2746 2128 2817">
    <p class='ocr_par' dir='ltr' id='par_1_29' title="bbox 554 2746 2128 2817">
     <span class='ocr_line' id='line_1_29' title="bbox 554 2746 2128 2817; baseline -0.005 -9"><span class='ocrx_word' id='word_1_181' title='bbox 554 2754 965 2813; x_wconf 86' lang='lat' dir='ltr'><strong>Noviomenses,</strong></span> <span class='ocrx_word' id='word_1_182' title='bbox 1000 2749 1089 2803; x_wconf 90' lang='lat' dir='ltr'><strong>ubi</strong></span> <span class='ocrx_word' id='word_1_183' title='bbox 1130 2763 1191 2803; x_wconf 81' lang='lat' dir='ltr'><strong>ea</strong></span> <span class='ocrx_word' id='word_1_184' title='bbox 1238 2756 1443 2802; x_wconf 90' lang='lat' dir='ltr'><strong>tantum</strong></span> <span class='ocrx_word' id='word_1_185' title='bbox 1500 2747 1773 2817; x_wconf 79' lang='lat' dir='ltr'><strong>privilegia</strong></span> <span class='ocrx_word' id='word_1_186' title='bbox 1805 2746 2128 2802; x_wconf 82' lang='lat' dir='ltr'><strong>Noviomen-</strong></span> 
     </span>
    </p>
   </div>
   <div class='ocr_carea' id='block_1_30' title="bbox 557 2838 2126 2913">
    <p class='ocr_par' dir='ltr' id='par_1_30' title="bbox 557 2838 2126 2913">
     <span class='ocr_line' id='line_1_30' title="bbox 557 2838 2126 2913; baseline -0.004 -12"><span class='ocrx_word' id='word_1_187' title='bbox 557 2846 708 2902; x_wconf 86' lang='lat' dir='ltr'><strong>sibus</strong></span> <span class='ocrx_word' id='word_1_188' title='bbox 736 2843 1003 2913; x_wconf 90' lang='lat' dir='ltr'><strong>episcopis</strong></span> <span class='ocrx_word' id='word_1_189' title='bbox 1024 2840 1393 2902; x_wconf 90' lang='lat' dir='ltr'><strong>conﬁrmarat,</strong></span> <span class='ocrx_word' id='word_1_190' title='bbox 1424 2854 1544 2909; x_wconf 66' lang='lat' dir='ltr'><strong>qua:</strong></span> <span class='ocrx_word' id='word_1_191' title='bbox 1588 2854 1618 2893; x_wconf 90' lang='lat' dir='ltr'><strong>a</strong></span> <span class='ocrx_word' id='word_1_192' title='bbox 1666 2838 1919 2910; x_wconf 85' lang='lat' dir='ltr'><strong>legitimis</strong></span> <span class='ocrx_word' id='word_1_193' title='bbox 1946 2842 2126 2911; x_wconf 87' lang='lat' dir='ltr'><strong>ponti-</strong></span> 
     </span>
    </p>
   </div>
   <div class='ocr_carea' id='block_1_31' title="bbox 558 2930 2124 2999">
    <p class='ocr_par' dir='ltr' id='par_1_31' title="bbox 558 2930 2124 2999">
     <span class='ocr_line' id='line_1_31' title="bbox 558 2930 2124 2999; baseline -0.002 -8"><span class='ocrx_word' id='word_1_194' title='bbox 558 2938 749 2992; x_wconf 88' lang='lat' dir='ltr'><strong>ﬁcibus</strong></span> <span class='ocrx_word' id='word_1_195' title='bbox 777 2932 983 2988; x_wconf 86' lang='lat' dir='ltr'><strong>indulta</strong></span> <span class='ocrx_word' id='word_1_196' title='bbox 1036 2931 1265 2987; x_wconf 82' lang='lat' dir='ltr'><strong>fuerant.</strong></span> <span class='ocrx_word' id='word_1_197' title='bbox 1310 2930 1490 2999; x_wconf 87' lang='lat' dir='ltr'><strong>Quare</strong></span> <span class='ocrx_word' id='word_1_198' title='bbox 1528 2931 1706 2987; x_wconf 84' lang='lat' dir='ltr'><strong>visum</strong></span> <span class='ocrx_word' id='word_1_199' title='bbox 1747 2941 1830 2988; x_wconf 88' lang='lat' dir='ltr'><strong>est</strong></span> <span class='ocrx_word' id='word_1_200' title='bbox 1870 2931 2124 2989; x_wconf 81' lang='lat' dir='ltr'><strong>Remensi</strong></span> 
     </span>
    </p>
   </div>
   <div class='ocr_carea' id='block_1_32' title="bbox 552 3012 2123 3097">
    <p class='ocr_par' dir='ltr' id='par_1_32' title="bbox 552 3012 2123 3097">
     <span class='ocr_line' id='line_1_32' title="bbox 552 3012 2123 3097; baseline -0.003 -12"><span class='ocrx_word' id='word_1_201' title='bbox 552 3012 974 3097; x_wconf 70' lang='lat' dir='ltr'><strong>archiepiscopo</strong></span> <span class='ocrx_word' id='word_1_202' title='bbox 1019 3024 1325 3080; x_wconf 86' lang='lat' dir='ltr'><strong>Baldricum</strong></span> <span class='ocrx_word' id='word_1_203' title='bbox 1380 3024 1556 3094; x_wconf 89' lang='lat' dir='ltr'><strong>ipsum</strong></span> <span class='ocrx_word' id='word_1_204' title='bbox 1615 3024 1842 3079; x_wconf 87' lang='lat' dir='ltr'><strong>electum</strong></span> <span class='ocrx_word' id='word_1_205' title='bbox 1897 3024 2123 3087; x_wconf 73' lang='lat' dir='ltr'><strong>Romam</strong></span> 
     </span>
    </p>
   </div>
   <div class='ocr_carea' id='block_1_33' title="bbox 554 3115 2125 3187">
    <p class='ocr_par' dir='ltr' id='par_1_33' title="bbox 554 3115 2125 3187">
     <span class='ocr_line' id='line_1_33' title="bbox 554 3115 2125 3187; baseline -0.004 -10"><span class='ocrx_word' id='word_1_206' title='bbox 554 3122 790 3181; x_wconf 87' lang='lat' dir='ltr'><strong>mittere,</strong></span> <span class='ocrx_word' id='word_1_207' title='bbox 816 3126 875 3172; x_wconf 91' lang='lat' dir='ltr'><strong>ut</strong></span> <span class='ocrx_word' id='word_1_208' title='bbox 896 3118 1009 3187; x_wconf 89' lang='lat' dir='ltr'><strong>ipse</strong></span> <span class='ocrx_word' id='word_1_209' title='bbox 1029 3115 1284 3171; x_wconf 83' lang='lat' dir='ltr'><strong>Ecclesiae</strong></span> <span class='ocrx_word' id='word_1_210' title='bbox 1311 3130 1423 3170; x_wconf 82' lang='lat' dir='ltr'><strong>suae</strong></span> <span class='ocrx_word' id='word_1_211' title='bbox 1472 3130 1691 3171; x_wconf 86' lang='lat' dir='ltr'><strong>causam</strong></span> <span class='ocrx_word' id='word_1_212' title='bbox 1723 3131 1903 3171; x_wconf 88' lang='lat' dir='ltr'><strong>coram</strong></span> <span class='ocrx_word' id='word_1_213' title='bbox 1952 3118 2125 3186; x_wconf 86' lang='lat' dir='ltr'><strong>ponti-</strong></span> 
     </span>
    </p>
   </div>
   <div class='ocr_carea' id='block_1_34' title="bbox 556 3208 2125 3281">
    <p class='ocr_par' dir='ltr' id='par_1_34' title="bbox 556 3208 2125 3281">
     <span class='ocr_line' id='line_1_34' title="bbox 556 3208 2125 3281; baseline -0.001 -14"><span class='ocrx_word' id='word_1_214' title='bbox 556 3213 657 3268; x_wconf 91' lang='lat' dir='ltr'><strong>ﬁce</strong></span> <span class='ocrx_word' id='word_1_215' title='bbox 682 3218 886 3281; x_wconf 82' lang='lat' dir='ltr'><strong>ageret.</strong></span> <span class='ocrx_word' id='word_1_216' title='bbox 906 3209 975 3262; x_wconf 83' lang='lat' dir='ltr'><strong>At</strong></span> <span class='ocrx_word' id='word_1_217' title='bbox 1011 3208 1256 3264; x_wconf 82' lang='lat' dir='ltr'><strong>Urbanus</strong></span> <span class='ocrx_word' id='word_1_218' title='bbox 1280 3208 1465 3262; x_wconf 90' lang='lat' dir='ltr'><strong>nescio</strong></span> <span class='ocrx_word' id='word_1_219' title='bbox 1491 3223 1627 3277; x_wconf 89' lang='lat' dir='ltr'><strong>quas</strong></span> <span class='ocrx_word' id='word_1_220' title='bbox 1647 3208 1715 3263; x_wconf 92' lang='lat' dir='ltr'><strong>ob</strong></span> <span class='ocrx_word' id='word_1_221' title='bbox 1745 3224 1959 3275; x_wconf 89' lang='lat' dir='ltr'><strong>causas,</strong></span> <span class='ocrx_word' id='word_1_222' title='bbox 1988 3210 2125 3267; x_wconf 86' lang='lat' dir='ltr'><strong>forte</strong></span> 
     </span>
    </p>
   </div>
   <div class='ocr_carea' id='block_1_35' title="bbox 553 3300 2125 3375">
    <p class='ocr_par' dir='ltr' id='par_1_35' title="bbox 553 3300 2125 3375">
     <span class='ocr_line' id='line_1_35' title="bbox 553 3300 2125 3375; baseline -0.001 -14"><span class='ocrx_word' id='word_1_223' title='bbox 553 3305 624 3361; x_wconf 93' lang='lat' dir='ltr'><strong>ob</strong></span> <span class='ocrx_word' id='word_1_224' title='bbox 678 3317 870 3375; x_wconf 79' lang='lat' dir='ltr'><strong>graves</strong></span> <span class='ocrx_word' id='word_1_225' title='bbox 942 3300 1155 3356; x_wconf 85' lang='lat' dir='ltr'><strong>labores</strong></span> <span class='ocrx_word' id='word_1_226' title='bbox 1233 3315 1370 3369; x_wconf 89' lang='lat' dir='ltr'><strong>quos</strong></span> <span class='ocrx_word' id='word_1_227' title='bbox 1427 3301 1713 3356; x_wconf 89' lang='lat' dir='ltr'><strong>occasione</strong></span> <span class='ocrx_word' id='word_1_228' title='bbox 1770 3304 2125 3360; x_wconf 86' lang='lat' dir='ltr'><strong>restitutionis</strong></span> 
     </span>
    </p>
   </div>
   <div class='ocr_carea' id='block_1_36' title="bbox 551 3393 2122 3460">
    <p class='ocr_par' dir='ltr' id='par_1_36' title="bbox 551 3393 2122 3460">
     <span class='ocr_line' id='line_1_36' title="bbox 551 3393 2122 3460; baseline -0.001 -7"><span class='ocrx_word' id='word_1_229' title='bbox 551 3395 928 3453; x_wconf 86' lang='lat' dir='ltr'><strong>Atrebatensis</strong></span> <span class='ocrx_word' id='word_1_230' title='bbox 980 3393 1240 3450; x_wconf 75' lang='lat' dir='ltr'><strong>Ecclesiae</strong></span> <span class='ocrx_word' id='word_1_231' title='bbox 1296 3394 1556 3449; x_wconf 83' lang='lat' dir='ltr'><strong>devorare</strong></span> <span class='ocrx_word' id='word_1_232' title='bbox 1621 3403 1842 3450; x_wconf 89' lang='lat' dir='ltr'><strong>coactus</strong></span> <span class='ocrx_word' id='word_1_233' title='bbox 1898 3396 2122 3460; x_wconf 88' lang='lat' dir='ltr'><strong>fuerat,</strong></span> 
     </span>
    </p>
   </div>
   <div class='ocr_carea' id='block_1_37' title="bbox 551 3486 2124 3561">
    <p class='ocr_par' dir='ltr' id='par_1_37' title="bbox 551 3486 2124 3561">
     <span class='ocr_line' id='line_1_37' title="bbox 551 3486 2124 3561; baseline 0 -17"><span class='ocrx_word' id='word_1_234' title='bbox 551 3500 835 3561; x_wconf 81' lang='lat' dir='ltr'><strong>pertaesus,</strong></span> <span class='ocrx_word' id='word_1_235' title='bbox 864 3486 999 3542; x_wconf 88' lang='lat' dir='ltr'><strong>nihil</strong></span> <span class='ocrx_word' id='word_1_236' title='bbox 1028 3501 1093 3541; x_wconf 90' lang='lat' dir='ltr'><strong>ea</strong></span> <span class='ocrx_word' id='word_1_237' title='bbox 1123 3487 1243 3542; x_wconf 90' lang='lat' dir='ltr'><strong>vice</strong></span> <span class='ocrx_word' id='word_1_238' title='bbox 1277 3487 1593 3542; x_wconf 91' lang='lat' dir='ltr'><strong>mutandum</strong></span> <span class='ocrx_word' id='word_1_239' title='bbox 1624 3501 1745 3542; x_wconf 92' lang='lat' dir='ltr'><strong>esse</strong></span> <span class='ocrx_word' id='word_1_240' title='bbox 1797 3488 1970 3551; x_wconf 80' lang='lat' dir='ltr'><strong>duxit,</strong></span> <span class='ocrx_word' id='word_1_241' title='bbox 1999 3490 2124 3544; x_wconf 91' lang='lat' dir='ltr'><strong>dato</strong></span> 
     </span>
    </p>
   </div>
   <div class='ocr_carea' id='block_1_38' title="bbox 552 3576 2122 3650">
    <p class='ocr_par' dir='ltr' id='par_1_38' title="bbox 552 3576 2122 3650">
     <span class='ocr_line' id='line_1_38' title="bbox 552 3576 2122 3650; baseline -0.001 -14"><span class='ocrx_word' id='word_1_242' title='bbox 552 3582 815 3650; x_wconf 85' lang='lat' dir='ltr'><strong>rescripto</strong></span> <span class='ocrx_word' id='word_1_243' title='bbox 851 3578 1149 3648; x_wconf 81' lang='lat' dir='ltr'><strong>provisorio</strong></span> <span class='ocrx_word' id='word_1_244' title='bbox 1196 3578 1262 3632; x_wconf 87' lang='lat' dir='ltr'><strong>ad</strong></span> <span class='ocrx_word' id='word_1_245' title='bbox 1310 3576 1614 3634; x_wconf 88' lang='lat' dir='ltr'><strong>Manassem</strong></span> <span class='ocrx_word' id='word_1_246' title='bbox 1662 3578 1980 3635; x_wconf 84' lang='lat' dir='ltr'><strong>Remensem</strong></span> <span class='ocrx_word' id='word_1_247' title='bbox 2031 3597 2122 3635; x_wconf 90' lang='lat' dir='ltr'><strong>ar-</strong></span> 
     </span>
    </p>
   </div>
   <div class='ocr_carea' id='block_1_39' title="bbox 552 3669 2125 3741">
    <p class='ocr_par' dir='ltr' id='par_1_39' title="bbox 552 3669 2125 3741">
     <span class='ocr_line' id='line_1_39' title="bbox 552 3669 2125 3741; baseline 0.001 -15"><span class='ocrx_word' id='word_1_248' title='bbox 552 3671 980 3740; x_wconf 87' lang='lat' dir='ltr'><strong>chiepiscopum,</strong></span> <span class='ocrx_word' id='word_1_249' title='bbox 997 3678 1058 3723; x_wconf 95' lang='lat' dir='ltr'><strong>ut</strong></span> <span class='ocrx_word' id='word_1_250' title='bbox 1084 3670 1367 3723; x_wconf 86' lang='lat' dir='ltr'><strong>secundum</strong></span> <span class='ocrx_word' id='word_1_251' title='bbox 1384 3669 1550 3723; x_wconf 87' lang='lat' dir='ltr'><strong>Deum</strong></span> <span class='ocrx_word' id='word_1_252' title='bbox 1576 3670 1784 3725; x_wconf 85' lang='lat' dir='ltr'><strong>meliori</strong></span> <span class='ocrx_word' id='word_1_253' title='bbox 1818 3688 1923 3740; x_wconf 88' lang='lat' dir='ltr'><strong>quo</strong></span> <span class='ocrx_word' id='word_1_254' title='bbox 1946 3681 2125 3741; x_wconf 78' lang='lat' dir='ltr'><strong>posset</strong></span> 
     </span>
    </p>
   </div>
   <div class='ocr_carea' id='block_1_40' title="bbox 552 3761 2123 3833">
    <p class='ocr_par' dir='ltr' id='par_1_40' title="bbox 552 3761 2123 3833">
     <span class='ocr_line' id='line_1_40' title="bbox 552 3761 2123 3833; baseline -0.001 -15"><span class='ocrx_word' id='word_1_255' title='bbox 552 3763 715 3818; x_wconf 91' lang='lat' dir='ltr'><strong>modo</strong></span> <span class='ocrx_word' id='word_1_256' title='bbox 764 3761 977 3815; x_wconf 87' lang='lat' dir='ltr'><strong>vacanti</strong></span> <span class='ocrx_word' id='word_1_257' title='bbox 1024 3761 1338 3831; x_wconf 88' lang='lat' dir='ltr'><strong>jamdudum</strong></span> <span class='ocrx_word' id='word_1_258' title='bbox 1383 3761 1638 3816; x_wconf 64' lang='lat' dir='ltr'><strong>Ecclesia?</strong></span> <span class='ocrx_word' id='word_1_259' title='bbox 1675 3762 1774 3817; x_wconf 91' lang='lat' dir='ltr'><strong>hac</strong></span> <span class='ocrx_word' id='word_1_260' title='bbox 1806 3764 1920 3818; x_wconf 91' lang='lat' dir='ltr'><strong>vice</strong></span> <span class='ocrx_word' id='word_1_261' title='bbox 1945 3766 2123 3833; x_wconf 83' lang='lat' dir='ltr'><strong>provi-</strong></span> 
     </span>
    </p>
   </div>
   <div class='ocr_carea' id='block_1_41' title="bbox 552 3852 2125 3926">
    <p class='ocr_par' dir='ltr' id='par_1_41' title="bbox 552 3852 2125 3926">
     <span class='ocr_line' id='line_1_41' title="bbox 552 3852 2125 3926; baseline 0.003 -19"><span class='ocrx_word' id='word_1_262' title='bbox 552 3855 727 3908; x_wconf 87' lang='lat' dir='ltr'><strong>deret.</strong></span> <span class='ocrx_word' id='word_1_263' title='bbox 762 3852 853 3906; x_wconf 90' lang='lat' dir='ltr'><strong>llle</strong></span> <span class='ocrx_word' id='word_1_264' title='bbox 880 3867 1010 3906; x_wconf 85' lang='lat' dir='ltr'><strong>vero</strong></span> <span class='ocrx_word' id='word_1_265' title='bbox 1062 3853 1191 3907; x_wconf 90' lang='lat' dir='ltr'><strong>nihil</strong></span> <span class='ocrx_word' id='word_1_266' title='bbox 1219 3861 1526 3917; x_wconf 91' lang='lat' dir='ltr'><strong>cunctatus,</strong></span> <span class='ocrx_word' id='word_1_267' title='bbox 1556 3853 1889 3909; x_wconf 89' lang='lat' dir='ltr'><strong>Dominicam</strong></span> <span class='ocrx_word' id='word_1_268' title='bbox 1943 3858 2125 3926; x_wconf 80' lang='lat' dir='ltr'><strong>proxi-</strong></span> 
     </span>
    </p>
   </div>
   <div class='ocr_carea' id='block_1_42' title="bbox 552 3942 2121 4015">
    <p class='ocr_par' dir='ltr' id='par_1_42' title="bbox 552 3942 2121 4015">
     <span class='ocr_line' id='line_1_42' title="bbox 552 3942 2121 4015; baseline 0.002 -16"><span class='ocrx_word' id='word_1_269' title='bbox 552 3960 700 3999; x_wconf 87' lang='lat' dir='ltr'><strong>mam</strong></span> <span class='ocrx_word' id='word_1_270' title='bbox 722 3953 841 4015; x_wconf 88' lang='lat' dir='ltr'><strong>post</strong></span> <span class='ocrx_word' id='word_1_271' title='bbox 866 3942 1210 4014; x_wconf 74' lang='lat' dir='ltr'><strong>Tlteopltanite</strong></span> <span class='ocrx_word' id='word_1_272' title='bbox 1240 3946 1433 3999; x_wconf 90' lang='lat' dir='ltr'><strong>festum</strong></span> <span class='ocrx_word' id='word_1_273' title='bbox 1478 3946 1546 4000; x_wconf 93' lang='lat' dir='ltr'><strong>ad</strong></span> <span class='ocrx_word' id='word_1_274' title='bbox 1568 3944 1794 4001; x_wconf 84' lang='lat' dir='ltr'><strong>Baldrici</strong></span> <span class='ocrx_word' id='word_1_275' title='bbox 1840 3963 2121 4003; x_wconf 86' lang='lat' dir='ltr'><strong>consecra-</strong></span> 
     </span>
    </p>
   </div>
   <div class='ocr_carea' id='block_1_43' title="bbox 553 4036 2121 4111">
    <p class='ocr_par' dir='ltr' id='par_1_43' title="bbox 553 4036 2121 4111">
     <span class='ocr_line' id='line_1_43' title="bbox 553 4036 2121 4111; baseline 0.004 -20"><span class='ocrx_word' id='word_1_276' title='bbox 553 4037 755 4092; x_wconf 88' lang='lat' dir='ltr'><strong>tionem</strong></span> <span class='ocrx_word' id='word_1_277' title='bbox 783 4036 964 4092; x_wconf 77' lang='lat' dir='ltr'><strong>&#39;statim</strong></span> <span class='ocrx_word' id='word_1_278' title='bbox 992 4037 1220 4103; x_wconf 78' lang='lat' dir='ltr'><strong>indixit;</strong></span> <span class='ocrx_word' id='word_1_279' title='bbox 1253 4038 1395 4094; x_wconf 88' lang='lat' dir='ltr'><strong>datis</strong></span> <span class='ocrx_word' id='word_1_280' title='bbox 1423 4054 1487 4094; x_wconf 90' lang='lat' dir='ltr'><strong>ea</strong></span> <span class='ocrx_word' id='word_1_281' title='bbox 1515 4039 1581 4094; x_wconf 92' lang='lat' dir='ltr'><strong>de</strong></span> <span class='ocrx_word' id='word_1_282' title='bbox 1633 4054 1689 4094; x_wconf 91' lang='lat' dir='ltr'><strong>re</strong></span> <span class='ocrx_word' id='word_1_283' title='bbox 1741 4038 1955 4105; x_wconf 88' lang='lat' dir='ltr'><strong>litteris,</strong></span> <span class='ocrx_word' id='word_1_284' title='bbox 1988 4057 2121 4111; x_wconf 89' lang='lat' dir='ltr'><strong>quas</strong></span> 
     </span>
    </p>
   </div>
   <div class='ocr_carea' id='block_1_44' title="bbox 486 4128 2117 4201">
    <p class='ocr_par' dir='ltr' id='par_1_44' title="bbox 486 4128 2117 4201">
     <span class='ocr_line' id='line_1_44' title="bbox 486 4128 2117 4201; baseline 0.002 -18"><span class='ocrx_word' id='word_1_285' title='bbox 486 4173 489 4176; x_wconf 92' lang='lat'><strong>.</strong></span> <span class='ocrx_word' id='word_1_286' title='bbox 549 4128 802 4184; x_wconf 87' lang='lat' dir='ltr'><strong>Baluzius</strong></span> <span class='ocrx_word' id='word_1_287' title='bbox 850 4144 971 4183; x_wconf 90' lang='lat' dir='ltr'><strong>cum</strong></span> <span class='ocrx_word' id='word_1_288' title='bbox 1015 4128 1133 4183; x_wconf 90' lang='lat' dir='ltr'><strong>aliis</strong></span> <span class='ocrx_word' id='word_1_289' title='bbox 1182 4138 1415 4199; x_wconf 87' lang='lat' dir='ltr'><strong>quatuor</strong></span> <span class='ocrx_word' id='word_1_290' title='bbox 1442 4129 1679 4198; x_wconf 88' lang='lat' dir='ltr'><strong>ejusdem</strong></span> <span class='ocrx_word' id='word_1_291' title='bbox 1725 4133 2023 4201; x_wconf 78' lang='lat' dir='ltr'><strong>argumenti</strong></span> <span class='ocrx_word' id='word_1_292' title='bbox 2054 4149 2117 4187; x_wconf 82' lang='lat' dir='ltr'><strong>ex</strong></span> 
     </span>
    </p>
   </div>
   <div class='ocr_carea' id='block_1_45' title="bbox 551 4221 2115 4278">
    <p class='ocr_par' dir='ltr' id='par_1_45' title="bbox 551 4221 2115 4278">
     <span class='ocr_line' id='line_1_45' title="bbox 551 4221 2115 4278; baseline 0 0"><span class='ocrx_word' id='word_1_293' title='bbox 551 4221 672 4278; x_wconf 91' lang='lat' dir='ltr'><strong>cod.</strong></span> <span class='ocrx_word' id='word_1_294' title='bbox 708 4221 981 4275; x_wconf 88' lang='lat' dir='ltr'><strong>Lamberti</strong></span> <span class='ocrx_word' id='word_1_295' title='bbox 1035 4221 1203 4276; x_wconf 86' lang='lat' dir='ltr'><strong>edidit</strong></span> <span class='ocrx_word' id='word_1_296' title='bbox 1254 4230 1399 4277; x_wconf 93' lang='lat' dir='ltr'><strong>tomo</strong></span> <span class='ocrx_word' id='word_1_297' title='bbox 1426 4222 1467 4276; x_wconf 89' lang='lat' dir='ltr'><strong>V</strong></span> <span class='ocrx_word' id='word_1_298' title='bbox 1512 4222 1995 4277; x_wconf 87' lang='lat' dir='ltr'><strong>Misccllaneorum.</strong></span> <span class='ocrx_word' id='word_1_299' title='bbox 2041 4224 2115 4278; x_wconf 77' lang='lat' dir='ltr'><strong>Ex</strong></span> 
     </span>
    </p>
   </div>
   <div class='ocr_carea' id='block_1_46' title="bbox 549 4312 2118 4383">
    <p class='ocr_par' dir='ltr' id='par_1_46' title="bbox 549 4312 2118 4383">
     <span class='ocr_line' id='line_1_46' title="bbox 549 4312 2118 4383; baseline 0.003 -16"><span class='ocrx_word' id='word_1_300' title='bbox 549 4312 634 4368; x_wconf 89' lang='lat' dir='ltr'><strong>his</strong></span> <span class='ocrx_word' id='word_1_301' title='bbox 677 4312 819 4367; x_wconf 89' lang='lat' dir='ltr'><strong>illam</strong></span> <span class='ocrx_word' id='word_1_302' title='bbox 853 4328 974 4382; x_wconf 82' lang='lat' dir='ltr'><strong>quae</strong></span> <span class='ocrx_word' id='word_1_303' title='bbox 1005 4312 1207 4368; x_wconf 87' lang='lat' dir='ltr'><strong>Urbani</strong></span> <span class='ocrx_word' id='word_1_304' title='bbox 1235 4322 1317 4367; x_wconf 89' lang='lat' dir='ltr'><strong>est</strong></span> <span class='ocrx_word' id='word_1_305' title='bbox 1343 4314 1406 4367; x_wconf 91' lang='lat' dir='ltr'><strong>ad</strong></span> <span class='ocrx_word' id='word_1_306' title='bbox 1440 4313 1599 4383; x_wconf 89' lang='lat' dir='ltr'><strong>hujus</strong></span> <span class='ocrx_word' id='word_1_307' title='bbox 1624 4315 1748 4368; x_wconf 87' lang='lat' dir='ltr'><strong>anui</strong></span> <span class='ocrx_word' id='word_1_308' title='bbox 1779 4316 1938 4369; x_wconf 88' lang='lat' dir='ltr'><strong>ﬁnem</strong></span> <span class='ocrx_word' id='word_1_309' title='bbox 1968 4331 2118 4371; x_wconf 49' lang='lat' dir='ltr'><strong>revo.</strong></span> 
     </span>
    </p>
   </div>
   <div class='ocr_carea' id='block_1_47' title="bbox 2239 496 2456 540">
    <p class='ocr_par' dir='ltr' id='par_1_47' title="bbox 2239 496 2456 540">
     <span class='ocr_line' id='line_1_47' title="bbox 2239 496 2456 540; baseline -0.005 -1"><span class='ocrx_word' id='word_1_310' title='bbox 2239 496 2456 540; x_wconf 85' lang='lat' dir='ltr'><strong>norunt.</strong></span> 
     </span>
    </p>
   </div>
   <div class='ocr_carea' id='block_1_48' title="bbox 2306 576 3694 648">
    <p class='ocr_par' dir='ltr' id='par_1_48' title="bbox 2306 576 3694 648">
     <span class='ocr_line' id='line_1_48' title="bbox 2306 576 3694 648; baseline 0.001 -16"><span class='ocrx_word' id='word_1_311' title='bbox 2306 576 2525 633; x_wconf 75' lang='lat' dir='ltr'><strong>CCCVI.</strong></span> <span class='ocrx_word' id='word_1_312' title='bbox 2569 577 2811 632; x_wconf 82' lang='lat' dir='ltr'><strong>Urbanus</strong></span> <span class='ocrx_word' id='word_1_313' title='bbox 2842 578 3022 632; x_wconf 74' lang='lat' dir='ltr'><strong>Roma:</strong></span> <span class='ocrx_word' id='word_1_314' title='bbox 3045 578 3203 648; x_wconf 88' lang='lat' dir='ltr'><strong>degit,</strong></span> <span class='ocrx_word' id='word_1_315' title='bbox 3231 576 3456 647; x_wconf 78' lang='lat' dir='ltr'><strong>fugiente</strong></span> <span class='ocrx_word' id='word_1_316' title='bbox 3473 576 3694 634; x_wconf 76' lang='lat' dir='ltr'><strong>Gttiberto.</strong></span> 
     </span>
    </p>
   </div>
   <div class='ocr_carea' id='block_1_49' title="bbox 2307 666 3741 737">
    <p class='ocr_par' dir='ltr' id='par_1_49' title="bbox 2307 666 3741 737">
     <span class='ocr_line' id='line_1_49' title="bbox 2307 666 3741 737; baseline 0.006 -19"><span class='ocrx_word' id='word_1_317' title='bbox 2307 667 2563 721; x_wconf 76' lang='lat' dir='ltr'><strong>Dominus</strong></span> <span class='ocrx_word' id='word_1_318' title='bbox 2607 685 2767 737; x_wconf 82' lang='lat' dir='ltr'><strong>papa,</strong></span> <span class='ocrx_word' id='word_1_319' title='bbox 2824 667 2899 721; x_wconf 89' lang='lat' dir='ltr'><strong>uti</strong></span> <span class='ocrx_word' id='word_1_320' title='bbox 2956 667 3119 721; x_wconf 83' lang='lat' dir='ltr'><strong>habet</strong></span> <span class='ocrx_word' id='word_1_321' title='bbox 3169 666 3451 721; x_wconf 84' lang='lat' dir='ltr'><strong>Bertoldus</strong></span> <span class='ocrx_word' id='word_1_322' title='bbox 3495 668 3556 720; x_wconf 87' lang='lat' dir='ltr'><strong>ad</strong></span> <span class='ocrx_word' id='word_1_323' title='bbox 3593 680 3741 726; x_wconf 83' lang='lat' dir='ltr'><strong>annum</strong></span> 
     </span>
    </p>
   </div>
   <div class='ocr_carea' id='block_1_50' title="bbox 2239 755 3745 827">
    <p class='ocr_par' dir='ltr' id='par_1_50' title="bbox 2239 755 3745 827">
     <span class='ocr_line' id='line_1_50' title="bbox 2239 755 3745 827; baseline 0.002 -16"><span class='ocrx_word' id='word_1_324' title='bbox 2239 758 2395 821; x_wconf 84' lang='lat'><strong>1098,</strong></span> <span class='ocrx_word' id='word_1_325' title='bbox 2432 773 2590 827; x_wconf 90' lang='lat' dir='ltr'><strong>quem</strong></span> <span class='ocrx_word' id='word_1_326' title='bbox 2619 774 2717 827; x_wconf 91' lang='lat' dir='ltr'><strong>pro</strong></span> <span class='ocrx_word' id='word_1_327' title='bbox 2742 773 2839 812; x_wconf 90' lang='lat' dir='ltr'><strong>suo</strong></span> <span class='ocrx_word' id='word_1_328' title='bbox 2866 772 3017 812; x_wconf 92' lang='lat' dir='ltr'><strong>more</strong></span> <span class='ocrx_word' id='word_1_329' title='bbox 3041 772 3069 810; x_wconf 92' lang='lat' dir='ltr'><strong>a</strong></span> <span class='ocrx_word' id='word_1_330' title='bbox 3120 755 3415 811; x_wconf 77' lang='lat' dir='ltr'><strong>Nativltate</strong></span> <span class='ocrx_word' id='word_1_331' title='bbox 3436 755 3616 812; x_wconf 82' lang='lat' dir='ltr'><strong>Christi</strong></span> <span class='ocrx_word' id='word_1_332' title='bbox 3640 761 3745 814; x_wconf 84' lang='lat' dir='ltr'><strong>ordi-</strong></span> 
     </span>
    </p>
   </div>
   <div class='ocr_carea' id='block_1_51' title="bbox 2237 842 3743 919">
    <p class='ocr_par' dir='ltr' id='par_1_51' title="bbox 2237 842 3743 919">
     <span class='ocr_line' id='line_1_51' title="bbox 2237 842 3743 919; baseline -0.003 -14"><span class='ocrx_word' id='word_1_333' title='bbox 2237 861 2343 914; x_wconf 90' lang='lat' dir='ltr'><strong>tur,</strong></span> <span class='ocrx_word' id='word_1_334' title='bbox 2368 847 2552 903; x_wconf 79' lang='lat' dir='ltr'><strong>Romce</strong></span> <span class='ocrx_word' id='word_1_335' title='bbox 2586 842 2835 903; x_wconf 89' lang='lat' dir='ltr'><strong>Natalem</strong></span> <span class='ocrx_word' id='word_1_336' title='bbox 2861 848 3075 901; x_wconf 87' lang='lat' dir='ltr'><strong>Domini</strong></span> <span class='ocrx_word' id='word_1_337' title='bbox 3099 846 3397 909; x_wconf 86' lang='lat' dir='ltr'><strong>celebravit,</strong></span> <span class='ocrx_word' id='word_1_338' title='bbox 3423 848 3743 919; x_wconf 72' lang='lat' dir='ltr'><strong>maximamque</strong></span> 
     </span>
    </p>
   </div>
   <div class='ocr_carea' id='block_1_52' title="bbox 2235 936 3744 1010">
    <p class='ocr_par' dir='ltr' id='par_1_52' title="bbox 2235 936 3744 1010">
     <span class='ocr_line' id='line_1_52' title="bbox 2235 936 3744 1010; baseline -0.001 -15"><span class='ocrx_word' id='word_1_339' title='bbox 2235 958 2416 1008; x_wconf 81' lang='lat' dir='ltr'><strong>pacem</strong></span> <span class='ocrx_word' id='word_1_340' title='bbox 2438 942 2490 994; x_wconf 87' lang='lat' dir='ltr'><strong>in</strong></span> <span class='ocrx_word' id='word_1_341' title='bbox 2513 941 2626 1010; x_wconf 85' lang='lat' dir='ltr'><strong>ipsa</strong></span> <span class='ocrx_word' id='word_1_342' title='bbox 2654 940 2782 994; x_wconf 83' lang='lat' dir='ltr'><strong>urbe</strong></span> <span class='ocrx_word' id='word_1_343' title='bbox 2811 950 2858 993; x_wconf 84' lang='lat' dir='ltr'><strong>et</strong></span> <span class='ocrx_word' id='word_1_344' title='bbox 2908 938 3023 1008; x_wconf 87' lang='lat' dir='ltr'><strong>ejus</strong></span> <span class='ocrx_word' id='word_1_345' title='bbox 3052 938 3244 1006; x_wconf 80' lang='lat' dir='ltr'><strong>ﬁnibus</strong></span> <span class='ocrx_word' id='word_1_346' title='bbox 3284 936 3571 1005; x_wconf 81' lang='lat' dir='ltr'><strong>ﬁrmissime</strong></span> <span class='ocrx_word' id='word_1_347' title='bbox 3590 953 3744 1008; x_wconf 72' lang='lat' dir='ltr'><strong>catapo-</strong></span> 
     </span>
    </p>
   </div>
   <div class='ocr_carea' id='block_1_53' title="bbox 2237 1025 3743 1098">
    <p class='ocr_par' dir='ltr' id='par_1_53' title="bbox 2237 1025 3743 1098">
     <span class='ocr_line' id='line_1_53' title="bbox 2237 1025 3743 1098; baseline -0.001 -15"><span class='ocrx_word' id='word_1_348' title='bbox 2237 1029 2339 1083; x_wconf 86' lang='lat' dir='ltr'><strong>suit</strong></span> <span class='ocrx_word' id='word_1_349' title='bbox 2367 1046 2386 1095; x_wconf 86' lang='lat'><strong>;</strong></span> <span class='ocrx_word' id='word_1_350' title='bbox 2408 1029 2701 1098; x_wconf 83' lang='lat' dir='ltr'><strong>ibidemque</strong></span> <span class='ocrx_word' id='word_1_351' title='bbox 2732 1026 3045 1081; x_wconf 83' lang='lat' dir='ltr'><strong>Paschnlem</strong></span> <span class='ocrx_word' id='word_1_352' title='bbox 3070 1025 3451 1079; x_wconf 84' lang='lat' dir='ltr'><strong>solemnitatem</strong></span> <span class='ocrx_word' id='word_1_353' title='bbox 3475 1042 3581 1078; x_wconf 83' lang='lat' dir='ltr'><strong>cum</strong></span> <span class='ocrx_word' id='word_1_354' title='bbox 3604 1040 3743 1095; x_wconf 72' lang='lat' dir='ltr'><strong>magna</strong></span> 
     </span>
    </p>
   </div>
   <div class='ocr_carea' id='block_1_54' title="bbox 2235 1116 3743 1190">
    <p class='ocr_par' dir='ltr' id='par_1_54' title="bbox 2235 1116 3743 1190">
     <span class='ocr_line' id='line_1_54' title="bbox 2235 1116 3743 1190; baseline -0.003 -17"><span class='ocrx_word' id='word_1_355' title='bbox 2235 1121 2402 1190; x_wconf 79' lang='lat' dir='ltr'><strong>gloria</strong></span> <span class='ocrx_word' id='word_1_356' title='bbox 2427 1121 2606 1173; x_wconf 88' lang='lat' dir='ltr'><strong>itidem</strong></span> <span class='ocrx_word' id='word_1_357' title='bbox 2628 1118 3010 1173; x_wconf 77' lang='lat' dir='ltr'><strong>solemnizavit.</strong></span> <span class='ocrx_word' id='word_1_358' title='bbox 3044 1117 3207 1170; x_wconf 79' lang='lat' dir='ltr'><strong>Addit</strong></span> <span class='ocrx_word' id='word_1_359' title='bbox 3256 1116 3401 1169; x_wconf 90' lang='lat' dir='ltr'><strong>idem</strong></span> <span class='ocrx_word' id='word_1_360' title='bbox 3459 1126 3627 1170; x_wconf 84' lang='lat' dir='ltr'><strong>auctor</strong></span> <span class='ocrx_word' id='word_1_361' title='bbox 3649 1116 3743 1171; x_wconf 85' lang='lat' dir='ltr'><strong>Gui-</strong></span> 
     </span>
    </p>
   </div>
   <div class='ocr_carea' id='block_1_55' title="bbox 2234 1208 3745 1283">
    <p class='ocr_par' dir='ltr' id='par_1_55' title="bbox 2234 1208 3745 1283">
     <span class='ocr_line' id='line_1_55' title="bbox 2234 1208 3745 1283; baseline -0.005 -12"><span class='ocrx_word' id='word_1_362' title='bbox 2234 1213 2450 1271; x_wconf 90' lang='lat' dir='ltr'><strong>bertum</strong></span> <span class='ocrx_word' id='word_1_363' title='bbox 2504 1211 3017 1283; x_wconf 89' lang='lat' dir='ltr'><strong>pseudopontiﬁcetn</strong></span> <span class='ocrx_word' id='word_1_364' title='bbox 3046 1251 3059 1273; x_wconf 93' lang='lat'><strong>,</strong></span> <span class='ocrx_word' id='word_1_365' title='bbox 3114 1219 3224 1263; x_wconf 91' lang='lat' dir='ltr'><strong>tum</strong></span> <span class='ocrx_word' id='word_1_366' title='bbox 3269 1208 3322 1263; x_wconf 92' lang='lat' dir='ltr'><strong>in</strong></span> <span class='ocrx_word' id='word_1_367' title='bbox 3370 1208 3621 1263; x_wconf 67' lang='lat' dir='ltr'><strong>Ravenna:</strong></span> <span class='ocrx_word' id='word_1_368' title='bbox 3662 1225 3745 1278; x_wconf 80' lang='lat' dir='ltr'><strong>par-</strong></span> 
     </span>
    </p>
   </div>
   <div class='ocr_carea' id='block_1_56' title="bbox 2234 1302 3744 1373">
    <p class='ocr_par' dir='ltr' id='par_1_56' title="bbox 2234 1302 3744 1373">
     <span class='ocr_line' id='line_1_56' title="bbox 2234 1302 3744 1373; baseline -0.001 -13"><span class='ocrx_word' id='word_1_369' title='bbox 2234 1306 2399 1369; x_wconf 86' lang='lat' dir='ltr'><strong>tibus,</strong></span> <span class='ocrx_word' id='word_1_370' title='bbox 2426 1320 2536 1373; x_wconf 90' lang='lat' dir='ltr'><strong>qno</strong></span> <span class='ocrx_word' id='word_1_371' title='bbox 2581 1320 2661 1369; x_wconf 91' lang='lat' dir='ltr'><strong>se,</strong></span> <span class='ocrx_word' id='word_1_372' title='bbox 2707 1313 2767 1357; x_wconf 91' lang='lat' dir='ltr'><strong>ut</strong></span> <span class='ocrx_word' id='word_1_373' title='bbox 2816 1302 2963 1357; x_wconf 89' lang='lat' dir='ltr'><strong>canit</strong></span> <span class='ocrx_word' id='word_1_374' title='bbox 3009 1302 3289 1366; x_wconf 86' lang='lat' dir='ltr'><strong>Domuizo,</strong></span> <span class='ocrx_word' id='word_1_375' title='bbox 3340 1302 3637 1357; x_wconf 84' lang='lat' dir='ltr'><strong>adveniente</strong></span> <span class='ocrx_word' id='word_1_376' title='bbox 3672 1304 3744 1357; x_wconf 75' lang='lat' dir='ltr'><strong>llo-</strong></span> 
     </span>
    </p>
   </div>
   <div class='ocr_carea' id='block_1_57' title="bbox 2234 1393 3745 1462">
    <p class='ocr_par' dir='ltr' id='par_1_57' title="bbox 2234 1393 3745 1462">
     <span class='ocr_line' id='line_1_57' title="bbox 2234 1393 3745 1462; baseline -0.001 -13"><span class='ocrx_word' id='word_1_377' title='bbox 2234 1409 2376 1449; x_wconf 87' lang='lat' dir='ltr'><strong>mam</strong></span> <span class='ocrx_word' id='word_1_378' title='bbox 2444 1394 2660 1449; x_wconf 87' lang='lat' dir='ltr'><strong>Urbano</strong></span> <span class='ocrx_word' id='word_1_379' title='bbox 2717 1403 3017 1462; x_wconf 87' lang='lat' dir='ltr'><strong>receperat,</strong></span> <span class='ocrx_word' id='word_1_380' title='bbox 3052 1409 3070 1442; x_wconf 78' lang='grc' dir='ltr'><strong>ι</strong></span> <span class='ocrx_word' id='word_1_381' title='bbox 3108 1393 3481 1447; x_wconf 87' lang='lat' dir='ltr'><strong>demorantem</strong></span> <span class='ocrx_word' id='word_1_382' title='bbox 3504 1424 3519 1455; x_wconf 87' lang='lat'><strong>,</strong></span> <span class='ocrx_word' id='word_1_383' title='bbox 3557 1394 3745 1447; x_wconf 81' lang='lat' dir='ltr'><strong>amisisse</strong></span> 
     </span>
    </p>
   </div>
   <div class='ocr_carea' id='block_1_58' title="bbox 2233 1483 3744 1553">
    <p class='ocr_par' dir='ltr' id='par_1_58' title="bbox 2233 1483 3744 1553">
     <span class='ocr_line' id='line_1_58' title="bbox 2233 1483 3744 1553; baseline -0.003 -14"><span class='ocrx_word' id='word_1_384' title='bbox 2233 1484 2593 1539; x_wconf 90' lang='lat' dir='ltr'><strong>munitionem</strong></span> <span class='ocrx_word' id='word_1_385' title='bbox 2617 1485 2907 1553; x_wconf 84' lang='lat' dir='ltr'><strong>quamdam</strong></span> <span class='ocrx_word' id='word_1_386' title='bbox 2963 1498 3123 1553; x_wconf 87' lang='lat' dir='ltr'><strong>supra</strong></span> <span class='ocrx_word' id='word_1_387' title='bbox 3161 1483 3393 1548; x_wconf 88' lang='lat' dir='ltr'><strong>Padum,</strong></span> <span class='ocrx_word' id='word_1_388' title='bbox 3449 1484 3642 1537; x_wconf 88' lang='lat' dir='ltr'><strong>nomine</strong></span> <span class='ocrx_word' id='word_1_389' title='bbox 3679 1486 3744 1536; x_wconf 77' lang='lat' dir='ltr'><strong>Ar-</strong></span> 
     </span>
    </p>
   </div>
   <div class='ocr_carea' id='block_1_59' title="bbox 2233 1572 3745 1646">
    <p class='ocr_par' dir='ltr' id='par_1_59' title="bbox 2233 1572 3745 1646">
     <span class='ocr_line' id='line_1_59' title="bbox 2233 1572 3745 1646; baseline 0 -17"><span class='ocrx_word' id='word_1_390' title='bbox 2233 1586 2445 1646; x_wconf 87' lang='lat' dir='ltr'><strong>gentum</strong></span> <span class='ocrx_word' id='word_1_391' title='bbox 2480 1616 2495 1640; x_wconf 93' lang='lat'><strong>,</strong></span> <span class='ocrx_word' id='word_1_392' title='bbox 2539 1576 2590 1631; x_wconf 89' lang='lat' dir='ltr'><strong>in</strong></span> <span class='ocrx_word' id='word_1_393' title='bbox 2645 1591 2749 1646; x_wconf 92' lang='lat' dir='ltr'><strong>qua</strong></span> <span class='ocrx_word' id='word_1_394' title='bbox 2798 1575 3087 1629; x_wconf 81' lang='lat' dir='ltr'><strong>maximam</strong></span> <span class='ocrx_word' id='word_1_395' title='bbox 3138 1589 3356 1644; x_wconf 87' lang='lat' dir='ltr'><strong>semper</strong></span> <span class='ocrx_word' id='word_1_396' title='bbox 3410 1584 3553 1644; x_wconf 88' lang='lat' dir='ltr'><strong>spem</strong></span> <span class='ocrx_word' id='word_1_397' title='bbox 3595 1572 3745 1629; x_wconf 70' lang='lat' dir='ltr'><strong>habite</strong></span> 
     </span>
    </p>
   </div>
   <div class='ocr_carea' id='block_1_60' title="bbox 2234 1665 3835 1738">
    <p class='ocr_par' dir='ltr' id='par_1_60' title="bbox 2234 1665 3835 1738">
     <span class='ocr_line' id='line_1_60' title="bbox 2234 1665 3835 1738; baseline -0.004 -16"><span class='ocrx_word' id='word_1_398' title='bbox 2234 1678 2362 1734; x_wconf 88' lang='lat' dir='ltr'><strong>rat,</strong></span> <span class='ocrx_word' id='word_1_399' title='bbox 2405 1667 2546 1738; x_wconf 90' lang='lat' dir='ltr'><strong>quod</strong></span> <span class='ocrx_word' id='word_1_400' title='bbox 2585 1682 2654 1721; x_wconf 84' lang='lat' dir='ltr'><strong>ex</strong></span> <span class='ocrx_word' id='word_1_401' title='bbox 2702 1682 2763 1721; x_wconf 90' lang='lat' dir='ltr'><strong>ea</strong></span> <span class='ocrx_word' id='word_1_402' title='bbox 2796 1666 2910 1721; x_wconf 91' lang='lat' dir='ltr'><strong>suis</strong></span> <span class='ocrx_word' id='word_1_403' title='bbox 2955 1665 3111 1720; x_wconf 83' lang='lat' dir='ltr'><strong>facile</strong></span> <span class='ocrx_word' id='word_1_404' title='bbox 3156 1673 3302 1721; x_wconf 89' lang='lat' dir='ltr'><strong>esset</strong></span> <span class='ocrx_word' id='word_1_405' title='bbox 3343 1674 3656 1719; x_wconf 85' lang='lat' dir='ltr'><strong>transeuntes</strong></span> <span class='ocrx_word' id='word_1_406' title='bbox 3694 1666 3745 1717; x_wconf 85' lang='lat' dir='ltr'><strong>di-</strong></span> <span class='ocrx_word' id='word_1_407' title='bbox 3834 1722 3835 1727; x_wconf 28' lang='grc' dir='ltr'><strong>η</strong></span> 
     </span>
    </p>
   </div>
   <div class='ocr_carea' id='block_1_61' title="bbox 2235 1754 3744 1827">
    <p class='ocr_par' dir='ltr' id='par_1_61' title="bbox 2235 1754 3744 1827">
     <span class='ocr_line' id='line_1_61' title="bbox 2235 1754 3744 1827; baseline -0.005 -15"><span class='ocrx_word' id='word_1_408' title='bbox 2235 1760 2521 1827; x_wconf 83' lang='lat' dir='ltr'><strong>stringere.</strong></span> <span class='ocrx_word' id='word_1_409' title='bbox 2543 1777 2561 1809; x_wconf 74' lang='grc' dir='ltr'><strong>ι</strong></span> <span class='ocrx_word' id='word_1_410' title='bbox 2581 1757 2837 1827; x_wconf 78' lang='lat' dir='ltr'><strong>Sigonius</strong></span> <span class='ocrx_word' id='word_1_411' title='bbox 2866 1764 3042 1810; x_wconf 84' lang='lat' dir='ltr'><strong>tamen</strong></span> <span class='ocrx_word' id='word_1_412' title='bbox 3074 1756 3263 1810; x_wconf 87' lang='lat' dir='ltr'><strong>scribit</strong></span> <span class='ocrx_word' id='word_1_413' title='bbox 3292 1754 3598 1809; x_wconf 85' lang='lat' dir='ltr'><strong>Guibertum</strong></span> <span class='ocrx_word' id='word_1_414' title='bbox 3625 1754 3744 1807; x_wconf 77' lang='lat' dir='ltr'><strong>Roma</strong></span> 
     </span>
    </p>
   </div>
   <div class='ocr_carea' id='block_1_62' title="bbox 2236 1848 3743 1920">
    <p class='ocr_par' dir='ltr' id='par_1_62' title="bbox 2236 1848 3743 1920">
     <span class='ocr_line' id='line_1_62' title="bbox 2236 1848 3743 1920; baseline -0.003 -16"><span class='ocrx_word' id='word_1_415' title='bbox 2236 1850 2375 1905; x_wconf 90' lang='lat' dir='ltr'><strong>clam</strong></span> <span class='ocrx_word' id='word_1_416' title='bbox 2410 1850 2651 1920; x_wconf 90' lang='lat' dir='ltr'><strong>elapsum</strong></span> <span class='ocrx_word' id='word_1_417' title='bbox 2707 1849 2897 1903; x_wconf 86' lang='lat' dir='ltr'><strong>Albam</strong></span> <span class='ocrx_word' id='word_1_418' title='bbox 2930 1848 3236 1903; x_wconf 82' lang='lat' dir='ltr'><strong>Marsorum</strong></span> <span class='ocrx_word' id='word_1_419' title='bbox 3288 1860 3419 1903; x_wconf 91' lang='lat' dir='ltr'><strong>tunc</strong></span> <span class='ocrx_word' id='word_1_420' title='bbox 3461 1848 3743 1915; x_wconf 85' lang='lat' dir='ltr'><strong>temporisse</strong></span> 
     </span>
    </p>
   </div>
   <div class='ocr_carea' id='block_1_63' title="bbox 2234 1939 3744 2014">
    <p class='ocr_par' dir='ltr' id='par_1_63' title="bbox 2234 1939 3744 2014">
     <span class='ocr_line' id='line_1_63' title="bbox 2234 1939 3744 2014; baseline -0.005 -16"><span class='ocrx_word' id='word_1_421' title='bbox 2234 1943 2526 2014; x_wconf 87' lang='lat' dir='ltr'><strong>recepisse,</strong></span> <span class='ocrx_word' id='word_1_422' title='bbox 2554 1942 2643 1996; x_wconf 92' lang='lat' dir='ltr'><strong>ubi</strong></span> <span class='ocrx_word' id='word_1_423' title='bbox 2685 1942 2898 1996; x_wconf 88' lang='lat' dir='ltr'><strong>ﬁrmum</strong></span> <span class='ocrx_word' id='word_1_424' title='bbox 2942 1941 3252 2010; x_wconf 73' lang='lat' dir='ltr'><strong>przesidium</strong></span> <span class='ocrx_word' id='word_1_425' title='bbox 3287 1940 3539 1995; x_wconf 86' lang='lat' dir='ltr'><strong>habebat.</strong></span> <span class='ocrx_word' id='word_1_426' title='bbox 3572 1939 3633 1991; x_wconf 84' lang='lat' dir='ltr'><strong>At</strong></span> <span class='ocrx_word' id='word_1_427' title='bbox 3665 1939 3744 1991; x_wconf 43' lang='lat' dir='ltr'><strong>ubi.</strong></span> 
     </span>
    </p>
   </div>
   <div class='ocr_carea' id='block_1_64' title="bbox 2234 2029 3835 2103">
    <p class='ocr_par' dir='ltr' id='par_1_64' title="bbox 2234 2029 3835 2103">
     <span class='ocr_line' id='line_1_64' title="bbox 2234 2029 3835 2103; baseline -0.007 -14"><span class='ocrx_word' id='word_1_428' title='bbox 2234 2049 2445 2103; x_wconf 90' lang='lat' dir='ltr'><strong>cunque</strong></span> <span class='ocrx_word' id='word_1_429' title='bbox 2512 2033 2749 2087; x_wconf 89' lang='lat' dir='ltr'><strong>locorum</strong></span> <span class='ocrx_word' id='word_1_430' title='bbox 2798 2031 2959 2085; x_wconf 89' lang='lat' dir='ltr'><strong>fuerit</strong></span> <span class='ocrx_word' id='word_1_431' title='bbox 3010 2029 3326 2094; x_wconf 86' lang='lat' dir='ltr'><strong>Guibertus,</strong></span> <span class='ocrx_word' id='word_1_432' title='bbox 3366 2039 3563 2083; x_wconf 88' lang='lat' dir='ltr'><strong>certum</strong></span> <span class='ocrx_word' id='word_1_433' title='bbox 3597 2038 3678 2087; x_wconf 87' lang='lat' dir='ltr'><strong>est,</strong></span> <span class='ocrx_word' id='word_1_434' title='bbox 3708 2036 3745 2079; x_wconf 86' lang='lat' dir='ltr'><strong>ut</strong></span> <span class='ocrx_word' id='word_1_435' title='bbox 3834 2072 3835 2087; x_wconf 26' lang='grc' dir='ltr'>χ</span> 
     </span>
    </p>
   </div>
   <div class='ocr_carea' id='block_1_65' title="bbox 2233 2117 3743 2188">
    <p class='ocr_par' dir='ltr' id='par_1_65' title="bbox 2233 2117 3743 2188">
     <span class='ocr_line' id='line_1_65' title="bbox 2233 2117 3743 2188; baseline -0.007 -11"><span class='ocrx_word' id='word_1_436' title='bbox 2233 2134 2417 2179; x_wconf 90' lang='lat' dir='ltr'><strong>narrat</strong></span> <span class='ocrx_word' id='word_1_437' title='bbox 2453 2124 2747 2178; x_wconf 86' lang='lat' dir='ltr'><strong>Eadmerus</strong></span> <span class='ocrx_word' id='word_1_438' title='bbox 2770 2122 2910 2176; x_wconf 91' lang='lat' dir='ltr'><strong>libro</strong></span> <span class='ocrx_word' id='word_1_439' title='bbox 2948 2137 2987 2175; x_wconf 87' lang='lat' dir='ltr'><strong>ll</strong></span> <span class='ocrx_word' id='word_1_440' title='bbox 3014 2120 3287 2175; x_wconf 87' lang='lat' dir='ltr'><strong>Novorum</strong></span> <span class='ocrx_word' id='word_1_441' title='bbox 3319 2120 3411 2188; x_wconf 87' lang='lat' dir='ltr'><strong>qui</strong></span> <span class='ocrx_word' id='word_1_442' title='bbox 3445 2128 3500 2173; x_wconf 92' lang='lat' dir='ltr'><strong>et</strong></span> <span class='ocrx_word' id='word_1_443' title='bbox 3525 2119 3624 2187; x_wconf 84' lang='lat' dir='ltr'><strong>ipse</strong></span> <span class='ocrx_word' id='word_1_444' title='bbox 3644 2117 3743 2185; x_wconf 82' lang='lat' dir='ltr'><strong>peti-</strong></span> 
     </span>
    </p>
   </div>
   <div class='ocr_carea' id='block_1_66' title="bbox 2232 2209 3741 2282">
    <p class='ocr_par' dir='ltr' id='par_1_66' title="bbox 2232 2209 3741 2282">
     <span class='ocr_line' id='line_1_66' title="bbox 2232 2209 3741 2282; baseline -0.005 -13"><span class='ocrx_word' id='word_1_445' title='bbox 2232 2214 2409 2269; x_wconf 91' lang='lat' dir='ltr'><strong>culum</strong></span> <span class='ocrx_word' id='word_1_446' title='bbox 2439 2214 2567 2268; x_wconf 91' lang='lat' dir='ltr'><strong>illud</strong></span> <span class='ocrx_word' id='word_1_447' title='bbox 2590 2212 2767 2268; x_wconf 79' lang='lat' dir='ltr'><strong>fuerat</strong></span> <span class='ocrx_word' id='word_1_448' title='bbox 2790 2221 3068 2282; x_wconf 78' lang='lat' dir='ltr'><strong>expertus,</strong></span> <span class='ocrx_word' id='word_1_449' title='bbox 3102 2228 3225 2267; x_wconf 89' lang='lat' dir='ltr'><strong>eum</strong></span> <span class='ocrx_word' id='word_1_450' title='bbox 3247 2220 3376 2265; x_wconf 91' lang='lat' dir='ltr'><strong>tunc</strong></span> <span class='ocrx_word' id='word_1_451' title='bbox 3402 2211 3563 2263; x_wconf 86' lang='lat' dir='ltr'><strong>Roma</strong></span> <span class='ocrx_word' id='word_1_452' title='bbox 3585 2209 3741 2278; x_wconf 83' lang='lat' dir='ltr'><strong>pulsum</strong></span> 
     </span>
    </p>
   </div>
   <div class='ocr_carea' id='block_1_67' title="bbox 2232 2280 3835 2370">
    <p class='ocr_par' dir='ltr' id='par_1_67' title="bbox 2232 2280 3835 2370">
     <span class='ocr_line' id='line_1_67' title="bbox 2232 2280 3835 2370; baseline -0.006 -16"><span class='ocrx_word' id='word_1_453' title='bbox 2232 2302 2370 2355; x_wconf 89' lang='lat' dir='ltr'><strong>omni</strong></span> <span class='ocrx_word' id='word_1_454' title='bbox 2386 2300 2638 2370; x_wconf 72' lang='lat' dir='ltr'><strong>religiosa:</strong></span> <span class='ocrx_word' id='word_1_455' title='bbox 2672 2280 2907 2369; x_wconf 75' lang='lat' dir='ltr'><strong>persona:</strong></span> <span class='ocrx_word' id='word_1_456' title='bbox 2943 2296 3156 2351; x_wconf 84' lang='lat' dir='ltr'><strong>Romam</strong></span> <span class='ocrx_word' id='word_1_457' title='bbox 3189 2298 3384 2367; x_wconf 86' lang='lat' dir='ltr'><strong>petenti</strong></span> <span class='ocrx_word' id='word_1_458' title='bbox 3407 2312 3494 2365; x_wconf 86' lang='lat' dir='ltr'><strong>per</strong></span> <span class='ocrx_word' id='word_1_459' title='bbox 3513 2312 3562 2348; x_wconf 90' lang='lat' dir='ltr'><strong>se</strong></span> <span class='ocrx_word' id='word_1_460' title='bbox 3580 2308 3745 2361; x_wconf 71' lang='lat' dir='ltr'><strong>suosque</strong></span> <span class='ocrx_word' id='word_1_461' title='bbox 3834 2280 3835 2339; x_wconf 61' lang='grc' dir='ltr'><em>ἕ</em></span> 
     </span>
    </p>
   </div>
   <div class='ocr_carea' id='block_1_68' title="bbox 2231 2386 3743 2462">
    <p class='ocr_par' dir='ltr' id='par_1_68' title="bbox 2231 2386 3743 2462">
     <span class='ocr_line' id='line_1_68' title="bbox 2231 2386 3743 2462; baseline -0.005 -17"><span class='ocrx_word' id='word_1_462' title='bbox 2231 2408 2555 2462; x_wconf 90' lang='lat' dir='ltr'><strong>quocunque</strong></span> <span class='ocrx_word' id='word_1_463' title='bbox 2604 2391 2816 2445; x_wconf 81' lang='lat' dir='ltr'><strong>valebat</strong></span> <span class='ocrx_word' id='word_1_464' title='bbox 2847 2390 3005 2445; x_wconf 90' lang='lat' dir='ltr'><strong>modo</strong></span> <span class='ocrx_word' id='word_1_465' title='bbox 3049 2391 3271 2443; x_wconf 84' lang='lat' dir='ltr'><strong>insidias</strong></span> <span class='ocrx_word' id='word_1_466' title='bbox 3302 2389 3596 2443; x_wconf 78' lang='lat' dir='ltr'><strong>struxisse:</strong></span> <span class='ocrx_word' id='word_1_467' title='bbox 3624 2386 3743 2446; x_wconf 75' lang='lat' dir='ltr'><strong>unde,</strong></span> 
     </span>
    </p>
   </div>
   <div class='ocr_carea' id='block_1_69' title="bbox 2232 2476 3742 2553">
    <p class='ocr_par' dir='ltr' id='par_1_69' title="bbox 2232 2476 3742 2553">
     <span class='ocr_line' id='line_1_69' title="bbox 2232 2476 3742 2553; baseline -0.007 -15"><span class='ocrx_word' id='word_1_468' title='bbox 2232 2484 2406 2553; x_wconf 89' lang='lat' dir='ltr'><strong>inquit</strong></span> <span class='ocrx_word' id='word_1_469' title='bbox 2458 2483 2598 2537; x_wconf 92' lang='lat' dir='ltr'><strong>idem</strong></span> <span class='ocrx_word' id='word_1_470' title='bbox 2650 2491 2862 2546; x_wconf 88' lang='lat' dir='ltr'><strong>auctor,</strong></span> <span class='ocrx_word' id='word_1_471' title='bbox 2916 2482 3132 2551; x_wconf 87' lang='lat' dir='ltr'><strong>quidam</strong></span> <span class='ocrx_word' id='word_1_472' title='bbox 3169 2481 3435 2550; x_wconf 78' lang='lat' dir='ltr'><strong>episcopi,</strong></span> <span class='ocrx_word' id='word_1_473' title='bbox 3472 2476 3679 2532; x_wconf 76' lang='lat' dir='ltr'><strong>monachi</strong></span> <span class='ocrx_word' id='word_1_474' title='bbox 3712 2484 3742 2528; x_wconf 82' lang='lat' dir='ltr'><strong>et</strong></span> 
     </span>
    </p>
   </div>
   <div class='ocr_carea' id='block_1_70' title="bbox 2230 2568 3741 2643">
    <p class='ocr_par' dir='ltr' id='par_1_70' title="bbox 2230 2568 3741 2643">
     <span class='ocr_line' id='line_1_70' title="bbox 2230 2568 3741 2643; baseline -0.006 -16"><span class='ocrx_word' id='word_1_475' title='bbox 2230 2575 2458 2643; x_wconf 84' lang='lat' dir='ltr'><strong>religiosi</strong></span> <span class='ocrx_word' id='word_1_476' title='bbox 2486 2574 2659 2629; x_wconf 86' lang='lat' dir='ltr'><strong>clerici</strong></span> <span class='ocrx_word' id='word_1_477' title='bbox 2689 2590 2748 2627; x_wconf 90' lang='lat' dir='ltr'><strong>ea</strong></span> <span class='ocrx_word' id='word_1_478' title='bbox 2772 2574 3009 2627; x_wconf 77' lang='lat' dir='ltr'><strong>swriente</strong></span> <span class='ocrx_word' id='word_1_479' title='bbox 3035 2575 3393 2642; x_wconf 82' lang='lat' dir='ltr'><strong>persecutione</strong></span> <span class='ocrx_word' id='word_1_480' title='bbox 3406 2572 3556 2640; x_wconf 84' lang='lat' dir='ltr'><strong>capti,</strong></span> <span class='ocrx_word' id='word_1_481' title='bbox 3572 2568 3741 2638; x_wconf 48' lang='lat' dir='ltr'><strong>spoliati,</strong></span> 
     </span>
    </p>
   </div>
   <div class='ocr_carea' id='block_1_71' title="bbox 2230 2660 3835 2737">
    <p class='ocr_par' dir='ltr' id='par_1_71' title="bbox 2230 2660 3835 2737">
     <span class='ocr_line' id='line_1_71' title="bbox 2230 2660 3835 2737; baseline -0.005 -18"><span class='ocrx_word' id='word_1_482' title='bbox 2230 2667 2505 2737; x_wconf 82' lang='lat' dir='ltr'><strong>multisque</strong></span> <span class='ocrx_word' id='word_1_483' title='bbox 2529 2665 2853 2720; x_wconf 84' lang='lat' dir='ltr'><strong>contumeliis</strong></span> <span class='ocrx_word' id='word_1_484' title='bbox 2891 2666 3064 2734; x_wconf 77' lang='lat' dir='ltr'><strong>a/fecti</strong></span> <span class='ocrx_word' id='word_1_485' title='bbox 3094 2665 3265 2717; x_wconf 84' lang='lat' dir='ltr'><strong>necati</strong></span> <span class='ocrx_word' id='word_1_486' title='bbox 3286 2676 3430 2717; x_wconf 86' lang='lat' dir='ltr'><strong>sunt.</strong></span> <span class='ocrx_word' id='word_1_487' title='bbox 3465 2662 3586 2716; x_wconf 86' lang='lat' dir='ltr'><strong>Huic</strong></span> <span class='ocrx_word' id='word_1_488' title='bbox 3615 2660 3689 2723; x_wconf 87' lang='lat' dir='ltr'><strong>rei,</strong></span> <span class='ocrx_word' id='word_1_489' title='bbox 3707 2668 3743 2711; x_wconf 88' lang='lat' dir='ltr'><strong>ut</strong></span> <span class='ocrx_word' id='word_1_490' title='bbox 3834 2660 3835 2721; x_wconf 63' lang='lat'>1</span> 
     </span>
    </p>
   </div>
   <div class='ocr_carea' id='block_1_72' title="bbox 2229 2753 3743 2828">
    <p class='ocr_par' dir='ltr' id='par_1_72' title="bbox 2229 2753 3743 2828">
     <span class='ocr_line' id='line_1_72' title="bbox 2229 2753 3743 2828; baseline -0.005 -15"><span class='ocrx_word' id='word_1_491' title='bbox 2229 2759 2525 2815; x_wconf 87' lang='lat' dir='ltr'><strong>Eadmerus</strong></span> <span class='ocrx_word' id='word_1_492' title='bbox 2582 2758 2962 2828; x_wconf 89' lang='lat' dir='ltr'><strong>prosequitur,</strong></span> <span class='ocrx_word' id='word_1_493' title='bbox 3022 2756 3257 2810; x_wconf 84' lang='lat' dir='ltr'><strong>homines</strong></span> <span class='ocrx_word' id='word_1_494' title='bbox 3308 2756 3627 2825; x_wconf 90' lang='lat' dir='ltr'><strong>potissimum</strong></span> <span class='ocrx_word' id='word_1_495' title='bbox 3662 2753 3743 2805; x_wconf 80' lang='lat' dir='ltr'><strong>Ale-</strong></span> 
     </span>
    </p>
   </div>
   <div class='ocr_carea' id='block_1_73' title="bbox 2227 2843 3835 2919">
    <p class='ocr_par' dir='ltr' id='par_1_73' title="bbox 2227 2843 3835 2919">
     <span class='ocr_line' id='line_1_73' title="bbox 2227 2843 3835 2919; baseline -0.005 -16"><span class='ocrx_word' id='word_1_496' title='bbox 2227 2849 2458 2903; x_wconf 85' lang='lat' dir='ltr'><strong>mannici</strong></span> <span class='ocrx_word' id='word_1_497' title='bbox 2518 2851 2652 2919; x_wconf 85' lang='lat' dir='ltr'><strong>regis</strong></span> <span class='ocrx_word' id='word_1_498' title='bbox 2712 2848 3104 2903; x_wconf 88' lang='lat' dir='ltr'><strong>intendebant:</strong></span> <span class='ocrx_word' id='word_1_499' title='bbox 3155 2847 3300 2901; x_wconf 91' lang='lat' dir='ltr'><strong>unde</strong></span> <span class='ocrx_word' id='word_1_500' title='bbox 3345 2846 3601 2916; x_wconf 78' lang='lat' dir='ltr'><strong>colligitur</strong></span> <span class='ocrx_word' id='word_1_501' title='bbox 3645 2843 3742 2896; x_wconf 86' lang='lat' dir='ltr'><strong>haud</strong></span> <span class='ocrx_word' id='word_1_502' title='bbox 3834 2860 3835 2865; x_wconf 45' lang='grc' dir='ltr'><strong>η</strong></span> 
     </span>
    </p>
   </div>
   <div class='ocr_carea' id='block_1_74' title="bbox 2228 2932 3742 3008">
    <p class='ocr_par' dir='ltr' id='par_1_74' title="bbox 2228 2932 3742 3008">
     <span class='ocr_line' id='line_1_74' title="bbox 2228 2932 3742 3008; baseline -0.008 -14"><span class='ocrx_word' id='word_1_503' title='bbox 2228 2939 2407 2994; x_wconf 83' lang='lat' dir='ltr'><strong>minus</strong></span> <span class='ocrx_word' id='word_1_504' title='bbox 2457 2938 2509 2992; x_wconf 91' lang='lat' dir='ltr'><strong>in</strong></span> <span class='ocrx_word' id='word_1_505' title='bbox 2539 2938 2827 2993; x_wconf 88' lang='lat' dir='ltr'><strong>Germania</strong></span> <span class='ocrx_word' id='word_1_506' title='bbox 2886 2951 3047 3008; x_wconf 90' lang='lat' dir='ltr'><strong>quam</strong></span> <span class='ocrx_word' id='word_1_507' title='bbox 3085 2937 3136 2990; x_wconf 90' lang='lat' dir='ltr'><strong>in</strong></span> <span class='ocrx_word' id='word_1_508' title='bbox 3193 2936 3315 2991; x_wconf 86' lang='lat' dir='ltr'><strong>istis</strong></span> <span class='ocrx_word' id='word_1_509' title='bbox 3359 2935 3522 2989; x_wconf 70' lang='lat' dir='ltr'><strong>ltalize</strong></span> <span class='ocrx_word' id='word_1_510' title='bbox 3561 2932 3742 3003; x_wconf 83' lang='lat' dir='ltr'><strong>patribus</strong></span> 
     </span>
    </p>
   </div>
   <div class='ocr_carea' id='block_1_75' title="bbox 2231 3013 3738 3098">
    <p class='ocr_par' dir='ltr' id='par_1_75' title="bbox 2231 3013 3738 3098">
     <span class='ocr_line' id='line_1_75' title="bbox 2231 3013 3738 3098; baseline -0.007 -13"><span class='ocrx_word' id='word_1_511' title='bbox 2231 3030 2452 3085; x_wconf 65' lang='lat' dir='ltr'><strong>saevisse</strong></span> <span class='ocrx_word' id='word_1_512' title='bbox 2496 3029 2638 3083; x_wconf 86' lang='lat' dir='ltr'><strong>illam</strong></span> <span class='ocrx_word' id='word_1_513' title='bbox 2670 3027 3141 3098; x_wconf 85' lang='lat' dir='ltr'><strong>persecutionem;</strong></span> <span class='ocrx_word' id='word_1_514' title='bbox 3190 3013 3291 3082; x_wconf 75' lang='lat' dir='ltr'><strong>nec</strong></span> <span class='ocrx_word' id='word_1_515' title='bbox 3321 3026 3563 3082; x_wconf 90' lang='lat' dir='ltr'><strong>dissentit</strong></span> <span class='ocrx_word' id='word_1_516' title='bbox 3587 3021 3738 3077; x_wconf 86' lang='lat' dir='ltr'><strong>Bertol-</strong></span> 
     </span>
    </p>
   </div>
   <div class='ocr_carea' id='block_1_76' title="bbox 2233 3115 3741 3192">
    <p class='ocr_par' dir='ltr' id='par_1_76' title="bbox 2233 3115 3741 3192">
     <span class='ocr_line' id='line_1_76' title="bbox 2233 3115 3741 3192; baseline -0.009 -14"><span class='ocrx_word' id='word_1_517' title='bbox 2233 3123 2350 3187; x_wconf 90' lang='lat' dir='ltr'><strong>dus,</strong></span> <span class='ocrx_word' id='word_1_518' title='bbox 2380 3122 2470 3192; x_wconf 90' lang='lat' dir='ltr'><strong>qui</strong></span> <span class='ocrx_word' id='word_1_519' title='bbox 2509 3123 2764 3177; x_wconf 86' lang='lat' dir='ltr'><strong>observat</strong></span> <span class='ocrx_word' id='word_1_520' title='bbox 2791 3119 3163 3191; x_wconf 80' lang='lat' dir='ltr'><strong>Manegoldum</strong></span> <span class='ocrx_word' id='word_1_521' title='bbox 3198 3119 3545 3190; x_wconf 82' lang='lat' dir='ltr'><strong>praepositum</strong></span> <span class='ocrx_word' id='word_1_522' title='bbox 3586 3115 3741 3169; x_wconf 77' lang='lat' dir='ltr'><strong>Marha-</strong></span> 
     </span>
    </p>
   </div>
   <div class='ocr_carea' id='block_1_77' title="bbox 2227 3208 3740 3284">
    <p class='ocr_par' dir='ltr' id='par_1_77' title="bbox 2227 3208 3740 3284">
     <span class='ocr_line' id='line_1_77' title="bbox 2227 3208 3740 3284; baseline -0.007 -14"><span class='ocrx_word' id='word_1_523' title='bbox 2227 3229 2445 3270; x_wconf 90' lang='lat' dir='ltr'><strong>censem</strong></span> <span class='ocrx_word' id='word_1_524' title='bbox 2476 3212 2676 3269; x_wconf 89' lang='lat' dir='ltr'><strong>Urbani</strong></span> <span class='ocrx_word' id='word_1_525' title='bbox 2706 3213 2978 3284; x_wconf 77' lang='lat' dir='ltr'><strong>egregium</strong></span> <span class='ocrx_word' id='word_1_526' title='bbox 3005 3210 3346 3267; x_wconf 90' lang='lat' dir='ltr'><strong>defensorem</strong></span> <span class='ocrx_word' id='word_1_527' title='bbox 3376 3220 3501 3266; x_wconf 87' lang='lat' dir='ltr'><strong>tunc</strong></span> <span class='ocrx_word' id='word_1_528' title='bbox 3547 3208 3740 3275; x_wconf 79' lang='lat' dir='ltr'><strong>temporis</strong></span> 
     </span>
    </p>
   </div>
   <div class='ocr_carea' id='block_1_78' title="bbox 2227 3302 3835 3375">
    <p class='ocr_par' dir='ltr' id='par_1_78' title="bbox 2227 3302 3835 3375">
     <span class='ocr_line' id='line_1_78' title="bbox 2227 3302 3835 3375; baseline -0.008 -14"><span class='ocrx_word' id='word_1_529' title='bbox 2227 3307 2295 3361; x_wconf 91' lang='lat' dir='ltr'><strong>ab</strong></span> <span class='ocrx_word' id='word_1_530' title='bbox 2324 3305 2556 3361; x_wconf 89' lang='lat' dir='ltr'><strong>lleurico</strong></span> <span class='ocrx_word' id='word_1_531' title='bbox 2584 3306 2965 3375; x_wconf 90' lang='lat' dir='ltr'><strong>interceptum,</strong></span> <span class='ocrx_word' id='word_1_532' title='bbox 2985 3305 3071 3359; x_wconf 92' lang='lat' dir='ltr'><strong>diu</strong></span> <span class='ocrx_word' id='word_1_533' title='bbox 3104 3304 3156 3358; x_wconf 90' lang='lat' dir='ltr'><strong>in</strong></span> <span class='ocrx_word' id='word_1_534' title='bbox 3189 3304 3505 3373; x_wconf 84' lang='lat' dir='ltr'><strong>captivitate</strong></span> <span class='ocrx_word' id='word_1_535' title='bbox 3526 3302 3738 3355; x_wconf 86' lang='lat' dir='ltr'><strong>detentum</strong></span> <span class='ocrx_word' id='word_1_536' title='bbox 3834 3306 3835 3327; x_wconf 54' lang='grc' dir='ltr'><strong>ι</strong></span> 
     </span>
    </p>
   </div>
   <div class='ocr_carea' id='block_1_79' title="bbox 2227 3389 3737 3466">
    <p class='ocr_par' dir='ltr' id='par_1_79' title="bbox 2227 3389 3737 3466">
     <span class='ocr_line' id='line_1_79' title="bbox 2227 3389 3737 3466; baseline -0.008 -14"><span class='ocrx_word' id='word_1_537' title='bbox 2227 3397 2430 3463; x_wconf 88' lang='lat' dir='ltr'><strong>fuisse,</strong></span> <span class='ocrx_word' id='word_1_538' title='bbox 2490 3396 2634 3466; x_wconf 88' lang='lat' dir='ltr'><strong>quod</strong></span> <span class='ocrx_word' id='word_1_539' title='bbox 2687 3396 2854 3452; x_wconf 89' lang='lat' dir='ltr'><strong>nollet</strong></span> <span class='ocrx_word' id='word_1_540' title='bbox 2910 3396 3274 3451; x_wconf 87' lang='lat' dir='ltr'><strong>schismaticis</strong></span> <span class='ocrx_word' id='word_1_541' title='bbox 3333 3396 3605 3450; x_wconf 70' lang='lat' dir='ltr'><strong>adhaerere.</strong></span> <span class='ocrx_word' id='word_1_542' title='bbox 3662 3389 3737 3442; x_wconf 86' lang='lat' dir='ltr'><strong>Hoc</strong></span> 
     </span>
    </p>
   </div>
   <div class='ocr_carea' id='block_1_80' title="bbox 2225 3483 3734 3557">
    <p class='ocr_par' dir='ltr' id='par_1_80' title="bbox 2225 3483 3734 3557">
     <span class='ocr_line' id='line_1_80' title="bbox 2225 3483 3734 3557; baseline -0.008 -14"><span class='ocrx_word' id='word_1_543' title='bbox 2225 3489 2392 3543; x_wconf 91' lang='lat' dir='ltr'><strong>etiam</strong></span> <span class='ocrx_word' id='word_1_544' title='bbox 2456 3488 2572 3556; x_wconf 89' lang='lat' dir='ltr'><strong>ipso</strong></span> <span class='ocrx_word' id='word_1_545' title='bbox 2627 3503 2767 3543; x_wconf 89' lang='lat' dir='ltr'><strong>anno</strong></span> <span class='ocrx_word' id='word_1_546' title='bbox 2826 3487 3143 3543; x_wconf 84' lang='lat' dir='ltr'><strong>Rulhandus</strong></span> <span class='ocrx_word' id='word_1_547' title='bbox 3208 3487 3493 3557; x_wconf 67' lang='lat' dir='ltr'><strong>Moguntina</strong></span> <span class='ocrx_word' id='word_1_548' title='bbox 3549 3483 3734 3538; x_wconf 82' lang='lat' dir='ltr'><strong>antistes.</strong></span> 
     </span>
    </p>
   </div>
   <div class='ocr_carea' id='block_1_81' title="bbox 2226 3573 3737 3649">
    <p class='ocr_par' dir='ltr' id='par_1_81' title="bbox 2226 3573 3737 3649">
     <span class='ocr_line' id='line_1_81' title="bbox 2226 3573 3737 3649; baseline -0.009 -15"><span class='ocrx_word' id='word_1_549' title='bbox 2226 3580 2458 3635; x_wconf 89' lang='lat' dir='ltr'><strong>llenrico</strong></span> <span class='ocrx_word' id='word_1_550' title='bbox 2505 3580 2848 3649; x_wconf 89' lang='lat' dir='ltr'><strong>imperatori,</strong></span> <span class='ocrx_word' id='word_1_551' title='bbox 2908 3589 2966 3633; x_wconf 94' lang='lat' dir='ltr'><strong>ut</strong></span> <span class='ocrx_word' id='word_1_552' title='bbox 3008 3579 3177 3634; x_wconf 87' lang='lat' dir='ltr'><strong>refert</strong></span> <span class='ocrx_word' id='word_1_553' title='bbox 3212 3578 3571 3640; x_wconf 79' lang='lat' dir='ltr'><strong>Dodechiuus,</strong></span> <span class='ocrx_word' id='word_1_554' title='bbox 3613 3573 3737 3641; x_wconf 69' lang='lat' dir='ltr'><strong>facere</strong></span> 
     </span>
    </p>
   </div>
   <div class='ocr_carea' id='block_1_82' title="bbox 2226 3668 3737 3739">
    <p class='ocr_par' dir='ltr' id='par_1_82' title="bbox 2226 3668 3737 3739">
     <span class='ocr_line' id='line_1_82' title="bbox 2226 3668 3737 3739; baseline -0.005 -15"><span class='ocrx_word' id='word_1_555' title='bbox 2226 3670 2425 3734; x_wconf 88' lang='lat' dir='ltr'><strong>nolens,</strong></span> <span class='ocrx_word' id='word_1_556' title='bbox 2473 3669 2733 3739; x_wconf 78' lang='lat' dir='ltr'><strong>profugus</strong></span> <span class='ocrx_word' id='word_1_557' title='bbox 2786 3670 2839 3725; x_wconf 88' lang='lat' dir='ltr'><strong>in</strong></span> <span class='ocrx_word' id='word_1_558' title='bbox 2889 3669 3245 3738; x_wconf 86' lang='lat' dir='ltr'><strong>Thuringiam</strong></span> <span class='ocrx_word' id='word_1_559' title='bbox 3283 3668 3532 3724; x_wconf 85' lang='lat' dir='ltr'><strong>secedere</strong></span> <span class='ocrx_word' id='word_1_560' title='bbox 3573 3670 3737 3717; x_wconf 80' lang='lat' dir='ltr'><strong>coactus</strong></span> 
     </span>
    </p>
   </div>
   <div class='ocr_carea' id='block_1_83' title="bbox 2223 3756 3738 3829">
    <p class='ocr_par' dir='ltr' id='par_1_83' title="bbox 2223 3756 3738 3829">
     <span class='ocr_line' id='line_1_83' title="bbox 2223 3756 3738 3829; baseline -0.009 -14"><span class='ocrx_word' id='word_1_561' title='bbox 2223 3769 2333 3825; x_wconf 88' lang='lat' dir='ltr'><strong>est;</strong></span> <span class='ocrx_word' id='word_1_562' title='bbox 2362 3776 2521 3829; x_wconf 87' lang='lat' dir='ltr'><strong>quem</strong></span> <span class='ocrx_word' id='word_1_563' title='bbox 2546 3760 2795 3814; x_wconf 73' lang='lat' dir='ltr'><strong>Ecclesia:</strong></span> <span class='ocrx_word' id='word_1_564' title='bbox 2840 3759 3112 3813; x_wconf 72' lang='lat' dir='ltr'><strong>catholica:</strong></span> <span class='ocrx_word' id='word_1_565' title='bbox 3159 3756 3329 3813; x_wconf 91' lang='lat' dir='ltr'><strong>fuisse</strong></span> <span class='ocrx_word' id='word_1_566' title='bbox 3375 3757 3639 3810; x_wconf 81' lang='lat' dir='ltr'><strong>restitutum</strong></span> <span class='ocrx_word' id='word_1_567' title='bbox 3674 3758 3738 3816; x_wconf 71' lang='lat' dir='ltr'><strong>per</strong></span> 
     </span>
    </p>
   </div>
   <div class='ocr_carea' id='block_1_84' title="bbox 2222 3837 3737 3919">
    <p class='ocr_par' dir='ltr' id='par_1_84' title="bbox 2222 3837 3737 3919">
     <span class='ocr_line' id='line_1_84' title="bbox 2222 3837 3737 3919; baseline -0.009 -14"><span class='ocrx_word' id='word_1_568' title='bbox 2222 3852 2471 3907; x_wconf 79' lang='lat' dir='ltr'><strong>dommtm</strong></span> <span class='ocrx_word' id='word_1_569' title='bbox 2519 3850 2788 3905; x_wconf 83' lang='lat' dir='ltr'><strong>Urbanum</strong></span> <span class='ocrx_word' id='word_1_570' title='bbox 2855 3852 3007 3906; x_wconf 91' lang='lat' dir='ltr'><strong>testis</strong></span> <span class='ocrx_word' id='word_1_571' title='bbox 3060 3858 3143 3904; x_wconf 88' lang='lat' dir='ltr'><strong>est</strong></span> <span class='ocrx_word' id='word_1_572' title='bbox 3198 3850 3312 3919; x_wconf 88' lang='lat' dir='ltr'><strong>ipse</strong></span> <span class='ocrx_word' id='word_1_573' title='bbox 3372 3844 3626 3903; x_wconf 85' lang='lat' dir='ltr'><strong>Paschalis</strong></span> <span class='ocrx_word' id='word_1_574' title='bbox 3656 3837 3737 3905; x_wconf 82' lang='lat' dir='ltr'><strong>ejus</strong></span> 
     </span>
    </p>
   </div>
   <div class='ocr_carea' id='block_1_85' title="bbox 2228 3932 3732 4013">
    <p class='ocr_par' dir='ltr' id='par_1_85' title="bbox 2228 3932 3732 4013">
     <span class='ocr_line' id='line_1_85' title="bbox 2228 3932 3732 4013; baseline -0.011 -14"><span class='ocrx_word' id='word_1_575' title='bbox 2228 3959 2509 4000; x_wconf 90' lang='lat' dir='ltr'><strong>successor</strong></span> <span class='ocrx_word' id='word_1_576' title='bbox 2539 3944 2591 3998; x_wconf 94' lang='lat' dir='ltr'><strong>in</strong></span> <span class='ocrx_word' id='word_1_577' title='bbox 2621 3943 2847 4013; x_wconf 89' lang='lat' dir='ltr'><strong>epistola</strong></span> <span class='ocrx_word' id='word_1_578' title='bbox 2880 3944 2945 3998; x_wconf 92' lang='lat' dir='ltr'><strong>ad</strong></span> <span class='ocrx_word' id='word_1_579' title='bbox 2974 3941 3357 3997; x_wconf 86' lang='lat' dir='ltr'><strong>Gebehardum</strong></span> <span class='ocrx_word' id='word_1_580' title='bbox 3416 3932 3732 3994; x_wconf 68' lang='lat' dir='ltr'><strong>Constantian-</strong></span> 
     </span>
    </p>
   </div>
   <div class='ocr_carea' id='block_1_86' title="bbox 2222 4022 3730 4105">
    <p class='ocr_par' dir='ltr' id='par_1_86' title="bbox 2222 4022 3730 4105">
     <span class='ocr_line' id='line_1_86' title="bbox 2222 4022 3730 4105; baseline -0.012 -16"><span class='ocrx_word' id='word_1_581' title='bbox 2222 4049 2336 4089; x_wconf 91' lang='lat' dir='ltr'><strong>setn</strong></span> <span class='ocrx_word' id='word_1_582' title='bbox 2363 4035 2698 4105; x_wconf 88' lang='lat' dir='ltr'><strong>episcopum,</strong></span> <span class='ocrx_word' id='word_1_583' title='bbox 2728 4048 2755 4086; x_wconf 92' lang='lat' dir='ltr'><strong>a</strong></span> <span class='ocrx_word' id='word_1_584' title='bbox 2785 4032 3004 4087; x_wconf 88' lang='lat' dir='ltr'><strong>Serario</strong></span> <span class='ocrx_word' id='word_1_585' title='bbox 3030 4031 3123 4085; x_wconf 90' lang='lat' dir='ltr'><strong>lib.</strong></span> <span class='ocrx_word' id='word_1_586' title='bbox 3152 4048 3200 4095; x_wconf 79' lang='grc' dir='ltr'><strong>ν,</strong></span> <span class='ocrx_word' id='word_1_587' title='bbox 3230 4031 3431 4087; x_wconf 78' lang='lat' dir='ltr'><strong>Rerum</strong></span> <span class='ocrx_word' id='word_1_588' title='bbox 3469 4022 3730 4098; x_wconf 77' lang='lat' dir='ltr'><strong>Magontina-</strong></span> 
     </span>
    </p>
   </div>
   <div class='ocr_carea' id='block_1_87' title="bbox 2221 4124 3055 4193">
    <p class='ocr_par' dir='ltr' id='par_1_87' title="bbox 2221 4124 3055 4193">
     <span class='ocr_line' id='line_1_87' title="bbox 2221 4124 3055 4193; baseline -0.007 -12"><span class='ocrx_word' id='word_1_589' title='bbox 2221 4141 2363 4186; x_wconf 84' lang='lat' dir='ltr'><strong>rum,</strong></span> <span class='ocrx_word' id='word_1_590' title='bbox 2394 4140 2459 4179; x_wconf 83' lang='lat' dir='ltr'><strong>ex</strong></span> <span class='ocrx_word' id='word_1_591' title='bbox 2489 4140 2587 4180; x_wconf 93' lang='lat' dir='ltr'><strong>ms.</strong></span> <span class='ocrx_word' id='word_1_592' title='bbox 2616 4128 2736 4180; x_wconf 88' lang='lat' dir='ltr'><strong>cod.</strong></span> <span class='ocrx_word' id='word_1_593' title='bbox 2762 4124 3055 4193; x_wconf 90' lang='lat' dir='ltr'><strong>descripta.</strong></span> 
     </span>
    </p>
   </div>
   <div class='ocr_carea' id='block_1_88' title="bbox 2257 4201 3731 4277">
    <p class='ocr_par' dir='ltr' id='par_1_88' title="bbox 2257 4201 3731 4277">
     <span class='ocr_line' id='line_1_88' title="bbox 2257 4201 3731 4277; baseline -0.01 -5"><span class='ocrx_word' id='word_1_594' title='bbox 2257 4218 2495 4273; x_wconf 81' lang='lat' dir='ltr'><strong>CCCVII.</strong></span> <span class='ocrx_word' id='word_1_595' title='bbox 2528 4215 2862 4271; x_wconf 79' lang='lat' dir='ltr'><strong>Gebehardus</strong></span> <span class='ocrx_word' id='word_1_596' title='bbox 2893 4233 2957 4270; x_wconf 79' lang='lat' dir='ltr'><strong>ea:</strong></span> <span class='ocrx_word' id='word_1_597' title='bbox 2985 4216 3169 4268; x_wconf 84' lang='lat' dir='ltr'><strong>abbate</strong></span> <span class='ocrx_word' id='word_1_598' title='bbox 3216 4226 3387 4268; x_wconf 81' lang='lat' dir='ltr'><strong>custos</strong></span> <span class='ocrx_word' id='word_1_599' title='bbox 3431 4212 3486 4267; x_wconf 90' lang='lat' dir='ltr'><strong>S.</strong></span> <span class='ocrx_word' id='word_1_600' title='bbox 3528 4201 3731 4277; x_wconf 58' lang='lat' dir='ltr'><strong>Sepulcri.</strong></span> 
     </span>
    </p>
   </div>
   <div class='ocr_carea' id='block_1_89' title="bbox 2293 4302 3729 4371">
    <p class='ocr_par' dir='ltr' id='par_1_89' title="bbox 2293 4302 3729 4371">
     <span class='ocr_line' id='line_1_89' title="bbox 2293 4302 3729 4371; baseline -0.008 -9"><span class='ocrx_word' id='word_1_601' title='bbox 2293 4307 2428 4362; x_wconf 90' lang='lat' dir='ltr'><strong>Tum</strong></span> <span class='ocrx_word' id='word_1_602' title='bbox 2461 4310 2646 4371; x_wconf 89' lang='lat' dir='ltr'><strong>etiam,</strong></span> <span class='ocrx_word' id='word_1_603' title='bbox 2678 4318 2735 4361; x_wconf 92' lang='lat' dir='ltr'><strong>ut</strong></span> <span class='ocrx_word' id='word_1_604' title='bbox 2759 4318 2946 4361; x_wconf 89' lang='lat' dir='ltr'><strong>narrat</strong></span> <span class='ocrx_word' id='word_1_605' title='bbox 2977 4307 3281 4369; x_wconf 85' lang='lat' dir='ltr'><strong>Bertoldus,</strong></span> <span class='ocrx_word' id='word_1_606' title='bbox 3331 4302 3635 4361; x_wconf 87' lang='lat' dir='ltr'><strong>Gerhardus,</strong></span> <span class='ocrx_word' id='word_1_607' title='bbox 3662 4306 3729 4347; x_wconf 73' lang='lat' dir='ltr'><strong>se&quot;</strong></span> 
     </span>
    </p>
   </div>
   <div class='ocr_carea' id='block_1_90' title="bbox 550 4395 3730 4477">
    <p class='ocr_par' dir='ltr' id='par_1_90' title="bbox 550 4395 3730 4477">
     <span class='ocr_line' id='line_1_90' title="bbox 550 4395 3730 4477; baseline -0.004 -18"><span class='ocrx_word' id='word_1_608' title='bbox 550 4404 784 4459; x_wconf 88' lang='lat' dir='ltr'><strong>caudam</strong></span> <span class='ocrx_word' id='word_1_609' title='bbox 820 4418 939 4458; x_wconf 88' lang='lat' dir='ltr'><strong>esse</strong></span> <span class='ocrx_word' id='word_1_610' title='bbox 971 4419 1035 4458; x_wconf 82' lang='lat' dir='ltr'><strong>ex</strong></span> <span class='ocrx_word' id='word_1_611' title='bbox 1083 4419 1148 4457; x_wconf 86' lang='lat' dir='ltr'><strong>co</strong></span> <span class='ocrx_word' id='word_1_612' title='bbox 1210 4404 1528 4475; x_wconf 80' lang='lat' dir='ltr'><strong>colligimus,</strong></span> <span class='ocrx_word' id='word_1_613' title='bbox 1576 4405 1715 4474; x_wconf 89' lang='lat' dir='ltr'><strong>quod</strong></span> <span class='ocrx_word' id='word_1_614' title='bbox 1761 4406 1814 4460; x_wconf 92' lang='lat' dir='ltr'><strong>in</strong></span> <span class='ocrx_word' id='word_1_615' title='bbox 1865 4408 1978 4475; x_wconf 90' lang='lat' dir='ltr'><strong>ipso</strong></span> <span class='ocrx_word' id='word_1_616' title='bbox 2003 4407 2118 4477; x_wconf 84' lang='lat' dir='ltr'><strong>ejus</strong></span> <span class='ocrx_word' id='word_1_617' title='bbox 2152 4417 2194 4474; x_wconf 79' lang='grc' dir='ltr'>ο</span> <span class='ocrx_word' id='word_1_618' title='bbox 2221 4400 2402 4463; x_wconf 81' lang='lat' dir='ltr'><strong>potius</strong></span> <span class='ocrx_word' id='word_1_619' title='bbox 2433 4400 2784 4455; x_wconf 83' lang='lat' dir='ltr'><strong>Gebehardus</strong></span> <span class='ocrx_word' id='word_1_620' title='bbox 2811 4400 2979 4454; x_wconf 88' lang='lat' dir='ltr'><strong>abbas</strong></span> <span class='ocrx_word' id='word_1_621' title='bbox 3014 4397 3443 4467; x_wconf 81' lang='lat' dir='ltr'><strong>Selmphnsensis</strong></span> <span class='ocrx_word' id='word_1_622' title='bbox 3465 4435 3478 4459; x_wconf 92' lang='lat'><strong>,</strong></span> <span class='ocrx_word' id='word_1_623' title='bbox 3516 4395 3730 4446; x_wconf 69' lang='lat' dir='ltr'><strong>annue&quot;!e</strong></span> 
     </span>
    </p>
   </div>
   <div class='ocr_carea' id='block_1_91' title="bbox 547 4494 2114 4564">
    <p class='ocr_par' dir='ltr' id='par_1_91' title="bbox 547 4494 2114 4564">
     <span class='ocr_line' id='line_1_91' title="bbox 547 4494 2114 4564; baseline 0.003 -17"><span class='ocrx_word' id='word_1_624' title='bbox 547 4495 822 4563; x_wconf 88' lang='lat' dir='ltr'><strong>epitaphio</strong></span> <span class='ocrx_word' id='word_1_625' title='bbox 843 4494 1121 4548; x_wconf 87' lang='lat' dir='ltr'><strong>Baldricus</strong></span> <span class='ocrx_word' id='word_1_626' title='bbox 1148 4494 1434 4549; x_wconf 87' lang='lat' dir='ltr'><strong>defunctus</strong></span> <span class='ocrx_word' id='word_1_627' title='bbox 1458 4496 1671 4550; x_wconf 84' lang='lat' dir='ltr'><strong>dicatur</strong></span> <span class='ocrx_word' id='word_1_628' title='bbox 1693 4497 1864 4564; x_wconf 86' lang='lat' dir='ltr'><strong>pridie</strong></span> <span class='ocrx_word' id='word_1_629' title='bbox 1895 4496 2114 4552; x_wconf 82' lang='lat' dir='ltr'><strong>Kalend.</strong></span> 
     </span>
    </p>
   </div>
   <div class='ocr_carea' id='block_1_92' title="bbox 545 4583 2118 4657">
    <p class='ocr_par' dir='ltr' id='par_1_92' title="bbox 545 4583 2118 4657">
     <span class='ocr_line' id='line_1_92' title="bbox 545 4583 2118 4657; baseline 0.001 -17"><span class='ocrx_word' id='word_1_630' title='bbox 545 4583 711 4650; x_wconf 81' lang='lat' dir='ltr'><strong>Junii,</strong></span> <span class='ocrx_word' id='word_1_631' title='bbox 750 4600 892 4640; x_wconf 90' lang='lat' dir='ltr'><strong>anno</strong></span> <span class='ocrx_word' id='word_1_632' title='bbox 926 4586 1061 4639; x_wconf 73' lang='lat'><strong>1092</strong></span> <span class='ocrx_word' id='word_1_633' title='bbox 1092 4601 1201 4639; x_wconf 73' lang='lat' dir='ltr'><strong>sua:</strong></span> <span class='ocrx_word' id='word_1_634' title='bbox 1228 4586 1559 4656; x_wconf 80' lang='lat' dir='ltr'><strong>praelationis</strong></span> <span class='ocrx_word' id='word_1_635' title='bbox 1588 4602 1678 4653; x_wconf 75' lang='lat' dir='ltr'><strong>xv,</strong></span> <span class='ocrx_word' id='word_1_636' title='bbox 1703 4603 1864 4657; x_wconf 89' lang='lat' dir='ltr'><strong>quam</strong></span> <span class='ocrx_word' id='word_1_637' title='bbox 1892 4588 2118 4657; x_wconf 87' lang='lat' dir='ltr'><strong>proinde</strong></span> 
     </span>
    </p>
   </div>
   <div class='ocr_carea' id='block_1_93' title="bbox 546 4672 2119 4747">
    <p class='ocr_par' dir='ltr' id='par_1_93' title="bbox 546 4672 2119 4747">
     <span class='ocr_line' id='line_1_93' title="bbox 546 4672 2119 4747; baseline 0.003 -19"><span class='ocrx_word' id='word_1_638' title='bbox 546 4684 675 4729; x_wconf 87' lang='lat' dir='ltr'><strong>ante</strong></span> <span class='ocrx_word' id='word_1_639' title='bbox 718 4689 959 4747; x_wconf 90' lang='lat' dir='ltr'><strong>mensem</strong></span> <span class='ocrx_word' id='word_1_640' title='bbox 1004 4672 1223 4729; x_wconf 86' lang='lat' dir='ltr'><strong>Junium</strong></span> <span class='ocrx_word' id='word_1_641' title='bbox 1272 4678 1397 4730; x_wconf 91' lang='lat' dir='ltr'><strong>anni</strong></span> <span class='ocrx_word' id='word_1_642' title='bbox 1456 4676 1692 4742; x_wconf 86' lang='lat' dir='ltr'><strong>inierat,</strong></span> <span class='ocrx_word' id='word_1_643' title='bbox 1743 4687 1800 4732; x_wconf 90' lang='lat' dir='ltr'><strong>et</strong></span> <span class='ocrx_word' id='word_1_644' title='bbox 1839 4678 1923 4731; x_wconf 78' lang='lat' dir='ltr'><strong>ha:</strong></span> <span class='ocrx_word' id='word_1_645' title='bbox 1977 4686 2119 4732; x_wconf 64' lang='lat' dir='ltr'><strong>notae</strong></span> 
     </span>
    </p>
   </div>
   <div class='ocr_carea' id='block_1_94' title="bbox 557 4763 2117 4837">
    <p class='ocr_par' dir='ltr' id='par_1_94' title="bbox 557 4763 2117 4837">
     <span class='ocr_line' id='line_1_94' title="bbox 557 4763 2117 4837; baseline 0.004 -20"><span class='ocrx_word' id='word_1_646' title='bbox 557 4763 769 4818; x_wconf 83' lang='lat' dir='ltr'><strong>calculo</strong></span> <span class='ocrx_word' id='word_1_647' title='bbox 798 4774 982 4819; x_wconf 90' lang='lat' dir='ltr'><strong>nostro</strong></span> <span class='ocrx_word' id='word_1_648' title='bbox 1021 4766 1263 4835; x_wconf 89' lang='lat' dir='ltr'><strong>apprime</strong></span> <span class='ocrx_word' id='word_1_649' title='bbox 1310 4768 1659 4834; x_wconf 85' lang='lat' dir='ltr'><strong>conveniunt,</strong></span> <span class='ocrx_word' id='word_1_650' title='bbox 1712 4783 1819 4837; x_wconf 92' lang='lat' dir='ltr'><strong>quo</strong></span> <span class='ocrx_word' id='word_1_651' title='bbox 1842 4768 2117 4830; x_wconf 87' lang='lat' dir='ltr'><strong>Baldricus</strong></span> 
     </span>
    </p>
   </div>
   <div class='ocr_carea' id='block_1_95' title="bbox 548 4850 2118 4926">
    <p class='ocr_par' dir='ltr' id='par_1_95' title="bbox 548 4850 2118 4926">
     <span class='ocr_line' id='line_1_95' title="bbox 548 4850 2118 4926; baseline 0.007 -22"><span class='ocrx_word' id='word_1_652' title='bbox 548 4850 826 4907; x_wconf 91' lang='lat' dir='ltr'><strong>Dominica</strong></span> <span class='ocrx_word' id='word_1_653' title='bbox 875 4854 1051 4923; x_wconf 87' lang='lat' dir='ltr'><strong>prima</strong></span> <span class='ocrx_word' id='word_1_654' title='bbox 1101 4863 1222 4925; x_wconf 90' lang='lat' dir='ltr'><strong>post</strong></span> <span class='ocrx_word' id='word_1_655' title='bbox 1252 4856 1605 4926; x_wconf 87' lang='lat' dir='ltr'><strong>Epiphaniam</strong></span> <span class='ocrx_word' id='word_1_656' title='bbox 1636 4872 1666 4911; x_wconf 91' lang='lat' dir='ltr'><strong>a</strong></span> <span class='ocrx_word' id='word_1_657' title='bbox 1697 4857 1946 4914; x_wconf 75' lang='lat' dir='ltr'><strong>Manasse</strong></span> <span class='ocrx_word' id='word_1_658' title='bbox 1990 4876 2118 4915; x_wconf 87' lang='lat' dir='ltr'><strong>con-</strong></span> 
     </span>
    </p>
   </div>
   <div class='ocr_carea' id='block_1_96' title="bbox 548 4942 2116 5019">
    <p class='ocr_par' dir='ltr' id='par_1_96' title="bbox 548 4942 2116 5019">
     <span class='ocr_line' id='line_1_96' title="bbox 548 4942 2116 5019; baseline 0.008 -26"><span class='ocrx_word' id='word_1_659' title='bbox 548 4948 791 4996; x_wconf 85' lang='lat' dir='ltr'><strong>secratus</strong></span> <span class='ocrx_word' id='word_1_660' title='bbox 847 4942 1086 5008; x_wconf 87' lang='lat' dir='ltr'><strong>dicitur,</strong></span> <span class='ocrx_word' id='word_1_661' title='bbox 1137 4960 1260 4999; x_wconf 92' lang='lat' dir='ltr'><strong>cum</strong></span> <span class='ocrx_word' id='word_1_662' title='bbox 1319 4946 1480 5016; x_wconf 90' lang='lat' dir='ltr'><strong>paulo</strong></span> <span class='ocrx_word' id='word_1_663' title='bbox 1534 4956 1735 5014; x_wconf 86' lang='lat' dir='ltr'><strong>antea,</strong></span> <span class='ocrx_word' id='word_1_664' title='bbox 1782 4964 1974 5019; x_wconf 88' lang='lat' dir='ltr'><strong>nempe</strong></span> <span class='ocrx_word' id='word_1_665' title='bbox 2017 4952 2116 5007; x_wconf 88' lang='lat' dir='ltr'><strong>sub</strong></span> 
     </span>
    </p>
   </div>
   <div class='ocr_carea' id='block_1_97' title="bbox 546 5033 2114 5111">
    <p class='ocr_par' dir='ltr' id='par_1_97' title="bbox 546 5033 2114 5111">
     <span class='ocr_line' id='line_1_97' title="bbox 546 5033 2114 5111; baseline 0.008 -27"><span class='ocrx_word' id='word_1_666' title='bbox 546 5033 831 5102; x_wconf 80' lang='lat' dir='ltr'><strong>praesentis</strong></span> <span class='ocrx_word' id='word_1_667' title='bbox 851 5034 979 5090; x_wconf 90' lang='lat' dir='ltr'><strong>anni</strong></span> <span class='ocrx_word' id='word_1_668' title='bbox 1024 5034 1161 5091; x_wconf 87' lang='lat'><strong>1097</strong></span> <span class='ocrx_word' id='word_1_669' title='bbox 1195 5036 1376 5103; x_wconf 91' lang='lat' dir='ltr'><strong>ﬁnem,</strong></span> <span class='ocrx_word' id='word_1_670' title='bbox 1429 5040 1763 5108; x_wconf 90' lang='lat' dir='ltr'><strong>pontiﬁcium</strong></span> <span class='ocrx_word' id='word_1_671' title='bbox 1796 5042 2114 5111; x_wconf 87' lang='lat' dir='ltr'><strong>rescriptum</strong></span> 
     </span>
    </p>
   </div>
   <div class='ocr_carea' id='block_1_98' title="bbox 547 5124 2112 5197">
    <p class='ocr_par' dir='ltr' id='par_1_98' title="bbox 547 5124 2112 5197">
     <span class='ocr_line' id='line_1_98' title="bbox 547 5124 2112 5197; baseline 0.006 -18"><span class='ocrx_word' id='word_1_672' title='bbox 547 5124 898 5195; x_wconf 85' lang='lat' dir='ltr'><strong>suscepisset.</strong></span> <span class='ocrx_word' id='word_1_673' title='bbox 934 5126 983 5181; x_wconf 88' lang='lat' dir='ltr'><strong>Is</strong></span> <span class='ocrx_word' id='word_1_674' title='bbox 1014 5143 1175 5197; x_wconf 90' lang='lat' dir='ltr'><strong>porro</strong></span> <span class='ocrx_word' id='word_1_675' title='bbox 1199 5139 1285 5185; x_wconf 92' lang='lat' dir='ltr'><strong>est</strong></span> <span class='ocrx_word' id='word_1_676' title='bbox 1308 5130 1588 5187; x_wconf 87' lang='lat' dir='ltr'><strong>Baldricus</strong></span> <span class='ocrx_word' id='word_1_677' title='bbox 1638 5141 1828 5188; x_wconf 90' lang='lat' dir='ltr'><strong>auctor</strong></span> <span class='ocrx_word' id='word_1_678' title='bbox 1859 5134 2112 5189; x_wconf 88' lang='lat' dir='ltr'><strong>Chronici</strong></span> 
     </span>
    </p>
   </div>
   <div class='ocr_carea' id='block_1_99' title="bbox 547 5214 2116 5291">
    <p class='ocr_par' dir='ltr' id='par_1_99' title="bbox 547 5214 2116 5291">
     <span class='ocr_line' id='line_1_99' title="bbox 547 5214 2116 5291; baseline 0.006 -22"><span class='ocrx_word' id='word_1_679' title='bbox 547 5214 957 5271; x_wconf 87' lang='lat' dir='ltr'><strong>Cameracensis</strong></span> <span class='ocrx_word' id='word_1_680' title='bbox 981 5228 1035 5272; x_wconf 89' lang='lat' dir='ltr'><strong>et</strong></span> <span class='ocrx_word' id='word_1_681' title='bbox 1058 5220 1457 5282; x_wconf 78' lang='lat' dir='ltr'><strong>Atrebatensis,</strong></span> <span class='ocrx_word' id='word_1_682' title='bbox 1475 5221 1525 5275; x_wconf 93' lang='lat' dir='ltr'><strong>in</strong></span> <span class='ocrx_word' id='word_1_683' title='bbox 1556 5237 1663 5291; x_wconf 89' lang='lat' dir='ltr'><strong>quo</strong></span> <span class='ocrx_word' id='word_1_684' title='bbox 1690 5238 1775 5278; x_wconf 91' lang='lat' dir='ltr'><strong>res</strong></span> <span class='ocrx_word' id='word_1_685' title='bbox 1799 5237 1829 5277; x_wconf 92' lang='lat' dir='ltr'><strong>a</strong></span> <span class='ocrx_word' id='word_1_686' title='bbox 1852 5222 2116 5279; x_wconf 84' lang='lat' dir='ltr'><strong>Clodoveo</strong></span> 
     </span>
    </p>
   </div>
   <div class='ocr_carea' id='block_1_100' title="bbox 546 5304 2117 5379">
    <p class='ocr_par' dir='ltr' id='par_1_100' title="bbox 546 5304 2117 5379">
     <span class='ocr_line' id='line_1_100' title="bbox 546 5304 2117 5379; baseline 0.006 -20"><span class='ocrx_word' id='word_1_687' title='bbox 546 5305 566 5359; x_wconf 92' lang='lat' dir='ltr'><strong>l</strong></span> <span class='ocrx_word' id='word_1_688' title='bbox 598 5304 667 5361; x_wconf 91' lang='lat' dir='ltr'><strong>ad</strong></span> <span class='ocrx_word' id='word_1_689' title='bbox 696 5320 895 5360; x_wconf 90' lang='lat' dir='ltr'><strong>annum</strong></span> <span class='ocrx_word' id='word_1_690' title='bbox 923 5307 1059 5361; x_wconf 75' lang='grc'><strong>1050</strong></span> <span class='ocrx_word' id='word_1_691' title='bbox 1100 5318 1278 5378; x_wconf 83' lang='lat' dir='ltr'><strong>gestas</strong></span> <span class='ocrx_word' id='word_1_692' title='bbox 1307 5321 1621 5379; x_wconf 89' lang='lat' dir='ltr'><strong>prosccutus</strong></span> <span class='ocrx_word' id='word_1_693' title='bbox 1648 5322 1746 5367; x_wconf 91' lang='lat' dir='ltr'><strong>est.</strong></span> <span class='ocrx_word' id='word_1_694' title='bbox 1800 5314 1987 5369; x_wconf 89' lang='lat' dir='ltr'><strong>Eidem</strong></span> <span class='ocrx_word' id='word_1_695' title='bbox 2022 5318 2117 5369; x_wconf 87' lang='lat' dir='ltr'><strong>tri-</strong></span> 
     </span>
    </p>
   </div>
   <div class='ocr_carea' id='block_1_101' title="bbox 546 5397 2115 5475">
    <p class='ocr_par' dir='ltr' id='par_1_101' title="bbox 546 5397 2115 5475">
     <span class='ocr_line' id='line_1_101' title="bbox 546 5397 2115 5475; baseline 0.008 -24"><span class='ocrx_word' id='word_1_696' title='bbox 546 5397 730 5452; x_wconf 90' lang='lat' dir='ltr'><strong>buitur</strong></span> <span class='ocrx_word' id='word_1_697' title='bbox 782 5397 1089 5454; x_wconf 86' lang='lat' dir='ltr'><strong>Chronicon</strong></span> <span class='ocrx_word' id='word_1_698' title='bbox 1136 5400 1460 5469; x_wconf 79' lang='lat' dir='ltr'><strong>Morineuse,</strong></span> <span class='ocrx_word' id='word_1_699' title='bbox 1501 5405 1642 5475; x_wconf 92' lang='lat' dir='ltr'><strong>quod</strong></span> <span class='ocrx_word' id='word_1_700' title='bbox 1688 5405 1743 5460; x_wconf 92' lang='lat' dir='ltr'><strong>in</strong></span> <span class='ocrx_word' id='word_1_701' title='bbox 1789 5407 2115 5463; x_wconf 88' lang='lat' dir='ltr'><strong>monasterio</strong></span> 
     </span>
    </p>
   </div>
   <div class='ocr_carea' id='block_1_102' title="bbox 546 5487 2113 5556">
    <p class='ocr_par' dir='ltr' id='par_1_102' title="bbox 546 5487 2113 5556">
     <span class='ocr_line' id='line_1_102' title="bbox 546 5487 2113 5556; baseline 0.01 -18"><span class='ocrx_word' id='word_1_702' title='bbox 546 5487 780 5556; x_wconf 83' lang='lat' dir='ltr'><strong>quodam</strong></span> <span class='ocrx_word' id='word_1_703' title='bbox 823 5487 1257 5547; x_wconf 89' lang='lat' dir='ltr'><strong>Cenomannensi</strong></span> <span class='ocrx_word' id='word_1_704' title='bbox 1309 5509 1408 5549; x_wconf 89' lang='lat' dir='ltr'><strong>ms.</strong></span> <span class='ocrx_word' id='word_1_705' title='bbox 1462 5494 1591 5551; x_wconf 91' lang='lat' dir='ltr'><strong>dicit</strong></span> <span class='ocrx_word' id='word_1_706' title='bbox 1637 5496 1862 5552; x_wconf 82' lang='lat' dir='ltr'><strong>Vossius</strong></span> <span class='ocrx_word' id='word_1_707' title='bbox 1908 5497 2048 5553; x_wconf 91' lang='lat' dir='ltr'><strong>libro</strong></span> <span class='ocrx_word' id='word_1_708' title='bbox 2075 5514 2113 5553; x_wconf 84' lang='grc' dir='ltr'><strong>ιι</strong></span> 
     </span>
    </p>
   </div>
   <div class='ocr_carea' id='block_1_103' title="bbox 544 5574 2114 5652">
    <p class='ocr_par' dir='ltr' id='par_1_103' title="bbox 544 5574 2114 5652">
     <span class='ocr_line' id='line_1_103' title="bbox 544 5574 2114 5652; baseline 0.008 -23"><span class='ocrx_word' id='word_1_709' title='bbox 544 5574 621 5630; x_wconf 84' lang='lat' dir='ltr'><strong>De</strong></span> <span class='ocrx_word' id='word_1_710' title='bbox 648 5577 919 5633; x_wconf 89' lang='lat' dir='ltr'><strong>historicis</strong></span> <span class='ocrx_word' id='word_1_711' title='bbox 948 5578 1177 5644; x_wconf 89' lang='lat' dir='ltr'><strong>Latinis,</strong></span> <span class='ocrx_word' id='word_1_712' title='bbox 1211 5588 1266 5635; x_wconf 92' lang='lat' dir='ltr'><strong>et</strong></span> <span class='ocrx_word' id='word_1_713' title='bbox 1289 5583 1425 5652; x_wconf 83' lang='lat' dir='ltr'><strong>typis</strong></span> <span class='ocrx_word' id='word_1_714' title='bbox 1452 5584 1657 5639; x_wconf 89' lang='lat' dir='ltr'><strong>editum</strong></span> <span class='ocrx_word' id='word_1_715' title='bbox 1702 5600 1824 5642; x_wconf 89' lang='lat' dir='ltr'><strong>esse</strong></span> <span class='ocrx_word' id='word_1_716' title='bbox 1853 5584 2114 5644; x_wconf 81' lang='lat' dir='ltr'><strong>Marlotus</strong></span> 
     </span>
    </p>
   </div>
   <div class='ocr_carea' id='block_1_104' title="bbox 545 5668 2113 5749">
    <p class='ocr_par' dir='ltr' id='par_1_104' title="bbox 545 5668 2113 5749">
     <span class='ocr_line' id='line_1_104' title="bbox 545 5668 2113 5749; baseline 0.007 -27"><span class='ocrx_word' id='word_1_717' title='bbox 545 5670 621 5723; x_wconf 90' lang='lat' dir='ltr'><strong>ait</strong></span> <span class='ocrx_word' id='word_1_718' title='bbox 658 5668 712 5724; x_wconf 84' lang='lat' dir='ltr'><strong>iu</strong></span> <span class='ocrx_word' id='word_1_719' title='bbox 762 5672 1044 5741; x_wconf 84' lang='lat' dir='ltr'><strong>metropoli</strong></span> <span class='ocrx_word' id='word_1_720' title='bbox 1094 5672 1367 5728; x_wconf 67' lang='lat' dir='ltr'><strong>lli-mensi.</strong></span> <span class='ocrx_word' id='word_1_721' title='bbox 1408 5676 1475 5729; x_wconf 78' lang='lat' dir='ltr'><strong>At</strong></span> <span class='ocrx_word' id='word_1_722' title='bbox 1539 5676 1695 5734; x_wconf 84' lang='lat' dir='ltr'><strong>fallor</strong></span> <span class='ocrx_word' id='word_1_723' title='bbox 1748 5679 1791 5732; x_wconf 89' lang='lat' dir='ltr'><strong>si</strong></span> <span class='ocrx_word' id='word_1_724' title='bbox 1840 5679 1938 5735; x_wconf 82' lang='lat' dir='ltr'><strong>hoc</strong></span> <span class='ocrx_word' id='word_1_725' title='bbox 1978 5695 2113 5749; x_wconf 83' lang='lat' dir='ltr'><strong>Opus</strong></span> 
     </span>
    </p>
   </div>
   <div class='ocr_carea' id='block_1_105' title="bbox 2224 4485 3731 4560">
    <p class='ocr_par' dir='ltr' id='par_1_105' title="bbox 2224 4485 3731 4560">
     <span class='ocr_line' id='line_1_105' title="bbox 2224 4485 3731 4560; baseline -0.009 -15"><span class='ocrx_word' id='word_1_726' title='bbox 2224 4490 2443 4546; x_wconf 87' lang='lat' dir='ltr'><strong>Urbano</strong></span> <span class='ocrx_word' id='word_1_727' title='bbox 2474 4506 2633 4560; x_wconf 88' lang='lat' dir='ltr'><strong>papa,</strong></span> <span class='ocrx_word' id='word_1_728' title='bbox 2660 4490 2971 4544; x_wconf 88' lang='lat' dir='ltr'><strong>monasterii</strong></span> <span class='ocrx_word' id='word_1_729' title='bbox 3000 4490 3082 4544; x_wconf 92' lang='lat' dir='ltr'><strong>sui</strong></span> <span class='ocrx_word' id='word_1_730' title='bbox 3118 4490 3355 4557; x_wconf 79' lang='lat' dir='ltr'><strong>regimen</strong></span> <span class='ocrx_word' id='word_1_731' title='bbox 3383 4485 3588 4543; x_wconf 91' lang='lat' dir='ltr'><strong>dimisit,</strong></span> <span class='ocrx_word' id='word_1_732' title='bbox 3610 4488 3731 4542; x_wconf 71' lang='lat' dir='ltr'><strong>atque</strong></span> 
     </span>
    </p>
   </div>
   <div class='ocr_carea' id='block_1_106' title="bbox 2221 4572 3728 4648">
    <p class='ocr_par' dir='ltr' id='par_1_106' title="bbox 2221 4572 3728 4648">
     <span class='ocr_line' id='line_1_106' title="bbox 2221 4572 3728 4648; baseline -0.013 -13"><span class='ocrx_word' id='word_1_733' title='bbox 2221 4596 2342 4635; x_wconf 91' lang='lat' dir='ltr'><strong>cum</strong></span> <span class='ocrx_word' id='word_1_734' title='bbox 2387 4580 2505 4635; x_wconf 90' lang='lat' dir='ltr'><strong>aliis</strong></span> <span class='ocrx_word' id='word_1_735' title='bbox 2557 4580 2951 4648; x_wconf 79' lang='lat' dir='ltr'><strong>crucesignatis</strong></span> <span class='ocrx_word' id='word_1_736' title='bbox 3008 4581 3075 4633; x_wconf 88' lang='lat' dir='ltr'><strong>ad</strong></span> <span class='ocrx_word' id='word_1_737' title='bbox 3139 4595 3349 4634; x_wconf 87' lang='lat' dir='ltr'><strong>sacram</strong></span> <span class='ocrx_word' id='word_1_738' title='bbox 3395 4572 3728 4645; x_wconf 77' lang='lat' dir='ltr'><strong>expeditionem</strong></span> 
     </span>
    </p>
   </div>
   <div class='ocr_carea' id='block_1_107' title="bbox 2221 4654 3730 4741">
    <p class='ocr_par' dir='ltr' id='par_1_107' title="bbox 2221 4654 3730 4741">
     <span class='ocr_line' id='line_1_107' title="bbox 2221 4654 3730 4741; baseline -0.013 -16"><span class='ocrx_word' id='word_1_739' title='bbox 2221 4671 2495 4741; x_wconf 88' lang='lat' dir='ltr'><strong>profectus</strong></span> <span class='ocrx_word' id='word_1_740' title='bbox 2550 4680 2652 4726; x_wconf 91' lang='lat' dir='ltr'><strong>est.</strong></span> <span class='ocrx_word' id='word_1_741' title='bbox 2710 4668 2881 4741; x_wconf 89' lang='lat' dir='ltr'><strong>Capta</strong></span> <span class='ocrx_word' id='word_1_742' title='bbox 2935 4686 3077 4726; x_wconf 90' lang='lat' dir='ltr'><strong>anno</strong></span> <span class='ocrx_word' id='word_1_743' title='bbox 3107 4672 3354 4738; x_wconf 87' lang='lat' dir='ltr'><strong>sequenti</strong></span> <span class='ocrx_word' id='word_1_744' title='bbox 3385 4684 3414 4723; x_wconf 89' lang='lat' dir='ltr'><strong>a</strong></span> <span class='ocrx_word' id='word_1_745' title='bbox 3460 4654 3730 4720; x_wconf 83' lang='lat' dir='ltr'><strong>Christianis</strong></span> 
     </span>
    </p>
   </div>
   <div class='ocr_carea' id='block_1_108' title="bbox 2219 4744 3726 4833">
    <p class='ocr_par' dir='ltr' id='par_1_108' title="bbox 2219 4744 3726 4833">
     <span class='ocr_line' id='line_1_108' title="bbox 2219 4744 3726 4833; baseline -0.005 -17"><span class='ocrx_word' id='word_1_746' title='bbox 2219 4764 2546 4818; x_wconf 83' lang='lat' dir='ltr'><strong>exercitibus</strong></span> <span class='ocrx_word' id='word_1_747' title='bbox 2593 4761 3055 4833; x_wconf 84' lang='lat' dir='ltr'><strong>Jerosolymorum</strong></span> <span class='ocrx_word' id='word_1_748' title='bbox 3101 4762 3270 4827; x_wconf 89' lang='lat' dir='ltr'><strong>urbe,</strong></span> <span class='ocrx_word' id='word_1_749' title='bbox 3322 4761 3521 4831; x_wconf 89' lang='lat' dir='ltr'><strong>primus</strong></span> <span class='ocrx_word' id='word_1_750' title='bbox 3546 4744 3726 4821; x_wconf 75' lang='lat' dir='ltr'><strong>sepulC&quot;i</strong></span> 
     </span>
    </p>
   </div>
   <div class='ocr_carea' id='block_1_109' title="bbox 2219 4839 3726 4920">
    <p class='ocr_par' dir='ltr' id='par_1_109' title="bbox 2219 4839 3726 4920">
     <span class='ocr_line' id='line_1_109' title="bbox 2219 4839 3726 4920; baseline -0.008 -13"><span class='ocrx_word' id='word_1_751' title='bbox 2219 4853 2484 4908; x_wconf 90' lang='lat' dir='ltr'><strong>Dominici</strong></span> <span class='ocrx_word' id='word_1_752' title='bbox 2534 4863 2717 4909; x_wconf 89' lang='lat' dir='ltr'><strong>custos</strong></span> <span class='ocrx_word' id='word_1_753' title='bbox 2768 4853 3049 4908; x_wconf 86' lang='lat' dir='ltr'><strong>institutus</strong></span> <span class='ocrx_word' id='word_1_754' title='bbox 3097 4852 3220 4917; x_wconf 89' lang='lat' dir='ltr'><strong>fuit,</strong></span> <span class='ocrx_word' id='word_1_755' title='bbox 3261 4862 3321 4906; x_wconf 92' lang='lat' dir='ltr'><strong>ut</strong></span> <span class='ocrx_word' id='word_1_756' title='bbox 3370 4849 3503 4920; x_wconf 87' lang='lat' dir='ltr'><strong>apud</strong></span> <span class='ocrx_word' id='word_1_757' title='bbox 3530 4839 3726 4899; x_wconf 78' lang='lat' dir='ltr'><strong>eumdem</strong></span> 
     </span>
    </p>
   </div>
   <div class='ocr_carea' id='block_1_110' title="bbox 2219 4930 3721 5017">
    <p class='ocr_par' dir='ltr' id='par_1_110' title="bbox 2219 4930 3721 5017">
     <span class='ocr_line' id='line_1_110' title="bbox 2219 4930 3721 5017; baseline -0.009 -16"><span class='ocrx_word' id='word_1_758' title='bbox 2219 4954 2493 5011; x_wconf 87' lang='lat' dir='ltr'><strong>auctorem</strong></span> <span class='ocrx_word' id='word_1_759' title='bbox 2544 4946 2762 5017; x_wconf 72' lang='lat' dir='ltr'><strong>legitur.</strong></span> <span class='ocrx_word' id='word_1_760' title='bbox 2811 4945 2911 5001; x_wconf 86' lang='lat' dir='ltr'><strong>llic</strong></span> <span class='ocrx_word' id='word_1_761' title='bbox 2964 4946 3107 5000; x_wconf 89' lang='lat' dir='ltr'><strong>idem</strong></span> <span class='ocrx_word' id='word_1_762' title='bbox 3158 4945 3271 5015; x_wconf 88' lang='lat' dir='ltr'><strong>ipse</strong></span> <span class='ocrx_word' id='word_1_763' title='bbox 3298 4955 3380 5000; x_wconf 90' lang='lat' dir='ltr'><strong>est</strong></span> <span class='ocrx_word' id='word_1_764' title='bbox 3411 4930 3721 4998; x_wconf 84' lang='lat' dir='ltr'><strong>Gebehardus.</strong></span> 
     </span>
    </p>
   </div>
   <div class='ocr_carea' id='block_1_111' title="bbox 2219 5021 3725 5109">
    <p class='ocr_par' dir='ltr' id='par_1_111' title="bbox 2219 5021 3725 5109">
     <span class='ocr_line' id='line_1_111' title="bbox 2219 5021 3725 5109; baseline -0.012 -16"><span class='ocrx_word' id='word_1_765' title='bbox 2219 5039 2304 5093; x_wconf 91' lang='lat' dir='ltr'><strong>cui</strong></span> <span class='ocrx_word' id='word_1_766' title='bbox 2330 5038 2635 5094; x_wconf 89' lang='lat' dir='ltr'><strong>Bernardus</strong></span> <span class='ocrx_word' id='word_1_767' title='bbox 2648 5039 2931 5109; x_wconf 87' lang='lat' dir='ltr'><strong>presbyter</strong></span> <span class='ocrx_word' id='word_1_768' title='bbox 2956 5038 3152 5093; x_wconf 92' lang='lat' dir='ltr'><strong>librum</strong></span> <span class='ocrx_word' id='word_1_769' title='bbox 3180 5054 3336 5092; x_wconf 85' lang='lat' dir='ltr'><strong>suum</strong></span> <span class='ocrx_word' id='word_1_770' title='bbox 3363 5027 3654 5101; x_wconf 85' lang='lat' dir='ltr'><strong>nuncupavit</strong></span> <span class='ocrx_word' id='word_1_771' title='bbox 3671 5021 3725 5076; x_wconf 84' lang='lat' dir='ltr'><strong>De</strong></span> 
     </span>
    </p>
   </div>
   <div class='ocr_carea' id='block_1_112' title="bbox 2219 5118 3722 5199">
    <p class='ocr_par' dir='ltr' id='par_1_112' title="bbox 2219 5118 3722 5199">
     <span class='ocr_line' id='line_1_112' title="bbox 2219 5118 3722 5199; baseline -0.008 -17"><span class='ocrx_word' id='word_1_772' title='bbox 2219 5130 2455 5185; x_wconf 84' lang='lat' dir='ltr'><strong>vitandis</strong></span> <span class='ocrx_word' id='word_1_773' title='bbox 2487 5130 2976 5186; x_wconf 80' lang='lat' dir='ltr'><strong>excommunicatis</strong></span> <span class='ocrx_word' id='word_1_774' title='bbox 3005 5138 3061 5185; x_wconf 86' lang='lat' dir='ltr'><strong>et</strong></span> <span class='ocrx_word' id='word_1_775' title='bbox 3084 5130 3247 5199; x_wconf 81' lang='lat' dir='ltr'><strong>lapsis</strong></span> <span class='ocrx_word' id='word_1_776' title='bbox 3272 5118 3663 5185; x_wconf 87' lang='lat' dir='ltr'><strong>reconciliandis,</strong></span> <span class='ocrx_word' id='word_1_777' title='bbox 3684 5119 3722 5165; x_wconf 87' lang='lat' dir='ltr'><strong>el</strong></span> 
     </span>
    </p>
   </div>
   <div class='ocr_carea' id='block_1_113' title="bbox 2217 5214 3719 5291">
    <p class='ocr_par' dir='ltr' id='par_1_113' title="bbox 2217 5214 3719 5291">
     <span class='ocr_line' id='line_1_113' title="bbox 2217 5214 3719 5291; baseline -0.011 -15"><span class='ocrx_word' id='word_1_778' title='bbox 2217 5221 2284 5276; x_wconf 91' lang='lat' dir='ltr'><strong>de</strong></span> <span class='ocrx_word' id='word_1_779' title='bbox 2314 5221 2669 5277; x_wconf 88' lang='lat' dir='ltr'><strong>conciliorqu</strong></span> <span class='ocrx_word' id='word_1_780' title='bbox 2699 5236 2767 5276; x_wconf 91' lang='lat' dir='ltr'><strong>ac</strong></span> <span class='ocrx_word' id='word_1_781' title='bbox 2792 5222 3106 5291; x_wconf 90' lang='lat' dir='ltr'><strong>pontiﬁcum</strong></span> <span class='ocrx_word' id='word_1_782' title='bbox 3143 5223 3477 5281; x_wconf 87' lang='lat' dir='ltr'><strong>auctoritate,</strong></span> <span class='ocrx_word' id='word_1_783' title='bbox 3504 5214 3671 5269; x_wconf 87' lang='lat' dir='ltr'><strong>editum</strong></span> <span class='ocrx_word' id='word_1_784' title='bbox 3698 5216 3719 5253; x_wconf 79' lang='lat' dir='ltr'><strong>a</strong></span> 
     </span>
    </p>
   </div>
   <div class='ocr_carea' id='block_1_114' title="bbox 2221 5294 3719 5383">
    <p class='ocr_par' dir='ltr' id='par_1_114' title="bbox 2221 5294 3719 5383">
     <span class='ocr_line' id='line_1_114' title="bbox 2221 5294 3719 5383; baseline -0.013 -16"><span class='ocrx_word' id='word_1_785' title='bbox 2221 5312 2562 5383; x_wconf 78' lang='lat' dir='ltr'><strong>Tegnagello.</strong></span> <span class='ocrx_word' id='word_1_786' title='bbox 2595 5312 2878 5367; x_wconf 88' lang='lat' dir='ltr'><strong>Bertoldus</strong></span> <span class='ocrx_word' id='word_1_787' title='bbox 2927 5327 3055 5368; x_wconf 83' lang='lat' dir='ltr'><strong>vero</strong></span> <span class='ocrx_word' id='word_1_788' title='bbox 3098 5312 3165 5366; x_wconf 90' lang='lat' dir='ltr'><strong>ad</strong></span> <span class='ocrx_word' id='word_1_789' title='bbox 3211 5326 3405 5366; x_wconf 90' lang='lat' dir='ltr'><strong>annum</strong></span> <span class='ocrx_word' id='word_1_790' title='bbox 3438 5304 3552 5361; x_wconf 84' lang='lat'><strong>1091</strong></span> <span class='ocrx_word' id='word_1_791' title='bbox 3581 5294 3719 5353; x_wconf 70' lang='lat' dir='ltr'><strong>laudat</strong></span> 
     </span>
    </p>
   </div>
   <div class='ocr_carea' id='block_1_115' title="bbox 2219 5382 3716 5471">
    <p class='ocr_par' dir='ltr' id='par_1_115' title="bbox 2219 5382 3716 5471">
     <span class='ocr_line' id='line_1_115' title="bbox 2219 5382 3716 5471; baseline -0.013 -14"><span class='ocrx_word' id='word_1_792' title='bbox 2219 5404 2382 5457; x_wconf 91' lang='lat' dir='ltr'><strong>alium</strong></span> <span class='ocrx_word' id='word_1_793' title='bbox 2408 5403 2603 5459; x_wconf 89' lang='lat' dir='ltr'><strong>librum</strong></span> <span class='ocrx_word' id='word_1_794' title='bbox 2628 5402 2867 5471; x_wconf 90' lang='lat' dir='ltr'><strong>ejusdem</strong></span> <span class='ocrx_word' id='word_1_795' title='bbox 2907 5402 3190 5467; x_wconf 88' lang='lat' dir='ltr'><strong>Bernardi,</strong></span> <span class='ocrx_word' id='word_1_796' title='bbox 3218 5415 3442 5471; x_wconf 89' lang='lat' dir='ltr'><strong>eumque</strong></span> <span class='ocrx_word' id='word_1_797' title='bbox 3462 5393 3605 5452; x_wconf 88' lang='lat' dir='ltr'><strong>multa</strong></span> <span class='ocrx_word' id='word_1_798' title='bbox 3641 5382 3716 5439; x_wconf 78' lang='lat' dir='ltr'><strong>alia</strong></span> 
     </span>
    </p>
   </div>
   <div class='ocr_carea' id='block_1_116' title="bbox 2217 5483 3713 5572">
    <p class='ocr_par' dir='ltr' id='par_1_116' title="bbox 2217 5483 3713 5572">
     <span class='ocr_line' id='line_1_116' title="bbox 2217 5483 3713 5572; baseline -0.007 -23"><span class='ocrx_word' id='word_1_799' title='bbox 2217 5497 2301 5549; x_wconf 86' lang='lat' dir='ltr'><strong>sui</strong></span> <span class='ocrx_word' id='word_1_800' title='bbox 2327 5494 2527 5564; x_wconf 78' lang='lat' dir='ltr'><strong>ingenii</strong></span> <span class='ocrx_word' id='word_1_801' title='bbox 2558 5503 2905 5549; x_wconf 87' lang='lat' dir='ltr'><strong>monumenta</strong></span> <span class='ocrx_word' id='word_1_802' title='bbox 2933 5494 3215 5562; x_wconf 88' lang='lat' dir='ltr'><strong>reliquisse</strong></span> <span class='ocrx_word' id='word_1_803' title='bbox 3263 5491 3467 5552; x_wconf 87' lang='lat' dir='ltr'><strong>scribit;</strong></span> <span class='ocrx_word' id='word_1_804' title='bbox 3512 5483 3590 5539; x_wconf 86' lang='lat' dir='ltr'><strong>sed</strong></span> <span class='ocrx_word' id='word_1_805' title='bbox 3624 5487 3713 5572; x_wconf 64' lang='grc' dir='ltr'><strong>ευξη</strong></span> 
     </span>
    </p>
   </div>
   <div class='ocr_carea' id='block_1_117' title="bbox 2221 5571 3715 5657">
    <p class='ocr_par' dir='ltr' id='par_1_117' title="bbox 2221 5571 3715 5657">
     <span class='ocr_line' id='line_1_117' title="bbox 2221 5571 3715 5657; baseline -0.013 -17"><span class='ocrx_word' id='word_1_806' title='bbox 2221 5586 2568 5657; x_wconf 89' lang='lat' dir='ltr'><strong>reprehendit</strong></span> <span class='ocrx_word' id='word_1_807' title='bbox 2637 5585 2782 5655; x_wconf 92' lang='lat' dir='ltr'><strong>quod</strong></span> <span class='ocrx_word' id='word_1_808' title='bbox 2852 5600 2945 5641; x_wconf 91' lang='lat' dir='ltr'><strong>eos</strong></span> <span class='ocrx_word' id='word_1_809' title='bbox 3009 5585 3103 5654; x_wconf 88' lang='lat' dir='ltr'><strong>qui</strong></span> <span class='ocrx_word' id='word_1_810' title='bbox 3174 5585 3241 5640; x_wconf 88' lang='lat' dir='ltr'><strong>ab</strong></span> <span class='ocrx_word' id='word_1_811' title='bbox 3310 5571 3715 5640; x_wconf 64' lang='lat' dir='ltr'><strong>exeommunicatts</strong></span> 
     </span>
    </p>
   </div>
   <div class='ocr_carea' id='block_1_118' title="bbox 2216 5672 3537 5735">
    <p class='ocr_par' dir='ltr' id='par_1_118' title="bbox 2216 5672 3537 5735">
     <span class='ocr_line' id='line_1_118' title="bbox 2216 5672 3537 5735; baseline -0.008 -1"><span class='ocrx_word' id='word_1_812' title='bbox 2216 5680 2448 5734; x_wconf 88' lang='lat' dir='ltr'><strong>ordinati</strong></span> <span class='ocrx_word' id='word_1_813' title='bbox 2487 5677 2700 5734; x_wconf 73' lang='lat' dir='ltr'><strong>fuerunt</strong></span> <span class='ocrx_word' id='word_1_814' title='bbox 2728 5679 3026 5734; x_wconf 83' lang='lat' dir='ltr'><strong>reordiuari</strong></span> <span class='ocrx_word' id='word_1_815' title='bbox 3054 5678 3252 5735; x_wconf 88' lang='lat' dir='ltr'><strong>debere</strong></span> <span class='ocrx_word' id='word_1_816' title='bbox 3274 5672 3537 5734; x_wconf 80' lang='lat' dir='ltr'><strong>censuerit.</strong></span> 
     </span>
    </p>
   </div>
  </div>
