3892 6320
70 362 163 418 εδδ
1541 349 1717 404 ῨΙΤΑ.

133 470 377 532 CCCVI“.
418 469 742 548 Daiirtbertus
775 467 1087 522 Senonensis
1116 463 1548 532 metropolitanus

664 549 1017 593 consecratur.

132 631 325 686 Interea
396 628 736 682 Daimlsertns
785 623 1104 692 jamdudum
1151 623 1204 676 in
1255 622 1621 676 Senoncnsem

69 721 515 792 metropolitanum
537 717 775 780 electus,
822 715 912 784 qui
945 723 1067 784 post
1112 714 1308 768 multas
1358 712 1613 782 tergiver-

70 814 288 867 sationes
331 810 624 880 primatum
679 806 934 862 Ecclesia:
983 804 1355 876 Lugdunensis
1405 805 1622 858 tandem

70 911 357 976 agnoverat,
394 902 575 955 Romae
598 901 666 953 ab
694 899 813 970 ipso
848 899 1103 969 pontifice
1131 906 1483 952 consecratus
1518 907 1622 964 est,

69 1010 115 1053 et
141 998 372 1053 Senonas
405 1011 526 1048 cum
551 992 716 1060 pallio
748 989 1199 1061 archiepiscopali
1233 1005 1506 1056 reversus,
1551 991 1625 1047 ibi

70 1103 146 1142 xxv
178 1085 438 1140 Kalendas
481 1083 604 1137 Maii
658 1084 882 1138 solemni
917 1098 1108 1152 pompa
1162 1083 1214 1136 in
1255 1081 1482 1137 ecrlesia
1527 1098 1624 1140 sua

72 1188 294 1248 receptus
325 1177 442 1231 fuit.
475 1177 542 1230 At
569 1193 674 1232 non
698 1177 786 1232 hic
805 1176 908 1230 fuit
931 1177 999 1232 de
1023 1175 1255 1244 primatu
1281 1175 1624 1246 Lugdunensi

73 1271 430 1328 controversia:
459 1269 614 1335 linis;
663 1285 783 1340 qua:
830 1284 1024 1338 nempe
1055 1268 1198 1323 brevi
1227 1278 1411 1338 postea
1442 1285 1624 1325 recru-

69 1364 193 1425 duit,
239 1375 376 1432 aegre
426 1359 724 1417 ferentibus
777 1361 1110 1416 Senonensis
1148 1361 1403 1418 Ecclesia:
1447 1365 1626 1418 archi-

70 1455 310 1524 episcopis
337 1455 494 1509 alteri
519 1456 736 1525 sulijici,
768 1457 858 1526 qui
902 1459 1002 1528 ipsi
1033 1459 1220 1514 Gallia:
1246 1471 1299 1514 et
1323 1460 1626 1515 Germania:

70 1547 306 1615 primatus
333 1545 488 1600 titulo
509 1546 907 1616 gloriabantur.

128 1658 330 1716 CCCIX.
369 1659 702 1732 Rescriplum
731 1679 826 1732 pro
871 1663 934 1719 S.
987 1665 1210 1718 Andrere
1250 1663 1555 1721 Viennensis

697 1734 988 1787 monachis.

127 1823 199 1878 Ad
243 1824 398 1895 hujus
443 1841 664 1896 quoque
709 1827 836 1882 anni
900 1827 1113 1883 initium
1161 1831 1407 1885 revocari
1463 1846 1625 1902 posse

67 1929 322 1971 censemus
349 1913 554 1971 Urbani
603 1916 811 1973 litteras
859 1918 914 1973 in
946 1920 1178 1990 gratiam
1234 1923 1626 1977 monachorum

71 2007 229 2062 Sancti
257 2007 482 2062 Andreae
512 2005 859 2073 Viennensis,
889 2025 1028 2079 quos
1048 2020 1103 2064 et
1135 2026 1322 2066 eorum
1350 2013 1626 2084 bajulosin

69 2108 254 2161 tantum
277 2097 507 2154 vexabat
534 2097 711 2154 Guido
731 2100 970 2170 ejusdem
995 2102 1147 2158 urbis
1163 2103 1624 2176 archiepiscopus,

69 2198 120 2242 ut
145 2189 290 2243 etiam
311 2203 377 2243 ex
408 2189 474 2244 iis
499 2190 788 2246 nonnullos
822 2192 873 2246 in
904 2208 1128 2249 carcere
1183 2195 1466 2252 retineret.
1520 2197 1627 2251 Da-

73 2286 168 2332 tum
191 2278 390 2334 esthoc
421 2280 746 2349 rescriptum
775 2281 1018 2338 Laterani
1069 2296 1116 2337 VI
1148 2285 1280 2338 ldus
1320 2283 1625 2354 Februarii,

75 2369 154 2423 sed
205 2384 370 2425 annus
428 2386 543 2424 non
611 2373 969 2442 exprimitur;
1033 2377 1175 2430 unde
1221 2392 1346 2432 cum
1384 2394 1626 2435 mensem

75 2457 393 2515 Februarium
425 2461 687 2517 Urbanus
719 2462 970 2519 Laterani
1009 2480 1152 2522 anno
1181 2467 1317 2524 l09‘l
1342 2479 1398 2525 et
1418 2470 1627 2527 duobus

77 2553 387 2621 sequentibus
413 2553 638 2623 exigere
687 2557 947 2624 potuerit,
995 2559 1140 2614 haud
1188 2561 1414 2616 omnino
1453 2562 1628 2633 liquet

77 2643 263 2698 cuinam
285 2659 349 2698 ex
379 2644 461 2698 bis
495 2645 674 2700 tribus
703 2648 859 2702 annis
879 2649 1262 2718 consignanda:
1309 2653 1420 2707 sint
1444 2656 1624 2722 ponti-

79 2733 192 2790 Iicite
242 2735 339 2792 ille
379 2735 598 2792 litterm.
631 2737 688 2793 Si
717 2748 898 2794 tamen
953 2740 1288 2811 conjecturis
1335 2745 1414 2800 uti
1446 2746 1622 2810 liceat,

76 2841 181 2882 cum
207 2831 442 2886 monachi
475 2831 818 2888 Viennenses
848 2833 1075 2889 Romam
1127 2837 1328 2893 adiisse
1379 2839 1629 2896 dicantur

80 2921 295 2987 querelas
329 2937 456 2979 suas
505 2932 701 2979 contra
747 2925 1221 2998 archiepiscopum
1250 2930 1317 2984 ad
1344 2930 1624 2988 Urbanum

81 3011 296 3080 delaturi,
330 3015 379 3070 in
411 3016 541 3070 anni
581 3016 714 3073 1097
745 3018 918 3084 initio,
947 3033 1057 3089 quo
1084 3022 1170 3075 vix
1198 3021 1428 3078 Romam
1459 3026 1629 3093 perti-

3200 351 3303 405 εει

1653 465 1699 522 Α
1731 460 1921 514 litteris
1955 470 2102 530 patet
2132 461 2274 515 hunc
2323 463 2571 517 abbatem
2607 463 2822 518 Urbano
2872 463 3106 516 maxime
3155 465 3305 517 addi-

1727 561 1871 605 ctum
1903 550 2089 615 fuisse,
2122 550 2274 618 cujus
2303 554 2694 606 monasterium
2725 563 2966 621 tempore
2991 553 3304 609 schismatis

1726 658 2011 697 commune
2040 643 2434 697 catholicorum
2460 643 2665 713 asylum
2689 653 2827 698 crat.
2906 647 2910 651 '

2028 732 2271 787 CCCXII.
2313 732 2526 786 Ordinis
2557 734 2794 787 Cistercii
2821 737 2992 788 initia.

1796 821 1941 876 Nihil
1989 836 2117 874 vero
2149 822 2322 891 magis
2371 836 2573 874 annum
2629 835 2950 891 przcsentem
3003 824 3305 879 illustrasse

1725 913 1964 973 videtur,
2007 928 2169 981 quam
2219 893 2598 967 Cisterciensis
2643 916 2957 969 monasterii
3007 925 3060 969 et
3097 917 3304 970 ordinis

1727 1002 2056 1072 primordia,
2093 1011 2315 1058 auctore
2352 1013 2541 1058 sancto
2565 1004 2801 1060 Itoberto
2845 1005 3171 1062 Mol'smensi
3213 1009 3309 1062 ab-

1727 1094 1874 1148 bate.
1918 1093 2018 1148 Hic
2073 1095 2300 1149 dimisso
2345 1097 2424 1148 sui
2479 1097 2794 1149 monasterii
2868 1098 3133 1167 regimine
3183 1115 3305 1154 cum
3401 1085 3404 1088 ’

1727 1186 1914 1255 viginti
1982 1187 2192 1242 duobus
2250 1202 2282 1241 c
2342 1189 2453 1242 suis
2512 1181 2789 1258 discipulis
2856 1191 2906 1243 in
2963 1191 3306 1247 solitudinem

1728 1277 2142 1333 Cisterciensem
2163 1277 2489 1345 iuitiohujus
2520 1280 2644 1332 anni
2671 1280 3098 1349 transmigravit,
3129 1281 3311 1350 ibique

1729 1369 1815 1423 die
1851 1369 1912 1422 2|
1951 1367 2148 1432 Martii,
2175 1381 2362 1424 sancto
2392 1370 2537 1422 Patri
2559 1369 2850 1424 Benedicto
2878 1386 3056 1434 sacra,
3084 1371 3311 1426 celebris

1729 1460 1933 1515 ordinis
1975 1461 2147 1528 prima
2193 1460 2545 1515 fundamenta
2588 1461 2716 1528 jecit
2747 1472 3021 1517 annuente
3051 1463 3313 1517 Wallerio

1729 1553 2043 1607 direcesano
2072 1552 2326 1622 episcopo
2374 1553 2745 1616 Cabilonensi,
2780 1556 3058 1624 suppetias
3103 1555 3314 1612 ferente

1729 1644 1917 1698 Odone
1947 1646 2083 1698 duce
2113 1645 2578 1714 Burgundionum,
2608 1645 2787 1698 omnia
2812 1661 2938 1700 vero
2954 1645 3316 1701 confirmante

1731 1734 1956 1805 Ilugone
1987 1736 2336 1804 Lugdunensi
2369 1737 2812 1806 metropolitano,
2869 1755 2964 1792 sua
2997 1748 3051 1792 et
3085 1738 3312 1802 Urbani,

1730 1825 1884 1894 cujus
1911 1826 2152 1881 vicarius
2183 1828 2234 1880 in
2263 1827 2455 1882 Galliis
2486 1837 2540 1882 et
2585 1829 2895 1897 apostolica:
2937 1830 3080 1883 sedis
3108 1829 3316 1896 legatus

1729 1927 1884 1980 crat,
1940 1919 2286 1974 auctoritate.
2349 1919 2589 1988 Ilugouis
2649 1920 2932 1988 epistolam
3001 1936 3063 1974 ea
3127 1921 3194 1974 de
3253 1937 3314 1975 re

1731 2009 1982 2064 Labbcus
2029 2018 2172 2064 tonio
2202 2011 2219 2064 I
2247 2009 2467 2064 Bibliot.
2526 2026 2707 2073 novin,
2757 2011 3071 2079 Manriqucz
3124 2018 3182 2064 et
3225 2009 3314 2064 alii

1729 2100 2036 2154 ediderunt.
2062 2099 2199 2166 Quid
2225 2101 2421 2156 exinde
2454 2100 2691 2156 Robcrto
2713 2101 3018 2169 contigerit,
3048 2101 3162 2156 suis
3182 2100 3317 2156 locis

1731 2205 2082 2259 exponemus.

2012 2281 2279 2338 CCCXIII.
2328 2281 2666 2352 Privilegium
2708 2281 3029 2352 Urgellense.

1800 2373 1952 2440 Quod
1983 2382 2162 2427 autem
2187 2375 2254 2428 ad
2277 2389 2363 2428 res
2391 2373 2711 2444 Ilispanicas
2737 2375 2950 2434 attinet,
2984 2373 3316 2444 Urgeliensis

1731 2465 1989 2520 Ecclesia:
2038 2465 2415 2534 possessiones
2487 2465 2831 2520 confirmavit
2887 2466 3124 2534 pontifex
3188 2467 3317 2522 dato

1730 2556 2028 2625 diplomate
2056 2556 2122 2609 ad
2153 2555 2395 2610 Odonem
2421 2557 2663 2626 ejusdem
2687 2557 2951 2612 Ecclesia:
2976 2559 3315 2627 episcopum,

1731 2663 1825 2702 vm
1868 2648 1992 2703 Idus
2020 2647 2244 2717 Aprilis,
2301 2648 2490 2702 indict.
2530 2664 2603 2713 vr,
2659 2664 2803 2702 anno
2857 2649 3050 2718 pontii.
3080 2665 3155 2713 si,
3197 2665 3317 2717 qua:

1731 2748 1873 2794 nota:
1902 2740 2027 2794 huic
2055 2754 2199 2794 anno
2224 2739 2578 2795 conveniunt.
2609 2739 2738 2808 Ejus
2794 2749 2973 2816 tamen
3006 2739 3312 2809 exemplum

1733 2830 1783 2883 in
1840 2831 2019 2884 Marca
2073 2831 2360 2901 llispanica
2409 2832 2613 2886 editum
2672 2847 2872 2886 annum
2923 2833 3318 2888 lncarnationis

1734 2922 1873 2976 l099
1929 2923 2152 2978 indicat.
2202 2923 2309 2978 Sed
2352 2923 2455 2978 hoc
2496 2933 2580 2978 est
2631 2926 2977 2979 amanuensis
3031 2933 3314 2989 erratum;

1732 3022 1826 3066 aut
1849 3023 2017 3077 certe,
2050 3022 2106 3067 ιιι
2133 3015 2269 3068 alias
2301 3029 2444 3083 smpe
2473 3013 2675 3069 factum
2701 3023 2806 3081 est,
2861 3031 3035 3072 annus
3061 3031 3091 3070 a
3120 3015 3318 3072 Martio

83 3114 208 3171 gerat
238 3107 495 3176 pontifex,
552 3108 751 3165 factum
785 3110 949 3166 fuisse
979 3127 1084 3168 non
1129 3113 1364 3169 videtur.
1394 3115 1624 3171 Mediam

1739 3107 2062 3175 praecedenti
2095 3107 2163 3161 ibi
2189 3107 2498 3162 inchoatur.
2532 3105 2699 3161 Paulo
2747 3117 2887 3175 post,
2945 3110 2992 3161 id
3033 3119 3114 3164 cst
3137 3125 3168 3162 ν
3197 3109 3319 3163 Idus

83 3195 199 3251 viam
219 3199 486 3270 eligimus;
519 3203 592 3256 ita
619 3212 800 3259 tamen
830 3204 961 3259 illud
980 3206 1302 3276 rescriptum
1334 3209 1629 3264 ann01098

1739 3197 1880 3263 Maii,
1914 3199 2210 3254 Oscenscm
2242 3199 2470 3264 urbem,
2513 3213 2675 3268 quam
2725 3216 2867 3254 anno
2921 3201 3056 3255 I096
3088 3201 3320 3255 Saucius

83 3292 430 3360 consignando,
455 3304 516 3348 ut
543 3295 588 3349 si
612 3296 697 3349 cui
730 3297 834 3350 alia
866 3299 1138 3353 sententia
1162 3301 1334 3371 magis
1360 3301 1627 3366 arriserit,

86 3381 276 3437 multum
302 3385 567 3454 refragari
596 3387 853 3444 nolimus.

83 3469 250 3530 CCCX.
290 3475 667 3532 .Ifonasterium
717 3477 1039 3561 S..Vigoris
1089 3482 1382 3551 subjectum
1433 3483 1495 3539 S.
1532 3484 1628 3539 Be-

760 3567 938 3619 mgna.

143 3633 429 3694 Pontificem
459 3655 598 3695 vero
632 3640 822 3695 Romae
857 3650 971 3695 toto
1002 3658 1190 3699 mense
1222 3645 1416 3699 Martio
1471 3645 1630 3714 hujus

90 3727 193 3781 anni
237 3729 540 3786 substitisse
583 3732 822 3800 probant
872 3733 1154 3804 privilegia
1218 3736 1415 3790 ibidem
1466 3737 1631 3790 variis

88 3815 294 3873 ecclesiis
314 3819 540 3875 indulta.
571 3821 813 3875 Primum
847 3821 1099 3878 Laterani
1127 3825 1310 3879 datum
1349 3835 1432 3880 est
1457 3826 1631 3895 pridie

90 3903 190 3962 Idus
228 3908 421 3977 Martii,
477 3929 590 3982 quo
644 3911 1002 3969 confirmatur
1047 3916 1272 3971 donatio
1313 3921 1629 3974 monasterii

92 3994 247 4054 Sancti
283 4001 491 4072 Vigoris
534 4003 848 4074 Bajocensis
878 4006 946 4060 ab
973 4007 1161 4062 Odone
1187 4012 1442 4078 episcopo
1491 4011 1630 4066 facta

93 4084 328 4149 Jarentoni
366 4095 550 4151 abbati
578 4095 766 4152 Sancti
795 4097 1016 4166 Benigni
1051 4099 1411 4157 Divioncnsis.

149 4181 324 4239 Eadem
349 4188 456 4253 die,
483 4197 541 4243 et
565 4189 784 4258 quidem
815 4191 1006 4243 eodem
1038 4205 1201 4255 anno,
1259 4195 1303 4246 si
1337 4194 1473 4248 bene
1501 4210 1630 4249 con-

93 4270 212 4339 iicio,
236 4279 441 4348 scripsit
466 4280 713 4350 pontifex
736 4280 1021 4348 epistolam
1070 4282 1136 4336 ad
1181 4281 1395 4336 lvonem
1425 4283 1631 4339 Carno-

97 4368 269 4420 teuscm
296 4378 346 4423 et
373 4368 681 4424 Ramulfum
706 4368 1305 4440 Santonum-episcopos
1328 4373 1378 4426 in
1405 4376 1632 4444 gratiam

1734 3291 2046 3360 Aragonum
2110 3305 2203 3345 rex
2270 3289 2472 3344 Mauris
2530 3290 2846 3358 eripuerat,
2920 3293 2975 3345 in
3034 3293 3320 3361 pristinam

1735 3381 2053 3450 dignitatem
2095 3381 2306 3436 restitui
2369 3380 2540 3433 voluit
2594 3363 2882 3444 Urbanus,
2929 3383 2977 3436 ei
3025 3382 3321 3451 episcopali

1730 3472 1880 3534 sedc,
1903 3488 2020 3540 qua:
2042 3471 2258 3526 .Iaccam
2289 3470 2546 3525 translata
2575 3470 2776 3536 fuerat,
2802 3471 3027 3525 reddita.
3055 3472 3322 3541 Insignem

1733 3577 1796 3616 ca
1848 3563 1915 3615 de
1965 3579 2024 3617 re
2070 3563 2272 3617 bullam
2325 3561 2494 3616 edidit
2542 3578 2652 3630 pra:
2704 3562 2977 3615 memoria:
3029 3563 3322 3618 cardinalfs

1733 3651 1990 3722 Aguirius
2022 3661 2167 3706 tomo
2189 3652 2252 3706 Ill
2277 3651 2487 3716 Concil.
2512 3651 2806 3721 Ilispania:.
2841 3651 2895 3706 In
2930 3667 3034 3721 qua
3074 3653 3318 3722 pontifex

1735 3743 2057 3796 donationes
2088 3758 2117 3795 a
2151 3743 2320 3797 variis
2348 3742 2659 3812 Aragonum
2684 3742 2900 3810 regibus
2930 3743 3104 3798 cidem
3130 3744 3317 3798 Eccle-

1735 3835 1829 3888 sia:
1871 3834 2040 3889 factas
2065 3834 2386 3899 confirmat;
2435 3836 2527 3889 sed
2556 3843 2610 3889 et
2637 3834 2739 3887 alia
2792 3835 2959 3888 multa
2991 3837 3127 3891 scitu
3177 3836 3320 3892 haud

1736 3926 1957 3994 indigna
1993 3924 2394 3994 complectitur.
3299 3923 3302 3926 ’

1735 4017 2002 4072 CCCXIV.
2059 4015 2288 4071 Ansclmi
2335 4017 2720 4140 iterdfiomam.
2762 4018 2963 4072 Secedit

2472 4104 2626 4140 mem.

2472 4104 2626 4141 mem.

3021 4021 3074 4073 in
3127 4021 3316 4075 solitu-

1807 4200 1866 4254 1a
1879 4218 1928 4254 ιιι
1960 4216 2089 4255 vero
2113 4211 2325 4271 tempus
2347 4209 2430 4254 cst
2454 4211 2508 4252 ιιι
2533 4201 2598 4253 ad
2625 4201 2937 4254 Anselmum
2962 4203 3320 4258 Cantuarien-

1737 4307 1849 4346 sem
1882 4294 2188 4355 redeamus,
2217 4293 2306 4361 qui
2338 4293 2556 4346 ineunte
2587 4308 2715 4347 vere
2741 4292 2898 4360 hujus
2922 4295 3050 4347 anui
3087 4293 3318 4349 Romam

1739 4384 1993 4438 accessit.
2027 4384 2159 4437 Cum
2190 4384 2335 4436 enim
2365 4398 2540 4446 novre,
2571 4392 2628 4435 ut
2661 4383 2957 4439 Eadmcrus
3002 4386 3117 4439 fuse
3150 4401 3316 4456 expo-

96 4461 441 4516 monachorum
529 4461 1009 4517 Vindocinensinm
1045 4503 1059 4527 ,
1138 4478 1275 4532 quos
1347 4464 1414 4518 ab
1487 4466 1629 4518 omni

1741 4477 1839 4539 nit,
1873 4475 2214 4529 difﬁcultates
2242 4475 2481 4542 quotidie
2507 4475 2646 4528 inter
2678 4477 2851 4545 ipsum
2893 4487 2945 4532 et
2971 4477 3318 4531 Guillelmnm

95 4545 431 4618 episcoporum
485 4551 824 4620 subjectionc
875 4554 1145 4608 immunes
1198 4570 1316 4609 esse
1371 4555 1632 4610 declarat.

37 4709 42 4716 ι
103 4637 221 4694 Alias
240 4643 980 4716 ejusdempontificislitteras
1009 4661 1071 4700 ea
1104 4647 1169 4700 de
1201 4662 1258 4700 re
1288 4657 1407 4716 post
1434 4648 1634 4715 aliquot

101 4726 192 4782 dies
210 4736 429 4790 omnibus
466 4737 719 4791 Ecdlesim
745 4738 871 4806 ﬁliis
908 4738 1196 4807 inscriptas
1231 4739 1397 4794 refert
1441 4739 1637 4793 Coifi-i-

104 4815 180 4872 dus
231 4823 456 4890 ejusdem
508 4828 612 4882 loci
660 4828 828 4883 abbas
883 4830 1043 4899 epist.
1096 4831 1163 4883 27
1214 4832 1280 4884 ad
1325 4831 1634 4886 Gofl‘redum

103 4903 249 4966 Irouis
273 4931 660 4974 successorem.

187 5003 386 5062 CCCXL
428 5009 640 5064 Litterw
668 5028 760 5080 pro
800 5011 858 5066 S.
892 5012 1144 5067 illic/mele
1189 5015 1256 5067 ad
1303 5014 1525 5067 Mosam.

161 5091 294 5152 Tunc
343 5103 502 5157 etiam
559 5104 842 5159 monachis
904 5104 1090 5161 Sancti
1149 5107 1422 5161 Michaelis
1473 5124 1637 5179 supra

108 5177 275 5241 Mosam
305 5191 354 5245 in
382 5196 601 5250 dimcesi
641 5196 964 5251 Virdunensi
1000 5198 1226 5250 indulsit
1276 5177 1555 5263 Urbanus,
1582 5209 1639 5252 ut

109 5278 273 5336 (imissa
321 5288 751 5356 sepeliendorum
814 5290 1044 5344 fratrum
1092 5307 1313 5345 suorum
1359 5291 1408 5344 in
1468 5293 1638 5346 veteri

113 5377 398 5431 monasterio
444 5380 854 5443 consuetudine,
913 5396 1008 5435 eos
1053 5397 1219 5452 prope
1251 5383 1639 5436 monasterium

116 5468 273 5514 novum
299 5468 517 5535 sepelire
545 5471 597 5524 in
635 5481 913 5540 posterum
939 5472 1085 5527 licitc
1113 5481 1354 5541 possent.
1401 5472 1640 5542 Epistula

115 5548 340 5607 Dnnlilicis
378 5571 437 5610 ea
487 5558 552 5613 de
597 5575 654 5613 re
681 5560 807 5614 data
837 5569 918 5616 est
947 5563 1200 5616 Laterani
1251 5579 1326 5617 vn
1372 5562 1644 5616 Kalendas

119 5629 424 5724 'i_l>rilis,hoc
459 5665 619 5715 anno,
670 5652 935 5722 inscripta
989 5653 1243 5708 Udalrico
1295 5654 1497 5718 abbati,
1552 5655 1642 5724 qui

133 5719 237 5782 llum
267 5751 321 5789 ea
351 5739 413 5794 de
441 5756 601 5798 causa
630 5746 996 5800 consuluerat.
1055 5747 1134 5802 Ex
1189 5747 1470 5818 utriusque
1517 5763 1645 5804 vero

508 5842 777 5904 Ριιτιιοι..
823 5841 977 5903 CLI.

1740 4567 1944 4637 Angliae
1975 4580 2155 4634 regem
2193 4567 2500 4629 orirentur,
2543 4567 2826 4621 Anselmus
2851 4585 2878 4620 a
2923 4584 3051 4638 rege
3089 4567 3323 4648 petierat

1743 4669 1798 4712 ut
1830 4659 1930 4713 sibi
1960 4658 2184 4711 Romam
2214 4659 2446 4712 adeundi
2482 4660 2752 4713 licentiam
2781 4661 3123 4726 concederet,
3156 4677 3318 4730 quam

1743 4750 1958 4803 tandem
1991 4759 2112 4818 post
2153 4749 2350 4802 multas
2386 4750 2529 4803 rixas
2577 4750 2815 4804 obtinuit
2854 4751 3032 4805 Idibus
3070 4752 3320 4807 Octobris

1741 4838 1866 4891 anni
1895 4838 2272 4906 praecedentis.
2307 4837 2412 4892 Nec
2441 4855 2613 4902 mora,
2638 4839 2912 4908 dispositis
2937 4840 3189 4895 Ecclesia:
3210 4857 3322 4896 sua:
3357 4905 3365 4916 ί

1742 4929 1926 4992 rebus,
1955 4929 2058 4981 iter
2081 4937 2254 4998 parat,
2287 4944 2350 4981 ac
2391 4929 2654 4984 Dovcram
2703 4931 2857 4994 adiit,
2884 4930 2971 4983 ubi
2997 4931 3152 4998 jussu
3179 4933 3321 5003 regis

1742 5016 1969 5070 sarcina:
1999 5016 2114 5084 ejus
2161 5017 2395 5070 visitata:
2442 5017 2688 5080 fuerunt;
2747 5027 2854 5071 tum
2917 5021 3217 5074 transmisit
3269 5023 3322 5076 in

1743 5108 2050 5173 Franciam,
2080 5107 2261 5177 ibique
2289 5107 2556 5160 Natalium
2585 5108 2785 5161 Christi
2814 5107 3168 5165 festivitatem
3195 5127 3320 5167 cum

1744 5215 1933 5257 sancto
1997 5201 2223 5273 Ilugone
2273 5202 2468 5256 abbate
2523 5201 2763 5255 Cluniaci
2829 5202 3142 5257 celebravit.
3194 5205 3322 5258 Inde

1745 5293 2063 5364 Lugdunum
2100 5307 2440 5362 progressus,
2460 5307 2582 5345 cum
2613 5307 2805 5361 magna
2832 5309 3027 5362 pompa
3052 5295 3119 5348 ab
3151 5294 3322 5349 altero

1747 5384 1968 5453 Hugone
1995 5383 2152 5452 hujus
2183 5385 2333 5438 urbis
2371 5383 2779 5452 archiepiscopo
2806 5395 3068 5454 exceptus
3091 5395 3196 5441 est.
3249 5387 3322 5439 lbi

1745 5473 1953 5526 veritus
1981 5487 2046 5526 ne
2074 5471 2213 5526 forte
2242 5473 2343 5526 hoc
2369 5472 2472 5525 iter
2502 5471 2742 5540 poutilici
2773 5474 3102 5540 displiceret,
3129 5475 3322 5527 anxius

1748 5563 2019 5628 hmrcbat,
2077 5563 2326 5616 nesciens
2371 5578 2440 5616 an
2499 5563 2720 5617 deberet
2770 5564 2996 5619 ulterius
3036 5564 3322 5634 progredi;

1747 5673 1916 5726 quare
1943 5656 2189 5709 nuntium
2219 5670 2339 5709 cum
2365 5655 2561 5711 litteris
2611 5657 2677 5710 ad
2729 5657 3004 5712 Urbanum
3053 5659 3223 5722 misit,
3267 5667 3327 5710 ut

1749 5751 1876 5819 quid
1905 5749 2046 5804 facto
2072 5763 2206 5818 opus
2237 5758 2399 5816 esset,
2445 5751 2513 5805 ab
2557 5765 2622 5804 eo
2666 5749 2780 5820 ipso
2823 5752 3166 5806 edocerctur.
3202 5750 3324 5803 llaec

2917 5848 2960 5906 8
