3892 6320
512 335 618 390 9.35

513 458 598 504 est
623 445 848 518 epistola
879 445 930 498 in
961 443 1191 514 vulgatis
1240 426 1569 498 editiouibus
1624 439 1724 494 166
1754 439 1874 494 libri
1928 442 2095 505 tertii,
2129 445 2172 500 Α

513 555 674 611 quam
709 539 969 607 integram
995 535 1218 590 exhibet
1243 535 1545 589 Eadmerus
1576 531 1714 585 libro
1736 546 1771 584 ll
1796 529 2092 596 Novarum,

510 643 634 689 eum
664 632 765 686 hac
808 628 1159 697 inscriptione
1189 646 1202 681 :
1239 628 1463 681 Domino
1500 635 1547 678 et
1580 623 1729 676 Patri
1761 640 1878 676 cum
1917 641 2094 676 amore

510 724 808 784 reverenda,
844 730 892 773 et
931 737 1052 773 cum
1085 719 1370 773 reuerentia
1403 716 1648 776 amando,
1693 731 1895 768 summo
1924 716 2093 784 ponti-

505 819 594 888 ﬁci
615 815 849 878 Urbano,
873 813 1038 882 frater
1068 811 1364 874 Attselmus,
1386 826 1560 863 servus
1593 806 1840 861 Ecclesia:
1862 807 2094 861 Cantua-

509 913 625 973 riw,
657 907 883 961 debitam
913 905 1286 973 subjectionem
1335 913 1382 956 et
1423 903 1718 955 orationum
1749 901 2088 963 devotionem,

507 1012 615 1058 etc.
646 1002 702 1055 ln
731 1017 794 1055 ea
825 999 908 1054 vir
929 1007 1153 1053 sanctus
1176 1006 1298 1066 post
1327 994 1605 1063 expositas
1643 992 1883 1061 poutilici
1912 995 2091 1046 varias

508 1093 917 1154 tribulationes,
966 1089 1166 1158 quibus
1207 1089 1274 1142 ab
1320 1087 1458 1141 inito
1497 1086 1811 1154 episc0patu
1853 1083 2091 1152 agitatus

511 1194 567 1238 et
597 1199 732 1253 pene
759 1182 978 1235 attritus
1017 1178 1210 1242 fuerat,
1238 1177 1370 1247 petit
1402 1176 1467 1229 ab
1495 1191 1560 1230 eo
1586 1185 1642 1228 ut
1665 1175 1764 1229 sibi
1807 1175 2088 1228 dimitten-

507 1275 589 1328 da:
642 1272 786 1327 sedis
833 1271 1103 1324 licentiam
1155 1268 1450 1336 indulgeat.
1498 1265 1566 1318 At
1601 1265 1794 1319 litteris
1828 1265 1960 1318 tanti
1990 1265 2087 1318 viri

519 1365 762 1433 acceptis
809 1362 1046 1433 pontifex
1101 1361 1320 1430 gavisus
1371 1367 1486 1422 est,
1537 1357 1782 1425 nihilque
1834 1357 1978 1408 aliud
2036 1356 2088 1409 ei

509 1458 826 1527 respondit,
877 1455 980 1509 nisi
1040 1464 1123 1518 ut,
1173 1453 1469 1522 postposita
1524 1451 1669 1504 omni
1721 1451 2088 1505 excusationis

507 1563 694 1612 causa,
721 1548 904 1602 statim
933 1546 1159 1598 Romam
1191 1544 1495 1597 accederet.
1550 1543 1646 1596 Cui
1699 1543 1906 1610 absque
1936 1555 2086 1594 mora

505 1643 592 1697 vir
635 1621 856 1696 sanctus
903 1635 1308 1706 obtemperans,
1351 1635 1494 1690 illico
1544 1634 1819 1703 profectus
1866 1639 1997 1698 est;
2025 1649 2088 1687 ac

504 1731 792 1787 celebratis
850 1744 1018 1799 prope
1069 1728 1352 1795 Segusium
1404 1727 1454 1780 in
1514 1726 1843 1779 monasterio
1899 1725 2085 1779 Sancti

502 1823 642 1878 Justi
675 1817 1104 1889 vallis-asperae,
1133 1829 1242 1872 tum
1293 1819 1433 1886 apud
1464 1818 1724 1871 Sanctum
1770 1817 2081 1871 Michaelem

501 1917 568 1969 de
615 1913 776 1968 Clusa
833 1911 1109 1966 Passionis
1159 1926 1223 1963 ac
1294 1909 1730 1963 Resurrectionis
1796 1908 2084 1964 Dominica:

499 2005 800 2070 solemuiis,
833 2003 1160 2070 evitatisque
1193 2000 1425 2055 feliciter
1464 2001 1928 2064 Guibertiuorum,
1965 2017 2084 2070 qua:

498 2107 703 2170 paratae
760 2098 810 2150 ei
880 2102 1070 2159 erant,
1118 2093 1350 2158 insidiis,
1404 2092 1630 2146 Romam
1696 2094 1912 2146 tandem
1958 2108 2080 2146 cum

499 2190 711 2244 duobus
745 2197 952 2242 tantum
981 2187 1146 2240 sociis
1190 2185 1456 2253 pervenit.
1486 2184 1754 2240 Postridie
1785 2184 2004 2239 Urbano
2027 2186 2082 2239 in

495 2279 700 2348 palatio
731 2276 1114 2342 Lateranensi,
1141 2275 1232 2329 ubi
1255 2290 1319 2330 eo
1359 2273 1580 2342 iubente
1621 2275 1925 2344 hospitatus
1962 2277 2080 2330 fue-

497 2363 611 2433 rat,
663 2363 1055 2440 praiscntatus,
1116 2365 1361 2420 ltumiliat
1411 2383 1466 2420 se
1512 2383 1605 2436 pro
1645 2383 1788 2420 more
1819 2368 1888 2419 ad
1929 2369 2080 2436 pedes

496 2462 687 2514 summi
742 2458 1037 2530 pontiﬁcis,
1096 2457 1186 2510 sed
1236 2459 1415 2510 statim
1464 2457 1528 2510 ab
1576 2459 1687 2526 ipso
1753 2459 1973 2526 erigitur
2013 2460 2081 2513 ad

495 2551 733 2605 csculum
779 2550 917 2618 ejus,
975 2546 1112 2601 etin
1139 2548 1269 2602 sella
1303 2549 1482 2603 sedere
1505 2549 1744 2618 jubetur.
1774 2549 2080 2622 Aderat'ibi

496 2654 692 2698 cuncta
743 2643 1000 2696 Romanae
1047 2642 1196 2696 urbis
1237 2651 1291 2697 et
1342 2643 1508 2696 curiae
1555 2643 1810 2698 nobilitas

493 2728 670 2792 virum
715 2735 932 2790 videndi
983 2735 1257 2789 desiderio
1301 2746 1870 2806 aggregata,cumque
1900 2738 1969 2792 ab
2015 2755 2082 2794 eo

491 2829 734 2902 pontifex
767 2830 978 2884 itineris
1010 2829 1127 2899 ejus
1149 2845 1339 2884 causas
1366 2830 1684 2895 audivisset,
1712 2831 1987 2900 multaque
2026 2833 2077 2886 in

493 2923 613 2994 ejus
665 2921 850 2974 laudes
891 2919 1068 2989 palam
1125 2920 1318 2974 fuisset
1383 2930 1730 2989 persecutus,
1780 2921 1987 2990 plenam
2033 2922 2080 2976 ei

491 3013 877 3072 aubrentionem
919 3012 1183 3082 pollicitus
1229 3021 1336 3078 est,
1372 3023 1482 3066 tum
1514 3013 1787 3067 mandavit
1841 3022 1898 3066 ut
1942 3015 2080 3068 inte-

490 3109 597 3162 riui
632 3109 684 3160 in
713 3105 1064 3160 Lateraneusi
1102 3105 1302 3172 palatio
1329 3119 1512 3158 secum
1544 3105 1628 3158 vir
1651 3115 1872 3160 sanctus
1931 3121 2077 3161 com-
2104 3133 2148 3193 ρ

489 3206 762 3264 maneret,
792 3197 880 3251 ubi
908 3195 1261 3249 subveutionis
1310 3197 1473 3265 ipsius
1523 3197 1762 3265 effectum
1806 3199 2074 3266 praestola-

489 3300 655 3344 retur.
686 3288 906 3343 Interim
937 3286 1147 3341 litteras
1179 3285 1430 3341 Urbanus
1457 3288 1522 3341 ad
1557 3289 1854 3358 Anglorum
1889 3306 2072 3360 regem

486 3382 731 3452 scripsit,
765 3382 906 3451 quod
965 3389 1019 3434 et
1067 3379 1197 3432 fecit
1244 3379 1553 3433 Anselmus.
1605 3380 1677 3433 At
1707 3396 1796 3435 rex
1833 3383 2076 3453 utrisque

487 3475 777 3545 susceptis,
808 3473 1096 3542 nequidein
1125 3473 1289 3541 digito
1315 3460 1529 3542 tangere
1559 3488 1651 3528 eas
1680 3489 1799 3543 quae
1834 3467 2081 3531 Auselmi

486 3577 646 3620 erant
688 3568 941 3637 dignatus
992 3574 1095 3620 est.
1145 3564 1270 3618 Ilaec
1309 3574 1364 3619 ct
1408 3565 1510 3618 alia
1553 3582 1674 3636 qua:
1728 3568 1792 3622 de
1820 3567 2074 3625 Anselmo
2109 3583 2112 3588 '

485 3658 802 3724 referimus,
854 3659 1154 3712 Eadmerus
1194 3656 1312 3726 ejus
1378 3657 1591 3724 socius,
1639 3669 1698 3714 et
1757 3661 1968 3716 itineris
2012 3679 2076 3717 ac

487 3750 738 3806 laborum
768 3765 947 3805 comes
977 3748 1302 3812 individuus,
1330 3751 1420 3818 qui
1457 3751 1620 3804 rebus
1644 3754 1809 3822 gestis
1836 3768 2073 3822 przeseus

487 3841 616 3914 fuit,
660 3841 836 3896 fusius
879 3850 1071 3894 narrat
1117 3839 1170 3893 in
1224 3840 1466 3908 ejusdem
1516 3845 1693 3897 sancti
1745 3842 1890 3910 Vita,
1938 3847 2072 3900 etin

486 3933 646 3991 libris
694 3933 998 3997 Novarum,
1051 3933 1102 3986 in
1155 3933 1352 4002 quibus
1404 3933 1569 3987 multa
1624 3935 1774 4004 plura
1808 3937 1969 3992 habet
2008 3939 2074 3994 de

486 4036 701 4080 somnia
751 4024 1104 4080 veneratione
1153 4040 1272 4093 quae
1317 4025 1366 4080 ei
1420 4026 1488 4080 ab
1538 4027 1792 4081 omnibus
1827 4028 1880 4082 in
1941 4031 2074 4086 urbe

486 4120 869 4176 exhibebatur.
898 4118 968 4172 At
1013 4116 1243 4171 ttedebat
1286 4116 1600 4172 Anselmum
1661 4117 1743 4172 his
1777 4121 2073 4176 honoribus

486 4211 697 4279 excoli;
730 4226 921 4281 quare,
951 4210 1241 4264 transactis
1267 4209 1452 4264 Romae"
1473 4210 1663 4265 diebus
1687 4211 1898 4279 decem,
1931 4213 2071 4268 iuvi-

482 4315 631 4362 tatus
654 4321 682 4360 a
708 4305 918 4381 Joanne
946 4303 1072 4358 olim
1095 4317 1193 4357 suo
1220 4301 1335 4367 ejus
1359 4303 1497 4370 apud
1521 4300 1753 4357 Beccum
1783 4305 2069 4376 discipulo,

482 4405 617 4453 tunc
646 4413 776 4452 vero
806 4395 1001 4449 abbate
1023 4394 1208 4450 Sancti
1241 4392 1544 4448 Salvatoris
1587 4407 1754 4463 prOpe
1796 4394 2068 4451 Telesium

1795 324 1854 380 B.
1900 325 2157 381 UllBA-N‘l
2199 324 2242 378 ll
2273 323 2473 381 ΡΑΡᾸΞ

1869 2653 2079 2701 tantum
2110 2655 2112 2658 ’

3671 323 3764 384 5.56

2367 439 2609 495 CCCXV.
2656 440 2933 510 liogerium
2987 439 3170 493 ducem
3221 439 3333 493 adit
3381 439 3639 510 pontifex.

2265 537 2563 592 Obsidebat
2599 537 2683 590 his
2727 534 3062 606 temporibus
3099 534 3338 603 Capuam
3376 535 3566 589 urbem
3612 535 3764 602 Rose

2197 631 2309 684 rius
2349 630 2457 683 dux
2497 631 2722 699 Apuliae,
2769 629 2883 699 qui,
2918 629 3101 682 audita
3132 628 3275 682 beati
3302 629 3404 682 viri
3455 627 3624 693 fama,
3659 645 3762 685 eum

2195 729 2255 773 ut
2296 721 2362 774 ad
2402 736 2460 775 se
2507 722 2792 775 accederet
2840 721 3107 784 invitavit,
3149 720 3571 789 advenientique
3597 724 3767 777 obvius

2196 812 2398 881 ingenti
2449 811 2710 866 nobilium
2756 812 2911 866 turba
2963 813 3195 879 stipatus
3241 814 3530 880 processit.
3588 812 3765 868 Mansit

2195 916 2314 954 cum
2349 915 2414 955 eo
2437 901 2643 970 aliquot
2675 901 2791 956 dies
2815 902 2897 956 vir
2918 913 3160 964 sanctus,
3193 903 3287 956 sed
3327 904 3518 971 DI‘Olflll
3552 904 3623 958 ab
3651 906 3769 962 aula

2194 992 2424 1060 strepitu
2482 993 2535 1046 in
2591 992 2711 1047 loco
2757 993 3036 1058 solitario,
3092 1007 3257 1062 quem
3314 995 3575 1063 princeps
3629 1001 3677 1051 ei
3720 1005 3768 1052 ut

2195 1085 2421 1149 faveret,
2447 1085 3014 1156 praipararijusserat.
3047 1085 3298 1142 Urbanus
3320 1088 3555 1154 interea,
3591 1105 3659 1143 ne
3680 1089 3766 1145 hoc

2191 1177 2334 1231 bello
2390 1176 2556 1231 italia:
2620 1192 2707 1232 res
2766 1179 3135 1241 turbarentur,
3195 1177 3262 1231 ad
3317 1191 3500 1233 castra
3557 1179 3762 1249 Rogerii

2193 1266 2364 1336 gratia
2398 1267 2544 1336 pacis
2571 1268 2958 1336 componenda:
2987 1269 3151 1322 etiam
3175 1269 3428 1332 accessit,
3452 1283 3624 1338 quam
3658 1285 3764 1324 cum

2196 1366 2322 1410 tunc
2374 1357 2668 1410 conciliare
2736 1373 2840 1411 non
2886 1359 3172 1426 potuisset,
3224 1359 3319 1423 ibi,
3373 1369 3470 1412 aut
3515 1370 3672 1414 certe
3723 1364 3765 1414 in

2191 1449 2410 1513 vicinia,
2438 1453 2513 1503 uti
2553 1450 2850 1504 Eadmerus
2882 1451 3065 1516 habet,
3108 1467 3230 1506 cum
3281 1460 3475 1506 sancto
3518 1454 3767 1507 Auselmo

2192 1558 2364 1612 usque
2416 1544 2483 1597 ad
2547 1544 2698 1598 urbis
2755 1544 3083 1598 deditionem
3133 1558 3420 1599 remanere
3469 1549 3764 1613 constituit,

2191 1632 2317 1686 dum
2353 1634 2468 1688 haec
2514 1634 2742 1690 discidia
2777 1634 2990 1690 facilius
3027 1636 3276 1705 componi
3317 1647 3567 1706 possent.
3605 1639 3765 1696 0rde-

2192 1725 2337 1780 ricus
2368 1725 2507 1780 libro
2538 1741 2571 1778 x
2602 1727 2984 1796 compendiose
3011 1727 3252 1780 Anselmi
3277 1737 3429 1797 gesta
3469 1730 3765 1798 replicans.

2188 1816 2381 1870 scribit
2427 1831 2550 1871 eum
2608 1817 2661 1871 in
2718 1817 2909 1887 Apulia
2947 1817 3224 1873 Urbanum
3266 1820 3564 1886 invenisse,
3617 1831 3766 1891 atque

2187 1923 2307 1962 cum
2346 1923 2410 1961 eo
2453 1909 2684 1963 concilio
2724 1908 2944 1963 Bareusi
2977 1908 3312 1974 interfuisse,
3356 1926 3420 1965 ac
3459 1912 3609 1980 apud
3650 1912 3767 1966 Cla-

2187 2007 2551 2053 ruunnontem
2609 2013 2827 2053 crucem
2883 2000 3095 2055 Domini
3152 2003 3501 2070 prtcdicasse.
3532 2003 3638 2058 Sed
3697 2018 3768 2059 res

2186 2089 2256 2145 ibi
2289 2106 2352 2144 ac
2400 2100 2642 2160 tempora
2674 2093 2958 2148 confundit
3001 2089 3192 2149 auctor
3229 2096 3430 2166 alioqui
3487 2109 3766 2151 accuratus

2183 2190 2238 2236 et
2283 2183 2545 2253 diligens,
2601 2185 2693 2254 qui
2766 2185 2999 2242 lectores
3055 2187 3123 2241 ad
3194 2188 3524 2244 Eadmerum
3587 2192 3768 2246 merito

2185 2277 2431 2340 remittit,
2465 2277 2516 2330 in
2547 2279 2650 2332 hoc
2693 2279 2862 2334 multo
2901 2281 3073 2349 magis
3107 2281 3429 2346 audiendus,
3463 2297 3629 2352 quam
3656 2297 3766 2340 cre-

2184 2368 2393 2422 dendus
2418 2369 2469 2422 in
2505 2369 2570 2422 iis
2614 2385 2733 2438 quae
2765 2372 2993 2439 ipsemet
3027 2387 3090 2426 ea
3124 2373 3191 2426 de
3236 2387 3295 2426 re
3332 2381 3678 2428 narraverat.
3711 2375 3766 2427 At

2183 2455 2490 2512 Gaufredus
2528 2457 2832 2521 Malaterra,
2877 2470 3066 2514 auctor
3108 2458 3226 2524 eius
3253 2463 3539 2529 temporis,
3586 2464 3676 2532 qui
3720 2472 3763 2518 et

2185 2548 2301 2617 ipse
2331 2547 2492 2603 rebus
2519 2550 2702 2616 gestis
2725 2565 2962 2619 praesens
3007 2549 3216 2617 aderat,
3259 2551 3432 2608 refert
3473 2553 3762 2618 Urbanum,

2183 2655 2304 2693 cum
2333 2639 2465 2694 nihil
2499 2641 2549 2693 in
2581 2639 2795 2710 llogerii
2825 2643 3020 2696 castris
3051 2642 3364 2717 proficeret,
3407 2645 3766 2700 ecclesiastici:

2183 2732 2402 2803 negotiis
2441 2733 2717 2803 plusquam
2742 2735 3212 2798 expeditionalibus
3237 2740 3456 2807 negotiis
3481 2741 3761 2803 intentum,

2183 2824 2432 2877 tolalibus
2475 2825 2788 2878 tumultibus
2827 2837 2995 2880 mente
3018 2827 3312 2889 declinatis,
3357 2829 3487 2883 data
3520 2831 3765 2901 principi-

2182 2913 2303 2978 bus,
2329 2929 2452 2968 nam
2477 2915 2547 2968 ibi
2577 2915 2839 2985 ltogerius
2868 2925 3094 2985 uterque
3122 2933 3244 2972 cum
3275 2919 3556 2975 Richardo
3578 2921 3763 2990 Capua

2180 3007 2427 3076 principe
2453 3005 2702 3072 aderant,
2731 3017 2784 3062 et
2813 3009 2960 3063 omni
2991 3009 3254 3063 exercitui
3288 3011 3589 3079 apostolica
3614 3013 3762 3074 bene-

2181 3099 2442 3164 dictione,
2495 3098 2862 3155 Bcneventum
2922 3102 3240 3168 secessiss",
3281 3103 3468 3173 ibique
3520 3119 3761 3174 perseve-

2179 3203 2330 3244 rasse
2360 3191 2425 3243 ad
2459 3189 2686 3244 solutam
2706 3191 2903 3259 Capua:
2925 3191 3288 3247 obsidionem.

2476 3302 2748 3357 CCCXVI.
2788 3292 3136 3357 Beneventum
3164 3321 3218 3358 sc
3250 3307 3453 3375 recipit.

2245 3396 2408 3450 Forte
2455 3396 2694 3464 pontifex
2757 3403 2998 3464 tempore
3052 3395 3212 3465 hujus
3259 3396 3587 3461 obsidionis,
3643 3412 3756 3451 cum

2177 3487 2322 3558 nulla
2364 3485 2512 3556 pacis
2551 3486 2936 3554 componemhe
2985 3501 3110 3555 spes
3148 3484 3451 3553 affulgeret,
3483 3485 3754 3542 Beneven-

2177 3586 2307 3638 tum,
2361 3593 2482 3646 qua:
2529 3579 2679 3639 urbs,
2741 3587 2798 3630 ut
2867 3577 3008 3630 idem
3064 3586 3258 3632 auctor
3309 3577 3592 3643 observat,
3646 3589 3752 3633 erat

2176 3668 2398 3721 ditionis
2453 3668 2782 3735 apostolicae,
2847 3668 3000 3733 adiit,
3056 3683 3121 3722 ac
3190 3670 3541 3737 postmodum
3607 3681 3752 3738 capt:

2177 3754 2354 3828 Ciipua
2385 3762 2449 3814 a.l
2474 3759 2764 3829 Roget-ium
2800 3776 3050 3816 reversus
3079 3773 3178 3816 est.
3207 3760 3366 3817 Certe
3392 3761 3750 3817 Beneventum

2176 3850 2326 3904 hisee
2358 3849 2689 3918 temporibus
2720 3865 2775 3903 se
2801 3850 3048 3903 inrisisse
3076 3851 3247 3904 innuit
3283 3852 3399 3920 ipse
3434 3851 3686 3908 Urbanus
3705 3853 3748 3905 iu

2175 3939 2399 4010 epistola
2436 3941 2500 3992 ad
2545 3941 2815 3994 Ansoueiu
2859 3939 2977 4008 ejus
3009 3940 3156 3994 urbis
3214 3941 3521 4007 domitium,
3579 3958 3750 3998 mense

2174 4030 2462 4086 Novembri
2493 4040 2751 4099 sequente
2781 4031 3004 4101 scripta,
3038 4031 3103 4085 de
3130 4048 3234 4101 qua
3258 4031 3485 4086 inferius
3508 4049 3744 4104 agemus;

2174 4137 2280 4190 qua
2309 4121 2522 4190 quidem
2560 4107 2848 4176 occasione
2892 4121 3133 4192 pontifex
3164 4123 3439 4177 Ansonem
3470 4125 3525 4178 in
3554 4125 3743 4195 princi-

2173 4223 2303 4286 patu
2345 4214 2739 4270 Beneventum:
2793 4215 2942 4272 urbis
2994 4216 3357 4284 confirmavit,
3397 4235 3509 4288 quo
3549 4219 3744 4275 nonnisi

2175 4318 2293 4378 post
2323 4323 2495 4361 annos
2523 4317 2629 4361 tres
2667 4323 2697 4361 a
2749 4299 2996 4362 Paschali
3027 4308 3070 4361 ll
3109 4319 3300 4363 exutus
3345 4319 3448 4375 est,
3483 4312 3560 4364 uti
3595 4312 3742 4365 fusius

2174 4401 2396 4471 exponit
2418 4401 2765 4472 l’ercgrinius
2793 4403 2947 4455 initio
2974 4402 3402 4473 Castigationum
3431 4406 3499 4458 ad
3532 4404 3741 4459 Chronio

479 4491 672 4545 urbem
715 4491 767 4544 in
818 4486 1273 4552 Terra-Laboris,
1321 4487 1387 4541 ad
1435 4501 1556 4540 eum
1596 4488 1836 4552 diverlit,
1889 4506 1916 4542 a
1958 4505 2064 4559 quo
2097 4485 2293 4548 Deum
2346 4491 2615 4548 Falconis.
2671 4492 2926 4562 Ejusdem
2989 4493 3198 4548 itineris
3246 4494 3562 4549 meminisse
3598 4498 3738 4550 etiam

480 4583 752 4637 ductusin
782 4571 962 4635 villam
989 4578 1072 4634 sui
1126 4580 1460 4646 monasterii,
1506 4579 1728 4635 nomine
1767 4579 2061 4648 Sciaviam,

477 4672 536 4727 in
567 4673 747 4728 vicino
773 4681 960 4726 monte
986 4670 1166 4735 sitam,
1198 4669 1511 4738 aliquandiu
1542 4672 1615 4726 ibi
1654 4671 1818 4724 vitam
1846 4686 1875 4724 a
1900 4675 2064 4728 curiae

477 4765 798 4820 tumultibus
820 4761 1046 4818 ouuiino
1067 4762 1360 4818 immunem
1386 4763 1565 4828 duxit,
1589 4765 1869 4821 exercitiis
1904 4766 2063 4836 spiri-

477 4854 678 4910 talibus
720 4856 1063 4926 potissimum
1109 4854 1390 4918 addictus,
1443 4864 1496 4910 et
1543 4856 1721 4910 studio
1780 4873 2059 4913 sacrarmn

477 4960 682 5001 rerum.
736 4947 849 5003 l-loc
896 4949 1008 5002 otio
1053 4948 1256 5017 optime
1303 4963 1432 5001 usus
1467 4947 1755 5004 AuSchuus
1783 4953 2056 5021 egregium

475 5053 636 5108 opus,
683 5047 825 5109 quod
866 5040 1183 5110 jamdudum
1217 5039 1270 5093 in
1311 5039 1502 5107 Anglia
1550 5041 1922 5110 inchoaverat,
1960 5045 2060 5100 sub

474 5129 636 5184 titulo
667 5129 772 5184 Cur
806 5131 946 5185 Deus
984 5133 1160 5197 homo,
1211 5131 1426 5202 penitus
1478 5133 1729 5187 absolvit.
1761 5135 1895 5189 Cum
1930 5151 2058 5191 vero

473 5222 548 5277 ibi
574 5223 797 5292 penuria
827 5232 968 5278 esset
996 5240 1168 5293 aquae,
1195 5223 1399 5278 fontem
1452 5225 1632 5279 vivum
1664 5227 1775 5282 suis
1805 5231 2057 5296 precibus

473 5330 502 5365 a
549 5313 659 5368 Deo
709 5314 1007 5372 obtinuisse
1052 5315 1268 5382 dicitur,
1317 5316 1460 5385 quod
1505 5317 1824 5372 miraculum
1865 5319 2056 5376 Petrus

470 5404 722 5460 Divensis
770 5421 894 5461 cum
943 5407 1232 5474 aliquando
1272 5410 1429 5464 Becci
1471 5410 1857 5480 hospitaretur,
1913 5415 2054 5469 inter

471 5496 579 5555 alia
628 5496 745 5566 ejus
791 5506 943 5570 gesta
992 5501 1268 5567 versibus,
1305 5518 1442 5572 quos
1499 5503 1792 5575 aliquando
1841 5506 1896 5561 in
1947 5523 2048 5562 ms.

466 5589 657 5644 codice
713 5591 966 5664 legimus,
1015 5592 1148 5647 satis
1202 5593 1481 5665 eleganter
1531 5611 1629 5665 pro
1673 5606 1912 5669 tempore
1955 5615 2048 5655 ex-

463 5683 682 5752 pressit.

2169 4585 2382 4640 videtur
2413 4583 2663 4640 Urbanus
2699 4586 2811 4656 ipse
2841 4585 2894 4639 iu
2921 4587 3185 4656 rescripto
3211 4588 3279 4640 ad
3311 4585 3635 4643 Casinenses
3655 4591 3738 4643 hoc

2168 4695 2310 4735 anno
2333 4689 2566 4736 exeunte
2586 4679 2713 4735 dato
2737 4681 2997 4735 adversus
3025 4681 3370 4751 Cinglensem
3397 4685 3732 4745 abbatissam,

2167 4788 2288 4826 cum
2318 4774 2394 4826 ait
2424 4773 2573 4827 litem
2623 4790 2742 4842 qua:
2777 4775 2915 4827 inter
2944 4774 3085 4828 hanc
3113 4773 3443 4840 abbatissam
3477 4785 3537 4830 et
3566 4775 3735 4832 Oderi-

2165 4863 2305 4918 sium
2331 4863 2511 4919 Casini
2543 4865 2794 4919 abbatem
2829 4865 3156 4930 vertebatur,
3192 4881 3250 4920 se
3275 4865 3440 4919 Roma
3469 4885 3503 4936 p
3537 4885 3565 4921 ο
3591 4865 3734 4920 eccle-

2162 4955 2388 5008 siasticis
2415 4955 2588 5008 causis
2618 4971 2881 5025 egressum
2908 4957 2960 5007 in
2991 4947 3258 5025 utriusque
3282 4957 3453 5024 partis
3473 4955 3731 5028 praet-nia

2161 5051 2445 5099 tractasse.
2499 5045 2611 5100 lloc
2666 5048 3020 5114 reScriptum,
3083 5047 3225 5101 sicut
3278 5057 3331 5101 et
3373 5040 3622 5118 epistola
3671 5047 3732 5098 ad.

2157 5133 2458 5198 Ausouem,
2511 5152 2610 5191 suo
2671 5139 2860 5192 ordine
2918 5142 3019 5191 sub
3077 5137 3246 5192 finem.
3291 5138 3454 5209 hujus
3511 5140 3632 5193 anni
3680 5138 3730 5190 iu.

2157 5238 2348 5282 nostra
2373 5227 2690 5282 collectione
2713 5227 2962 5281 habetur.
2988 5227 3154 5282 Porro
3179 5227 3377 5297 Capua:
3407 5230 3720 5284 obsidionem

2157 5323 2339 5394 Lupus
2387 5322 2731 5392 Protospata,
2788 5320 3090 5392 anonymus
3138 5313 3490 5390 CaslnCIISlS,
3539 5335 3589 5376 et
3641 5317 3717 5372 aLi

2156 5424 2405 5469 auctores
2449 5426 2902 5479 commemorant,
2947 5413 3040 5469 sed
3074 5416 3236 5470 variis
3266 5416 3428 5470 annis
3460 5415 3528 5471 ob
3558 5414 3713 5467 diver-

2155 5522 2271 5566 sam
2303 5507 2370 5560 ab
2408 5507 2472 5560 iis
2502 5507 2800 5561 adhibitam
2844 5495 3190 5578 computandi
3227 5509 3517 5572 rationem,
3551 5505 3641 5559 nisi
3670 5502 3716 5555 id

2154 5595 2498 5653 librariorum
2531 5593 2726 5651 errore
2760 5599 3025 5664 evenerit,
3070 5608 3128 5654 ut
3169 5600 3354 5657 videre
3384 5611 3470 5656 est
3497 5599 3547 5653 in
3576 5597 3715 5652 Perc-

2154 5671 2312 5759 grinii
2340 5687 2820 5760 (Iastigationibus.

3890 555 3892 658 ι

3889 1105 3892 1251 l
