  <div class='ocr_page' id='page_1' title='image "/cluster/home/n/w/nwhite01/storage/ocr_20150623/151/hvd.32044015473796/124.png"; bbox 0 0 3892 6320; ppageno 0'>
   <div class='ocr_carea' id='block_1_1' title="bbox 96 374 189 429">
    <p class='ocr_par' dir='ltr' id='par_1_1' title="bbox 96 374 189 429">
     <span class='ocr_line' id='line_1_1' title="bbox 96 374 189 429; baseline -0.022 0"><span class='ocrx_word' id='word_1_1' title='bbox 96 374 189 429; x_wconf 78' lang='lat'><strong>257</strong></span> 
     </span>
    </p>
   </div>
   <div class='ocr_carea' id='block_1_2' title="bbox 246 477 1620 573">
    <p class='ocr_par' dir='ltr' id='par_1_2' title="bbox 246 477 1620 573">
     <span class='ocr_line' id='line_1_2' title="bbox 246 477 1620 573; baseline -0.001 -32"><span class='ocrx_word' id='word_1_2' title='bbox 246 484 533 541; x_wconf 70' lang='lat' dir='ltr'><strong>CCCXV’II.</strong></span> <span class='ocrx_word' id='word_1_3' title='bbox 575 484 850 565; x_wconf 69' lang='lat' dir='ltr'><strong>Anselmus</strong></span> <span class='ocrx_word' id='word_1_4' title='bbox 883 485 1052 565; x_wconf 62' lang='lat' dir='ltr'><strong>sedent</strong></span> <span class='ocrx_word' id='word_1_5' title='bbox 1095 477 1349 540; x_wconf 71' lang='lat' dir='ltr'><strong>dimittere</strong></span> <span class='ocrx_word' id='word_1_6' title='bbox 1402 502 1504 565; x_wconf 76' lang='lat' dir='ltr'><strong>non</strong></span> 
     </span>
    </p>
   </div>
   <div class='ocr_carea' id='block_1_3' title="bbox 687 565 1615 624">
    <p class='ocr_par' dir='ltr' id='par_1_3' title="bbox 687 565 1615 624">
     <span class='ocr_line' id='line_1_3' title="bbox 687 565 1615 624; baseline 0.003 -16"><span class='ocrx_word' id='word_1_7' title='bbox 687 565 1022 624; x_wconf 79' lang='lat' dir='ltr'><strong>permittitur.</strong></span> <span class='ocrx_word' id='word_1_8' title='bbox 1574 565 1615 587; x_wconf 44' lang='grc' dir='ltr'><strong>θ’</strong></span> 
     </span>
    </p>
   </div>
   <div class='ocr_carea' id='block_1_4' title="bbox 150 666 1646 734">
    <p class='ocr_par' dir='ltr' id='par_1_4' title="bbox 150 666 1646 734">
     <span class='ocr_line' id='line_1_4' title="bbox 150 666 1646 734; baseline -0.003 -11"><span class='ocrx_word' id='word_1_9' title='bbox 150 668 445 724; x_wconf 82' lang='lat' dir='ltr'><strong>Eadmerns</strong></span> <span class='ocrx_word' id='word_1_10' title='bbox 500 674 677 720; x_wconf 89' lang='lat' dir='ltr'><strong>autem</strong></span> <span class='ocrx_word' id='word_1_11' title='bbox 719 666 908 720; x_wconf 75' lang='lat' dir='ltr'><strong>scribit</strong></span> <span class='ocrx_word' id='word_1_12' title='bbox 960 666 1272 720; x_wconf 87' lang='lat' dir='ltr'><strong>Anselmum</strong></span> <span class='ocrx_word' id='word_1_13' title='bbox 1310 666 1490 720; x_wconf 89' lang='lat' dir='ltr'><strong>statim</strong></span> <span class='ocrx_word' id='word_1_14' title='bbox 1523 673 1646 734; x_wconf 90' lang='lat' dir='ltr'><strong>post</strong></span> 
     </span>
    </p>
   </div>
   <div class='ocr_carea' id='block_1_5' title="bbox 87 754 1645 824">
    <p class='ocr_par' dir='ltr' id='par_1_5' title="bbox 87 754 1645 824">
     <span class='ocr_line' id='line_1_5' title="bbox 87 754 1645 824; baseline -0.004 -11"><span class='ocrx_word' id='word_1_15' title='bbox 87 758 304 813; x_wconf 78' lang='lat' dir='ltr'><strong>solutam</strong></span> <span class='ocrx_word' id='word_1_16' title='bbox 368 756 565 824; x_wconf 66' lang='lat' dir='ltr'><strong>Capuae</strong></span> <span class='ocrx_word' id='word_1_17' title='bbox 615 754 951 809; x_wconf 85' lang='lat' dir='ltr'><strong>obsidionem</strong></span> <span class='ocrx_word' id='word_1_18' title='bbox 1010 754 1169 807; x_wconf 89' lang='lat' dir='ltr'><strong>simul</strong></span> <span class='ocrx_word' id='word_1_19' title='bbox 1236 770 1359 808; x_wconf 91' lang='lat' dir='ltr'><strong>cum</strong></span> <span class='ocrx_word' id='word_1_20' title='bbox 1429 754 1645 808; x_wconf 86' lang='lat' dir='ltr'><strong>Urbano</strong></span> 
     </span>
    </p>
   </div>
   <div class='ocr_carea' id='block_1_6' title="bbox 88 842 1643 911">
    <p class='ocr_par' dir='ltr' id='par_1_6' title="bbox 88 842 1643 911">
     <span class='ocr_line' id='line_1_6' title="bbox 88 842 1643 911; baseline -0.003 -13"><span class='ocrx_word' id='word_1_21' title='bbox 88 849 331 898; x_wconf 73' lang='lat' dir='ltr'><strong>Aversam</strong></span> <span class='ocrx_word' id='word_1_22' title='bbox 360 844 600 911; x_wconf 82' lang='lat' dir='ltr'><strong>petiisse,</strong></span> <span class='ocrx_word' id='word_1_23' title='bbox 642 843 730 896; x_wconf 89' lang='lat' dir='ltr'><strong>ubi</strong></span> <span class='ocrx_word' id='word_1_24' title='bbox 765 843 1005 911; x_wconf 74' lang='lat' dir='ltr'><strong>pontifex</strong></span> <span class='ocrx_word' id='word_1_25' title='bbox 1047 843 1099 895; x_wconf 91' lang='lat' dir='ltr'><strong>in</strong></span> <span class='ocrx_word' id='word_1_26' title='bbox 1132 844 1245 911; x_wconf 88' lang='lat' dir='ltr'><strong>ipsa</strong></span> <span class='ocrx_word' id='word_1_27' title='bbox 1274 842 1425 907; x_wconf 83' lang='lat' dir='ltr'><strong>urbe,</strong></span> <span class='ocrx_word' id='word_1_28' title='bbox 1450 842 1643 897; x_wconf 84' lang='lat' dir='ltr'><strong>Ansel-</strong></span> 
     </span>
    </p>
   </div>
   <div class='ocr_carea' id='block_1_7' title="bbox 90 930 1643 989">
    <p class='ocr_par' dir='ltr' id='par_1_7' title="bbox 90 930 1643 989">
     <span class='ocr_line' id='line_1_7' title="bbox 90 930 1643 989; baseline -0.003 0"><span class='ocrx_word' id='word_1_29' title='bbox 90 948 197 989; x_wconf 84' lang='lat' dir='ltr'><strong>mus</strong></span> <span class='ocrx_word' id='word_1_30' title='bbox 229 947 358 986; x_wconf 84' lang='lat' dir='ltr'><strong>vero</strong></span> <span class='ocrx_word' id='word_1_31' title='bbox 405 933 459 986; x_wconf 90' lang='lat' dir='ltr'><strong>in</strong></span> <span class='ocrx_word' id='word_1_32' title='bbox 508 932 685 986; x_wconf 86' lang='lat' dir='ltr'><strong>vicino</strong></span> <span class='ocrx_word' id='word_1_33' title='bbox 748 930 934 986; x_wconf 77' lang='lat' dir='ltr'><strong>Sancti</strong></span> <span class='ocrx_word' id='word_1_34' title='bbox 986 931 1257 986; x_wconf 76' lang='lat' dir='ltr'><strong>Laurentii</strong></span> <span class='ocrx_word' id='word_1_35' title='bbox 1316 932 1643 985; x_wconf 89' lang='lat' dir='ltr'><strong>monasterio</strong></span> 
     </span>
    </p>
   </div>
   <div class='ocr_carea' id='block_1_8' title="bbox 88 1021 1643 1091">
    <p class='ocr_par' dir='ltr' id='par_1_8' title="bbox 88 1021 1643 1091">
     <span class='ocr_line' id='line_1_8' title="bbox 88 1021 1643 1091; baseline -0.002 -14"><span class='ocrx_word' id='word_1_36' title='bbox 88 1023 277 1077; x_wconf 81' lang='lat' dir='ltr'><strong>ordinis</strong></span> <span class='ocrx_word' id='word_1_37' title='bbox 306 1022 479 1076; x_wconf 80' lang='lat' dir='ltr'><strong>nostri</strong></span> <span class='ocrx_word' id='word_1_38' title='bbox 504 1022 809 1091; x_wconf 89' lang='lat' dir='ltr'><strong>hospitatus</strong></span> <span class='ocrx_word' id='word_1_39' title='bbox 849 1030 953 1076; x_wconf 89' lang='lat' dir='ltr'><strong>est.</strong></span> <span class='ocrx_word' id='word_1_40' title='bbox 981 1021 1115 1076; x_wconf 90' lang='lat' dir='ltr'><strong>Cum</strong></span> <span class='ocrx_word' id='word_1_41' title='bbox 1150 1037 1277 1075; x_wconf 88' lang='lat' dir='ltr'><strong>vero</strong></span> <span class='ocrx_word' id='word_1_42' title='bbox 1306 1022 1375 1075; x_wconf 89' lang='lat' dir='ltr'><strong>ibi</strong></span> <span class='ocrx_word' id='word_1_43' title='bbox 1413 1022 1643 1089; x_wconf 87' lang='lat' dir='ltr'><strong>quadam</strong></span> 
     </span>
    </p>
   </div>
   <div class='ocr_carea' id='block_1_9' title="bbox 88 1109 1645 1179">
    <p class='ocr_par' dir='ltr' id='par_1_9' title="bbox 88 1109 1645 1179">
     <span class='ocr_line' id='line_1_9' title="bbox 88 1109 1645 1179; baseline -0.002 -13"><span class='ocrx_word' id='word_1_44' title='bbox 88 1110 164 1166; x_wconf 89' lang='lat' dir='ltr'><strong>die</strong></span> <span class='ocrx_word' id='word_1_45' title='bbox 194 1110 482 1165; x_wconf 86' lang='lat' dir='ltr'><strong>Anselmus</strong></span> <span class='ocrx_word' id='word_1_46' title='bbox 522 1126 552 1164; x_wconf 91' lang='lat' dir='ltr'><strong>a</strong></span> <span class='ocrx_word' id='word_1_47' title='bbox 588 1111 843 1179; x_wconf 82' lang='lat' dir='ltr'><strong>pontiﬁce</strong></span> <span class='ocrx_word' id='word_1_48' title='bbox 870 1109 1167 1179; x_wconf 88' lang='lat' dir='ltr'><strong>postularet</strong></span> <span class='ocrx_word' id='word_1_49' title='bbox 1195 1119 1250 1162; x_wconf 91' lang='lat' dir='ltr'><strong>ut</strong></span> <span class='ocrx_word' id='word_1_50' title='bbox 1272 1110 1393 1174; x_wconf 88' lang='lat' dir='ltr'><strong>sibi,</strong></span> <span class='ocrx_word' id='word_1_51' title='bbox 1426 1110 1645 1163; x_wconf 90' lang='lat' dir='ltr'><strong>dimisso</strong></span> 
     </span>
    </p>
   </div>
   <div class='ocr_carea' id='block_1_10' title="bbox 87 1203 1642 1274">
    <p class='ocr_par' dir='ltr' id='par_1_10' title="bbox 87 1203 1642 1274">
     <span class='ocr_line' id='line_1_10' title="bbox 87 1203 1642 1274; baseline -0.002 -17"><span class='ocrx_word' id='word_1_52' title='bbox 87 1205 409 1274; x_wconf 81' lang='lat' dir='ltr'><strong>episcopatu,</strong></span> <span class='ocrx_word' id='word_1_53' title='bbox 469 1204 679 1273; x_wconf 89' lang='lat' dir='ltr'><strong>privato</strong></span> <span class='ocrx_word' id='word_1_54' title='bbox 724 1203 915 1257; x_wconf 83' lang='lat' dir='ltr'><strong>liceret</strong></span> <span class='ocrx_word' id='word_1_55' title='bbox 948 1203 1004 1257; x_wconf 80' lang='lat' dir='ltr'><strong>in</strong></span> <span class='ocrx_word' id='word_1_56' title='bbox 1047 1203 1376 1257; x_wconf 72' lang='lat' dir='ltr'><strong>monasterio</strong></span> <span class='ocrx_word' id='word_1_57' title='bbox 1426 1203 1642 1270; x_wconf 82' lang='lat' dir='ltr'><strong>degere,</strong></span> 
     </span>
    </p>
   </div>
   <div class='ocr_carea' id='block_1_11' title="bbox 86 1293 1646 1357">
    <p class='ocr_par' dir='ltr' id='par_1_11' title="bbox 86 1293 1646 1357">
     <span class='ocr_line' id='line_1_11' title="bbox 86 1293 1646 1357; baseline 0.001 -9"><span class='ocrx_word' id='word_1_58' title='bbox 86 1310 182 1349; x_wconf 88' lang='lat' dir='ltr'><strong>non</strong></span> <span class='ocrx_word' id='word_1_59' title='bbox 207 1296 375 1349; x_wconf 90' lang='lat' dir='ltr'><strong>solum</strong></span> <span class='ocrx_word' id='word_1_60' title='bbox 405 1309 513 1348; x_wconf 90' lang='lat' dir='ltr'><strong>non</strong></span> <span class='ocrx_word' id='word_1_61' title='bbox 546 1295 776 1349; x_wconf 88' lang='lat' dir='ltr'><strong>assensit</strong></span> <span class='ocrx_word' id='word_1_62' title='bbox 798 1293 1066 1357; x_wconf 77' lang='lat' dir='ltr'><strong>Urbanus,</strong></span> <span class='ocrx_word' id='word_1_63' title='bbox 1091 1295 1183 1348; x_wconf 91' lang='lat' dir='ltr'><strong>sed</strong></span> <span class='ocrx_word' id='word_1_64' title='bbox 1210 1295 1371 1348; x_wconf 86' lang='lat' dir='ltr'><strong>etiam</strong></span> <span class='ocrx_word' id='word_1_65' title='bbox 1399 1294 1445 1347; x_wconf 89' lang='lat' dir='ltr'><strong>ei</strong></span> <span class='ocrx_word' id='word_1_66' title='bbox 1471 1295 1646 1349; x_wconf 87' lang='lat' dir='ltr'><strong>acrio-</strong></span> 
     </span>
    </p>
   </div>
   <div class='ocr_carea' id='block_1_12' title="bbox 89 1382 1648 1451">
    <p class='ocr_par' dir='ltr' id='par_1_12' title="bbox 89 1382 1648 1451">
     <span class='ocr_line' id='line_1_12' title="bbox 89 1382 1648 1451; baseline -0.001 -15"><span class='ocrx_word' id='word_1_67' title='bbox 89 1384 223 1437; x_wconf 83' lang='lat' dir='ltr'><strong>ribus</strong></span> <span class='ocrx_word' id='word_1_68' title='bbox 264 1382 444 1437; x_wconf 83' lang='lat' dir='ltr'><strong>verbis</strong></span> <span class='ocrx_word' id='word_1_69' title='bbox 492 1385 820 1451; x_wconf 87' lang='lat' dir='ltr'><strong>reprehenso</strong></span> <span class='ocrx_word' id='word_1_70' title='bbox 848 1383 899 1436; x_wconf 88' lang='lat' dir='ltr'><strong>in</strong></span> <span class='ocrx_word' id='word_1_71' title='bbox 934 1384 1131 1437; x_wconf 87' lang='lat' dir='ltr'><strong>virtute</strong></span> <span class='ocrx_word' id='word_1_72' title='bbox 1158 1384 1475 1437; x_wconf 82' lang='lat' dir='ltr'><strong>obedientiae</strong></span> <span class='ocrx_word' id='word_1_73' title='bbox 1510 1400 1648 1451; x_wconf 72' lang='lat' dir='ltr'><strong>pra:-</strong></span> 
     </span>
    </p>
   </div>
   <div class='ocr_carea' id='block_1_13' title="bbox 86 1474 1643 1544">
    <p class='ocr_par' dir='ltr' id='par_1_13' title="bbox 86 1474 1643 1544">
     <span class='ocr_line' id='line_1_13' title="bbox 86 1474 1643 1544; baseline -0.001 -14"><span class='ocrx_word' id='word_1_74' title='bbox 86 1474 214 1542; x_wconf 85' lang='lat' dir='ltr'><strong>cepit</strong></span> <span class='ocrx_word' id='word_1_75' title='bbox 262 1483 320 1525; x_wconf 89' lang='lat' dir='ltr'><strong>ut</strong></span> <span class='ocrx_word' id='word_1_76' title='bbox 369 1488 441 1527; x_wconf 88' lang='lat' dir='ltr'><strong>ne</strong></span> <span class='ocrx_word' id='word_1_77' title='bbox 489 1490 723 1542; x_wconf 83' lang='lat' dir='ltr'><strong>unquam</strong></span> <span class='ocrx_word' id='word_1_78' title='bbox 773 1476 1052 1529; x_wconf 88' lang='lat' dir='ltr'><strong>commissi</strong></span> <span class='ocrx_word' id='word_1_79' title='bbox 1084 1476 1261 1544; x_wconf 78' lang='lat' dir='ltr'><strong>gregis</strong></span> <span class='ocrx_word' id='word_1_80' title='bbox 1288 1491 1473 1529; x_wconf 90' lang='lat' dir='ltr'><strong>curam</strong></span> <span class='ocrx_word' id='word_1_81' title='bbox 1505 1474 1643 1541; x_wconf 84' lang='lat' dir='ltr'><strong>abji-</strong></span> 
     </span>
    </p>
   </div>
   <div class='ocr_carea' id='block_1_14' title="bbox 86 1561 1643 1634">
    <p class='ocr_par' dir='ltr' id='par_1_14' title="bbox 86 1561 1643 1634">
     <span class='ocr_line' id='line_1_14' title="bbox 86 1561 1643 1634; baseline 0 -15"><span class='ocrx_word' id='word_1_82' title='bbox 86 1572 235 1619; x_wconf 87' lang='lat' dir='ltr'><strong>ceret.</strong></span> <span class='ocrx_word' id='word_1_83' title='bbox 290 1561 467 1617; x_wconf 82' lang='lat' dir='ltr'><strong>Verba</strong></span> <span class='ocrx_word' id='word_1_84' title='bbox 521 1565 637 1632; x_wconf 88' lang='lat' dir='ltr'><strong>ipsa</strong></span> <span class='ocrx_word' id='word_1_85' title='bbox 707 1564 979 1633; x_wconf 86' lang='lat' dir='ltr'><strong>pontificis</strong></span> <span class='ocrx_word' id='word_1_86' title='bbox 1034 1565 1139 1618; x_wconf 91' lang='lat' dir='ltr'><strong>huc</strong></span> <span class='ocrx_word' id='word_1_87' title='bbox 1202 1564 1407 1619; x_wconf 89' lang='lat' dir='ltr'><strong>referre</strong></span> <span class='ocrx_word' id='word_1_88' title='bbox 1468 1565 1643 1634; x_wconf 80' lang='lat' dir='ltr'><strong>juvat.</strong></span> 
     </span>
    </p>
   </div>
   <div class='ocr_carea' id='block_1_15' title="bbox 90 1657 1647 1729">
    <p class='ocr_par' dir='ltr' id='par_1_15' title="bbox 90 1657 1647 1729">
     <span class='ocr_line' id='line_1_15' title="bbox 90 1657 1647 1729; baseline 0.004 -22"><span class='ocrx_word' id='word_1_89' title='bbox 90 1658 291 1719; x_wconf 68' lang='lat' dir='ltr'><strong>«Audit,</strong></span> <span class='ocrx_word' id='word_1_90' title='bbox 324 1657 502 1725; x_wconf 86' lang='lat' dir='ltr'><strong>inquit</strong></span> <span class='ocrx_word' id='word_1_91' title='bbox 528 1658 619 1712; x_wconf 91' lang='lat' dir='ltr'><strong>ille</strong></span> <span class='ocrx_word' id='word_1_92' title='bbox 648 1668 857 1722; x_wconf 86' lang='lat' dir='ltr'><strong>auctor,</strong></span> <span class='ocrx_word' id='word_1_93' title='bbox 884 1674 1019 1727; x_wconf 87' lang='lat' dir='ltr'><strong>papa</strong></span> <span class='ocrx_word' id='word_1_94' title='bbox 1043 1661 1183 1728; x_wconf 93' lang='lat' dir='ltr'><strong>quod</strong></span> <span class='ocrx_word' id='word_1_95' title='bbox 1212 1660 1297 1712; x_wconf 90' lang='lat' dir='ltr'><strong>ille</strong></span> <span class='ocrx_word' id='word_1_96' title='bbox 1324 1660 1647 1729; x_wconf 76' lang='lat' dir='ltr'><strong>postulat,et</strong></span> 
     </span>
    </p>
   </div>
   <div class='ocr_carea' id='block_1_16' title="bbox 88 1750 1638 1822">
    <p class='ocr_par' dir='ltr' id='par_1_16' title="bbox 88 1750 1638 1822">
     <span class='ocr_line' id='line_1_16' title="bbox 88 1750 1638 1822; baseline 0.002 -19"><span class='ocrx_word' id='word_1_97' title='bbox 88 1751 213 1805; x_wconf 81' lang='lat' dir='ltr'><strong>illico</strong></span> <span class='ocrx_word' id='word_1_98' title='bbox 241 1750 468 1804; x_wconf 86' lang='lat' dir='ltr'><strong>miratus</strong></span> <span class='ocrx_word' id='word_1_99' title='bbox 497 1750 799 1805; x_wconf 81' lang='lat' dir='ltr'><strong>exclamat:</strong></span> <span class='ocrx_word' id='word_1_100' title='bbox 838 1750 881 1806; x_wconf 91' lang='grc' dir='ltr'>Ο</span> <span class='ocrx_word' id='word_1_101' title='bbox 907 1752 1245 1822; x_wconf 87' lang='lat' dir='ltr'><strong>episcopum!</strong></span> <span class='ocrx_word' id='word_1_102' title='bbox 1277 1768 1308 1807; x_wconf 93' lang='grc' dir='ltr'>ο</span> <span class='ocrx_word' id='word_1_103' title='bbox 1339 1754 1638 1821; x_wconf 86' lang='lat' dir='ltr'><strong>pastorem!</strong></span> 
     </span>
    </p>
   </div>
   <div class='ocr_carea' id='block_1_17' title="bbox 85 1834 1643 1914">
    <p class='ocr_par' dir='ltr' id='par_1_17' title="bbox 85 1834 1643 1914">
     <span class='ocr_line' id='line_1_17' title="bbox 85 1834 1643 1914; baseline 0.003 -18"><span class='ocrx_word' id='word_1_104' title='bbox 85 1846 300 1897; x_wconf 92' lang='lat' dir='ltr'><strong>nondum</strong></span> <span class='ocrx_word' id='word_1_105' title='bbox 343 1844 544 1907; x_wconf 63' lang='lat' dir='ltr'><strong>caedes,</strong></span> <span class='ocrx_word' id='word_1_106' title='bbox 595 1843 830 1897; x_wconf 88' lang='lat' dir='ltr'><strong>nondum</strong></span> <span class='ocrx_word' id='word_1_107' title='bbox 882 1844 1104 1897; x_wconf 84' lang='lat' dir='ltr'><strong>vulnera</strong></span> <span class='ocrx_word' id='word_1_108' title='bbox 1148 1859 1431 1914; x_wconf 86' lang='lat' dir='ltr'><strong>perpessus</strong></span> <span class='ocrx_word' id='word_1_109' title='bbox 1467 1860 1545 1909; x_wconf 90' lang='lat' dir='ltr'><strong>es,</strong></span> <span class='ocrx_word' id='word_1_110' title='bbox 1589 1834 1643 1900; x_wconf 88' lang='lat' dir='ltr'><strong>et</strong></span> 
     </span>
    </p>
   </div>
   <div class='ocr_carea' id='block_1_18' title="bbox 85 1930 1641 2003">
    <p class='ocr_par' dir='ltr' id='par_1_18' title="bbox 85 1930 1641 2003">
     <span class='ocr_line' id='line_1_18' title="bbox 85 1930 1641 2003; baseline 0.002 -17"><span class='ocrx_word' id='word_1_111' title='bbox 85 1946 177 1986; x_wconf 72' lang='lat' dir='ltr'><strong>tam</strong></span> <span class='ocrx_word' id='word_1_112' title='bbox 220 1930 479 1985; x_wconf 90' lang='lat' dir='ltr'><strong>Dominici</strong></span> <span class='ocrx_word' id='word_1_113' title='bbox 539 1946 724 1984; x_wconf 91' lang='lat' dir='ltr'><strong>curam</strong></span> <span class='ocrx_word' id='word_1_114' title='bbox 775 1932 931 1985; x_wconf 83' lang='lat' dir='ltr'><strong>ovilis</strong></span> <span class='ocrx_word' id='word_1_115' title='bbox 985 1934 1360 2002; x_wconf 77' lang='lat' dir='ltr'><strong>subterfugere</strong></span> <span class='ocrx_word' id='word_1_116' title='bbox 1422 1935 1641 2003; x_wconf 63' lang='lat' dir='ltr'><strong>quieris.</strong></span> 
     </span>
    </p>
   </div>
   <div class='ocr_carea' id='block_1_19' title="bbox 86 2018 1641 2090">
    <p class='ocr_par' dir='ltr' id='par_1_19' title="bbox 86 2018 1641 2090">
     <span class='ocr_line' id='line_1_19' title="bbox 86 2018 1641 2090; baseline 0.003 -16"><span class='ocrx_word' id='word_1_117' title='bbox 86 2018 309 2074; x_wconf 76' lang='lat' dir='ltr'><strong>Christus</strong></span> <span class='ocrx_word' id='word_1_118' title='bbox 328 2019 383 2073; x_wconf 92' lang='lat' dir='ltr'><strong>in</strong></span> <span class='ocrx_word' id='word_1_119' title='bbox 410 2035 543 2074; x_wconf 90' lang='lat' dir='ltr'><strong>cura</strong></span> <span class='ocrx_word' id='word_1_120' title='bbox 569 2020 747 2074; x_wconf 88' lang='lat' dir='ltr'><strong>ovium</strong></span> <span class='ocrx_word' id='word_1_121' title='bbox 772 2026 990 2074; x_wconf 86' lang='lat' dir='ltr'><strong>suarum</strong></span> <span class='ocrx_word' id='word_1_122' title='bbox 1015 2022 1204 2090; x_wconf 80' lang='lat' dir='ltr'><strong>probat</strong></span> <span class='ocrx_word' id='word_1_123' title='bbox 1229 2022 1374 2076; x_wconf 86' lang='lat' dir='ltr'><strong>Petri</strong></span> <span class='ocrx_word' id='word_1_124' title='bbox 1404 2038 1641 2078; x_wconf 81' lang='lat' dir='ltr'><strong>amorem</strong></span> 
     </span>
    </p>
   </div>
   <div class='ocr_carea' id='block_1_20' title="bbox 89 2110 1643 2183">
    <p class='ocr_par' dir='ltr' id='par_1_20' title="bbox 89 2110 1643 2183">
     <span class='ocr_line' id='line_1_20' title="bbox 89 2110 1643 2183; baseline 0.004 -20"><span class='ocrx_word' id='word_1_125' title='bbox 89 2124 194 2179; x_wconf 83' lang='lat' dir='ltr'><strong>erga</strong></span> <span class='ocrx_word' id='word_1_126' title='bbox 223 2125 317 2175; x_wconf 89' lang='lat' dir='ltr'><strong>se;</strong></span> <span class='ocrx_word' id='word_1_127' title='bbox 361 2118 422 2164; x_wconf 85' lang='lat' dir='ltr'><strong>et</strong></span> <span class='ocrx_word' id='word_1_128' title='bbox 451 2110 761 2174; x_wconf 80' lang='lat' dir='ltr'><strong>Anselmus,</strong></span> <span class='ocrx_word' id='word_1_129' title='bbox 802 2112 1104 2173; x_wconf 85' lang='lat' dir='ltr'><strong>Anselmus,</strong></span> <span class='ocrx_word' id='word_1_130' title='bbox 1133 2114 1370 2183; x_wconf 87' lang='lat' dir='ltr'><strong>inquam,</strong></span> <span class='ocrx_word' id='word_1_131' title='bbox 1402 2114 1489 2169; x_wconf 87' lang='lat' dir='ltr'><strong>ille</strong></span> <span class='ocrx_word' id='word_1_132' title='bbox 1518 2130 1643 2169; x_wconf 85' lang='lat' dir='ltr'><strong>san-</strong></span> 
     </span>
    </p>
   </div>
   <div class='ocr_carea' id='block_1_21' title="bbox 87 2198 1642 2271">
    <p class='ocr_par' dir='ltr' id='par_1_21' title="bbox 87 2198 1642 2271">
     <span class='ocr_line' id='line_1_21' title="bbox 87 2198 1642 2271; baseline 0.003 -19"><span class='ocrx_word' id='word_1_133' title='bbox 87 2208 205 2262; x_wconf 84' lang='lat' dir='ltr'><strong>ctus,</strong></span> <span class='ocrx_word' id='word_1_134' title='bbox 233 2198 318 2253; x_wconf 91' lang='lat' dir='ltr'><strong>ille</strong></span> <span class='ocrx_word' id='word_1_135' title='bbox 351 2198 480 2254; x_wconf 83' lang='lat' dir='ltr'><strong>talis</strong></span> <span class='ocrx_word' id='word_1_136' title='bbox 523 2214 586 2253; x_wconf 85' lang='lat' dir='ltr'><strong>ac</strong></span> <span class='ocrx_word' id='word_1_137' title='bbox 610 2207 795 2253; x_wconf 86' lang='lat' dir='ltr'><strong>tantus</strong></span> <span class='ocrx_word' id='word_1_138' title='bbox 830 2200 936 2264; x_wconf 89' lang='lat' dir='ltr'><strong>vir,</strong></span> <span class='ocrx_word' id='word_1_139' title='bbox 981 2200 1322 2255; x_wconf 86' lang='lat' dir='ltr'><strong>solummodo</strong></span> <span class='ocrx_word' id='word_1_140' title='bbox 1362 2203 1642 2271; x_wconf 87' lang='lat' dir='ltr'><strong>quiescere</strong></span> 
     </span>
    </p>
   </div>
   <div class='ocr_carea' id='block_1_22' title="bbox 89 2290 1640 2363">
    <p class='ocr_par' dir='ltr' id='par_1_22' title="bbox 89 2290 1640 2363">
     <span class='ocr_line' id='line_1_22' title="bbox 89 2290 1640 2363; baseline 0.004 -21"><span class='ocrx_word' id='word_1_141' title='bbox 89 2290 267 2355; x_wconf 84' lang='lat' dir='ltr'><strong>volens,</strong></span> <span class='ocrx_word' id='word_1_142' title='bbox 290 2302 417 2346; x_wconf 83' lang='lat' dir='ltr'><strong>oves</strong></span> <span class='ocrx_word' id='word_1_143' title='bbox 439 2291 648 2347; x_wconf 87' lang='lat' dir='ltr'><strong>Christi</strong></span> <span class='ocrx_word' id='word_1_144' title='bbox 678 2300 735 2345; x_wconf 91' lang='lat' dir='ltr'><strong>et</strong></span> <span class='ocrx_word' id='word_1_145' title='bbox 762 2300 889 2346; x_wconf 88' lang='lat' dir='ltr'><strong>ante</strong></span> <span class='ocrx_word' id='word_1_146' title='bbox 917 2308 1147 2362; x_wconf 83' lang='lat' dir='ltr'><strong>pugnam</strong></span> <span class='ocrx_word' id='word_1_147' title='bbox 1172 2293 1415 2363; x_wconf 89' lang='lat' dir='ltr'><strong>luporum</strong></span> <span class='ocrx_word' id='word_1_148' title='bbox 1444 2295 1640 2349; x_wconf 88' lang='lat' dir='ltr'><strong>morsi-</strong></span> 
     </span>
    </p>
   </div>
   <div class='ocr_carea' id='block_1_23' title="bbox 88 2381 1641 2455">
    <p class='ocr_par' dir='ltr' id='par_1_23' title="bbox 88 2381 1641 2455">
     <span class='ocr_line' id='line_1_23' title="bbox 88 2381 1641 2455; baseline 0.004 -22"><span class='ocrx_word' id='word_1_149' title='bbox 88 2392 172 2435; x_wconf 85' lang='lat' dir='ltr'><strong>bus</strong></span> <span class='ocrx_word' id='word_1_150' title='bbox 215 2381 556 2437; x_wconf 85' lang='lat' dir='ltr'><strong>dilaniandas</strong></span> <span class='ocrx_word' id='word_1_151' title='bbox 609 2397 716 2436; x_wconf 91' lang='lat' dir='ltr'><strong>non</strong></span> <span class='ocrx_word' id='word_1_152' title='bbox 772 2393 988 2438; x_wconf 86' lang='lat' dir='ltr'><strong>veretur</strong></span> <span class='ocrx_word' id='word_1_153' title='bbox 1016 2398 1303 2454; x_wconf 85' lang='lat' dir='ltr'><strong>exponere.</strong></span> <span class='ocrx_word' id='word_1_154' title='bbox 1353 2385 1461 2439; x_wconf 83' lang='lat' dir='ltr'><strong>Ah!</strong></span> <span class='ocrx_word' id='word_1_155' title='bbox 1513 2385 1641 2455; x_wconf 90' lang='lat' dir='ltr'><strong>quid</strong></span> 
     </span>
    </p>
   </div>
   <div class='ocr_carea' id='block_1_24' title="bbox 88 2472 1644 2547">
    <p class='ocr_par' dir='ltr' id='par_1_24' title="bbox 88 2472 1644 2547">
     <span class='ocr_line' id='line_1_24' title="bbox 88 2472 1644 2547; baseline 0.003 -21"><span class='ocrx_word' id='word_1_156' title='bbox 88 2472 276 2527; x_wconf 84' lang='lat' dir='ltr'><strong>dicam!</strong></span> <span class='ocrx_word' id='word_1_157' title='bbox 312 2489 419 2543; x_wconf 92' lang='lat' dir='ltr'><strong>quo</strong></span> <span class='ocrx_word' id='word_1_158' title='bbox 464 2486 651 2528; x_wconf 82' lang='lat' dir='ltr'><strong>amore</strong></span> <span class='ocrx_word' id='word_1_159' title='bbox 673 2482 856 2543; x_wconf 90' lang='lat' dir='ltr'><strong>sperat</strong></span> <span class='ocrx_word' id='word_1_160' title='bbox 884 2476 1108 2529; x_wconf 88' lang='lat' dir='ltr'><strong>Domino</strong></span> <span class='ocrx_word' id='word_1_161' title='bbox 1132 2476 1395 2545; x_wconf 91' lang='lat' dir='ltr'><strong>copulari,</strong></span> <span class='ocrx_word' id='word_1_162' title='bbox 1422 2478 1509 2547; x_wconf 90' lang='lat' dir='ltr'><strong>qui</strong></span> <span class='ocrx_word' id='word_1_163' title='bbox 1542 2477 1644 2530; x_wconf 89' lang='lat' dir='ltr'><strong>hoc</strong></span> 
     </span>
    </p>
   </div>
   <div class='ocr_carea' id='block_1_25' title="bbox 88 2565 1637 2638">
    <p class='ocr_par' dir='ltr' id='par_1_25' title="bbox 88 2565 1637 2638">
     <span class='ocr_line' id='line_1_25' title="bbox 88 2565 1637 2638; baseline 0.003 -19"><span class='ocrx_word' id='word_1_164' title='bbox 88 2565 203 2636; x_wconf 73' lang='lat' dir='ltr'><strong>fugit</strong></span> <span class='ocrx_word' id='word_1_165' title='bbox 227 2582 327 2637; x_wconf 92' lang='lat' dir='ltr'><strong>quo</strong></span> <span class='ocrx_word' id='word_1_166' title='bbox 364 2568 490 2636; x_wconf 86' lang='lat' dir='ltr'><strong>ipse</strong></span> <span class='ocrx_word' id='word_1_167' title='bbox 537 2566 796 2622; x_wconf 89' lang='lat' dir='ltr'><strong>Dominus</strong></span> <span class='ocrx_word' id='word_1_168' title='bbox 827 2583 885 2623; x_wconf 89' lang='lat' dir='ltr'><strong>se</strong></span> <span class='ocrx_word' id='word_1_169' title='bbox 935 2576 1073 2623; x_wconf 88' lang='lat' dir='ltr'><strong>teste</strong></span> <span class='ocrx_word' id='word_1_170' title='bbox 1126 2569 1388 2638; x_wconf 86' lang='lat' dir='ltr'><strong>probatur</strong></span> <span class='ocrx_word' id='word_1_171' title='bbox 1438 2572 1637 2624; x_wconf 85' lang='lat' dir='ltr'><strong>amari!</strong></span> 
     </span>
    </p>
   </div>
   <div class='ocr_carea' id='block_1_26' title="bbox 88 2654 1644 2729">
    <p class='ocr_par' dir='ltr' id='par_1_26' title="bbox 88 2654 1644 2729">
     <span class='ocr_line' id='line_1_26' title="bbox 88 2654 1644 2729; baseline 0.003 -20"><span class='ocrx_word' id='word_1_172' title='bbox 88 2654 255 2711; x_wconf 80' lang='lat' dir='ltr'><strong>Absint</strong></span> <span class='ocrx_word' id='word_1_173' title='bbox 276 2657 387 2712; x_wconf 56' lang='lat' dir='ltr'><strong>hac</strong></span> <span class='ocrx_word' id='word_1_174' title='bbox 412 2671 442 2709; x_wconf 86' lang='lat' dir='ltr'><strong>a</strong></span> <span class='ocrx_word' id='word_1_175' title='bbox 487 2667 558 2722; x_wconf 88' lang='lat' dir='ltr'><strong>te,</strong></span> <span class='ocrx_word' id='word_1_176' title='bbox 590 2656 772 2711; x_wconf 89' lang='lat' dir='ltr'><strong>absint</strong></span> <span class='ocrx_word' id='word_1_177' title='bbox 798 2672 828 2710; x_wconf 88' lang='lat' dir='ltr'><strong>a</strong></span> <span class='ocrx_word' id='word_1_178' title='bbox 860 2665 948 2712; x_wconf 89' lang='lat' dir='ltr'><strong>tua</strong></span> <span class='ocrx_word' id='word_1_179' title='bbox 994 2658 1267 2729; x_wconf 77' lang='lat' dir='ltr'><strong>religione,</strong></span> <span class='ocrx_word' id='word_1_180' title='bbox 1295 2659 1644 2715; x_wconf 88' lang='lat' dir='ltr'><strong>dilectissime</strong></span> 
     </span>
    </p>
   </div>
   <div class='ocr_carea' id='block_1_27' title="bbox 90 2742 1644 2814">
    <p class='ocr_par' dir='ltr' id='par_1_27' title="bbox 90 2742 1644 2814">
     <span class='ocr_line' id='line_1_27' title="bbox 90 2742 1644 2814; baseline 0.003 -16"><span class='ocrx_word' id='word_1_181' title='bbox 90 2742 233 2799; x_wconf 74' lang='lat' dir='ltr'><strong>frater</strong></span> <span class='ocrx_word' id='word_1_182' title='bbox 278 2745 561 2808; x_wconf 83' lang='lat' dir='ltr'><strong>Anselme,</strong></span> <span class='ocrx_word' id='word_1_183' title='bbox 620 2746 797 2814; x_wconf 87' lang='lat' dir='ltr'><strong>potius</strong></span> <span class='ocrx_word' id='word_1_184' title='bbox 860 2762 927 2801; x_wconf 92' lang='lat' dir='ltr'><strong>ne</strong></span> <span class='ocrx_word' id='word_1_185' title='bbox 984 2761 1070 2800; x_wconf 90' lang='lat' dir='ltr'><strong>me</strong></span> <span class='ocrx_word' id='word_1_186' title='bbox 1126 2748 1187 2801; x_wconf 89' lang='lat' dir='ltr'><strong>in</strong></span> <span class='ocrx_word' id='word_1_187' title='bbox 1244 2748 1362 2802; x_wconf 81' lang='lat' dir='ltr'><strong>istis</strong></span> <span class='ocrx_word' id='word_1_188' title='bbox 1416 2748 1644 2802; x_wconf 86' lang='lat' dir='ltr'><strong>ulterius</strong></span> 
     </span>
    </p>
   </div>
   <div class='ocr_carea' id='block_1_28' title="bbox 90 2834 1643 2907">
    <p class='ocr_par' dir='ltr' id='par_1_28' title="bbox 90 2834 1643 2907">
     <span class='ocr_line' id='line_1_28' title="bbox 90 2834 1643 2907; baseline 0.004 -20"><span class='ocrx_word' id='word_1_189' title='bbox 90 2834 347 2904; x_wconf 89' lang='lat' dir='ltr'><strong>inquietes.</strong></span> <span class='ocrx_word' id='word_1_190' title='bbox 382 2837 547 2891; x_wconf 82' lang='lat' dir='ltr'><strong>Scias</strong></span> <span class='ocrx_word' id='word_1_191' title='bbox 571 2838 716 2907; x_wconf 86' lang='lat' dir='ltr'><strong>quod</strong></span> <span class='ocrx_word' id='word_1_192' title='bbox 765 2851 870 2891; x_wconf 80' lang='lat' dir='ltr'><strong>non</strong></span> <span class='ocrx_word' id='word_1_193' title='bbox 915 2837 1085 2890; x_wconf 90' lang='lat' dir='ltr'><strong>solum</strong></span> <span class='ocrx_word' id='word_1_194' title='bbox 1118 2853 1222 2892; x_wconf 89' lang='lat' dir='ltr'><strong>non</strong></span> <span class='ocrx_word' id='word_1_195' title='bbox 1266 2838 1507 2892; x_wconf 89' lang='lat' dir='ltr'><strong>concedo</strong></span> <span class='ocrx_word' id='word_1_196' title='bbox 1547 2838 1643 2893; x_wconf 89' lang='lat' dir='ltr'><strong>tibi</strong></span> 
     </span>
    </p>
   </div>
   <div class='ocr_carea' id='block_1_29' title="bbox 93 2923 1640 2999">
    <p class='ocr_par' dir='ltr' id='par_1_29' title="bbox 93 2923 1640 2999">
     <span class='ocr_line' id='line_1_29' title="bbox 93 2923 1640 2999; baseline 0.004 -23"><span class='ocrx_word' id='word_1_197' title='bbox 93 2923 248 2981; x_wconf 78' lang='lat' dir='ltr'><strong>facere</strong></span> <span class='ocrx_word' id='word_1_198' title='bbox 288 2928 425 2996; x_wconf 83' lang='lat' dir='ltr'><strong>quod</strong></span> <span class='ocrx_word' id='word_1_199' title='bbox 464 2930 644 2999; x_wconf 83' lang='lat' dir='ltr'><strong>petis;</strong></span> <span class='ocrx_word' id='word_1_200' title='bbox 680 2930 788 2982; x_wconf 91' lang='lat' dir='ltr'><strong>imo</strong></span> <span class='ocrx_word' id='word_1_201' title='bbox 829 2944 894 2983; x_wconf 84' lang='lat' dir='ltr'><strong>ex</strong></span> <span class='ocrx_word' id='word_1_202' title='bbox 925 2938 1077 2998; x_wconf 85' lang='lat' dir='ltr'><strong>parte</strong></span> <span class='ocrx_word' id='word_1_203' title='bbox 1106 2928 1199 2983; x_wconf 85' lang='lat' dir='ltr'><strong>Dei</strong></span> <span class='ocrx_word' id='word_1_204' title='bbox 1236 2930 1640 2998; x_wconf 90' lang='lat' dir='ltr'><strong>omnipotentis,</strong></span> 
     </span>
    </p>
   </div>
   <div class='ocr_carea' id='block_1_30' title="bbox 91 3012 1644 3087">
    <p class='ocr_par' dir='ltr' id='par_1_30' title="bbox 91 3012 1644 3087">
     <span class='ocr_line' id='line_1_30' title="bbox 91 3012 1644 3087; baseline 0.006 -24"><span class='ocrx_word' id='word_1_205' title='bbox 91 3012 188 3067; x_wconf 84' lang='lat' dir='ltr'><strong>vice</strong></span> <span class='ocrx_word' id='word_1_206' title='bbox 211 3015 505 3071; x_wconf 84' lang='lat' dir='ltr'><strong>beatissimi</strong></span> <span class='ocrx_word' id='word_1_207' title='bbox 545 3017 688 3071; x_wconf 89' lang='lat' dir='ltr'><strong>Petri</strong></span> <span class='ocrx_word' id='word_1_208' title='bbox 721 3017 1083 3087; x_wconf 86' lang='lat' dir='ltr'><strong>apostolorum</strong></span> <span class='ocrx_word' id='word_1_209' title='bbox 1118 3017 1522 3087; x_wconf 63' lang='lat' dir='ltr'><strong>principis,&#39;tibi</strong></span> <span class='ocrx_word' id='word_1_210' title='bbox 1548 3033 1644 3087; x_wconf 91' lang='lat' dir='ltr'><strong>per</strong></span> 
     </span>
    </p>
   </div>
   <div class='ocr_carea' id='block_1_31' title="bbox 95 3108 1638 3178">
    <p class='ocr_par' dir='ltr' id='par_1_31' title="bbox 95 3108 1638 3178">
     <span class='ocr_line' id='line_1_31' title="bbox 95 3108 1638 3178; baseline 0.002 -19"><span class='ocrx_word' id='word_1_211' title='bbox 95 3116 306 3162; x_wconf 79' lang='lat' dir='ltr'><strong>sanctam</strong></span> <span class='ocrx_word' id='word_1_212' title='bbox 366 3108 737 3164; x_wconf 85' lang='lat' dir='ltr'><strong>obedientiam</strong></span> <span class='ocrx_word' id='word_1_213' title='bbox 813 3109 1086 3178; x_wconf 85' lang='lat' dir='ltr'><strong>praecipio,</strong></span> <span class='ocrx_word' id='word_1_214' title='bbox 1147 3120 1412 3178; x_wconf 84' lang='lat' dir='ltr'><strong>quatenus</strong></span> <span class='ocrx_word' id='word_1_215' title='bbox 1453 3124 1638 3164; x_wconf 88' lang='lat' dir='ltr'><strong>curam</strong></span> 
     </span>
    </p>
   </div>
   <div class='ocr_carea' id='block_1_32' title="bbox 94 3198 1636 3271">
    <p class='ocr_par' dir='ltr' id='par_1_32' title="bbox 94 3198 1636 3271">
     <span class='ocr_line' id='line_1_32' title="bbox 94 3198 1636 3271; baseline 0.002 -21"><span class='ocrx_word' id='word_1_216' title='bbox 94 3198 270 3269; x_wconf 78' lang='lat' dir='ltr'><strong>Anglici</strong></span> <span class='ocrx_word' id='word_1_217' title='bbox 299 3202 443 3271; x_wconf 80' lang='lat' dir='ltr'><strong>regni</strong></span> <span class='ocrx_word' id='word_1_218' title='bbox 485 3200 578 3255; x_wconf 91' lang='lat' dir='ltr'><strong>tibi</strong></span> <span class='ocrx_word' id='word_1_219' title='bbox 604 3204 1060 3267; x_wconf 88' lang='lat' dir='ltr'><strong>commendatam,</strong></span> <span class='ocrx_word' id='word_1_220' title='bbox 1109 3202 1346 3269; x_wconf 84' lang='lat' dir='ltr'><strong>quandiu</strong></span> <span class='ocrx_word' id='word_1_221' title='bbox 1380 3201 1636 3267; x_wconf 89' lang='lat' dir='ltr'><strong>retinere,</strong></span> 
     </span>
    </p>
   </div>
   <div class='ocr_carea' id='block_1_33' title="bbox 97 3290 1641 3362">
    <p class='ocr_par' dir='ltr' id='par_1_33' title="bbox 97 3290 1641 3362">
     <span class='ocr_line' id='line_1_33' title="bbox 97 3290 1641 3362; baseline 0.003 -21"><span class='ocrx_word' id='word_1_222' title='bbox 97 3299 143 3342; x_wconf 93' lang='lat' dir='ltr'><strong>ut</strong></span> <span class='ocrx_word' id='word_1_223' title='bbox 166 3290 425 3359; x_wconf 88' lang='lat' dir='ltr'><strong>hactenus,</strong></span> <span class='ocrx_word' id='word_1_224' title='bbox 469 3292 696 3362; x_wconf 89' lang='lat' dir='ltr'><strong>poteris,</strong></span> <span class='ocrx_word' id='word_1_225' title='bbox 731 3306 835 3346; x_wconf 88' lang='lat' dir='ltr'><strong>non</strong></span> <span class='ocrx_word' id='word_1_226' title='bbox 868 3292 1111 3361; x_wconf 83' lang='lat' dir='ltr'><strong>abjieias.</strong></span> <span class='ocrx_word' id='word_1_227' title='bbox 1137 3292 1288 3358; x_wconf 87' lang='lat' dir='ltr'><strong>Quod</strong></span> <span class='ocrx_word' id='word_1_228' title='bbox 1331 3292 1377 3346; x_wconf 88' lang='lat' dir='ltr'><strong>si</strong></span> <span class='ocrx_word' id='word_1_229' title='bbox 1422 3302 1641 3361; x_wconf 82' lang='lat' dir='ltr'><strong>propter</strong></span> 
     </span>
    </p>
   </div>
   <div class='ocr_carea' id='block_1_34' title="bbox 97 3383 1643 3454">
    <p class='ocr_par' dir='ltr' id='par_1_34' title="bbox 97 3383 1643 3454">
     <span class='ocr_line' id='line_1_34' title="bbox 97 3383 1643 3454; baseline 0.005 -24"><span class='ocrx_word' id='word_1_230' title='bbox 97 3384 394 3449; x_wconf 64' lang='lat' dir='ltr'><strong>tyrannidem</strong></span> <span class='ocrx_word' id='word_1_231' title='bbox 446 3383 737 3454; x_wconf 86' lang='lat' dir='ltr'><strong>principis,</strong></span> <span class='ocrx_word' id='word_1_232' title='bbox 787 3384 879 3453; x_wconf 90' lang='lat' dir='ltr'><strong>qui</strong></span> <span class='ocrx_word' id='word_1_233' title='bbox 928 3400 1071 3438; x_wconf 89' lang='lat' dir='ltr'><strong>nunc</strong></span> <span class='ocrx_word' id='word_1_234' title='bbox 1101 3384 1172 3438; x_wconf 89' lang='lat' dir='ltr'><strong>ibi</strong></span> <span class='ocrx_word' id='word_1_235' title='bbox 1221 3384 1551 3450; x_wconf 89' lang='lat' dir='ltr'><strong>dominatur,</strong></span> <span class='ocrx_word' id='word_1_236' title='bbox 1585 3385 1643 3438; x_wconf 82' lang='lat' dir='ltr'><strong>in</strong></span> 
     </span>
    </p>
   </div>
   <div class='ocr_carea' id='block_1_35' title="bbox 100 3474 1640 3545">
    <p class='ocr_par' dir='ltr' id='par_1_35' title="bbox 100 3474 1640 3545">
     <span class='ocr_line' id='line_1_35' title="bbox 100 3474 1640 3545; baseline 0.005 -23"><span class='ocrx_word' id='word_1_237' title='bbox 100 3479 265 3527; x_wconf 81' lang='lat' dir='ltr'><strong>terram</strong></span> <span class='ocrx_word' id='word_1_238' title='bbox 314 3474 457 3530; x_wconf 86' lang='lat' dir='ltr'><strong>illam</strong></span> <span class='ocrx_word' id='word_1_239' title='bbox 507 3476 681 3529; x_wconf 88' lang='lat' dir='ltr'><strong>redire</strong></span> <span class='ocrx_word' id='word_1_240' title='bbox 733 3489 838 3528; x_wconf 91' lang='lat' dir='ltr'><strong>non</strong></span> <span class='ocrx_word' id='word_1_241' title='bbox 889 3475 1242 3542; x_wconf 90' lang='lat' dir='ltr'><strong>permitteris,</strong></span> <span class='ocrx_word' id='word_1_242' title='bbox 1287 3476 1411 3545; x_wconf 87' lang='lat' dir='ltr'><strong>jure</strong></span> <span class='ocrx_word' id='word_1_243' title='bbox 1461 3485 1640 3529; x_wconf 89' lang='lat' dir='ltr'><strong>tamen</strong></span> 
     </span>
    </p>
   </div>
   <div class='ocr_carea' id='block_1_36' title="bbox 98 3560 1637 3636">
    <p class='ocr_par' dir='ltr' id='par_1_36' title="bbox 98 3560 1637 3636">
     <span class='ocr_line' id='line_1_36' title="bbox 98 3560 1637 3636; baseline 0.005 -22"><span class='ocrx_word' id='word_1_244' title='bbox 98 3560 513 3631; x_wconf 82' lang='lat' dir='ltr'><strong>Christianitatis,</strong></span> <span class='ocrx_word' id='word_1_245' title='bbox 573 3581 789 3635; x_wconf 88' lang='lat' dir='ltr'><strong>semper</strong></span> <span class='ocrx_word' id='word_1_246' title='bbox 828 3566 969 3621; x_wconf 90' lang='lat' dir='ltr'><strong>illius</strong></span> <span class='ocrx_word' id='word_1_247' title='bbox 1016 3568 1454 3636; x_wconf 85' lang='lat' dir='ltr'><strong>archicpise0pus</strong></span> <span class='ocrx_word' id='word_1_248' title='bbox 1499 3578 1637 3631; x_wconf 90' lang='lat' dir='ltr'><strong>esto,</strong></span> 
     </span>
    </p>
   </div>
   <div class='ocr_carea' id='block_1_37' title="bbox 99 3658 1640 3729">
    <p class='ocr_par' dir='ltr' id='par_1_37' title="bbox 99 3658 1640 3729">
     <span class='ocr_line' id='line_1_37' title="bbox 99 3658 1640 3729; baseline 0.004 -23"><span class='ocrx_word' id='word_1_249' title='bbox 99 3664 378 3720; x_wconf 85' lang='lat' dir='ltr'><strong>potestatem</strong></span> <span class='ocrx_word' id='word_1_250' title='bbox 440 3658 650 3729; x_wconf 87' lang='lat' dir='ltr'><strong>ligandi</strong></span> <span class='ocrx_word' id='word_1_251' title='bbox 717 3667 881 3726; x_wconf 89' lang='lat' dir='ltr'><strong>atque</strong></span> <span class='ocrx_word' id='word_1_252' title='bbox 934 3658 1245 3713; x_wconf 81' lang='lat' dir='ltr'><strong>absolvendi</strong></span> <span class='ocrx_word' id='word_1_253' title='bbox 1300 3674 1463 3727; x_wconf 92' lang='lat' dir='ltr'><strong>super</strong></span> <span class='ocrx_word' id='word_1_254' title='bbox 1519 3676 1640 3713; x_wconf 89' lang='lat' dir='ltr'><strong>eam</strong></span> 
     </span>
    </p>
   </div>
   <div class='ocr_carea' id='block_1_38' title="bbox 101 3746 1641 3819">
    <p class='ocr_par' dir='ltr' id='par_1_38' title="bbox 101 3746 1641 3819">
     <span class='ocr_line' id='line_1_38' title="bbox 101 3746 1641 3819; baseline 0.005 -22"><span class='ocrx_word' id='word_1_255' title='bbox 101 3746 203 3799; x_wconf 90' lang='lat' dir='ltr'><strong>dum</strong></span> <span class='ocrx_word' id='word_1_256' title='bbox 241 3750 435 3807; x_wconf 80' lang='lat' dir='ltr'><strong>vixeris</strong></span> <span class='ocrx_word' id='word_1_257' title='bbox 497 3750 767 3814; x_wconf 90' lang='lat' dir='ltr'><strong>obtinens,</strong></span> <span class='ocrx_word' id='word_1_258' title='bbox 809 3758 865 3805; x_wconf 89' lang='lat' dir='ltr'><strong>et</strong></span> <span class='ocrx_word' id='word_1_259' title='bbox 913 3749 1209 3819; x_wconf 81' lang='lat' dir='ltr'><strong>insignibus</strong></span> <span class='ocrx_word' id='word_1_260' title='bbox 1247 3750 1641 3818; x_wconf 86' lang='lat' dir='ltr'><strong>pontificalibus</strong></span> 
     </span>
    </p>
   </div>
   <div class='ocr_carea' id='block_1_39' title="bbox 102 3840 1639 3911">
    <p class='ocr_par' dir='ltr' id='par_1_39' title="bbox 102 3840 1639 3911">
     <span class='ocr_line' id='line_1_39' title="bbox 102 3840 1639 3911; baseline 0.005 -22"><span class='ocrx_word' id='word_1_261' title='bbox 102 3850 222 3893; x_wconf 78' lang='lat' dir='ltr'><strong>more</strong></span> <span class='ocrx_word' id='word_1_262' title='bbox 248 3842 435 3895; x_wconf 86' lang='lat' dir='ltr'><strong>summi</strong></span> <span class='ocrx_word' id='word_1_263' title='bbox 484 3840 750 3911; x_wconf 84' lang='lat' dir='ltr'><strong>pontificis</strong></span> <span class='ocrx_word' id='word_1_264' title='bbox 777 3850 933 3895; x_wconf 90' lang='lat' dir='ltr'><strong>utens</strong></span> <span class='ocrx_word' id='word_1_265' title='bbox 959 3842 1263 3909; x_wconf 86' lang='lat' dir='ltr'><strong>ubicunque</strong></span> <span class='ocrx_word' id='word_1_266' title='bbox 1295 3840 1479 3895; x_wconf 90' lang='lat' dir='ltr'><strong>fueris.</strong></span> <span class='ocrx_word' id='word_1_267' title='bbox 1512 3858 1531 3892; x_wconf 74' lang='grc' dir='ltr'><strong>ι</strong></span> <span class='ocrx_word' id='word_1_268' title='bbox 1561 3840 1639 3896; x_wconf 74' lang='lat' dir='ltr'><strong>Ad</strong></span> 
     </span>
    </p>
   </div>
   <div class='ocr_carea' id='block_1_40' title="bbox 102 3923 1641 4000">
    <p class='ocr_par' dir='ltr' id='par_1_40' title="bbox 102 3923 1641 4000">
     <span class='ocr_line' id='line_1_40' title="bbox 102 3923 1641 4000; baseline 0.003 -19"><span class='ocrx_word' id='word_1_269' title='bbox 102 3923 499 3984; x_wconf 67' lang='lat' dir='ltr'><strong>haecAnselmus</strong></span> <span class='ocrx_word' id='word_1_270' title='bbox 537 3931 896 3985; x_wconf 87' lang='lat' dir='ltr'><strong>obedientiam</strong></span> <span class='ocrx_word' id='word_1_271' title='bbox 935 3930 1226 4000; x_wconf 82' lang='lat' dir='ltr'><strong>pollicitus,</strong></span> <span class='ocrx_word' id='word_1_272' title='bbox 1272 3931 1547 4000; x_wconf 76' lang='lat' dir='ltr'><strong>reSpondit</strong></span> <span class='ocrx_word' id='word_1_273' title='bbox 1582 3946 1641 3985; x_wconf 89' lang='lat' dir='ltr'><strong>se</strong></span> 
     </span>
    </p>
   </div>
   <div class='ocr_carea' id='block_1_41' title="bbox 103 4019 1639 4089">
    <p class='ocr_par' dir='ltr' id='par_1_41' title="bbox 103 4019 1639 4089">
     <span class='ocr_line' id='line_1_41' title="bbox 103 4019 1639 4089; baseline 0.002 -19"><span class='ocrx_word' id='word_1_274' title='bbox 103 4028 182 4070; x_wconf 84' lang='lat' dir='ltr'><strong>nec</strong></span> <span class='ocrx_word' id='word_1_275' title='bbox 218 4020 380 4075; x_wconf 64' lang='lat' dir='ltr'><strong>caedes</strong></span> <span class='ocrx_word' id='word_1_276' title='bbox 417 4020 629 4089; x_wconf 86' lang='lat' dir='ltr'><strong>fugere,</strong></span> <span class='ocrx_word' id='word_1_277' title='bbox 660 4034 759 4073; x_wconf 91' lang='lat' dir='ltr'><strong>nee</strong></span> <span class='ocrx_word' id='word_1_278' title='bbox 811 4019 1056 4083; x_wconf 79' lang='lat' dir='ltr'><strong>vulnera,</strong></span> <span class='ocrx_word' id='word_1_279' title='bbox 1083 4019 1192 4073; x_wconf 90' lang='lat' dir='ltr'><strong>imo</strong></span> <span class='ocrx_word' id='word_1_280' title='bbox 1242 4035 1416 4089; x_wconf 87' lang='lat' dir='ltr'><strong>neque</strong></span> <span class='ocrx_word' id='word_1_281' title='bbox 1468 4020 1639 4089; x_wconf 82' lang='lat' dir='ltr'><strong>ipsam</strong></span> 
     </span>
    </p>
   </div>
   <div class='ocr_carea' id='block_1_42' title="bbox 104 4109 1637 4177">
    <p class='ocr_par' dir='ltr' id='par_1_42' title="bbox 104 4109 1637 4177">
     <span class='ocr_line' id='line_1_42' title="bbox 104 4109 1637 4177; baseline 0.007 -23"><span class='ocrx_word' id='word_1_282' title='bbox 104 4116 323 4173; x_wconf 85' lang='lat' dir='ltr'><strong>mortem;</strong></span> <span class='ocrx_word' id='word_1_283' title='bbox 372 4118 428 4163; x_wconf 89' lang='lat' dir='ltr'><strong>at</strong></span> <span class='ocrx_word' id='word_1_284' title='bbox 477 4124 536 4164; x_wconf 90' lang='lat' dir='ltr'><strong>se</strong></span> <span class='ocrx_word' id='word_1_285' title='bbox 578 4109 696 4164; x_wconf 90' lang='lat' dir='ltr'><strong>ideo</strong></span> <span class='ocrx_word' id='word_1_286' title='bbox 728 4109 959 4164; x_wconf 87' lang='lat' dir='ltr'><strong>voluisse</strong></span> <span class='ocrx_word' id='word_1_287' title='bbox 1015 4111 1324 4164; x_wconf 87' lang='lat' dir='ltr'><strong>renuntiare</strong></span> <span class='ocrx_word' id='word_1_288' title='bbox 1363 4126 1473 4165; x_wconf 85' lang='lat' dir='ltr'><strong>suae</strong></span> <span class='ocrx_word' id='word_1_289' title='bbox 1503 4112 1637 4177; x_wconf 88' lang='lat' dir='ltr'><strong>sedi,</strong></span> 
     </span>
    </p>
   </div>
   <div class='ocr_carea' id='block_1_43' title="bbox 103 4196 1640 4270">
    <p class='ocr_par' dir='ltr' id='par_1_43' title="bbox 103 4196 1640 4270">
     <span class='ocr_line' id='line_1_43' title="bbox 103 4196 1640 4270; baseline 0.006 -24"><span class='ocrx_word' id='word_1_290' title='bbox 103 4196 219 4259; x_wconf 86' lang='lat' dir='ltr'><strong>quod</strong></span> <span class='ocrx_word' id='word_1_291' title='bbox 258 4199 353 4253; x_wconf 89' lang='lat' dir='ltr'><strong>sibi</strong></span> <span class='ocrx_word' id='word_1_292' title='bbox 402 4200 744 4269; x_wconf 89' lang='lat' dir='ltr'><strong>impossibile</strong></span> <span class='ocrx_word' id='word_1_293' title='bbox 776 4200 950 4253; x_wconf 89' lang='lat' dir='ltr'><strong>visum</strong></span> <span class='ocrx_word' id='word_1_294' title='bbox 999 4210 1141 4254; x_wconf 90' lang='lat' dir='ltr'><strong>esset</strong></span> <span class='ocrx_word' id='word_1_295' title='bbox 1190 4200 1451 4270; x_wconf 82' lang='lat' dir='ltr'><strong>integram</strong></span> <span class='ocrx_word' id='word_1_296' title='bbox 1480 4201 1640 4255; x_wconf 88' lang='lat' dir='ltr'><strong>beato</strong></span> 
     </span>
    </p>
   </div>
   <div class='ocr_carea' id='block_1_44' title="bbox 104 4282 1639 4361">
    <p class='ocr_par' dir='ltr' id='par_1_44' title="bbox 104 4282 1639 4361">
     <span class='ocr_line' id='line_1_44' title="bbox 104 4282 1639 4361; baseline 0.007 -26"><span class='ocrx_word' id='word_1_297' title='bbox 104 4282 233 4341; x_wconf 82' lang='lat' dir='ltr'><strong>Petro</strong></span> <span class='ocrx_word' id='word_1_298' title='bbox 254 4289 611 4345; x_wconf 87' lang='lat' dir='ltr'><strong>obedientiam</strong></span> <span class='ocrx_word' id='word_1_299' title='bbox 660 4290 919 4345; x_wconf 78' lang='lat' dir='ltr'><strong>exhibere</strong></span> <span class='ocrx_word' id='word_1_300' title='bbox 968 4290 1127 4344; x_wconf 89' lang='lat' dir='ltr'><strong>simul</strong></span> <span class='ocrx_word' id='word_1_301' title='bbox 1167 4307 1287 4345; x_wconf 89' lang='lat' dir='ltr'><strong>cum</strong></span> <span class='ocrx_word' id='word_1_302' title='bbox 1321 4292 1443 4355; x_wconf 86' lang='lat' dir='ltr'><strong>fide,</strong></span> <span class='ocrx_word' id='word_1_303' title='bbox 1476 4307 1639 4361; x_wconf 88' lang='lat' dir='ltr'><strong>quam</strong></span> 
     </span>
    </p>
   </div>
   <div class='ocr_carea' id='block_1_45' title="bbox 108 4374 1638 4450">
    <p class='ocr_par' dir='ltr' id='par_1_45' title="bbox 108 4374 1638 4450">
     <span class='ocr_line' id='line_1_45' title="bbox 108 4374 1638 4450; baseline 0.006 -24"><span class='ocrx_word' id='word_1_304' title='bbox 108 4374 197 4442; x_wconf 80' lang='lat' dir='ltr'><strong>regi</strong></span> <span class='ocrx_word' id='word_1_305' title='bbox 233 4385 437 4434; x_wconf 89' lang='lat' dir='ltr'><strong>terreno</strong></span> <span class='ocrx_word' id='word_1_306' title='bbox 471 4379 706 4433; x_wconf 83' lang='lat' dir='ltr'><strong>debitam</strong></span> <span class='ocrx_word' id='word_1_307' title='bbox 733 4395 853 4434; x_wconf 83' lang='lat' dir='ltr'><strong>esse</strong></span> <span class='ocrx_word' id='word_1_308' title='bbox 889 4379 1044 4450; x_wconf 89' lang='lat' dir='ltr'><strong>Angli</strong></span> <span class='ocrx_word' id='word_1_309' title='bbox 1091 4382 1507 4435; x_wconf 86' lang='lat' dir='ltr'><strong>contendebant.</strong></span> <span class='ocrx_word' id='word_1_310' title='bbox 1542 4382 1638 4437; x_wconf 89' lang='lat' dir='ltr'><strong>Cui</strong></span> 
     </span>
    </p>
   </div>
   <div class='ocr_carea' id='block_1_46' title="bbox 1558 360 1734 425">
    <p class='ocr_par' dir='ltr' id='par_1_46' title="bbox 1558 360 1734 425">
     <span class='ocr_line' id='line_1_46' title="bbox 1558 360 1734 425; baseline -0.034 0"><span class='ocrx_word' id='word_1_311' title='bbox 1558 360 1666 425; x_wconf 54' lang='grc' dir='ltr'><strong>’ΥΠ</strong></span> <span class='ocrx_word' id='word_1_312' title='bbox 1673 366 1709 420; x_wconf 78' lang='grc' dir='ltr'><strong>Λ</strong></span> <span class='ocrx_word' id='word_1_313' title='bbox 1720 405 1734 420; x_wconf 91' lang='grc'><strong>.</strong></span> 
     </span>
    </p>
   </div>
   <div class='ocr_carea' id='block_1_47' title="bbox 3215 383 3317 435">
    <p class='ocr_par' dir='ltr' id='par_1_47' title="bbox 3215 383 3317 435">
     <span class='ocr_line' id='line_1_47' title="bbox 3215 383 3317 435; baseline -0.02 0"><span class='ocrx_word' id='word_1_314' title='bbox 3215 383 3317 435; x_wconf 72' lang='lat'><strong>9.58</strong></span> 
     </span>
    </p>
   </div>
   <div class='ocr_carea' id='block_1_48' title="bbox 1584 483 3320 562">
    <p class='ocr_par' dir='ltr' id='par_1_48' title="bbox 1584 483 3320 562">
     <span class='ocr_line' id='line_1_48' title="bbox 1584 483 3320 562; baseline 0.006 -23"><span class='ocrx_word' id='word_1_315' title='bbox 1584 531 1609 562; x_wconf 33' lang='grc' dir='ltr'><strong>ἲ.</strong></span> <span class='ocrx_word' id='word_1_316' title='bbox 1683 485 1724 541; x_wconf 90' lang='lat' dir='ltr'><strong>C</strong></span> <span class='ocrx_word' id='word_1_317' title='bbox 1759 483 1858 538; x_wconf 85' lang='lat' dir='ltr'><strong>sibi</strong></span> <span class='ocrx_word' id='word_1_318' title='bbox 1901 485 2496 556; x_wconf 70' lang='lat' dir='ltr'><strong>aliquem-prteftceret,</strong></span> <span class='ocrx_word' id='word_1_319' title='bbox 2526 492 2677 561; x_wconf 82' lang='lat' dir='ltr'><strong>cujus</strong></span> <span class='ocrx_word' id='word_1_320' title='bbox 2719 492 2883 562; x_wconf 88' lang='lat' dir='ltr'><strong>jussis</strong></span> <span class='ocrx_word' id='word_1_321' title='bbox 2921 493 3140 550; x_wconf 89' lang='lat' dir='ltr'><strong>obedire</strong></span> <span class='ocrx_word' id='word_1_322' title='bbox 3171 503 3320 549; x_wconf 90' lang='lat' dir='ltr'><strong>tene-</strong></span> 
     </span>
    </p>
   </div>
   <div class='ocr_carea' id='block_1_49' title="bbox 1746 578 3317 653">
    <p class='ocr_par' dir='ltr' id='par_1_49' title="bbox 1746 578 3317 653">
     <span class='ocr_line' id='line_1_49' title="bbox 1746 578 3317 653; baseline 0.007 -25"><span class='ocrx_word' id='word_1_323' title='bbox 1746 582 1918 640; x_wconf 87' lang='lat' dir='ltr'><strong>retur,</strong></span> <span class='ocrx_word' id='word_1_324' title='bbox 1952 578 2341 647; x_wconf 67' lang='lat' dir='ltr'><strong>prmpositoque</strong></span> <span class='ocrx_word' id='word_1_325' title='bbox 2395 580 2444 634; x_wconf 91' lang='lat' dir='ltr'><strong>ei</strong></span> <span class='ocrx_word' id='word_1_326' title='bbox 2492 581 2760 639; x_wconf 89' lang='lat' dir='ltr'><strong>Eadmero</strong></span> <span class='ocrx_word' id='word_1_327' title='bbox 2810 583 3231 653; x_wconf 85' lang='lat' dir='ltr'><strong>obtemperasse,</strong></span> <span class='ocrx_word' id='word_1_328' title='bbox 3259 598 3317 641; x_wconf 90' lang='lat' dir='ltr'><strong>ut</strong></span> 
     </span>
    </p>
   </div>
   <div class='ocr_carea' id='block_1_50' title="bbox 1747 665 3202 734">
    <p class='ocr_par' dir='ltr' id='par_1_50' title="bbox 1747 665 3202 734">
     <span class='ocr_line' id='line_1_50' title="bbox 1747 665 3202 734; baseline 0.008 -18"><span class='ocrx_word' id='word_1_329' title='bbox 1747 665 1948 734; x_wconf 89' lang='lat' dir='ltr'><strong>absque</strong></span> <span class='ocrx_word' id='word_1_330' title='bbox 1972 666 2086 733; x_wconf 88' lang='lat' dir='ltr'><strong>ejus</strong></span> <span class='ocrx_word' id='word_1_331' title='bbox 2108 668 2259 719; x_wconf 86' lang='lat' dir='ltr'><strong>venia</strong></span> <span class='ocrx_word' id='word_1_332' title='bbox 2290 666 2379 719; x_wconf 77' lang='lat' dir='ltr'><strong>vix</strong></span> <span class='ocrx_word' id='word_1_333' title='bbox 2410 682 2571 722; x_wconf 88' lang='lat' dir='ltr'><strong>ausus</strong></span> <span class='ocrx_word' id='word_1_334' title='bbox 2595 679 2737 723; x_wconf 85' lang='lat' dir='ltr'><strong>esset</strong></span> <span class='ocrx_word' id='word_1_335' title='bbox 2758 671 2894 724; x_wconf 87' lang='lat' dir='ltr'><strong>latus</strong></span> <span class='ocrx_word' id='word_1_336' title='bbox 2933 674 3202 727; x_wconf 80' lang='lat' dir='ltr'><strong>invertere.</strong></span> 
     </span>
    </p>
   </div>
   <div class='ocr_carea' id='block_1_51' title="bbox 1887 751 3177 829">
    <p class='ocr_par' dir='ltr' id='par_1_51' title="bbox 1887 751 3177 829">
     <span class='ocr_line' id='line_1_51' title="bbox 1887 751 3177 829; baseline 0.007 -24"><span class='ocrx_word' id='word_1_337' title='bbox 1887 751 2197 806; x_wconf 75' lang='lat' dir='ltr'><strong>CCCXVIII.</strong></span> <span class='ocrx_word' id='word_1_338' title='bbox 2232 752 2433 807; x_wconf 83' lang='lat' dir='ltr'><strong>Urbani</strong></span> <span class='ocrx_word' id='word_1_339' title='bbox 2456 773 2570 808; x_wconf 76' lang='lat' dir='ltr'><strong>cum</strong></span> <span class='ocrx_word' id='word_1_340' title='bbox 2604 756 2825 827; x_wconf 80' lang='lat' dir='ltr'><strong>Rogerio</strong></span> <span class='ocrx_word' id='word_1_341' title='bbox 2852 776 3177 829; x_wconf 79' lang='lat' dir='ltr'><strong>congressus.</strong></span> 
     </span>
    </p>
   </div>
   <div class='ocr_carea' id='block_1_52' title="bbox 1816 844 3318 921">
    <p class='ocr_par' dir='ltr' id='par_1_52' title="bbox 1816 844 3318 921">
     <span class='ocr_line' id='line_1_52' title="bbox 1816 844 3318 921; baseline 0.007 -25"><span class='ocrx_word' id='word_1_342' title='bbox 1816 844 2037 898; x_wconf 86' lang='lat' dir='ltr'><strong>Interim</strong></span> <span class='ocrx_word' id='word_1_343' title='bbox 2096 855 2251 915; x_wconf 88' lang='lat' dir='ltr'><strong>capta</strong></span> <span class='ocrx_word' id='word_1_344' title='bbox 2304 846 2503 915; x_wconf 85' lang='lat' dir='ltr'><strong>Capua,</strong></span> <span class='ocrx_word' id='word_1_345' title='bbox 2558 864 2679 901; x_wconf 92' lang='lat' dir='ltr'><strong>cum</strong></span> <span class='ocrx_word' id='word_1_346' title='bbox 2733 850 2971 917; x_wconf 90' lang='lat' dir='ltr'><strong>pontifex</strong></span> <span class='ocrx_word' id='word_1_347' title='bbox 3021 853 3318 921; x_wconf 82' lang='lat' dir='ltr'><strong>accepisset</strong></span> 
     </span>
    </p>
   </div>
   <div class='ocr_carea' id='block_1_53' title="bbox 1726 935 3319 1007">
    <p class='ocr_par' dir='ltr' id='par_1_53' title="bbox 1726 935 3319 1007">
     <span class='ocr_line' id='line_1_53' title="bbox 1726 935 3319 1007; baseline 0.007 -21"><span class='ocrx_word' id='word_1_348' title='bbox 1726 942 2034 1001; x_wconf 74' lang='lat' dir='ltr'><strong>utrumque</strong></span> <span class='ocrx_word' id='word_1_349' title='bbox 2072 935 2363 1007; x_wconf 80' lang='lat' dir='ltr'><strong>Rogerium</strong></span> <span class='ocrx_word' id='word_1_350' title='bbox 2414 938 2698 992; x_wconf 82' lang='lat' dir='ltr'><strong>Salernum</strong></span> <span class='ocrx_word' id='word_1_351' title='bbox 2746 940 3053 1007; x_wconf 86' lang='lat' dir='ltr'><strong>divertisse,</strong></span> <span class='ocrx_word' id='word_1_352' title='bbox 3088 943 3192 997; x_wconf 90' lang='lat' dir='ltr'><strong>huc</strong></span> <span class='ocrx_word' id='word_1_353' title='bbox 3226 958 3319 997; x_wconf 90' lang='lat' dir='ltr'><strong>eos</strong></span> 
     </span>
    </p>
   </div>
   <div class='ocr_carea' id='block_1_54' title="bbox 1748 1021 3311 1096">
    <p class='ocr_par' dir='ltr' id='par_1_54' title="bbox 1748 1021 3311 1096">
     <span class='ocr_line' id='line_1_54' title="bbox 1748 1021 3311 1096; baseline 0.008 -23"><span class='ocrx_word' id='word_1_354' title='bbox 1748 1021 1898 1075; x_wconf 73' lang='lat' dir='ltr'><strong>adire</strong></span> <span class='ocrx_word' id='word_1_355' title='bbox 1927 1024 2229 1091; x_wconf 77' lang='lat' dir='ltr'><strong>constituit,</strong></span> <span class='ocrx_word' id='word_1_356' title='bbox 2278 1036 2563 1092; x_wconf 88' lang='lat' dir='ltr'><strong>antequam</strong></span> <span class='ocrx_word' id='word_1_357' title='bbox 2596 1029 2857 1096; x_wconf 80' lang='lat' dir='ltr'><strong>llogerius</strong></span> <span class='ocrx_word' id='word_1_358' title='bbox 2895 1045 3075 1084; x_wconf 88' lang='lat' dir='ltr'><strong>comes</strong></span> <span class='ocrx_word' id='word_1_359' title='bbox 3103 1032 3153 1085; x_wconf 92' lang='lat' dir='ltr'><strong>in</strong></span> <span class='ocrx_word' id='word_1_360' title='bbox 3184 1032 3311 1086; x_wconf 87' lang='lat' dir='ltr'><strong>Sici-</strong></span> 
     </span>
    </p>
   </div>
   <div class='ocr_carea' id='block_1_55' title="bbox 1747 1110 3320 1191">
    <p class='ocr_par' dir='ltr' id='par_1_55' title="bbox 1747 1110 3320 1191">
     <span class='ocr_line' id='line_1_55' title="bbox 1747 1110 3320 1191; baseline 0.01 -29"><span class='ocrx_word' id='word_1_361' title='bbox 1747 1110 1873 1165; x_wconf 86' lang='lat' dir='ltr'><strong>liam</strong></span> <span class='ocrx_word' id='word_1_362' title='bbox 1898 1114 2117 1168; x_wconf 89' lang='lat' dir='ltr'><strong>rediret.</strong></span> <span class='ocrx_word' id='word_1_363' title='bbox 2152 1116 2366 1173; x_wconf 87' lang='lat' dir='ltr'><strong>Urbano</strong></span> <span class='ocrx_word' id='word_1_364' title='bbox 2405 1118 2711 1172; x_wconf 83' lang='lat' dir='ltr'><strong>advenienti</strong></span> <span class='ocrx_word' id='word_1_365' title='bbox 2740 1135 2860 1173; x_wconf 87' lang='lat' dir='ltr'><strong>cum</strong></span> <span class='ocrx_word' id='word_1_366' title='bbox 2898 1121 3320 1191; x_wconf 86' lang='lat' dir='ltr'><strong>archiepiscopis</strong></span> 
     </span>
    </p>
   </div>
   <div class='ocr_carea' id='block_1_56' title="bbox 1746 1207 3319 1267">
    <p class='ocr_par' dir='ltr' id='par_1_56' title="bbox 1746 1207 3319 1267">
     <span class='ocr_line' id='line_1_56' title="bbox 1746 1207 3319 1267; baseline 0.008 -12"><span class='ocrx_word' id='word_1_367' title='bbox 1746 1210 1802 1255; x_wconf 91' lang='lat' dir='ltr'><strong>et</strong></span> <span class='ocrx_word' id='word_1_368' title='bbox 1840 1214 2038 1258; x_wconf 74' lang='lat' dir='ltr'><strong>cmtero</strong></span> <span class='ocrx_word' id='word_1_369' title='bbox 2068 1207 2354 1260; x_wconf 90' lang='lat' dir='ltr'><strong>comitatu.</strong></span> <span class='ocrx_word' id='word_1_370' title='bbox 2383 1209 2598 1263; x_wconf 88' lang='lat' dir='ltr'><strong>obviam</strong></span> <span class='ocrx_word' id='word_1_371' title='bbox 2640 1210 2772 1262; x_wconf 89' lang='lat' dir='ltr'><strong>itum</strong></span> <span class='ocrx_word' id='word_1_372' title='bbox 2816 1219 2895 1264; x_wconf 91' lang='lat' dir='ltr'><strong>est</strong></span> <span class='ocrx_word' id='word_1_373' title='bbox 2940 1227 3061 1265; x_wconf 91' lang='lat' dir='ltr'><strong>cum</strong></span> <span class='ocrx_word' id='word_1_374' title='bbox 3091 1212 3319 1267; x_wconf 88' lang='lat' dir='ltr'><strong>solemni</strong></span> 
     </span>
    </p>
   </div>
   <div class='ocr_carea' id='block_1_57' title="bbox 1747 1294 3319 1370">
    <p class='ocr_par' dir='ltr' id='par_1_57' title="bbox 1747 1294 3319 1370">
     <span class='ocr_line' id='line_1_57' title="bbox 1747 1294 3319 1370; baseline 0.008 -27"><span class='ocrx_word' id='word_1_375' title='bbox 1747 1294 2116 1358; x_wconf 87' lang='lat' dir='ltr'><strong>processione.</strong></span> <span class='ocrx_word' id='word_1_376' title='bbox 2164 1296 2351 1365; x_wconf 91' lang='lat' dir='ltr'><strong>Ibique</strong></span> <span class='ocrx_word' id='word_1_377' title='bbox 2400 1298 2512 1351; x_wconf 91' lang='lat' dir='ltr'><strong>dies</strong></span> <span class='ocrx_word' id='word_1_378' title='bbox 2564 1298 2767 1367; x_wconf 88' lang='lat' dir='ltr'><strong>aliquot</strong></span> <span class='ocrx_word' id='word_1_379' title='bbox 2818 1301 2997 1369; x_wconf 80' lang='lat' dir='ltr'><strong>exegit</strong></span> <span class='ocrx_word' id='word_1_380' title='bbox 3047 1300 3319 1370; x_wconf 84' lang='lat' dir='ltr'><strong>frequenti</strong></span> 
     </span>
    </p>
   </div>
   <div class='ocr_carea' id='block_1_58' title="bbox 1748 1383 3323 1457">
    <p class='ocr_par' dir='ltr' id='par_1_58' title="bbox 1748 1383 3323 1457">
     <span class='ocr_line' id='line_1_58' title="bbox 1748 1383 3323 1457; baseline 0.009 -22"><span class='ocrx_word' id='word_1_381' title='bbox 1748 1383 2016 1453; x_wconf 88' lang='lat' dir='ltr'><strong>colloquio</strong></span> <span class='ocrx_word' id='word_1_382' title='bbox 2065 1389 2280 1442; x_wconf 90' lang='lat' dir='ltr'><strong>comitis</strong></span> <span class='ocrx_word' id='word_1_383' title='bbox 2311 1388 2525 1457; x_wconf 81' lang='lat' dir='ltr'><strong>Rogerii</strong></span> <span class='ocrx_word' id='word_1_384' title='bbox 2567 1408 2581 1442; x_wconf 91' lang='lat'><strong><em>:</em></strong></span> <span class='ocrx_word' id='word_1_385' title='bbox 2633 1406 2755 1444; x_wconf 89' lang='lat' dir='ltr'><strong>nam</strong></span> <span class='ocrx_word' id='word_1_386' title='bbox 2798 1393 3108 1447; x_wconf 86' lang='lat' dir='ltr'><strong>amicissimi</strong></span> <span class='ocrx_word' id='word_1_387' title='bbox 3168 1406 3323 1449; x_wconf 84' lang='lat' dir='ltr'><strong>erant</strong></span> 
     </span>
    </p>
   </div>
   <div class='ocr_carea' id='block_1_59' title="bbox 1748 1478 3317 1547">
    <p class='ocr_par' dir='ltr' id='par_1_59' title="bbox 1748 1478 3317 1547">
     <span class='ocr_line' id='line_1_59' title="bbox 1748 1478 3317 1547; baseline 0.008 -21"><span class='ocrx_word' id='word_1_388' title='bbox 1748 1485 2051 1539; x_wconf 88' lang='lat' dir='ltr'><strong>recreatus,</strong></span> <span class='ocrx_word' id='word_1_389' title='bbox 2084 1480 2160 1531; x_wconf 89' lang='lat' dir='ltr'><strong>uti</strong></span> <span class='ocrx_word' id='word_1_390' title='bbox 2208 1478 2369 1533; x_wconf 84' lang='lat' dir='ltr'><strong>habet</strong></span> <span class='ocrx_word' id='word_1_391' title='bbox 2415 1479 2721 1535; x_wconf 85' lang='lat' dir='ltr'><strong>Gaufredus</strong></span> <span class='ocrx_word' id='word_1_392' title='bbox 2772 1482 3075 1547; x_wconf 80' lang='lat' dir='ltr'><strong>Malaterra,</strong></span> <span class='ocrx_word' id='word_1_393' title='bbox 3110 1484 3200 1537; x_wconf 84' lang='lat' dir='ltr'><strong>lib.</strong></span> <span class='ocrx_word' id='word_1_394' title='bbox 3246 1502 3317 1539; x_wconf 77' lang='lat' dir='ltr'><strong>iv.</strong></span> 
     </span>
    </p>
   </div>
   <div class='ocr_carea' id='block_1_60' title="bbox 1748 1562 3322 1635">
    <p class='ocr_par' dir='ltr' id='par_1_60' title="bbox 1748 1562 3322 1635">
     <span class='ocr_line' id='line_1_60' title="bbox 1748 1562 3322 1635; baseline 0.008 -19"><span class='ocrx_word' id='word_1_395' title='bbox 1748 1562 1824 1616; x_wconf 82' lang='lat' dir='ltr'><strong>Ea</strong></span> <span class='ocrx_word' id='word_1_396' title='bbox 1845 1566 2148 1631; x_wconf 78' lang='lat' dir='ltr'><strong>occasione,</strong></span> <span class='ocrx_word' id='word_1_397' title='bbox 2178 1577 2235 1621; x_wconf 90' lang='lat' dir='ltr'><strong>ut</strong></span> <span class='ocrx_word' id='word_1_398' title='bbox 2277 1568 2415 1621; x_wconf 90' lang='lat' dir='ltr'><strong>idem</strong></span> <span class='ocrx_word' id='word_1_399' title='bbox 2451 1579 2639 1623; x_wconf 88' lang='lat' dir='ltr'><strong>auctor</strong></span> <span class='ocrx_word' id='word_1_400' title='bbox 2663 1572 2873 1635; x_wconf 86' lang='lat' dir='ltr'><strong>scribit,</strong></span> <span class='ocrx_word' id='word_1_401' title='bbox 2918 1588 3041 1627; x_wconf 90' lang='lat' dir='ltr'><strong>cum</strong></span> <span class='ocrx_word' id='word_1_402' title='bbox 3076 1573 3322 1628; x_wconf 88' lang='lat' dir='ltr'><strong>Urbanus</strong></span> 
     </span>
    </p>
   </div>
   <div class='ocr_carea' id='block_1_61' title="bbox 1748 1654 3320 1730">
    <p class='ocr_par' dir='ltr' id='par_1_61' title="bbox 1748 1654 3320 1730">
     <span class='ocr_line' id='line_1_61' title="bbox 1748 1654 3320 1730; baseline 0.009 -25"><span class='ocrx_word' id='word_1_403' title='bbox 1748 1654 2076 1710; x_wconf 87' lang='lat' dir='ltr'><strong>advertisset</strong></span> <span class='ocrx_word' id='word_1_404' title='bbox 2098 1656 2332 1724; x_wconf 74' lang='lat' dir='ltr'><strong>Rogerio</strong></span> <span class='ocrx_word' id='word_1_405' title='bbox 2360 1660 2663 1729; x_wconf 85' lang='lat' dir='ltr'><strong>displicere,</strong></span> <span class='ocrx_word' id='word_1_406' title='bbox 2698 1665 2840 1730; x_wconf 89' lang='lat' dir='ltr'><strong>quod</strong></span> <span class='ocrx_word' id='word_1_407' title='bbox 2866 1664 3137 1719; x_wconf 76' lang='lat' dir='ltr'><strong>Robertus</strong></span> <span class='ocrx_word' id='word_1_408' title='bbox 3161 1666 3320 1719; x_wconf 90' lang='lat' dir='ltr'><strong>Trai-</strong></span> 
     </span>
    </p>
   </div>
   <div class='ocr_carea' id='block_1_62' title="bbox 1748 1743 3320 1822">
    <p class='ocr_par' dir='ltr' id='par_1_62' title="bbox 1748 1743 3320 1822">
     <span class='ocr_line' id='line_1_62' title="bbox 1748 1743 3320 1822; baseline 0.01 -28"><span class='ocrx_word' id='word_1_409' title='bbox 1748 1743 1930 1797; x_wconf 88' lang='lat' dir='ltr'><strong>nensis</strong></span> <span class='ocrx_word' id='word_1_410' title='bbox 1952 1747 2237 1814; x_wconf 90' lang='lat' dir='ltr'><strong>episcopus</strong></span> <span class='ocrx_word' id='word_1_411' title='bbox 2262 1762 2328 1801; x_wconf 89' lang='lat' dir='ltr'><strong>eo</strong></span> <span class='ocrx_word' id='word_1_412' title='bbox 2360 1749 2659 1804; x_wconf 90' lang='lat' dir='ltr'><strong>inconsulto</strong></span> <span class='ocrx_word' id='word_1_413' title='bbox 2680 1752 2887 1821; x_wconf 86' lang='lat' dir='ltr'><strong>legatus</strong></span> <span class='ocrx_word' id='word_1_414' title='bbox 2915 1754 3238 1822; x_wconf 82' lang='lat' dir='ltr'><strong>apostolicus</strong></span> <span class='ocrx_word' id='word_1_415' title='bbox 3269 1758 3320 1810; x_wconf 91' lang='lat' dir='ltr'><strong>in</strong></span> 
     </span>
    </p>
   </div>
   <div class='ocr_carea' id='block_1_63' title="bbox 1680 1810 3317 1913">
    <p class='ocr_par' dir='ltr' id='par_1_63' title="bbox 1680 1810 3317 1913">
     <span class='ocr_line' id='line_1_63' title="bbox 1680 1810 3317 1913; baseline 0.012 -29"><span class='ocrx_word' id='word_1_416' title='bbox 1680 1810 1720 1867; x_wconf 77' lang='grc' dir='ltr'><strong><em>Β</em></strong></span> <span class='ocrx_word' id='word_1_417' title='bbox 1750 1831 1935 1887; x_wconf 88' lang='lat' dir='ltr'><strong>Sicilia</strong></span> <span class='ocrx_word' id='word_1_418' title='bbox 1962 1835 2244 1891; x_wconf 88' lang='lat' dir='ltr'><strong>institutus</strong></span> <span class='ocrx_word' id='word_1_419' title='bbox 2271 1838 2481 1905; x_wconf 82' lang='lat' dir='ltr'><strong>fuisset,</strong></span> <span class='ocrx_word' id='word_1_420' title='bbox 2510 1850 2711 1895; x_wconf 89' lang='lat' dir='ltr'><strong>mutata</strong></span> <span class='ocrx_word' id='word_1_421' title='bbox 2744 1858 2921 1897; x_wconf 91' lang='lat' dir='ltr'><strong>rerum</strong></span> <span class='ocrx_word' id='word_1_422' title='bbox 2951 1844 3317 1913; x_wconf 90' lang='lat' dir='ltr'><strong>dispositione,</strong></span> 
     </span>
    </p>
   </div>
   <div class='ocr_carea' id='block_1_64' title="bbox 1744 1922 3319 2008">
    <p class='ocr_par' dir='ltr' id='par_1_64' title="bbox 1744 1922 3319 2008">
     <span class='ocr_line' id='line_1_64' title="bbox 1744 1922 3319 2008; baseline 0.013 -32"><span class='ocrx_word' id='word_1_423' title='bbox 1744 1922 1885 1979; x_wconf 86' lang='lat' dir='ltr'><strong>hanc</strong></span> <span class='ocrx_word' id='word_1_424' title='bbox 1910 1925 2229 1994; x_wconf 82' lang='lat' dir='ltr'><strong>dignitatem</strong></span> <span class='ocrx_word' id='word_1_425' title='bbox 2276 1930 2376 1998; x_wconf 86' lang='lat' dir='ltr'><strong>ipsi</strong></span> <span class='ocrx_word' id='word_1_426' title='bbox 2424 1931 2658 2002; x_wconf 77' lang='lat' dir='ltr'><strong>Regerio</strong></span> <span class='ocrx_word' id='word_1_427' title='bbox 2702 1935 2772 1987; x_wconf 91' lang='lat' dir='ltr'><strong>ob</strong></span> <span class='ocrx_word' id='word_1_428' title='bbox 2811 1937 3070 2003; x_wconf 62' lang='lat' dir='ltr'><strong>praeclara</strong></span> <span class='ocrx_word' id='word_1_429' title='bbox 3104 1940 3219 2008; x_wconf 85' lang='lat' dir='ltr'><strong>ejus</strong></span> <span class='ocrx_word' id='word_1_430' title='bbox 3268 1946 3319 1997; x_wconf 91' lang='lat' dir='ltr'><strong>in</strong></span> 
     </span>
    </p>
   </div>
   <div class='ocr_carea' id='block_1_65' title="bbox 1744 2013 3322 2097">
    <p class='ocr_par' dir='ltr' id='par_1_65' title="bbox 1744 2013 3322 2097">
     <span class='ocr_line' id='line_1_65' title="bbox 1744 2013 3322 2097; baseline 0.011 -30"><span class='ocrx_word' id='word_1_431' title='bbox 1744 2013 2041 2069; x_wconf 72' lang='lat' dir='ltr'><strong>Ecclesium</strong></span> <span class='ocrx_word' id='word_1_432' title='bbox 2084 2019 2279 2071; x_wconf 85' lang='lat' dir='ltr'><strong>merita</strong></span> <span class='ocrx_word' id='word_1_433' title='bbox 2328 2020 2704 2076; x_wconf 67' lang='lat' dir='ltr'><strong>hwreditalit&#39;er</strong></span> <span class='ocrx_word' id='word_1_434' title='bbox 2739 2027 3003 2091; x_wconf 86' lang='lat' dir='ltr'><strong>attribuit,</strong></span> <span class='ocrx_word' id='word_1_435' title='bbox 3047 2031 3322 2097; x_wconf 83' lang='lat' dir='ltr'><strong>pollicitus</strong></span> 
     </span>
    </p>
   </div>
   <div class='ocr_carea' id='block_1_66' title="bbox 1744 2108 3322 2181">
    <p class='ocr_par' dir='ltr' id='par_1_66' title="bbox 1744 2108 3322 2181">
     <span class='ocr_line' id='line_1_66' title="bbox 1744 2108 3322 2181; baseline 0.011 -21"><span class='ocrx_word' id='word_1_436' title='bbox 1744 2120 1803 2160; x_wconf 91' lang='lat' dir='ltr'><strong>se</strong></span> <span class='ocrx_word' id='word_1_437' title='bbox 1832 2108 2099 2162; x_wconf 90' lang='lat' dir='ltr'><strong>neminem</strong></span> <span class='ocrx_word' id='word_1_438' title='bbox 2124 2124 2359 2179; x_wconf 87' lang='lat' dir='ltr'><strong>unquam</strong></span> <span class='ocrx_word' id='word_1_439' title='bbox 2390 2111 2623 2181; x_wconf 86' lang='lat' dir='ltr'><strong>legatum</strong></span> <span class='ocrx_word' id='word_1_440' title='bbox 2652 2114 2814 2169; x_wconf 89' lang='lat' dir='ltr'><strong>alium</strong></span> <span class='ocrx_word' id='word_1_441' title='bbox 2848 2117 2900 2172; x_wconf 88' lang='lat' dir='ltr'><strong>in</strong></span> <span class='ocrx_word' id='word_1_442' title='bbox 2930 2119 3186 2175; x_wconf 85' lang='lat' dir='ltr'><strong>Siciliam</strong></span> <span class='ocrx_word' id='word_1_443' title='bbox 3231 2124 3322 2177; x_wconf 90' lang='lat' dir='ltr'><strong>illo</strong></span> 
     </span>
    </p>
   </div>
   <div class='ocr_carea' id='block_1_67' title="bbox 1743 2197 3324 2277">
    <p class='ocr_par' dir='ltr' id='par_1_67' title="bbox 1743 2197 3324 2277">
     <span class='ocr_line' id='line_1_67' title="bbox 1743 2197 3324 2277; baseline 0.009 -27"><span class='ocrx_word' id='word_1_444' title='bbox 1743 2197 1914 2251; x_wconf 82' lang='lat' dir='ltr'><strong>invito</strong></span> <span class='ocrx_word' id='word_1_445' title='bbox 1967 2199 2294 2267; x_wconf 82' lang='lat' dir='ltr'><strong>missurum,</strong></span> <span class='ocrx_word' id='word_1_446' title='bbox 2344 2202 2470 2254; x_wconf 82' lang='lat' dir='ltr'><strong>dum</strong></span> <span class='ocrx_word' id='word_1_447' title='bbox 2532 2204 2638 2266; x_wconf 80' lang='lat' dir='ltr'><strong>ipse</strong></span> <span class='ocrx_word' id='word_1_448' title='bbox 2691 2222 2858 2260; x_wconf 82' lang='lat' dir='ltr'><strong>comes</strong></span> <span class='ocrx_word' id='word_1_449' title='bbox 2916 2211 3195 2277; x_wconf 72' lang='lat' dir='ltr'><strong>advixerit,</strong></span> <span class='ocrx_word' id='word_1_450' title='bbox 3248 2215 3324 2267; x_wconf 84' lang='lat' dir='ltr'><strong>vel</strong></span> 
     </span>
    </p>
   </div>
   <div class='ocr_carea' id='block_1_68' title="bbox 1744 2288 3323 2365">
    <p class='ocr_par' dir='ltr' id='par_1_68' title="bbox 1744 2288 3323 2365">
     <span class='ocr_line' id='line_1_68' title="bbox 1744 2288 3323 2365; baseline 0.011 -24"><span class='ocrx_word' id='word_1_451' title='bbox 1744 2288 1935 2357; x_wconf 85' lang='lat' dir='ltr'><strong>aliquis</strong></span> <span class='ocrx_word' id='word_1_452' title='bbox 1991 2291 2255 2344; x_wconf 75' lang='lat' dir='ltr'><strong>Iurredum</strong></span> <span class='ocrx_word' id='word_1_453' title='bbox 2317 2308 2531 2345; x_wconf 80' lang='lat' dir='ltr'><strong>suorum</strong></span> <span class='ocrx_word' id='word_1_454' title='bbox 2584 2295 2679 2348; x_wconf 79' lang='lat' dir='ltr'><strong>zeli</strong></span> <span class='ocrx_word' id='word_1_455' title='bbox 2728 2301 2933 2365; x_wconf 89' lang='lat' dir='ltr'><strong>paterni</strong></span> <span class='ocrx_word' id='word_1_456' title='bbox 2981 2302 3323 2359; x_wconf 70' lang='lat' dir='ltr'><strong>ecclesiastici</strong></span> 
     </span>
    </p>
   </div>
   <div class='ocr_carea' id='block_1_69' title="bbox 1744 2384 3324 2453">
    <p class='ocr_par' dir='ltr' id='par_1_69' title="bbox 1744 2384 3324 2453">
     <span class='ocr_line' id='line_1_69' title="bbox 1744 2384 3324 2453; baseline 0.011 -19"><span class='ocrx_word' id='word_1_457' title='bbox 1744 2391 2039 2447; x_wconf 76' lang='lat' dir='ltr'><strong>exsecutor,</strong></span> <span class='ocrx_word' id='word_1_458' title='bbox 2081 2393 2342 2451; x_wconf 73' lang='lat' dir='ltr'><strong>superstes</strong></span> <span class='ocrx_word' id='word_1_459' title='bbox 2373 2384 2553 2453; x_wconf 80' lang='lat' dir='ltr'><strong>fuerit.</strong></span> <span class='ocrx_word' id='word_1_460' title='bbox 2585 2386 2722 2443; x_wconf 90' lang='lat' dir='ltr'><strong>llinc</strong></span> <span class='ocrx_word' id='word_1_461' title='bbox 2749 2390 2958 2447; x_wconf 86' lang='lat' dir='ltr'><strong>famosa</strong></span> <span class='ocrx_word' id='word_1_462' title='bbox 2996 2393 3083 2448; x_wconf 88' lang='lat' dir='ltr'><strong>illa</strong></span> <span class='ocrx_word' id='word_1_463' title='bbox 3124 2399 3324 2451; x_wconf 75' lang='lat' dir='ltr'><strong>eonsti~</strong></span> 
     </span>
    </p>
   </div>
   <div class='ocr_carea' id='block_1_70' title="bbox 1750 2470 3321 2545">
    <p class='ocr_par' dir='ltr' id='par_1_70' title="bbox 1750 2470 3321 2545">
     <span class='ocr_line' id='line_1_70' title="bbox 1750 2470 3321 2545; baseline 0.011 -21"><span class='ocrx_word' id='word_1_464' title='bbox 1750 2470 1887 2525; x_wconf 89' lang='lat' dir='ltr'><strong>tutio</strong></span> <span class='ocrx_word' id='word_1_465' title='bbox 1908 2471 2204 2540; x_wconf 88' lang='lat' dir='ltr'><strong>apostolica</strong></span> <span class='ocrx_word' id='word_1_466' title='bbox 2225 2487 2285 2527; x_wconf 87' lang='lat' dir='ltr'><strong>ea</strong></span> <span class='ocrx_word' id='word_1_467' title='bbox 2310 2474 2374 2526; x_wconf 90' lang='lat' dir='ltr'><strong>de</strong></span> <span class='ocrx_word' id='word_1_468' title='bbox 2402 2490 2460 2529; x_wconf 88' lang='lat' dir='ltr'><strong>re</strong></span> <span class='ocrx_word' id='word_1_469' title='bbox 2481 2478 2778 2545; x_wconf 89' lang='lat' dir='ltr'><strong>emanavit,</strong></span> <span class='ocrx_word' id='word_1_470' title='bbox 2803 2481 2925 2535; x_wconf 89' lang='lat' dir='ltr'><strong>data</strong></span> <span class='ocrx_word' id='word_1_471' title='bbox 2966 2484 3069 2537; x_wconf 92' lang='lat' dir='ltr'><strong>hoc</strong></span> <span class='ocrx_word' id='word_1_472' title='bbox 3098 2501 3239 2541; x_wconf 87' lang='lat' dir='ltr'><strong>anno</strong></span> <span class='ocrx_word' id='word_1_473' title='bbox 3264 2504 3321 2541; x_wconf 91' lang='grc' dir='ltr'><strong>ιιι</strong></span> 
     </span>
    </p>
   </div>
   <div class='ocr_carea' id='block_1_71' title="bbox 1747 2554 3322 2633">
    <p class='ocr_par' dir='ltr' id='par_1_71' title="bbox 1747 2554 3322 2633">
     <span class='ocr_line' id='line_1_71' title="bbox 1747 2554 3322 2633; baseline 0.011 -19"><span class='ocrx_word' id='word_1_474' title='bbox 1747 2559 1927 2616; x_wconf 86' lang='lat' dir='ltr'><strong>Nonas</strong></span> <span class='ocrx_word' id='word_1_475' title='bbox 1953 2561 2101 2626; x_wconf 82' lang='lat' dir='ltr'><strong>Julii,</strong></span> <span class='ocrx_word' id='word_1_476' title='bbox 2127 2578 2247 2632; x_wconf 69' lang='lat' dir='ltr'><strong>qua:</strong></span> <span class='ocrx_word' id='word_1_477' title='bbox 2286 2574 2407 2633; x_wconf 83' lang='lat' dir='ltr'><strong>post</strong></span> <span class='ocrx_word' id='word_1_478' title='bbox 2442 2564 2786 2622; x_wconf 83' lang='lat' dir='ltr'><strong>Cauﬂredum</strong></span> <span class='ocrx_word' id='word_1_479' title='bbox 2818 2585 2848 2623; x_wconf 90' lang='lat' dir='ltr'><strong>a</strong></span> <span class='ocrx_word' id='word_1_480' title='bbox 2880 2554 3115 2629; x_wconf 86' lang='lat' dir='ltr'><strong>diversis</strong></span> <span class='ocrx_word' id='word_1_481' title='bbox 3132 2587 3322 2631; x_wconf 86' lang='lat' dir='ltr'><strong>aucto-</strong></span> 
     </span>
    </p>
   </div>
   <div class='ocr_carea' id='block_1_72' title="bbox 1748 2650 3320 2732">
    <p class='ocr_par' dir='ltr' id='par_1_72' title="bbox 1748 2650 3320 2732">
     <span class='ocr_line' id='line_1_72' title="bbox 1748 2650 3320 2732; baseline 0.009 -29"><span class='ocrx_word' id='word_1_482' title='bbox 1748 2650 1897 2704; x_wconf 88' lang='lat' dir='ltr'><strong>ribus</strong></span> <span class='ocrx_word' id='word_1_483' title='bbox 1918 2651 2063 2704; x_wconf 89' lang='lat' dir='ltr'><strong>edita</strong></span> <span class='ocrx_word' id='word_1_484' title='bbox 2094 2652 2160 2705; x_wconf 91' lang='lat' dir='ltr'><strong>ad</strong></span> <span class='ocrx_word' id='word_1_485' title='bbox 2183 2667 2311 2706; x_wconf 88' lang='lat' dir='ltr'><strong>mss.</strong></span> <span class='ocrx_word' id='word_1_486' title='bbox 2337 2654 2501 2707; x_wconf 90' lang='lat' dir='ltr'><strong>etiam</strong></span> <span class='ocrx_word' id='word_1_487' title='bbox 2536 2655 2751 2711; x_wconf 90' lang='lat' dir='ltr'><strong>codices</strong></span> <span class='ocrx_word' id='word_1_488' title='bbox 2774 2658 2970 2715; x_wconf 85' lang='lat' dir='ltr'><strong>collata</strong></span> <span class='ocrx_word' id='word_1_489' title='bbox 2995 2664 3320 2732; x_wconf 89' lang='lat' dir='ltr'><strong>proferetur,</strong></span> 
     </span>
    </p>
   </div>
   <div class='ocr_carea' id='block_1_73' title="bbox 1747 2742 3320 2822">
    <p class='ocr_par' dir='ltr' id='par_1_73' title="bbox 1747 2742 3320 2822">
     <span class='ocr_line' id='line_1_73' title="bbox 1747 2742 3320 2822; baseline 0.009 -26"><span class='ocrx_word' id='word_1_490' title='bbox 1747 2743 1841 2796; x_wconf 90' lang='lat' dir='ltr'><strong>sed</strong></span> <span class='ocrx_word' id='word_1_491' title='bbox 1864 2742 1964 2796; x_wconf 86' lang='lat' dir='ltr'><strong>etsi</strong></span> <span class='ocrx_word' id='word_1_492' title='bbox 1997 2743 2220 2798; x_wconf 59' lang='lat' dir='ltr'><strong>sincerae</strong></span> <span class='ocrx_word' id='word_1_493' title='bbox 2246 2744 2352 2799; x_wconf 91' lang='lat' dir='ltr'><strong>sint</strong></span> <span class='ocrx_word' id='word_1_494' title='bbox 2377 2754 2583 2799; x_wconf 70' lang='lat' dir='ltr'><strong>czctertr</strong></span> <span class='ocrx_word' id='word_1_495' title='bbox 2606 2746 2721 2814; x_wconf 86' lang='lat' dir='ltr'><strong>ejus</strong></span> <span class='ocrx_word' id='word_1_496' title='bbox 2744 2749 3136 2822; x_wconf 82' lang='lat' dir='ltr'><strong>chronologicae</strong></span> <span class='ocrx_word' id='word_1_497' title='bbox 3160 2764 3320 2820; x_wconf 53' lang='lat' dir='ltr'><strong>notae,</strong></span> 
     </span>
    </p>
   </div>
   <div class='ocr_carea' id='block_1_74' title="bbox 1748 2828 3321 2896">
    <p class='ocr_par' dir='ltr' id='par_1_74' title="bbox 1748 2828 3321 2896">
     <span class='ocr_line' id='line_1_74' title="bbox 1748 2828 3321 2896; baseline 0.01 -16"><span class='ocrx_word' id='word_1_498' title='bbox 1748 2828 2048 2883; x_wconf 88' lang='lat' dir='ltr'><strong>adulterata</strong></span> <span class='ocrx_word' id='word_1_499' title='bbox 2093 2840 2271 2885; x_wconf 89' lang='lat' dir='ltr'><strong>tamen</strong></span> <span class='ocrx_word' id='word_1_500' title='bbox 2308 2832 2361 2884; x_wconf 94' lang='lat' dir='ltr'><strong>in</strong></span> <span class='ocrx_word' id='word_1_501' title='bbox 2400 2846 2461 2885; x_wconf 86' lang='lat' dir='ltr'><strong>ea</strong></span> <span class='ocrx_word' id='word_1_502' title='bbox 2517 2842 2599 2887; x_wconf 90' lang='lat' dir='ltr'><strong>est</strong></span> <span class='ocrx_word' id='word_1_503' title='bbox 2644 2835 2890 2890; x_wconf 91' lang='lat' dir='ltr'><strong>indictio.</strong></span> <span class='ocrx_word' id='word_1_504' title='bbox 2941 2837 3109 2895; x_wconf 90' lang='lat' dir='ltr'><strong>Porro</strong></span> <span class='ocrx_word' id='word_1_505' title='bbox 3156 2843 3321 2896; x_wconf 86' lang='lat' dir='ltr'><strong>multa</strong></span> 
     </span>
    </p>
   </div>
   <div class='ocr_carea' id='block_1_75' title="bbox 1748 2916 3322 3000">
    <p class='ocr_par' dir='ltr' id='par_1_75' title="bbox 1748 2916 3322 3000">
     <span class='ocr_line' id='line_1_75' title="bbox 1748 2916 3322 3000; baseline 0.01 -30"><span class='ocrx_word' id='word_1_506' title='bbox 1748 2916 1909 2985; x_wconf 85' lang='lat' dir='ltr'><strong>hujus</strong></span> <span class='ocrx_word' id='word_1_507' title='bbox 1937 2921 2341 2975; x_wconf 89' lang='lat' dir='ltr'><strong>constitutionis</strong></span> <span class='ocrx_word' id='word_1_508' title='bbox 2376 2924 2659 2978; x_wconf 89' lang='lat' dir='ltr'><strong>occasione</strong></span> <span class='ocrx_word' id='word_1_509' title='bbox 2696 2925 2821 2980; x_wconf 91' lang='lat' dir='ltr'><strong>hinc</strong></span> <span class='ocrx_word' id='word_1_510' title='bbox 2870 2937 2921 2981; x_wconf 92' lang='lat' dir='ltr'><strong>et</strong></span> <span class='ocrx_word' id='word_1_511' title='bbox 2967 2928 3092 2983; x_wconf 88' lang='lat' dir='ltr'><strong>inde</strong></span> <span class='ocrx_word' id='word_1_512' title='bbox 3119 2932 3322 3000; x_wconf 88' lang='lat' dir='ltr'><strong>scripta</strong></span> 
     </span>
    </p>
   </div>
   <div class='ocr_carea' id='block_1_76' title="bbox 1749 3013 3321 3091">
    <p class='ocr_par' dir='ltr' id='par_1_76' title="bbox 1749 3013 3321 3091">
     <span class='ocr_line' id='line_1_76' title="bbox 1749 3013 3321 3091; baseline 0.009 -28"><span class='ocrx_word' id='word_1_513' title='bbox 1749 3019 1896 3075; x_wconf 87' lang='lat' dir='ltr'><strong>sunt,</strong></span> <span class='ocrx_word' id='word_1_514' title='bbox 1918 3026 2036 3079; x_wconf 62' lang='lat' dir='ltr'><strong>quae</strong></span> <span class='ocrx_word' id='word_1_515' title='bbox 2066 3013 2133 3066; x_wconf 89' lang='lat' dir='ltr'><strong>ad</strong></span> <span class='ocrx_word' id='word_1_516' title='bbox 2163 3028 2263 3068; x_wconf 90' lang='lat' dir='ltr'><strong>nos</strong></span> <span class='ocrx_word' id='word_1_517' title='bbox 2305 3014 2439 3068; x_wconf 87' lang='lat' dir='ltr'><strong>nihil</strong></span> <span class='ocrx_word' id='word_1_518' title='bbox 2491 3015 2687 3069; x_wconf 88' lang='lat' dir='ltr'><strong>attinet</strong></span> <span class='ocrx_word' id='word_1_519' title='bbox 2727 3017 2895 3073; x_wconf 87' lang='lat' dir='ltr'><strong>fusius</strong></span> <span class='ocrx_word' id='word_1_520' title='bbox 2925 3020 3189 3091; x_wconf 85' lang='lat' dir='ltr'><strong>indagari.</strong></span> <span class='ocrx_word' id='word_1_521' title='bbox 3222 3023 3321 3088; x_wconf 86' lang='lat' dir='ltr'><strong>Ea,</strong></span> 
     </span>
    </p>
   </div>
   <div class='ocr_carea' id='block_1_77' title="bbox 1747 3101 3321 3177">
    <p class='ocr_par' dir='ltr' id='par_1_77' title="bbox 1747 3101 3321 3177">
     <span class='ocr_line' id='line_1_77' title="bbox 1747 3101 3321 3177; baseline 0.009 -23"><span class='ocrx_word' id='word_1_522' title='bbox 1747 3101 1792 3154; x_wconf 88' lang='lat' dir='ltr'><strong>si</strong></span> <span class='ocrx_word' id='word_1_523' title='bbox 1815 3101 1983 3168; x_wconf 87' lang='lat' dir='ltr'><strong>lubet,</strong></span> <span class='ocrx_word' id='word_1_524' title='bbox 2014 3104 2215 3159; x_wconf 88' lang='lat' dir='ltr'><strong>videsis</strong></span> <span class='ocrx_word' id='word_1_525' title='bbox 2252 3105 2390 3173; x_wconf 89' lang='lat' dir='ltr'><strong>apud</strong></span> <span class='ocrx_word' id='word_1_526' title='bbox 2429 3104 2714 3161; x_wconf 82' lang='lat' dir='ltr'><strong>Baronium</strong></span> <span class='ocrx_word' id='word_1_527' title='bbox 2748 3118 2893 3164; x_wconf 84' lang='lat' dir='ltr'><strong>tome</strong></span> <span class='ocrx_word' id='word_1_528' title='bbox 2916 3111 3020 3177; x_wconf 87' lang='lat' dir='ltr'><strong>XI;</strong></span> <span class='ocrx_word' id='word_1_529' title='bbox 3050 3113 3321 3168; x_wconf 72' lang='lat' dir='ltr'><strong>Bocchum</strong></span> 
     </span>
    </p>
   </div>
   <div class='ocr_carea' id='block_1_78' title="bbox 1745 3193 3324 3275">
    <p class='ocr_par' dir='ltr' id='par_1_78' title="bbox 1745 3193 3324 3275">
     <span class='ocr_line' id='line_1_78' title="bbox 1745 3193 3324 3275; baseline 0.009 -29"><span class='ocrx_word' id='word_1_530' title='bbox 1745 3193 2009 3264; x_wconf 89' lang='lat' dir='ltr'><strong>Pyrrhum</strong></span> <span class='ocrx_word' id='word_1_531' title='bbox 2034 3208 2178 3252; x_wconf 91' lang='lat' dir='ltr'><strong>tomo</strong></span> <span class='ocrx_word' id='word_1_532' title='bbox 2207 3197 2469 3253; x_wconf 68' lang='lat' dir='ltr'><strong>“Siciliae</strong></span> <span class='ocrx_word' id='word_1_533' title='bbox 2490 3216 2683 3264; x_wconf 66' lang='lat' dir='ltr'><strong>sacrm,</strong></span> <span class='ocrx_word' id='word_1_534' title='bbox 2707 3217 2829 3271; x_wconf 90' lang='lat' dir='ltr'><strong>pag.</strong></span> <span class='ocrx_word' id='word_1_535' title='bbox 2854 3203 2960 3257; x_wconf 72' lang='lat'><strong>452</strong></span> <span class='ocrx_word' id='word_1_536' title='bbox 2986 3214 3039 3258; x_wconf 92' lang='lat' dir='ltr'><strong>et</strong></span> <span class='ocrx_word' id='word_1_537' title='bbox 3066 3220 3242 3275; x_wconf 83' lang='lat' dir='ltr'><strong>seqq.,</strong></span> <span class='ocrx_word' id='word_1_538' title='bbox 3259 3222 3324 3261; x_wconf 89' lang='lat' dir='ltr'><strong>ac</strong></span> 
     </span>
    </p>
   </div>
   <div class='ocr_carea' id='block_1_79' title="bbox 1745 3284 3319 3362">
    <p class='ocr_par' dir='ltr' id='par_1_79' title="bbox 1745 3284 3319 3362">
     <span class='ocr_line' id='line_1_79' title="bbox 1745 3284 3319 3362; baseline 0.01 -26"><span class='ocrx_word' id='word_1_539' title='bbox 1745 3284 1880 3339; x_wconf 89' lang='lat' dir='ltr'><strong>alios</strong></span> <span class='ocrx_word' id='word_1_540' title='bbox 1934 3294 2203 3343; x_wconf 90' lang='lat' dir='ltr'><strong>auctores.</strong></span> <span class='ocrx_word' id='word_1_541' title='bbox 2254 3289 2338 3343; x_wconf 86' lang='lat' dir='ltr'><strong>An</strong></span> <span class='ocrx_word' id='word_1_542' title='bbox 2372 3304 2501 3344; x_wconf 89' lang='lat' dir='ltr'><strong>vero</strong></span> <span class='ocrx_word' id='word_1_543' title='bbox 2530 3292 2644 3345; x_wconf 77' lang='lat' dir='ltr'><strong>lucc</strong></span> <span class='ocrx_word' id='word_1_544' title='bbox 2670 3292 2870 3362; x_wconf 85' lang='lat' dir='ltr'><strong>legatio</strong></span> <span class='ocrx_word' id='word_1_545' title='bbox 2905 3310 3024 3350; x_wconf 89' lang='lat' dir='ltr'><strong>sese</strong></span> <span class='ocrx_word' id='word_1_546' title='bbox 3067 3298 3228 3350; x_wconf 89' lang='lat' dir='ltr'><strong>etiam</strong></span> <span class='ocrx_word' id='word_1_547' title='bbox 3266 3299 3319 3354; x_wconf 90' lang='lat' dir='ltr'><strong>in</strong></span> 
     </span>
    </p>
   </div>
   <div class='ocr_carea' id='block_1_80' title="bbox 1746 3372 3321 3454">
    <p class='ocr_par' dir='ltr' id='par_1_80' title="bbox 1746 3372 3321 3454">
     <span class='ocr_line' id='line_1_80' title="bbox 1746 3372 3321 3454; baseline 0.007 -26"><span class='ocrx_word' id='word_1_548' title='bbox 1746 3372 2070 3440; x_wconf 85' lang='lat' dir='ltr'><strong>Calabriam,</strong></span> <span class='ocrx_word' id='word_1_549' title='bbox 2109 3377 2201 3431; x_wconf 90' lang='lat' dir='ltr'><strong>ubi</strong></span> <span class='ocrx_word' id='word_1_550' title='bbox 2255 3386 2381 3433; x_wconf 90' lang='lat' dir='ltr'><strong>tunc</strong></span> <span class='ocrx_word' id='word_1_551' title='bbox 2438 3379 2600 3435; x_wconf 89' lang='lat' dir='ltr'><strong>Sasso</strong></span> <span class='ocrx_word' id='word_1_552' title='bbox 2634 3380 2991 3438; x_wconf 89' lang='lat' dir='ltr'><strong>Cassanensis</strong></span> <span class='ocrx_word' id='word_1_553' title='bbox 3038 3388 3321 3454; x_wconf 84' lang='lat' dir='ltr'><strong>episcopus</strong></span> 
     </span>
    </p>
   </div>
   <div class='ocr_carea' id='block_1_81' title="bbox 1744 3463 3317 3539">
    <p class='ocr_par' dir='ltr' id='par_1_81' title="bbox 1744 3463 3317 3539">
     <span class='ocr_line' id='line_1_81' title="bbox 1744 3463 3317 3539; baseline 0.009 -23"><span class='ocrx_word' id='word_1_554' title='bbox 1744 3463 2010 3533; x_wconf 88' lang='lat' dir='ltr'><strong>legatione</strong></span> <span class='ocrx_word' id='word_1_555' title='bbox 2051 3468 2347 3535; x_wconf 88' lang='lat' dir='ltr'><strong>apostolica</strong></span> <span class='ocrx_word' id='word_1_556' title='bbox 2395 3468 2735 3539; x_wconf 78' lang='lat' dir='ltr'><strong>iungebatur,</strong></span> <span class='ocrx_word' id='word_1_557' title='bbox 2775 3474 3101 3539; x_wconf 75' lang='lat' dir='ltr'><strong>extenderit,</strong></span> <span class='ocrx_word' id='word_1_558' title='bbox 3136 3475 3317 3530; x_wconf 87' lang='lat' dir='ltr'><strong>incer-</strong></span> 
     </span>
    </p>
   </div>
   <div class='ocr_carea' id='block_1_82' title="bbox 1747 3557 2987 3628">
    <p class='ocr_par' dir='ltr' id='par_1_82' title="bbox 1747 3557 2987 3628">
     <span class='ocr_line' id='line_1_82' title="bbox 1747 3557 2987 3628; baseline 0.006 -22"><span class='ocrx_word' id='word_1_559' title='bbox 1747 3561 1857 3607; x_wconf 90' lang='lat' dir='ltr'><strong>tum</strong></span> <span class='ocrx_word' id='word_1_560' title='bbox 1883 3565 1985 3617; x_wconf 88' lang='lat' dir='ltr'><strong>est,</strong></span> <span class='ocrx_word' id='word_1_561' title='bbox 2014 3557 2158 3628; x_wconf 77' lang='lat' dir='ltr'><strong>quod</strong></span> <span class='ocrx_word' id='word_1_562' title='bbox 2182 3557 2407 3611; x_wconf 88' lang='lat' dir='ltr'><strong>innuere</strong></span> <span class='ocrx_word' id='word_1_563' title='bbox 2435 3558 2645 3611; x_wconf 80' lang='lat' dir='ltr'><strong>videtur</strong></span> <span class='ocrx_word' id='word_1_564' title='bbox 2668 3559 2987 3617; x_wconf 79' lang='lat' dir='ltr'><strong>Gaufredus.</strong></span> 
     </span>
    </p>
   </div>
   <div class='ocr_carea' id='block_1_83' title="bbox 1873 3643 3187 3708">
    <p class='ocr_par' dir='ltr' id='par_1_83' title="bbox 1873 3643 3187 3708">
     <span class='ocr_line' id='line_1_83' title="bbox 1873 3643 3187 3708; baseline 0.008 -10"><span class='ocrx_word' id='word_1_565' title='bbox 1873 3643 2145 3698; x_wconf 78' lang='lat' dir='ltr'><strong>CCCXIX.</strong></span> <span class='ocrx_word' id='word_1_566' title='bbox 2182 3644 2454 3699; x_wconf 84' lang='lat' dir='ltr'><strong>Primatus</strong></span> <span class='ocrx_word' id='word_1_567' title='bbox 2486 3645 2738 3702; x_wconf 71' lang='lat' dir='ltr'><strong>Ecclesia:</strong></span> <span class='ocrx_word' id='word_1_568' title='bbox 2768 3649 2982 3706; x_wconf 84' lang='lat' dir='ltr'><strong>Salerni</strong></span> <span class='ocrx_word' id='word_1_569' title='bbox 3012 3654 3187 3708; x_wconf 76' lang='lat' dir='ltr'><strong>(latus.</strong></span> 
     </span>
    </p>
   </div>
   <div class='ocr_carea' id='block_1_84' title="bbox 1816 3736 3322 3816">
    <p class='ocr_par' dir='ltr' id='par_1_84' title="bbox 1816 3736 3322 3816">
     <span class='ocr_line' id='line_1_84' title="bbox 1816 3736 3322 3816; baseline 0.008 -26"><span class='ocrx_word' id='word_1_570' title='bbox 1816 3736 1982 3791; x_wconf 87' lang='lat' dir='ltr'><strong>Paulo</strong></span> <span class='ocrx_word' id='word_1_571' title='bbox 2006 3750 2126 3807; x_wconf 89' lang='lat' dir='ltr'><strong>post</strong></span> <span class='ocrx_word' id='word_1_572' title='bbox 2151 3738 2203 3792; x_wconf 91' lang='lat' dir='ltr'><strong>id</strong></span> <span class='ocrx_word' id='word_1_573' title='bbox 2237 3748 2467 3808; x_wconf 87' lang='lat' dir='ltr'><strong>tempus,</strong></span> <span class='ocrx_word' id='word_1_574' title='bbox 2491 3740 2575 3795; x_wconf 90' lang='lat' dir='ltr'><strong>die</strong></span> <span class='ocrx_word' id='word_1_575' title='bbox 2605 3740 2814 3796; x_wconf 85' lang='lat' dir='ltr'><strong>scilicet</strong></span> <span class='ocrx_word' id='word_1_576' title='bbox 2840 3742 2908 3796; x_wconf 69' lang='lat'><strong>20</strong></span> <span class='ocrx_word' id='word_1_577' title='bbox 2942 3743 3065 3799; x_wconf 87' lang='lat' dir='ltr'><strong>Julii</strong></span> <span class='ocrx_word' id='word_1_578' title='bbox 3098 3762 3322 3816; x_wconf 60' lang='lat' dir='ltr'><strong>sequcno</strong></span> 
     </span>
    </p>
   </div>
   <div class='ocr_carea' id='block_1_85' title="bbox 1748 3828 3317 3909">
    <p class='ocr_par' dir='ltr' id='par_1_85' title="bbox 1748 3828 3317 3909">
     <span class='ocr_line' id='line_1_85' title="bbox 1748 3828 3317 3909; baseline 0.008 -29"><span class='ocrx_word' id='word_1_579' title='bbox 1748 3828 1835 3893; x_wconf 91' lang='lat' dir='ltr'><strong>tis,</strong></span> <span class='ocrx_word' id='word_1_580' title='bbox 1864 3828 2103 3898; x_wconf 78' lang='lat' dir='ltr'><strong>pontifex</strong></span> <span class='ocrx_word' id='word_1_581' title='bbox 2135 3830 2202 3883; x_wconf 92' lang='lat' dir='ltr'><strong>ad</strong></span> <span class='ocrx_word' id='word_1_582' title='bbox 2232 3830 2453 3885; x_wconf 89' lang='lat' dir='ltr'><strong>alterius</strong></span> <span class='ocrx_word' id='word_1_583' title='bbox 2478 3830 2720 3900; x_wconf 80' lang='lat' dir='ltr'><strong>Rogerii,</strong></span> <span class='ocrx_word' id='word_1_584' title='bbox 2745 3849 2936 3903; x_wconf 87' lang='lat' dir='ltr'><strong>nempe</strong></span> <span class='ocrx_word' id='word_1_585' title='bbox 2982 3836 3133 3891; x_wconf 86' lang='lat' dir='ltr'><strong>ducis</strong></span> <span class='ocrx_word' id='word_1_586' title='bbox 3169 3840 3317 3909; x_wconf 83' lang='lat' dir='ltr'><strong>Apu-</strong></span> 
     </span>
    </p>
   </div>
   <div class='ocr_carea' id='block_1_86' title="bbox 1745 3918 3321 3998">
    <p class='ocr_par' dir='ltr' id='par_1_86' title="bbox 1745 3918 3321 3998">
     <span class='ocr_line' id='line_1_86' title="bbox 1745 3918 3321 3998; baseline 0.008 -27"><span class='ocrx_word' id='word_1_587' title='bbox 1745 3918 1858 3983; x_wconf 64' lang='lat' dir='ltr'><strong>lia),</strong></span> <span class='ocrx_word' id='word_1_588' title='bbox 1887 3929 1941 3973; x_wconf 94' lang='lat' dir='ltr'><strong>et</strong></span> <span class='ocrx_word' id='word_1_589' title='bbox 1965 3920 2143 3973; x_wconf 87' lang='lat' dir='ltr'><strong>Alfani</strong></span> <span class='ocrx_word' id='word_1_590' title='bbox 2181 3922 2569 3991; x_wconf 64' lang='lat' dir='ltr'><strong>archicpisropi</strong></span> <span class='ocrx_word' id='word_1_591' title='bbox 2622 3938 2829 3993; x_wconf 84' lang='lat' dir='ltr'><strong>preces,</strong></span> <span class='ocrx_word' id='word_1_592' title='bbox 2860 3927 3067 3995; x_wconf 81' lang='lat' dir='ltr'><strong>insigne</strong></span> <span class='ocrx_word' id='word_1_593' title='bbox 3100 3930 3321 3998; x_wconf 78' lang='lat' dir='ltr'><strong>privile—</strong></span> 
     </span>
    </p>
   </div>
   <div class='ocr_carea' id='block_1_87' title="bbox 1746 4009 3319 4081">
    <p class='ocr_par' dir='ltr' id='par_1_87' title="bbox 1746 4009 3319 4081">
     <span class='ocr_line' id='line_1_87' title="bbox 1746 4009 3319 4081; baseline 0.009 -20"><span class='ocrx_word' id='word_1_594' title='bbox 1746 4009 1893 4077; x_wconf 87' lang='lat' dir='ltr'><strong>gium</strong></span> <span class='ocrx_word' id='word_1_595' title='bbox 1949 4009 2304 4065; x_wconf 72' lang='lat' dir='ltr'><strong>Salernitana:</strong></span> <span class='ocrx_word' id='word_1_596' title='bbox 2358 4012 2613 4066; x_wconf 79' lang='lat' dir='ltr'><strong>Ecclesia:</strong></span> <span class='ocrx_word' id='word_1_597' title='bbox 2668 4016 2954 4081; x_wconf 88' lang='lat' dir='ltr'><strong>concessit,</strong></span> <span class='ocrx_word' id='word_1_598' title='bbox 3028 4019 3225 4075; x_wconf 88' lang='lat' dir='ltr'><strong>collato</strong></span> <span class='ocrx_word' id='word_1_599' title='bbox 3271 4024 3319 4075; x_wconf 92' lang='lat' dir='ltr'><strong>ei</strong></span> 
     </span>
    </p>
   </div>
   <div class='ocr_carea' id='block_1_88' title="bbox 1744 4100 3317 4174">
    <p class='ocr_par' dir='ltr' id='par_1_88' title="bbox 1744 4100 3317 4174">
     <span class='ocr_line' id='line_1_88' title="bbox 1744 4100 3317 4174; baseline 0.007 -20"><span class='ocrx_word' id='word_1_600' title='bbox 1744 4101 1979 4169; x_wconf 90' lang='lat' dir='ltr'><strong>primatu</strong></span> <span class='ocrx_word' id='word_1_601' title='bbox 2012 4100 2064 4154; x_wconf 91' lang='lat' dir='ltr'><strong>in</strong></span> <span class='ocrx_word' id='word_1_602' title='bbox 2097 4102 2231 4155; x_wconf 91' lang='lat' dir='ltr'><strong>duas</strong></span> <span class='ocrx_word' id='word_1_603' title='bbox 2287 4104 2612 4172; x_wconf 83' lang='lat' dir='ltr'><strong>metrOpoles</strong></span> <span class='ocrx_word' id='word_1_604' title='bbox 2654 4105 3013 4174; x_wconf 86' lang='lat' dir='ltr'><strong>Compsanam</strong></span> <span class='ocrx_word' id='word_1_605' title='bbox 3043 4120 3097 4163; x_wconf 90' lang='lat' dir='ltr'><strong>et</strong></span> <span class='ocrx_word' id='word_1_606' title='bbox 3139 4111 3317 4165; x_wconf 82' lang='lat' dir='ltr'><strong>Ache-</strong></span> 
     </span>
    </p>
   </div>
   <div class='ocr_carea' id='block_1_89' title="bbox 1746 4189 3319 4265">
    <p class='ocr_par' dir='ltr' id='par_1_89' title="bbox 1746 4189 3319 4265">
     <span class='ocr_line' id='line_1_89' title="bbox 1746 4189 3319 4265; baseline 0.01 -24"><span class='ocrx_word' id='word_1_607' title='bbox 1746 4189 2042 4255; x_wconf 88' lang='lat' dir='ltr'><strong>runtinam,</strong></span> <span class='ocrx_word' id='word_1_608' title='bbox 2068 4206 2186 4263; x_wconf 75' lang='lat' dir='ltr'><strong>qua:</strong></span> <span class='ocrx_word' id='word_1_609' title='bbox 2214 4191 2339 4244; x_wconf 90' lang='lat' dir='ltr'><strong>olim</strong></span> <span class='ocrx_word' id='word_1_610' title='bbox 2366 4192 2604 4261; x_wconf 78' lang='lat' dir='ltr'><strong>ipsijure</strong></span> <span class='ocrx_word' id='word_1_611' title='bbox 2636 4197 3028 4265; x_wconf 88' lang='lat' dir='ltr'><strong>metropolitieo</strong></span> <span class='ocrx_word' id='word_1_612' title='bbox 3066 4198 3319 4265; x_wconf 67' lang='lat' dir='ltr'><strong>subjectre</strong></span> 
     </span>
    </p>
   </div>
   <div class='ocr_carea' id='block_1_90' title="bbox 1745 4279 3315 4359">
    <p class='ocr_par' dir='ltr' id='par_1_90' title="bbox 1745 4279 3315 4359">
     <span class='ocr_line' id='line_1_90' title="bbox 1745 4279 3315 4359; baseline 0.009 -27"><span class='ocrx_word' id='word_1_613' title='bbox 1745 4279 1981 4334; x_wconf 87' lang='lat' dir='ltr'><strong>fuerant.</strong></span> <span class='ocrx_word' id='word_1_614' title='bbox 2020 4280 2157 4335; x_wconf 88' lang='lat' dir='ltr'><strong>Data</strong></span> <span class='ocrx_word' id='word_1_615' title='bbox 2202 4292 2284 4337; x_wconf 90' lang='lat' dir='ltr'><strong>est</strong></span> <span class='ocrx_word' id='word_1_616' title='bbox 2317 4283 2460 4338; x_wconf 88' lang='lat' dir='ltr'><strong>bulla</strong></span> <span class='ocrx_word' id='word_1_617' title='bbox 2496 4285 2582 4339; x_wconf 89' lang='lat' dir='ltr'><strong>die</strong></span> <span class='ocrx_word' id='word_1_618' title='bbox 2618 4302 2713 4340; x_wconf 82' lang='lat' dir='ltr'><strong>xut</strong></span> <span class='ocrx_word' id='word_1_619' title='bbox 2761 4287 3028 4344; x_wconf 85' lang='lat' dir='ltr'><strong>Kalendas</strong></span> <span class='ocrx_word' id='word_1_620' title='bbox 3058 4291 3315 4359; x_wconf 64' lang='lat' dir='ltr'><strong>Augusﬁ,</strong></span> 
     </span>
    </p>
   </div>
   <div class='ocr_carea' id='block_1_91' title="bbox 1746 4370 3316 4451">
    <p class='ocr_par' dir='ltr' id='par_1_91' title="bbox 1746 4370 3316 4451">
     <span class='ocr_line' id='line_1_91' title="bbox 1746 4370 3316 4451; baseline 0.011 -31"><span class='ocrx_word' id='word_1_621' title='bbox 1746 4384 1887 4422; x_wconf 90' lang='lat' dir='ltr'><strong>anno</strong></span> <span class='ocrx_word' id='word_1_622' title='bbox 1912 4370 2065 4436; x_wconf 80' lang='grc'>1099,</span> <span class='ocrx_word' id='word_1_623' title='bbox 2105 4380 2162 4424; x_wconf 91' lang='lat' dir='ltr'><strong>ut</strong></span> <span class='ocrx_word' id='word_1_624' title='bbox 2194 4372 2486 4441; x_wconf 59' lang='lat' dir='ltr'><strong>praeferunt</strong></span> <span class='ocrx_word' id='word_1_625' title='bbox 2528 4374 2643 4441; x_wconf 81' lang='lat' dir='ltr'><strong>ejus</strong></span> <span class='ocrx_word' id='word_1_626' title='bbox 2669 4379 3018 4448; x_wconf 81' lang='lat' dir='ltr'><strong>exemplaria,</strong></span> <span class='ocrx_word' id='word_1_627' title='bbox 3047 4383 3140 4437; x_wconf 89' lang='lat' dir='ltr'><strong>sed</strong></span> <span class='ocrx_word' id='word_1_628' title='bbox 3170 4383 3259 4451; x_wconf 89' lang='lat' dir='ltr'><strong>qui</strong></span> <span class='ocrx_word' id='word_1_629' title='bbox 3287 4402 3316 4437; x_wconf 87' lang='lat' dir='ltr'><strong>a</strong></span> 
     </span>
    </p>
   </div>
   <div class='ocr_carea' id='block_1_92' title="bbox 106 4459 3317 4546">
    <p class='ocr_par' dir='ltr' id='par_1_92' title="bbox 106 4459 3317 4546">
     <span class='ocr_line' id='line_1_92' title="bbox 106 4459 3317 4546; baseline 0.008 -45"><span class='ocrx_word' id='word_1_630' title='bbox 106 4468 345 4529; x_wconf 60' lang='grc' dir='ltr'><strong>νοηιηεχε</strong></span> <span class='ocrx_word' id='word_1_631' title='bbox 382 4490 399 4522; x_wconf 60' lang='grc' dir='ltr'><strong>ι</strong></span> <span class='ocrx_word' id='word_1_632' title='bbox 434 4471 684 4534; x_wconf 52' lang='lat' dir='ltr'><strong>Ral-Ione,</strong></span> <span class='ocrx_word' id='word_1_633' title='bbox 735 4471 929 4539; x_wconf 49' lang='lat' dir='ltr'><strong>inquit,</strong></span> <span class='ocrx_word' id='word_1_634' title='bbox 962 4472 1211 4537; x_wconf 62' lang='lat' dir='ltr'><strong>duceris;</strong></span> <span class='ocrx_word' id='word_1_635' title='bbox 1260 4487 1360 4542; x_wconf 68' lang='lat' dir='ltr'><strong>ego</strong></span> <span class='ocrx_word' id='word_1_636' title='bbox 1402 4488 1635 4543; x_wconf 52' lang='lat' dir='ltr'><strong>quoque,</strong></span> <span class='ocrx_word' id='word_1_637' title='bbox 1673 4492 1718 4546; x_wconf 70' lang='grc' dir='ltr'><strong>Ι)</strong></span> <span class='ocrx_word' id='word_1_638' title='bbox 1748 4474 1931 4515; x_wconf 89' lang='lat' dir='ltr'><strong>mense</strong></span> <span class='ocrx_word' id='word_1_639' title='bbox 1959 4459 2149 4514; x_wconf 81' lang='lat' dir='ltr'><strong>Martio</strong></span> <span class='ocrx_word' id='word_1_640' title='bbox 2178 4464 2304 4516; x_wconf 88' lang='lat' dir='ltr'><strong>anni</strong></span> <span class='ocrx_word' id='word_1_641' title='bbox 2359 4466 2715 4532; x_wconf 74' lang='lat' dir='ltr'><strong>praecedentis</strong></span> <span class='ocrx_word' id='word_1_642' title='bbox 2749 4468 2979 4525; x_wconf 83' lang='lat' dir='ltr'><strong>inchoan</strong></span> <span class='ocrx_word' id='word_1_643' title='bbox 3003 4472 3083 4525; x_wconf 92' lang='lat' dir='ltr'><strong>lus</strong></span> <span class='ocrx_word' id='word_1_644' title='bbox 3132 4483 3235 4537; x_wconf 88' lang='lat' dir='ltr'><strong>est,</strong></span> <span class='ocrx_word' id='word_1_645' title='bbox 3262 4485 3317 4528; x_wconf 93' lang='lat' dir='ltr'><strong>ut</strong></span> 
     </span>
    </p>
   </div>
   <div class='ocr_carea' id='block_1_93' title="bbox 108 4557 1633 4631">
    <p class='ocr_par' dir='ltr' id='par_1_93' title="bbox 108 4557 1633 4631">
     <span class='ocr_line' id='line_1_93' title="bbox 108 4557 1633 4631; baseline 0.008 -26"><span class='ocrx_word' id='word_1_646' title='bbox 108 4569 160 4606; x_wconf 88' lang='lat' dir='ltr'><strong>ne</strong></span> <span class='ocrx_word' id='word_1_647' title='bbox 181 4557 236 4611; x_wconf 89' lang='lat' dir='ltr'><strong>de</strong></span> <span class='ocrx_word' id='word_1_648' title='bbox 258 4560 337 4615; x_wconf 90' lang='lat' dir='ltr'><strong>his</strong></span> <span class='ocrx_word' id='word_1_649' title='bbox 361 4574 523 4631; x_wconf 87' lang='lat' dir='ltr'><strong>atque</strong></span> <span class='ocrx_word' id='word_1_650' title='bbox 547 4562 666 4616; x_wconf 89' lang='lat' dir='ltr'><strong>aliis</strong></span> <span class='ocrx_word' id='word_1_651' title='bbox 692 4563 785 4616; x_wconf 89' lang='lat' dir='ltr'><strong>tibi</strong></span> <span class='ocrx_word' id='word_1_652' title='bbox 812 4579 918 4617; x_wconf 85' lang='lat' dir='ltr'><strong>non</strong></span> <span class='ocrx_word' id='word_1_653' title='bbox 946 4562 1066 4629; x_wconf 89' lang='lat' dir='ltr'><strong>jure</strong></span> <span class='ocrx_word' id='word_1_654' title='bbox 1106 4562 1271 4617; x_wconf 88' lang='lat' dir='ltr'><strong>illatis</strong></span> <span class='ocrx_word' id='word_1_655' title='bbox 1311 4564 1496 4617; x_wconf 87' lang='lat' dir='ltr'><strong>videar</strong></span> <span class='ocrx_word' id='word_1_656' title='bbox 1526 4579 1633 4617; x_wconf 89' lang='lat' dir='ltr'><strong>non</strong></span> 
     </span>
    </p>
   </div>
   <div class='ocr_carea' id='block_1_94' title="bbox 108 4652 1635 4723">
    <p class='ocr_par' dir='ltr' id='par_1_94' title="bbox 108 4652 1635 4723">
     <span class='ocr_line' id='line_1_94' title="bbox 108 4652 1635 4723; baseline 0.007 -24"><span class='ocrx_word' id='word_1_657' title='bbox 108 4658 285 4714; x_wconf 85' lang='lat' dir='ltr'><strong>curare,</strong></span> <span class='ocrx_word' id='word_1_658' title='bbox 326 4666 495 4722; x_wconf 91' lang='lat' dir='ltr'><strong>eaque</strong></span> <span class='ocrx_word' id='word_1_659' title='bbox 541 4652 719 4723; x_wconf 88' lang='lat' dir='ltr'><strong>gladio</strong></span> <span class='ocrx_word' id='word_1_660' title='bbox 752 4653 924 4707; x_wconf 82' lang='lat' dir='ltr'><strong>sancti</strong></span> <span class='ocrx_word' id='word_1_661' title='bbox 976 4652 1121 4708; x_wconf 85' lang='lat' dir='ltr'><strong>Petri</strong></span> <span class='ocrx_word' id='word_1_662' title='bbox 1169 4653 1311 4708; x_wconf 90' lang='lat' dir='ltr'><strong>nolle</strong></span> <span class='ocrx_word' id='word_1_663' title='bbox 1340 4654 1635 4717; x_wconf 83' lang='lat' dir='ltr'><strong>vindicare,</strong></span> 
     </span>
    </p>
   </div>
   <div class='ocr_carea' id='block_1_95' title="bbox 110 4744 1638 4814">
    <p class='ocr_par' dir='ltr' id='par_1_95' title="bbox 110 4744 1638 4814">
     <span class='ocr_line' id='line_1_95' title="bbox 110 4744 1638 4814; baseline 0.009 -26"><span class='ocrx_word' id='word_1_664' title='bbox 110 4748 287 4806; x_wconf 88' lang='lat' dir='ltr'><strong>moneo,</strong></span> <span class='ocrx_word' id='word_1_665' title='bbox 315 4752 578 4811; x_wconf 88' lang='lat' dir='ltr'><strong>quatenus</strong></span> <span class='ocrx_word' id='word_1_666' title='bbox 630 4744 857 4799; x_wconf 90' lang='lat' dir='ltr'><strong>concilio</strong></span> <span class='ocrx_word' id='word_1_667' title='bbox 887 4745 1030 4814; x_wconf 90' lang='lat' dir='ltr'><strong>quod</strong></span> <span class='ocrx_word' id='word_1_668' title='bbox 1079 4745 1219 4813; x_wconf 84' lang='lat' dir='ltr'><strong>apud</strong></span> <span class='ocrx_word' id='word_1_669' title='bbox 1273 4746 1469 4800; x_wconf 85' lang='lat' dir='ltr'><strong>Barum</strong></span> <span class='ocrx_word' id='word_1_670' title='bbox 1511 4757 1638 4801; x_wconf 88' lang='lat' dir='ltr'><strong>ante</strong></span> 
     </span>
    </p>
   </div>
   <div class='ocr_carea' id='block_1_96' title="bbox 110 4821 1640 4895">
    <p class='ocr_par' dir='ltr' id='par_1_96' title="bbox 110 4821 1640 4895">
     <span class='ocr_line' id='line_1_96' title="bbox 110 4821 1640 4895; baseline 0.006 -12"><span class='ocrx_word' id='word_1_671' title='bbox 110 4838 272 4895; x_wconf 76' lang='lat' dir='ltr'><strong>corpus</strong></span> <span class='ocrx_word' id='word_1_672' title='bbox 312 4832 447 4887; x_wconf 89' lang='lat' dir='ltr'><strong>beati</strong></span> <span class='ocrx_word' id='word_1_673' title='bbox 493 4834 696 4889; x_wconf 83' lang='lat' dir='ltr'><strong>Nicolai</strong></span> <span class='ocrx_word' id='word_1_674' title='bbox 757 4821 1010 4890; x_wconf 83' lang='lat' dir='ltr'><strong>Kalendis</strong></span> <span class='ocrx_word' id='word_1_675' title='bbox 1064 4835 1314 4891; x_wconf 88' lang='lat' dir='ltr'><strong>Octobris</strong></span> <span class='ocrx_word' id='word_1_676' title='bbox 1364 4838 1640 4893; x_wconf 87' lang='lat' dir='ltr'><strong>celebrare</strong></span> 
     </span>
    </p>
   </div>
   <div class='ocr_carea' id='block_1_97' title="bbox 110 4918 1639 4997">
    <p class='ocr_par' dir='ltr' id='par_1_97' title="bbox 110 4918 1639 4997">
     <span class='ocr_line' id='line_1_97' title="bbox 110 4918 1639 4997; baseline 0.011 -31"><span class='ocrx_word' id='word_1_677' title='bbox 110 4918 345 4985; x_wconf 84' lang='lat' dir='ltr'><strong>constitui,</strong></span> <span class='ocrx_word' id='word_1_678' title='bbox 389 4925 731 4991; x_wconf 75' lang='lat' dir='ltr'><strong>przesentiam</strong></span> <span class='ocrx_word' id='word_1_679' title='bbox 775 4936 919 4978; x_wconf 89' lang='lat' dir='ltr'><strong>tuam</strong></span> <span class='ocrx_word' id='word_1_680' title='bbox 955 4926 1233 4989; x_wconf 83' lang='lat' dir='ltr'><strong>exhibeas,</strong></span> <span class='ocrx_word' id='word_1_681' title='bbox 1272 4936 1330 4980; x_wconf 92' lang='lat' dir='ltr'><strong>ut</strong></span> <span class='ocrx_word' id='word_1_682' title='bbox 1371 4929 1512 4997; x_wconf 87' lang='lat' dir='ltr'><strong>quod</strong></span> <span class='ocrx_word' id='word_1_683' title='bbox 1573 4929 1639 4983; x_wconf 92' lang='lat' dir='ltr'><strong>de</strong></span> 
     </span>
    </p>
   </div>
   <div class='ocr_carea' id='block_1_98' title="bbox 113 5004 1640 5086">
    <p class='ocr_par' dir='ltr' id='par_1_98' title="bbox 113 5004 1640 5086">
     <span class='ocr_line' id='line_1_98' title="bbox 113 5004 1640 5086; baseline 0.007 -24"><span class='ocrx_word' id='word_1_684' title='bbox 113 5004 205 5072; x_wconf 87' lang='lat' dir='ltr'><strong>ipso</strong></span> <span class='ocrx_word' id='word_1_685' title='bbox 230 5025 342 5083; x_wconf 86' lang='lat' dir='ltr'><strong>rege</strong></span> <span class='ocrx_word' id='word_1_686' title='bbox 367 5014 613 5082; x_wconf 81' lang='lat' dir='ltr'><strong>Anglico,</strong></span> <span class='ocrx_word' id='word_1_687' title='bbox 645 5015 863 5083; x_wconf 89' lang='lat' dir='ltr'><strong>suisque</strong></span> <span class='ocrx_word' id='word_1_688' title='bbox 886 5030 950 5069; x_wconf 90' lang='lat' dir='ltr'><strong>ac</strong></span> <span class='ocrx_word' id='word_1_689' title='bbox 970 5015 1053 5069; x_wconf 91' lang='lat' dir='ltr'><strong>sui</strong></span> <span class='ocrx_word' id='word_1_690' title='bbox 1085 5015 1370 5081; x_wconf 86' lang='lat' dir='ltr'><strong>similibus,</strong></span> <span class='ocrx_word' id='word_1_691' title='bbox 1395 5019 1486 5086; x_wconf 86' lang='lat' dir='ltr'><strong>qui</strong></span> <span class='ocrx_word' id='word_1_692' title='bbox 1513 5034 1640 5072; x_wconf 85' lang='lat' dir='ltr'><strong>con-</strong></span> 
     </span>
    </p>
   </div>
   <div class='ocr_carea' id='block_1_99' title="bbox 114 5098 1639 5171">
    <p class='ocr_par' dir='ltr' id='par_1_99' title="bbox 114 5098 1639 5171">
     <span class='ocr_line' id='line_1_99' title="bbox 114 5098 1639 5171; baseline 0.012 -25"><span class='ocrx_word' id='word_1_693' title='bbox 114 5104 176 5149; x_wconf 87' lang='lat' dir='ltr'><strong>tra</strong></span> <span class='ocrx_word' id='word_1_694' title='bbox 200 5098 486 5162; x_wconf 87' lang='lat' dir='ltr'><strong>libertatem</strong></span> <span class='ocrx_word' id='word_1_695' title='bbox 520 5106 773 5161; x_wconf 64' lang='lat' dir='ltr'><strong>Ecclesiae</strong></span> <span class='ocrx_word' id='word_1_696' title='bbox 803 5107 894 5161; x_wconf 89' lang='lat' dir='ltr'><strong>Dei</strong></span> <span class='ocrx_word' id='word_1_697' title='bbox 926 5123 985 5160; x_wconf 92' lang='lat' dir='ltr'><strong>se</strong></span> <span class='ocrx_word' id='word_1_698' title='bbox 1012 5117 1321 5171; x_wconf 79' lang='lat' dir='ltr'><strong>erexerunt,</strong></span> <span class='ocrx_word' id='word_1_699' title='bbox 1368 5110 1639 5164; x_wconf 87' lang='lat' dir='ltr'><strong>mediante</strong></span> 
     </span>
    </p>
   </div>
   <div class='ocr_carea' id='block_1_100' title="bbox 114 5190 1637 5265">
    <p class='ocr_par' dir='ltr' id='par_1_100' title="bbox 114 5190 1637 5265">
     <span class='ocr_line' id='line_1_100' title="bbox 114 5190 1637 5265; baseline 0.011 -28"><span class='ocrx_word' id='word_1_700' title='bbox 114 5190 341 5255; x_wconf 68' lang='lat' dir='ltr'><strong>aequitatis</strong></span> <span class='ocrx_word' id='word_1_701' title='bbox 384 5197 626 5252; x_wconf 72' lang='lat' dir='ltr'><strong>censura&#39;</strong></span> <span class='ocrx_word' id='word_1_702' title='bbox 660 5212 745 5251; x_wconf 89' lang='lat' dir='ltr'><strong>me</strong></span> <span class='ocrx_word' id='word_1_703' title='bbox 800 5196 1066 5252; x_wconf 87' lang='lat' dir='ltr'><strong>facturum</strong></span> <span class='ocrx_word' id='word_1_704' title='bbox 1129 5197 1391 5265; x_wconf 86' lang='lat' dir='ltr'><strong>disposui,</strong></span> <span class='ocrx_word' id='word_1_705' title='bbox 1452 5202 1637 5255; x_wconf 90' lang='lat' dir='ltr'><strong>auditu</strong></span> 
     </span>
    </p>
   </div>
   <div class='ocr_carea' id='block_1_101' title="bbox 116 5276 1633 5362">
    <p class='ocr_par' dir='ltr' id='par_1_101' title="bbox 116 5276 1633 5362">
     <span class='ocr_line' id='line_1_101' title="bbox 116 5276 1633 5362; baseline 0.008 -29"><span class='ocrx_word' id='word_1_706' title='bbox 116 5276 299 5349; x_wconf 77' lang='lat' dir='ltr'><strong>\isuque</strong></span> <span class='ocrx_word' id='word_1_707' title='bbox 326 5290 604 5356; x_wconf 87' lang='lat' dir='ltr'><strong>percipias.</strong></span> <span class='ocrx_word' id='word_1_708' title='bbox 637 5310 654 5340; x_wconf 77' lang='grc' dir='ltr'><strong>ι</strong></span> <span class='ocrx_word' id='word_1_709' title='bbox 691 5288 785 5343; x_wconf 86' lang='lat' dir='ltr'><strong>His</strong></span> <span class='ocrx_word' id='word_1_710' title='bbox 830 5289 1049 5353; x_wconf 90' lang='lat' dir='ltr'><strong>auditis,</strong></span> <span class='ocrx_word' id='word_1_711' title='bbox 1079 5289 1163 5342; x_wconf 88' lang='lat' dir='ltr'><strong>vir</strong></span> <span class='ocrx_word' id='word_1_712' title='bbox 1194 5289 1310 5355; x_wconf 89' lang='lat' dir='ltr'><strong>Dei,</strong></span> <span class='ocrx_word' id='word_1_713' title='bbox 1348 5302 1405 5343; x_wconf 91' lang='lat' dir='ltr'><strong>ut</strong></span> <span class='ocrx_word' id='word_1_714' title='bbox 1448 5306 1633 5362; x_wconf 86' lang='lat' dir='ltr'><strong>prose-</strong></span> 
     </span>
    </p>
   </div>
   <div class='ocr_carea' id='block_1_102' title="bbox 116 5367 1636 5454">
    <p class='ocr_par' dir='ltr' id='par_1_102' title="bbox 116 5367 1636 5454">
     <span class='ocr_line' id='line_1_102' title="bbox 116 5367 1636 5454; baseline 0.015 -38"><span class='ocrx_word' id='word_1_715' title='bbox 116 5367 263 5430; x_wconf 86' lang='lat' dir='ltr'><strong>quitur</strong></span> <span class='ocrx_word' id='word_1_716' title='bbox 286 5373 592 5442; x_wconf 83' lang='lat' dir='ltr'><strong>Eadmerus,</strong></span> <span class='ocrx_word' id='word_1_717' title='bbox 637 5378 903 5435; x_wconf 89' lang='lat' dir='ltr'><strong>Sclaviam</strong></span> <span class='ocrx_word' id='word_1_718' title='bbox 944 5396 1190 5434; x_wconf 89' lang='lat' dir='ltr'><strong>reversus</strong></span> <span class='ocrx_word' id='word_1_719' title='bbox 1230 5394 1331 5447; x_wconf 90' lang='lat' dir='ltr'><strong>est,</strong></span> <span class='ocrx_word' id='word_1_720' title='bbox 1365 5383 1435 5437; x_wconf 87' lang='lat' dir='ltr'><strong>ibi</strong></span> <span class='ocrx_word' id='word_1_721' title='bbox 1468 5399 1636 5454; x_wconf 88' lang='lat' dir='ltr'><strong>usque</strong></span> 
     </span>
    </p>
   </div>
   <div class='ocr_carea' id='block_1_103' title="bbox 119 5456 1636 5539">
    <p class='ocr_par' dir='ltr' id='par_1_103' title="bbox 119 5456 1636 5539">
     <span class='ocr_line' id='line_1_103' title="bbox 119 5456 1636 5539; baseline 0.015 -32"><span class='ocrx_word' id='word_1_722' title='bbox 119 5456 170 5507; x_wconf 83' lang='lat' dir='ltr'><strong>ad</strong></span> <span class='ocrx_word' id='word_1_723' title='bbox 206 5458 418 5521; x_wconf 77' lang='lat' dir='ltr'><strong>Barcuse</strong></span> <span class='ocrx_word' id='word_1_724' title='bbox 453 5470 740 5523; x_wconf 80' lang='lat' dir='ltr'><strong>concilium</strong></span> <span class='ocrx_word' id='word_1_725' title='bbox 796 5482 1245 5524; x_wconf 87' lang='lat' dir='ltr'><strong>commoraturus.</strong></span> <span class='ocrx_word' id='word_1_726' title='bbox 1281 5472 1475 5539; x_wconf 84' lang='lat' dir='ltr'><strong>Quanti</strong></span> <span class='ocrx_word' id='word_1_727' title='bbox 1505 5490 1636 5529; x_wconf 90' lang='lat' dir='ltr'><strong>vero</strong></span> 
     </span>
    </p>
   </div>
   <div class='ocr_carea' id='block_1_104' title="bbox 120 5546 1636 5639">
    <p class='ocr_par' dir='ltr' id='par_1_104' title="bbox 120 5546 1636 5639">
     <span class='ocr_line' id='line_1_104' title="bbox 120 5546 1636 5639; baseline 0.012 -38"><span class='ocrx_word' id='word_1_728' title='bbox 120 5546 431 5639; x_wconf 77' lang='lat' dir='ltr'><strong>obedientiam</strong></span> <span class='ocrx_word' id='word_1_729' title='bbox 462 5560 649 5616; x_wconf 91' lang='lat' dir='ltr'><strong>fecerit</strong></span> <span class='ocrx_word' id='word_1_730' title='bbox 678 5564 759 5616; x_wconf 88' lang='lat' dir='ltr'><strong>vir</strong></span> <span class='ocrx_word' id='word_1_731' title='bbox 806 5571 1049 5623; x_wconf 88' lang='lat' dir='ltr'><strong>sanctus,</strong></span> <span class='ocrx_word' id='word_1_732' title='bbox 1100 5578 1164 5616; x_wconf 89' lang='lat' dir='ltr'><strong>ex</strong></span> <span class='ocrx_word' id='word_1_733' title='bbox 1207 5562 1481 5619; x_wconf 85' lang='lat' dir='ltr'><strong>Willelmo</strong></span> <span class='ocrx_word' id='word_1_734' title='bbox 1508 5566 1636 5639; x_wconf 81' lang='lat' dir='ltr'><strong>Mal-</strong></span> 
     </span>
    </p>
   </div>
   <div class='ocr_carea' id='block_1_105' title="bbox 121 5634 1634 5717">
    <p class='ocr_par' dir='ltr' id='par_1_105' title="bbox 121 5634 1634 5717">
     <span class='ocr_line' id='line_1_105' title="bbox 121 5634 1634 5717; baseline 0.012 -32"><span class='ocrx_word' id='word_1_735' title='bbox 121 5634 425 5698; x_wconf 81' lang='lat' dir='ltr'><strong>mesburiensi</strong></span> <span class='ocrx_word' id='word_1_736' title='bbox 473 5646 841 5716; x_wconf 89' lang='lat' dir='ltr'><strong>accipiendum</strong></span> <span class='ocrx_word' id='word_1_737' title='bbox 871 5656 992 5712; x_wconf 89' lang='lat' dir='ltr'><strong>est;</strong></span> <span class='ocrx_word' id='word_1_738' title='bbox 1034 5648 1123 5714; x_wconf 91' lang='lat' dir='ltr'><strong>qui</strong></span> <span class='ocrx_word' id='word_1_739' title='bbox 1166 5647 1304 5701; x_wconf 89' lang='lat' dir='ltr'><strong>libro</strong></span> <span class='ocrx_word' id='word_1_740' title='bbox 1332 5665 1345 5701; x_wconf 96' lang='grc' dir='ltr'><strong>ι</strong></span> <span class='ocrx_word' id='word_1_741' title='bbox 1375 5647 1445 5702; x_wconf 91' lang='lat' dir='ltr'><strong>De</strong></span> <span class='ocrx_word' id='word_1_742' title='bbox 1471 5634 1634 5717; x_wconf 86' lang='lat' dir='ltr'><strong>gestis</strong></span> 
     </span>
    </p>
   </div>
   <div class='ocr_carea' id='block_1_106' title="bbox 122 5729 1633 5810">
    <p class='ocr_par' dir='ltr' id='par_1_106' title="bbox 122 5729 1633 5810">
     <span class='ocr_line' id='line_1_106' title="bbox 122 5729 1633 5810; baseline 0.008 -25"><span class='ocrx_word' id='word_1_743' title='bbox 122 5729 386 5790; x_wconf 76' lang='lat' dir='ltr'><strong>Pontificum</strong></span> <span class='ocrx_word' id='word_1_744' title='bbox 444 5748 628 5794; x_wconf 86' lang='lat' dir='ltr'><strong>narrat</strong></span> <span class='ocrx_word' id='word_1_745' title='bbox 661 5754 782 5796; x_wconf 90' lang='lat' dir='ltr'><strong>eum</strong></span> <span class='ocrx_word' id='word_1_746' title='bbox 825 5740 891 5794; x_wconf 87' lang='lat' dir='ltr'><strong>ab</strong></span> <span class='ocrx_word' id='word_1_747' title='bbox 946 5738 1162 5796; x_wconf 87' lang='lat' dir='ltr'><strong>Urbano</strong></span> <span class='ocrx_word' id='word_1_748' title='bbox 1208 5742 1522 5810; x_wconf 86' lang='lat' dir='ltr'><strong>impetrasse</strong></span> <span class='ocrx_word' id='word_1_749' title='bbox 1574 5754 1633 5797; x_wconf 92' lang='lat' dir='ltr'><strong>ut</strong></span> 
     </span>
    </p>
   </div>
   <div class='ocr_carea' id='block_1_107' title="bbox 1746 4548 3316 4624">
    <p class='ocr_par' dir='ltr' id='par_1_107' title="bbox 1746 4548 3316 4624">
     <span class='ocr_line' id='line_1_107' title="bbox 1746 4548 3316 4624; baseline 0.008 -24"><span class='ocrx_word' id='word_1_750' title='bbox 1746 4548 1811 4601; x_wconf 90' lang='lat' dir='ltr'><strong>ad</strong></span> <span class='ocrx_word' id='word_1_751' title='bbox 1837 4559 2157 4615; x_wconf 82' lang='lat' dir='ltr'><strong>praesentem</strong></span> <span class='ocrx_word' id='word_1_752' title='bbox 2189 4567 2387 4604; x_wconf 90' lang='lat' dir='ltr'><strong>annum</strong></span> <span class='ocrx_word' id='word_1_753' title='bbox 2420 4556 2660 4607; x_wconf 86' lang='lat' dir='ltr'><strong>revocari</strong></span> <span class='ocrx_word' id='word_1_754' title='bbox 2689 4557 2874 4624; x_wconf 88' lang='lat' dir='ltr'><strong>possit.</strong></span> <span class='ocrx_word' id='word_1_755' title='bbox 2912 4560 2982 4612; x_wconf 87' lang='lat' dir='ltr'><strong>At</strong></span> <span class='ocrx_word' id='word_1_756' title='bbox 3010 4559 3230 4616; x_wconf 83' lang='lat' dir='ltr'><strong>indictio</strong></span> <span class='ocrx_word' id='word_1_757' title='bbox 3267 4578 3316 4616; x_wconf 71' lang='grc' dir='ltr'><strong>ιν</strong></span> 
     </span>
    </p>
   </div>
   <div class='ocr_carea' id='block_1_108' title="bbox 1743 4640 3317 4723">
    <p class='ocr_par' dir='ltr' id='par_1_108' title="bbox 1743 4640 3317 4723">
     <span class='ocr_line' id='line_1_108' title="bbox 1743 4640 3317 4723; baseline 0.01 -32"><span class='ocrx_word' id='word_1_758' title='bbox 1743 4655 1863 4708; x_wconf 79' lang='lat' dir='ltr'><strong>qua:</strong></span> <span class='ocrx_word' id='word_1_759' title='bbox 1905 4640 1974 4693; x_wconf 91' lang='lat' dir='ltr'><strong>ibi</strong></span> <span class='ocrx_word' id='word_1_760' title='bbox 2025 4641 2315 4710; x_wconf 91' lang='lat' dir='ltr'><strong>apponitur</strong></span> <span class='ocrx_word' id='word_1_761' title='bbox 2369 4646 2626 4697; x_wconf 81' lang='lat' dir='ltr'><strong>excusari</strong></span> <span class='ocrx_word' id='word_1_762' title='bbox 2658 4648 2889 4723; x_wconf 44' lang='lat' dir='ltr'><strong>.nequit,</strong></span> <span class='ocrx_word' id='word_1_763' title='bbox 2918 4649 3019 4703; x_wconf 90' lang='lat' dir='ltr'><strong>nisi</strong></span> <span class='ocrx_word' id='word_1_764' title='bbox 3065 4664 3219 4706; x_wconf 89' lang='lat' dir='ltr'><strong>error</strong></span> <span class='ocrx_word' id='word_1_765' title='bbox 3265 4653 3317 4706; x_wconf 91' lang='lat' dir='ltr'><strong>in</strong></span> 
     </span>
    </p>
   </div>
   <div class='ocr_carea' id='block_1_109' title="bbox 1743 4733 3317 4802">
    <p class='ocr_par' dir='ltr' id='par_1_109' title="bbox 1743 4733 3317 4802">
     <span class='ocr_line' id='line_1_109' title="bbox 1743 4733 3317 4802; baseline 0.008 -17"><span class='ocrx_word' id='word_1_766' title='bbox 1743 4733 2119 4789; x_wconf 84' lang='lat' dir='ltr'><strong>Amanuenses</strong></span> <span class='ocrx_word' id='word_1_767' title='bbox 2143 4733 2443 4802; x_wconf 86' lang='lat' dir='ltr'><strong>rejiciatur.</strong></span> <span class='ocrx_word' id='word_1_768' title='bbox 2496 4735 2674 4791; x_wconf 88' lang='lat' dir='ltr'><strong>Locus</strong></span> <span class='ocrx_word' id='word_1_769' title='bbox 2720 4739 2807 4791; x_wconf 79' lang='lat' dir='ltr'><strong>hic</strong></span> <span class='ocrx_word' id='word_1_770' title='bbox 2832 4749 2975 4793; x_wconf 85' lang='lat' dir='ltr'><strong>esset</strong></span> <span class='ocrx_word' id='word_1_771' title='bbox 3024 4741 3089 4794; x_wconf 89' lang='lat' dir='ltr'><strong>de</strong></span> <span class='ocrx_word' id='word_1_772' title='bbox 3147 4742 3317 4798; x_wconf 90' lang='lat' dir='ltr'><strong>altero</strong></span> 
     </span>
    </p>
   </div>
   <div class='ocr_carea' id='block_1_110' title="bbox 1746 4826 3312 4901">
    <p class='ocr_par' dir='ltr' id='par_1_110' title="bbox 1746 4826 3312 4901">
     <span class='ocr_line' id='line_1_110' title="bbox 1746 4826 3312 4901; baseline 0.003 -18"><span class='ocrx_word' id='word_1_773' title='bbox 1746 4826 1945 4883; x_wconf 86' lang='lat' dir='ltr'><strong>Urbani</strong></span> <span class='ocrx_word' id='word_1_774' title='bbox 1978 4828 2239 4894; x_wconf 90' lang='lat' dir='ltr'><strong>rescripto</strong></span> <span class='ocrx_word' id='word_1_775' title='bbox 2277 4828 2491 4897; x_wconf 90' lang='lat' dir='ltr'><strong>agendi,</strong></span> <span class='ocrx_word' id='word_1_776' title='bbox 2525 4843 2631 4895; x_wconf 93' lang='lat' dir='ltr'><strong>quo</strong></span> <span class='ocrx_word' id='word_1_777' title='bbox 2684 4830 2737 4883; x_wconf 89' lang='lat' dir='ltr'><strong>in</strong></span> <span class='ocrx_word' id='word_1_778' title='bbox 2790 4832 3021 4900; x_wconf 71' lang='lat' dir='ltr'><strong>gratiam</strong></span> <span class='ocrx_word' id='word_1_779' title='bbox 3073 4833 3312 4901; x_wconf 86' lang='lat' dir='ltr'><strong>ejusdem</strong></span> 
     </span>
    </p>
   </div>
   <div class='ocr_carea' id='block_1_111' title="bbox 1744 4915 3311 4987">
    <p class='ocr_par' dir='ltr' id='par_1_111' title="bbox 1744 4915 3311 4987">
     <span class='ocr_line' id='line_1_111' title="bbox 1744 4915 3311 4987; baseline 0.004 -17"><span class='ocrx_word' id='word_1_780' title='bbox 1744 4915 1998 4970; x_wconf 81' lang='lat' dir='ltr'><strong>Ecclesiae</strong></span> <span class='ocrx_word' id='word_1_781' title='bbox 2034 4915 2310 4985; x_wconf 86' lang='lat' dir='ltr'><strong>privilegia</strong></span> <span class='ocrx_word' id='word_1_782' title='bbox 2335 4916 2592 4971; x_wconf 86' lang='lat' dir='ltr'><strong>Cavensis</strong></span> <span class='ocrx_word' id='word_1_783' title='bbox 2616 4919 2927 4972; x_wconf 88' lang='lat' dir='ltr'><strong>monasterii</strong></span> <span class='ocrx_word' id='word_1_784' title='bbox 2971 4932 3311 4987; x_wconf 79' lang='lat' dir='ltr'><strong>revocantur.</strong></span> 
     </span>
    </p>
   </div>
   <div class='ocr_carea' id='block_1_112' title="bbox 1742 5006 3311 5078">
    <p class='ocr_par' dir='ltr' id='par_1_112' title="bbox 1742 5006 3311 5078">
     <span class='ocr_line' id='line_1_112' title="bbox 1742 5006 3311 5078; baseline 0.003 -17"><span class='ocrx_word' id='word_1_785' title='bbox 1742 5007 1785 5061; x_wconf 88' lang='lat' dir='ltr'><strong>si</strong></span> <span class='ocrx_word' id='word_1_786' title='bbox 1814 5007 1997 5061; x_wconf 89' lang='lat' dir='ltr'><strong>datum</strong></span> <span class='ocrx_word' id='word_1_787' title='bbox 2032 5006 2215 5059; x_wconf 66' lang='lat' dir='ltr'><strong>Romae</strong></span> <span class='ocrx_word' id='word_1_788' title='bbox 2251 5022 2355 5061; x_wconf 91' lang='lat' dir='ltr'><strong>non</strong></span> <span class='ocrx_word' id='word_1_789' title='bbox 2392 5007 2681 5070; x_wconf 87' lang='lat' dir='ltr'><strong>diceretur,</strong></span> <span class='ocrx_word' id='word_1_790' title='bbox 2715 5016 2767 5059; x_wconf 90' lang='lat' dir='ltr'><strong>et</strong></span> <span class='ocrx_word' id='word_1_791' title='bbox 2808 5008 3032 5061; x_wconf 66' lang='lat' dir='ltr'><strong>indictio</strong></span> <span class='ocrx_word' id='word_1_792' title='bbox 3055 5024 3122 5063; x_wconf 88' lang='lat' dir='ltr'><strong>vn</strong></span> <span class='ocrx_word' id='word_1_793' title='bbox 3151 5026 3311 5078; x_wconf 82' lang='lat' dir='ltr'><strong>quant</strong></span> 
     </span>
    </p>
   </div>
   <div class='ocr_carea' id='block_1_113' title="bbox 1742 5095 3311 5166">
    <p class='ocr_par' dir='ltr' id='par_1_113' title="bbox 1742 5095 3311 5166">
     <span class='ocr_line' id='line_1_113' title="bbox 1742 5095 3311 5166; baseline 0.003 -17"><span class='ocrx_word' id='word_1_794' title='bbox 1742 5095 1983 5166; x_wconf 86' lang='lat' dir='ltr'><strong>praefert,</strong></span> <span class='ocrx_word' id='word_1_795' title='bbox 2024 5096 2148 5150; x_wconf 92' lang='lat' dir='ltr'><strong>huic</strong></span> <span class='ocrx_word' id='word_1_796' title='bbox 2181 5110 2324 5150; x_wconf 89' lang='lat' dir='ltr'><strong>anno</strong></span> <span class='ocrx_word' id='word_1_797' title='bbox 2368 5095 2659 5150; x_wconf 86' lang='lat' dir='ltr'><strong>convenire</strong></span> <span class='ocrx_word' id='word_1_798' title='bbox 2692 5106 2891 5162; x_wconf 77' lang='lat' dir='ltr'><strong>posset.</strong></span> <span class='ocrx_word' id='word_1_799' title='bbox 2937 5097 3013 5153; x_wconf 86' lang='lat' dir='ltr'><strong>De</strong></span> <span class='ocrx_word' id='word_1_800' title='bbox 3065 5113 3129 5151; x_wconf 88' lang='lat' dir='ltr'><strong>eo</strong></span> <span class='ocrx_word' id='word_1_801' title='bbox 3178 5099 3311 5154; x_wconf 77' lang='lat' dir='ltr'><strong>infe-</strong></span> 
     </span>
    </p>
   </div>
   <div class='ocr_carea' id='block_1_114' title="bbox 1741 5167 1893 5240">
    <p class='ocr_par' dir='ltr' id='par_1_114' title="bbox 1741 5188 1874 5240">
     <span class='ocr_line' id='line_1_114' title="bbox 1741 5188 1874 5240; baseline 0 -1"><span class='ocrx_word' id='word_1_802' title='bbox 1741 5188 1874 5240; x_wconf 87' lang='lat' dir='ltr'><strong>rius.</strong></span> 
     </span>
    </p>
   </div>
   <div class='ocr_carea' id='block_1_115' title="bbox 1901 5276 3140 5345">
    <p class='ocr_par' dir='ltr' id='par_1_115' title="bbox 1901 5276 3140 5345">
     <span class='ocr_line' id='line_1_115' title="bbox 1901 5276 3140 5345; baseline 0.003 -14"><span class='ocrx_word' id='word_1_803' title='bbox 1901 5276 2147 5333; x_wconf 74' lang='lat' dir='ltr'><strong>CCCXX.</strong></span> <span class='ocrx_word' id='word_1_804' title='bbox 2192 5277 2516 5344; x_wconf 79' lang='lat' dir='ltr'><strong>Rescriptum</strong></span> <span class='ocrx_word' id='word_1_805' title='bbox 2546 5293 2638 5345; x_wconf 87' lang='lat' dir='ltr'><strong>pro</strong></span> <span class='ocrx_word' id='word_1_806' title='bbox 2668 5288 2847 5331; x_wconf 85' lang='lat' dir='ltr'><strong>sancto</strong></span> <span class='ocrx_word' id='word_1_807' title='bbox 2876 5278 3140 5336; x_wconf 79' lang='lat' dir='ltr'><strong>Brunone.</strong></span> 
     </span>
    </p>
   </div>
   <div class='ocr_carea' id='block_1_116' title="bbox 1809 5370 3305 5441">
    <p class='ocr_par' dir='ltr' id='par_1_116' title="bbox 1809 5370 3305 5441">
     <span class='ocr_line' id='line_1_116' title="bbox 1809 5370 3305 5441; baseline 0.001 -17"><span class='ocrx_word' id='word_1_808' title='bbox 1809 5372 1875 5424; x_wconf 78' lang='lat' dir='ltr'><strong>At</strong></span> <span class='ocrx_word' id='word_1_809' title='bbox 1909 5372 2179 5425; x_wconf 87' lang='lat' dir='ltr'><strong>sincerum</strong></span> <span class='ocrx_word' id='word_1_810' title='bbox 2199 5370 2419 5423; x_wconf 90' lang='lat' dir='ltr'><strong>omnino</strong></span> <span class='ocrx_word' id='word_1_811' title='bbox 2441 5377 2494 5421; x_wconf 87' lang='lat' dir='ltr'><strong>et</strong></span> <span class='ocrx_word' id='word_1_812' title='bbox 2515 5370 3017 5436; x_wconf 87' lang='lat' dir='ltr'><strong>penitusindubium</strong></span> <span class='ocrx_word' id='word_1_813' title='bbox 3050 5383 3126 5427; x_wconf 92' lang='lat' dir='ltr'><strong>est</strong></span> <span class='ocrx_word' id='word_1_814' title='bbox 3159 5375 3305 5441; x_wconf 78' lang='lat' dir='ltr'><strong>illud,</strong></span> 
     </span>
    </p>
   </div>
   <div class='ocr_carea' id='block_1_117' title="bbox 1740 5458 3307 5531">
    <p class='ocr_par' dir='ltr' id='par_1_117' title="bbox 1740 5458 3307 5531">
     <span class='ocr_line' id='line_1_117' title="bbox 1740 5458 3307 5531; baseline 0.003 -17"><span class='ocrx_word' id='word_1_815' title='bbox 1740 5464 1880 5531; x_wconf 90' lang='lat' dir='ltr'><strong>quod</strong></span> <span class='ocrx_word' id='word_1_816' title='bbox 1927 5476 2112 5515; x_wconf 90' lang='lat' dir='ltr'><strong>mense</strong></span> <span class='ocrx_word' id='word_1_817' title='bbox 2145 5458 2449 5527; x_wconf 89' lang='lat' dir='ltr'><strong>Septembri</strong></span> <span class='ocrx_word' id='word_1_818' title='bbox 2480 5458 2637 5524; x_wconf 88' lang='lat' dir='ltr'><strong>lmjns</strong></span> <span class='ocrx_word' id='word_1_819' title='bbox 2663 5460 2789 5512; x_wconf 89' lang='lat' dir='ltr'><strong>anni</strong></span> <span class='ocrx_word' id='word_1_820' title='bbox 2817 5459 3067 5515; x_wconf 83' lang='lat' dir='ltr'><strong>Urbanus</strong></span> <span class='ocrx_word' id='word_1_821' title='bbox 3121 5475 3307 5520; x_wconf 85' lang='lat' dir='ltr'><strong>sancto</strong></span> 
     </span>
    </p>
   </div>
   <div class='ocr_carea' id='block_1_118' title="bbox 1738 5551 3306 5624">
    <p class='ocr_par' dir='ltr' id='par_1_118' title="bbox 1738 5551 3306 5624">
     <span class='ocr_line' id='line_1_118' title="bbox 1738 5551 3306 5624; baseline 0.001 -19"><span class='ocrx_word' id='word_1_822' title='bbox 1738 5552 1975 5606; x_wconf 88' lang='lat' dir='ltr'><strong>Brunoni</strong></span> <span class='ocrx_word' id='word_1_823' title='bbox 2005 5551 2486 5605; x_wconf 87' lang='lat' dir='ltr'><strong>Carthusianorum</strong></span> <span class='ocrx_word' id='word_1_824' title='bbox 2518 5551 2749 5617; x_wconf 84' lang='lat' dir='ltr'><strong>parenti,</strong></span> <span class='ocrx_word' id='word_1_825' title='bbox 2779 5554 2865 5619; x_wconf 88' lang='lat' dir='ltr'><strong>qtti</strong></span> <span class='ocrx_word' id='word_1_826' title='bbox 2900 5562 3026 5605; x_wconf 89' lang='lat' dir='ltr'><strong>tunc</strong></span> <span class='ocrx_word' id='word_1_827' title='bbox 3047 5554 3099 5606; x_wconf 88' lang='lat' dir='ltr'><strong>in</strong></span> <span class='ocrx_word' id='word_1_828' title='bbox 3131 5552 3306 5624; x_wconf 84' lang='lat' dir='ltr'><strong>Squil-</strong></span> 
     </span>
    </p>
   </div>
   <div class='ocr_carea' id='block_1_119' title="bbox 1737 5642 3302 5707">
    <p class='ocr_par' dir='ltr' id='par_1_119' title="bbox 1737 5642 3302 5707">
     <span class='ocr_line' id='line_1_119' title="bbox 1737 5642 3302 5707; baseline 0 -7"><span class='ocrx_word' id='word_1_829' title='bbox 1737 5647 1939 5701; x_wconf 89' lang='lat' dir='ltr'><strong>Iacensi</strong></span> <span class='ocrx_word' id='word_1_830' title='bbox 1990 5659 2172 5699; x_wconf 89' lang='lat' dir='ltr'><strong>eremo</strong></span> <span class='ocrx_word' id='word_1_831' title='bbox 2214 5642 2547 5705; x_wconf 85' lang='lat' dir='ltr'><strong>morabatur,</strong></span> <span class='ocrx_word' id='word_1_832' title='bbox 2574 5645 2859 5707; x_wconf 57' lang='lat' dir='ltr'><strong>eoiicessit,</strong></span> <span class='ocrx_word' id='word_1_833' title='bbox 2893 5646 2957 5699; x_wconf 89' lang='lat' dir='ltr'><strong>ad</strong></span> <span class='ocrx_word' id='word_1_834' title='bbox 3007 5646 3056 5699; x_wconf 87' lang='lat' dir='ltr'><strong>ei</strong></span> <span class='ocrx_word' id='word_1_835' title='bbox 3109 5647 3302 5701; x_wconf 64' lang='lat' dir='ltr'><strong>confir.</strong></span> 
     </span>
    </p>
   </div>
   <div class='ocr_carea' id='block_1_120' title="bbox 1739 5732 3304 5808">
    <p class='ocr_par' dir='ltr' id='par_1_120' title="bbox 1739 5732 3304 5808">
     <span class='ocr_line' id='line_1_120' title="bbox 1739 5732 3304 5808; baseline 0.002 -17"><span class='ocrx_word' id='word_1_836' title='bbox 1739 5736 1930 5791; x_wconf 89' lang='lat' dir='ltr'><strong>manda</strong></span> <span class='ocrx_word' id='word_1_837' title='bbox 1982 5745 2035 5788; x_wconf 90' lang='lat' dir='ltr'><strong>et</strong></span> <span class='ocrx_word' id='word_1_838' title='bbox 2073 5732 2359 5789; x_wconf 85' lang='lat' dir='ltr'><strong>asserenda</strong></span> <span class='ocrx_word' id='word_1_839' title='bbox 2399 5733 2603 5797; x_wconf 55' lang='lat' dir='ltr'><strong>omnia,</strong></span> <span class='ocrx_word' id='word_1_840' title='bbox 2642 5734 2776 5786; x_wconf 85' lang='lat' dir='ltr'><strong>bona</strong></span> <span class='ocrx_word' id='word_1_841' title='bbox 2834 5751 2951 5804; x_wconf 75' lang='lat' dir='ltr'><strong>qua:</strong></span> <span class='ocrx_word' id='word_1_842' title='bbox 3002 5751 3030 5788; x_wconf 89' lang='lat' dir='ltr'><strong>a</strong></span> <span class='ocrx_word' id='word_1_843' title='bbox 3076 5736 3304 5808; x_wconf 70' lang='lat' dir='ltr'><strong>[ingeri-3</strong></span> 
     </span>
    </p>
   </div>
  </div>
