3892 6320
581 334 687 390 239

1846 335 1907 390 B.
1941 332 2192 390 URBANI
2232 333 2272 388 Il
2312 336 2511 391 ΡΑΡᾸΞ

3666 357 3749 414 ιλιι

585 449 780 504 comite
808 456 864 502 et
886 447 1091 503 Joanne
1116 448 1470 518 Squillacensi
1489 448 1742 518 episcopo
1768 448 1937 516 ipsius
1969 462 2154 502 mona-
2181 451 2230 509 Α
2259 449 2508 506 videlicet
2538 454 2894 509 venerabilem
2923 455 3286 513 Theobertum
3315 460 3514 518 Pisans:
3549 466 3747 524 Ecclesia
3817 527 3820 529 ,

587 542 751 596 sterio
779 541 972 596 collata
1004 541 1232 595 fuerant.
1283 541 1413 594 lllnd
1439 543 1622 594 datum
1659 549 1740 595 est
1790 540 2022 601 Salerni.
2052 541 2152 595 hnc

587 647 751 696 anno,
782 646 966 686 mense
1007 630 1334 700 Septembri,
1364 630 1658 684 indictione
1689 645 1764 688 vt.
1793 629 1933 682 unde
1985 628 2152 696 conji-

588 725 763 779 cimus
796 725 1071 780 Urbanum
1096 737 1157 777 ea
1198 724 1249 777 in
1281 724 1414 777 urbe
1443 737 1612 791 usque
1645 723 1711 776 ad
1745 722 1980 776 Barense
2029 735 2155 774 ρος.-

587 812 771 868 cilium
803 815 1189 884 permansisse.

725 909 998 965 CCCXXI.
1039 907 1400 974 Crucesignati
1443 909 1750 962 Antochiam
1783 909 2014 977 capiunt.

657 1003 791 1058 Cum
823 1010 1003 1055 autem
1033 1001 1148 1054 haec
1171 999 1224 1053 in
1249 999 1396 1053 ltalia
1426 1009 1764 1069 gererentur,
1797 999 2152 1069 crucesignati

585 1103 711 1164 post
737 1093 886 1146 varia
919 1090 1118 1159 prmlia,
1145 1097 1201 1144 et
1248 1089 1442 1143 multas
1491 1089 1689 1158 passim
1735 1090 1896 1145 urbes
1947 1090 2049 1143 hoc
2103 1098 2156 1143 et

586 1183 900 1254 precedenti
922 1198 1062 1236 anno
1089 1190 1438 1252 expugnatas,
1470 1183 1811 1236 Antiochiam
1849 1195 2034 1236 mense
2059 1181 2156 1236 Ju-

587 1277 679 1330 iiio
704 1274 863 1342 hujus
895 1275 1020 1328 anni
1061 1281 1413 1341 occuparunt.
1444 1273 1640 1329 Verum
1673 1272 1832 1342 paulo
1860 1282 1978 1342 post
2026 1272 2157 1326 Bar-

589 1366 704 1421 bari
731 1381 794 1421 ex
827 1367 994 1419 variis
1025 1366 1340 1434 provinciis,
1372 1365 1529 1434 hujus
1561 1373 1726 1418 tanta}
1777 1379 1999 1418 suorum
2047 1363 2157 1417 cla-

590 1459 673 1511 dis
700 1458 846 1510 fama
879 1457 1062 1520 exciti,
1095 1456 1252 1510 simul
1279 1457 1662 1510 convenientes
1692 1456 1844 1524 quasi
1886 1470 1982 1522 pro
2011 1470 2158 1510 com-

591 1550 737 1604 muni
773 1549 944 1603 salute
970 1547 1280 1602 dimicaturi
1310 1546 1648 1601 Christianos
1679 1547 1731 1600 in
1769 1560 1832 1600 ea
1863 1546 1997 1600 urbe
2023 1546 2158 1599 adeo

589 1650 704 1696 arte
732 1641 1224 1704 circumdederunt,
1258 1649 1316 1691 ut
1349 1639 1458 1707 jam
1485 1638 1627 1691 nulla
1656 1636 1911 1691 evadendi
1938 1651 2058 1704 spes
2079 1636 2159 1690 eis

589 1731 887 1801 effulgeret.
929 1731 1000 1785 At
1027 1731 1266 1785 humano
1312 1729 1593 1784 deficiente
1644 1742 1935 1798 supernum
1989 1729 2158 1781 adfuit

587 1822 868 1883 auxilium,
897 1820 1283 1884 cuminventa,
1311 1819 1452 1872 haud
1503 1818 1706 1885 absque
1757 1816 1998 1871 miraculi
2041 1817 2154 1885 Opi-

586 1912 764 1975 nione,
797 1927 950 1967 sacra
979 1911 1164 1966 lancea
1201 1925 1303 1979 qua
1337 1910 1477 1964 latus
1509 1908 1704 1964 Christi
1739 1909 1946 1962 Domini
1973 1908 2153 1977 perfo-

586 2013 760 2056 ratum
800 2003 964 2058 fuisse
992 2002 1334 2066 credebatur,
1354 2003 1488 2056 adeo
1519 2002 1742 2057 excitati
1774 2011 1899 2056 sunt
1940 2011 2154 2057 nostro-

585 2109 699 2147 sum
718 2094 880 2147 animi
904 2103 986 2159 ut,
1006 2093 1226 2162 praelato
1251 2092 1350 2146 hoc
1375 2093 1526 2160 quasi
1544 2099 1693 2146 certo
1718 2092 1956 2147 victoriae
1978 2093 2152 2163 signo,

583 2184 781 2238 milites
815 2185 867 2238 in
912 2184 1269 2238 barbarorum
1299 2183 1573 2236 exercitus
1603 2180 1780 2245 eﬂ‘usi,
1805 2197 1899 2237 eos
1951 2183 2156 2252 ingenti

583 2273 737 2328 clade
764 2272 987 2327 affectos
1020 2272 1241 2326 omnino
1267 2271 1576 2340 fugaverint
1629 2285 1693 2323 ac
1741 2271 2154 2338 prostraverint.

584 2364 711 2420 llazc
732 2364 936 2430 omnia,
962 2373 1161 2432 praeter
1193 2370 1447 2418 auctores
1475 2362 1715 2416 historiae
1761 2377 2039 2416 sacrarum
2070 2377 2160 2417 ex-

582 2456 942 2526 peditionum,
973 2455 1214 2510 referunt
1263 2454 1366 2523 ipsi
1402 2453 1837 2508 Christianorum
1885 2455 2052 2510 duces
2104 2463 2159 2510 et

581 2549 858 2618 principes
886 2548 940 2602 in
968 2546 1196 2616 epistola
1229 2546 1294 2600 ad
1327 2545 1601 2600 Urbanum
1629 2561 1694 2600 eo
1718 2555 1962 2614 tempore
2016 2546 2154 2600 scri-

583 2646 698 2708 pta,
725 2638 775 2691 in
818 2652 928 2706 qua
983 2647 1106 2705 post
1155 2636 1316 2707 hujus
1371 2635 1615 2690 victoriae
1673 2636 2060 2700 narrationem,
2107 2636 2157 2690 ei

581 2735 816 2782 mortem
843 2726 1483 2780 annuntiantAdhemari
1534 2725 1840 2780 Aniciensis
1891 2726 2156 2796 episcopi,

582 2817 674 2888 qui
698 2817 839 2872 sedis
876 2817 1185 2886 apostolica:
1215 2818 1421 2888 legatus
1449 2825 1503 2870 et
1529 2818 1636 2870 dux
1664 2818 2024 2887 expeditionis
2077 2819 2158 2872 in-

581 2912 824 2977 stitutus,
850 2919 972 2980 post
1001 2918 1282 2980 superatos
1312 2909 1512 2964 multos
1539 2909 1775 2975 labores,
1806 2909 1918 2978 jam
1949 2911 2157 2980 pacatis

582 3002 805 3058 omnino
844 3002 1027 3064 rebus,
1051 3001 1354 3056 Antiochia:
1398 3001 1530 3069 ipsis
1567 2999 1824 3056 Kalendis
1857 3002 2085 3071 Augusti
2126 3013 2158 3055 θ

579 3093 719 3148 vivis
771 3101 1119 3157 excesserat;
1179 3101 1291 3146 tum
1348 3091 1657 3161 pontificem
1715 3101 1908 3161 rogant
1958 3101 2018 3145 ut
2068 3092 2155 3146 ille

582 3187 724 3258 ipse,
753 3187 846 3257 qui
885 3201 1054 3240 sacra:
1103 3185 1430 3254 expeditioni
1475 3192 1661 3239 auctor
1689 3194 1742 3238 et
1786 3183 2154 3254 promulgator

578 3276 885 3347 prmeipuus
932 3274 1128 3341 fuerat,
1162 3275 1214 3329 in
1245 3275 1522 3330 Orientem
1562 3275 1743 3329 veniat
1801 3289 1986 3329 eorum
2046 3275 2154 3328 dux

585 3376 644 3422 et
670 3367 927 3438 princeps
956 3365 1194 3431 futurus,
1217 3374 1275 3418 ut
1309 3373 1434 3433 post
1482 3365 1732 3433 adeptam
1783 3363 1967 3419 Romae
2007 3363 2155 3419 Petri

579 3459 997 3526 cathedram,in
1025 3474 1131 3529 qua
1164 3457 1275 3526 jam
1331 3457 1400 3511 ab
1449 3456 1653 3527 aliquot
1704 3459 1862 3512 annis
1908 3457 2151 3522 sedebat,

579 3550 740 3605 simili
771 3565 985 3620 quoque
1013 3550 1216 3603 honore
1246 3549 1298 3603 in
1330 3547 1499 3602 altera
1529 3547 1769 3618 ejusdem
1800 3545 2030 3617 apostoli
2065 3562 2156 3601 ca-

579 3638 774 3693 thedra
814 3639 1117 3694 Antiochia:
1161 3637 1452 3692 frueretur.
1498 3637 1622 3692 Haec
1669 3637 1892 3707 epistola
1953 3637 2154 3706 scripta

583 3727 685 3781 fuit
708 3727 769 3781 Η
795 3727 878 3780 die
901 3729 1129 3781 intrante
1155 3727 1504 3795 Septembrio,
1526 3727 1809 3780 indictione
1833 3741 1908 3793 Iv,
1937 3735 1992 3779 ιιι
2018 3727 2155 3781 indi-

583 3827 674 3874 cat
701 3819 869 3874 editio
895 3817 1188 3873 Baluziana
1223 3819 1363 3874 libro
1396 3835 1412 3871 ι
1457 3819 1679 3873 Miscell.
1735 3835 1860 3889 pag.
1907 3819 2036 3882 419,
2065 3819 2154 3872 ubi

585 3909 847 3980 integrior
902 3910 1134 3964 habetur
1163 3925 1324 3978 quam
1359 3909 1500 3977 apud
1537 3908 1884 3963 Fulcherium
1934 3910 1984 3962 in
2017 3909 2153 3963 libro

584 4002 651 4058 de
679 4001 846 4072 gestis
872 4002 964 4056 Dei
999 4017 1095 4071 per
1129 4001 1386 4056 Francos.
1445 4000 1618 4069 Ipsam
1675 4009 1850 4055 autem
1889 4001 2154 4071 integram

583 4091 788 4148 referre
820 4092 1002 4146 visum
1042 4108 1146 4147 non
1192 4099 1276 4147 est
1303 4105 1483 4161 operte
1537 4091 1788 4159 pretium,
1844 4105 1964 4145 eum
2015 4090 2153 4161 apud

583 4183 704 4240 illos
735 4194 986 4239 auctores
1018 4183 1175 4239 facile
1222 4183 1406 4237 haberi
1463 4182 1664 4252 possit;
1707 4197 1877 4251 quare
1929 4181 2154 4236 sufficiat

582 4277 674 4331 hic
695 4275 907 4331 titulum
938 4277 1055 4346 ejus
1078 4275 1378 4332 exhibere:
1407 4295 1425 4326 ι
1464 4275 1689 4329 Domino
1727 4283 1916 4331 sancto
1959 4290 2024 4331 ac
2061 4291 2154 4330 ve-

580 4368 811 4424 nerabili
857 4383 1007 4438 papte
1035 4368 1273 4433 Urbano,
1303 4367 1670 4432 Buamundus,
1695 4375 1751 4422 et
1802 4367 2154 4438 Baymundus

580 4462 754 4515 sancti
783 4460 984 4531 ngidii
1031 4476 1232 4528 comes,
1262 4461 1587 4515 Godefridus
1621 4459 1726 4514 dux
1779 4459 2155 4515 Lothariensis

580 4562 636 4608 et
692 4553 990 4609 Rotbertus
1047 4568 1228 4609 comes
1282 4553 1720 4617 Northmannite,
1775 4554 2154 4608 etRotbertus

579 4643 991 4700 Flandrensium
1019 4659 1220 4709 comes,
1242 4653 1305 4706 ,et
1336 4645 1663 4699 Eustachius
1690 4659 1872 4699 comes
1896 4643 2151 4709 Bolonix,

581 4735 811 4791 salutem
841 4747 897 4791 et
926 4736 1100 4791 ﬁdelia
1139 4737 1378 4800 servitia,
1411 4747 1465 4790 et
1497 4744 1554 4790 ut
1582 4736 1673 4789 filii
1699 4752 1796 4791 suo
1826 4736 1964 4805 patri
1996 4736 2155 4805 spiri-

581 4829 715 4882 tuali
750 4844 937 4883 veram
971 4829 1022 4882 in
1050 4828 1268 4883 Christo
1304 4827 1714 4895 subjectionem.
1770 4828 2028 4883 Volumus
2061 4844 2158 4882 au-

582 4926 690 4973 tem
711 4933 903 4974 omnes
930 4929 986 4974 et
1008 4919 1386 4974 desideramus
1415 4917 1565 4974 vobis
1588 4927 1777 4973 notum
1825 4919 1942 4973 fieri
1993 4934 2154 4988 quam

582 5023 775 5078 magna
815 5010 908 5064 Dei
971 5011 1368 5074 misericordia,
1425 5025 1694 5081 quamque
1751 5011 2154 5066 evidentissimo

583 5097 754 5168 ipsius
807 5099 905 5155 Dei
964 5102 1293 5157 adminiculo
1338 5117 1367 5155 a
1423 5102 1578 5156 nobis
1635 5110 1793 5170 capta
1845 5109 1928 5157 est
1971 5100 2156 5154 Antio-

581 5183 729 5251 chia,
766 5203 784 5236 ι
818 5195 924 5241 etc.
955 5188 1094 5254 Quid
1119 5204 1249 5244 vero
1277 5189 1362 5244 his
1391 5188 1589 5244 litteris
1615 5189 1958 5259 responderit
1977 5190 2155 5258 ponti-

583 5275 863 5344 fex,nobis
883 5286 966 5331 est
987 5267 1412 5350 incompertum;
1443 5288 1497 5333 at
1519 5287 1728 5335 certum
1760 5263 1843 5334 est
1870 5294 1992 5334 eum
2021 5294 2154 5331 nun-

583 5382 744 5436 quam
768 5367 1052 5424 ullumiter
1074 5370 1127 5423 in
1153 5371 1430 5425 Orientem
1453 5371 1781 5440 suscepisse.
1812 5368 1922 5425 Nec
1935 5370 2154 5423 dubium

583 5459 713 5528 quin
737 5459 823 5514 hic
852 5461 1153 5515 revocanda
1183 5463 1255 5517 sit
1284 5463 1577 5517 Daimberti
1637 5463 1703 5516 ad
1750 5462 2152 5531 crucesiguatos

581 5550 798 5620 legatio,
833 5566 996 5621 quam
1024 5552 1128 5605 hoc
1168 5568 1307 5607 anno
1335 5564 1726 5609 commemorat
1767 5553 2047 5609 Bertoldus
2073 5552 2155 5606 his

580 5645 765 5700 verbis
819 5663 830 5699 :
893 5662 912 5695 ι
958 5643 1220 5701 Dominus
1270 5661 1430 5716 papa,
1470 5648 1643 5718 inquit
1704 5648 1793 5701 ille
1844 5655 2053 5709 auctor,
2088 5645 2156 5698 ad

582 5737 830 5796 eamdem
893 5737 1296 5794 multitudinem
1351 5755 1504 5795 suam
1561 5739 1885 5810 legationem
1933 5738 2152 5802 direxit,

2182 3135 2223 3192 C

2255 541 2743 612 archiepiscopum,
2788 546 2877 614 qui
2909 555 2962 600 et
3001 547 3106 601 illis
3144 548 3196 601 in
3233 553 3476 607 omnibus
3517 560 3749 624 apostolica

2252 631 2371 684 vice
2393 631 2624 697 adesset,
2648 643 2702 687 et
2721 634 2979 689 ecclesias
3008 635 3060 689 in
3089 637 3220 692 locis
3243 641 3378 694 unde
3403 645 3578 713 pagani
3595 649 3752 716 expulsi

2253 729 2379 774 sunt
2425 721 2776 777 instauraret.
2837 745 2856 775 ι
2908 725 2959 780 Is
2989 737 3177 795 postea
3235 731 3406 800 captis
3446 730 3754 807 Jerosolymis,

2252 810 2479 866 Arnulfo
2509 812 2682 866 locum
2709 815 2952 876 cedente,
2986 817 3104 884 ejus
3153 819 3302 874 urbis
3347 823 3629 890 patriarcha
3662 841 3754 894 pro-

2255 899 2515 958 clamatus
2555 915 2660 968 est,
2683 915 2742 959 ut
2770 910 2966 975 passim
3000 909 3088 963 alii
3139 921 3388 966 auctores
3440 915 3755 970 observarunt.

2255 993 2554 1050 Januenses
2584 1011 2647 1050 co
2673 1006 2913 1066 tempore
2945 1001 3115 1054 sancti
3141 1001 3365 1056 Joannis
3397 1003 3635 1073 Baptistae
3667 1007 3760 1061 reli-

2257 1086 2412 1155 quias
2435 1100 2466 1140 e
2498 1085 2642 1156 Myra
2669 1086 2831 1142 Licite
2855 1090 2986 1142 urbe
3010 1093 3226 1145 domum
3258 1093 3502 1149 retulisse
3521 1110 3761 1150 memorati.

2260 1184 2365 1242 tur,
2390 1193 2523 1247 quas
2549 1179 2712 1233 etiam
2745 1197 2886 1234 nunc
2928 1182 3130 1237 habent
3161 1183 3212 1237 in
3246 1185 3473 1240 ecclesia
3511 1188 3757 1256 metropoli-

2261 1279 2402 1322 tana.
2433 1268 2541 1323 Has
2560 1271 2988 1326 Christianorum
3014 1276 3288 1341 victorias,
3314 1277 3463 1332 solus
3491 1278 3622 1332 inter
3641 1279 3761 1334 Chri-

2257 1360 2463 1414 stianos
2538 1364 2818 1433 principes
2849 1363 3478 1437 Constantinopolitanus
3528 1372 3763 1440 imperator

2258 1452 2628 1518 perturbabat,
2659 1456 2793 1510 adeo
2817 1464 2892 1520 ut,
2927 1457 3101 1526 inquit
3138 1458 3438 1523 Bertoldus,
3464 1460 3615 1514 etiam
3645 1465 3764 1518 urbes

2258 1557 2376 1609 quae
2415 1545 2484 1598 ab
2512 1546 2935 1601 occidentalibus
2960 1559 3132 1617 capta:
3164 1549 3378 1604 fuerant
3406 1552 3629 1605 incendia
3653 1553 3767 1606 dera-

2258 1640 2397 1683 stare
2417 1642 2465 1684 et
2491 1634 2710 1702 paganis
2736 1635 2948 1690 reddere
2977 1653 3082 1691 non
3117 1639 3470 1704 dubitaverit;
3498 1651 3550 1694 et
3593 1643 3675 1693 iter
3699 1642 3766 1694 Je-

2261 1720 2689 1789 rosolgmitanum
2711 1741 2802 1792 per
2823 1742 2971 1779 suam
2999 1737 3301 1796 potestatem
3334 1732 3567 1784 omnibus
3591 1734 3766 1801 peregri-

2261 1813 2360 1878 nis,
2389 1822 2644 1881 quantum
2675 1817 2869 1883 potuit,
2907 1820 3117 1872 omnino
3141 1821 3481 1889 prohibuerit.

2361 1904 2652 1961 CCCXXII.
2702 1907 3166 1964 Scitis-mancorum
3204 1912 3384 1966 Horme
3422 1923 3693 1967 conventus.

2325 1994 2494 2049 Porro
2521 1997 2621 2051 etsi
2661 1997 2762 2052 illis
2806 2001 3155 2067 temporibus,
3187 2003 3384 2071 quibus
3417 2019 3598 2058 omnes
3622 2004 3768 2072 ubique

2256 2088 2496 2156 gentium
2528 2088 2580 2141 in
2620 2088 2820 2144 Urbani
2863 2091 3224 2146 obedientiam
3249 2110 3359 2148 uno
3383 2094 3561 2148 animo
3587 2109 3765 2149 consen-

2259 2179 2358 2233 tire
2395 2180 2736 2246 videbantur,
2762 2197 2849 2237 res
2884 2183 3355 2240 schismaticorum
3389 2187 3669 2256 desperatae
3691 2202 3768 2241 om-

2255 2271 2384 2326 nino
2411 2287 2531 2328 esse
2552 2273 2880 2336 debuissent,
2918 2276 3058 2328 haud
3090 2285 3267 2334 tamen
3297 2278 3371 2332 illi
3396 2293 3430 2331 a
3459 2279 3566 2333 suis
3593 2293 3768 2333 conven-

2258 2361 2421 2426 tibus,
2455 2362 2679 2417 absente
2725 2363 2852 2418 licet
2880 2363 3159 2429 Guiberto,
3213 2368 3544 2433 abstinuere,
3584 2370 3768 2438 quodex

2256 2467 2444 2507 eorum
2487 2455 2950 2524 pseutlosynodica
2997 2459 3218 2526 epistola
3270 2461 3527 2515 universis
3560 2460 3768 2514 Donasti-

2256 2546 2533 2610 mentibus,
2590 2555 2651 2600 ut
2700 2547 2800 2615 ipsi
2849 2549 3210 2613 mentiuntur,
3239 2560 3287 2603 et
3324 2552 3546 2605 salutem
3578 2550 3769 2604 Romam

2191 1777 2230 1836 Β

2259 2637 2553 2704 νείριιωῑοιε
2607 2637 2938 2707 diligentibus
2991 2641 3249 2710 inscripta
3298 2652 3484 2711 patet,
3547 2657 3685 2714 quam
3723 2655 3767 2696 es
3852 2637 3853 2714 ᾗ

3251 2731 3520 2789 Baronius
3565 2736 3623 2788 ad
3667 2734 3767 2787 hunc
3852 2735 3853 2738 “

2258 2833 2460 2872 annum
2494 2828 2550 2874 et
2595 2819 2842 2875 Labbeus
2888 2821 2941 2875 in
2969 2822 3278 2892 Appendice
3322 2827 3456 2881 tomi
3486 2826 3530 2880 Χ
3561 2825 3768 2882 Coucilio-
3852 2883 3853 2892 χ

2257 2725 2509 2782 Bennone
2558 2728 2610 2782 in
2661 2729 2783 2783 Vita
2835 2729 3181 2786 Hildebrandi

2262 2923 2381 2961 rum
2408 2909 2729 2963 retulerunt.
2779 2910 2856 2963 Ex
2887 2911 2989 2967 hac
3020 2927 3148 2968 vero
3171 2913 3436 2970 discimus
3456 2917 3655 2985 quinam
3680 2922 3766 2968 tunc

2259 2999 2444 3056 Roma:
2475 3000 2674 3056 fuerint
2701 3003 2954 3072 praecipui
3001 3002 3257 3061 factionis
3281 3004 3611 3062 Guibertinre
3642 3005 3766 3059 fauto-

2261 3107 2369 3158 res,
2404 3109 2634 3162 quorum
2666 3095 2879 3149 nomina
2911 3105 2966 3151 et
2996 3097 3294 3167 dignitates
3326 3101 3430 3155 hoc
3450 3099 3626 3154 ordine
3663 3097 3704 3151 in
3725 3110 3768 3148 ea

2258 3191 2626 3238 recensentur.
2697 3184 3010 3240 Adalbertus
3077 3189 3349 3259 episcOpus
3380 3198 3572 3244 sancta;
3613 3186 3767 3255 Ruﬁna

2259 3270 2420 3326 Silva:
2449 3269 2723 3338 Candidw,
2769 3275 3001 3330 Joannes
3041 3278 3311 3348 episcopus
3346 3278 3614 3344 Ostiensis,
3655 3277 3766 3345 Ergo
3852 3267 3853 3272 ¹

2256 3363 2524 3431 episcopus
2556 3362 2934 3431 Prwnestinus,
2965 3366 3204 3421 Albertus
3223 3369 3496 3439 episcopus
3518 3367 3768 3438 Nepesinus,

2256 3451 2435 3506 Benno
2474 3453 2759 3508 cardinalis
2797 3457 3062 3526 presbyter
3093 3459 3236 3512 urbis
3271 3457 3478 3527 Romm,
3515 3457 3766 3514 Octavianus

2256 3543 2521 3613 presbyter
2560 3547 2850 3601 cardinalis
2889 3549 3211 3617 designatus,
3251 3549 3463 3605 Paulus
3505 3547 3768 3620 primicerius

2259 3631 2512 3688 Romana:
2567 3633 2835 3703 Ecclesite,
2892 3637 3148 3692 Nicotaus
3203 3639 3399 3695 electus
3447 3641 3603 3695 abbas
3634 3636 3768 3693 Sancti

2259 3724 2498 3780 Silvestri
2542 3727 2686 3781 urbis
2734 3717 2936 3795 Romtz,
2976 3730 3052 3784 Ν.
3107 3730 3266 3784 abbas
3318 3732 3506 3788 Sancti
3555 3727 3766 3784 Pancratii
3852 3781 3853 3792 χ

2256 3815 2397 3868 urbis
2430 3814 2633 3882 Romw,
2683 3827 2732 3871 et
2763 3817 2950 3882 clerus,
2982 3829 3031 3872 et
3065 3819 3342 3874 clarissimi
3369 3823 3619 3889 principes
3652 3817 3767 3871 Titio-

2257 3904 2441 3959 baldus
2473 3905 2726 3970 Chinebii,
2762 3917 2812 3961 et
2844 3906 3124 3964 Udalricus
3148 3911 3212 3964 de
3238 3909 3441 3966 Sancto
3467 3907 3714 3965 Eustacbio
3736 3913 3768 3956 et

2254 3994 2476 4064 populus
2506 3994 2798 4050 Romanus.
2833 4017 2850 4050 ι
2880 3997 2959 4052 Illi
2990 4007 3074 4053 ter
3095 4015 3155 4054 se
3180 4003 3501 4058 convenisse
3526 4003 3577 4057 in
3595 3995 3770 4055 diversis

2255 4085 2405 4138 urbis
2434 4083 2619 4139 Romae.
2640 4085 2888 4143 ecclesiis
2915 4089 3087 4154 aiunt,
3116 4090 3182 4145 ad
3210 4091 3564 4148 destruendas
3591 4091 3768 4144 hereses

2256 4177 2323 4231 ab
2354 4175 2736 4243 llildebrando,
2767 4180 2843 4234 sic
2898 4180 3065 4233 etiam
3116 4189 3244 4236 tunc
3268 4181 3585 4253 Gregorium
3611 4177 3682 4234 Vll
3703 4189 3768 4243 ap-

2254 4267 2549 4336 pellabant,
2580 4270 2926 4334 adinventas;
2954 4272 3130 4341 primo
3164 4273 3382 4340 quidem
3414 4273 3574 4328 Nonis
3595 4264 3768 4339 Augusti

2257 4356 2394 4427 apud
2425 4357 2683 4413 Sanctum
2700 4358 2962 4425 Blasium,
2989 4370 3099 4415 tum
3131 4361 3372 4418 vmldus
3401 4363 3538 4432 apud
3566 4360 3767 4416 Sanctum

2189 4470 2230 4523 ι)
2257 4449 2468 4504 Celsum
2521 4460 2576 4505 et
2619 4451 2880 4521 postridie
2913 4454 3052 4521 apud
3107 4452 3363 4510 Sanctam
3406 4454 3644 4512 Mariam,
3683 4458 3769 4518 φιε

2259 4543 2457 4597 dicitur
2510 4543 2759 4598 Rotunda
2793 4545 2928 4613 (tres
2974 4545 3155 4614 itaque
3209 4547 3309 4601 bas
3354 4547 3607 4602 ecclesias
3630 4541 3770 4596 Roma?

2257 4634 2432 4687 adhuc
2475 4635 2877 4703 possidebant),
2926 4635 3108 4706 ibique
3149 4637 3267 4693 illas
3308 4637 3539 4694 hazreses
3571 4633 3768 4691 condem-

2258 4742 2434 4782 nasse.
2474 4727 2611 4781 Tum
2655 4727 2978 4798 pollicentur
3005 4729 3352 4784 securitatem
3381 4731 3594 4785 cuilibet
3619 4737 3768 4782 occur-

2259 4834 2378 4874 rere
2430 4819 2630 4874 voleuti
2660 4821 2726 4873 ad
2754 4819 2998 4889 proxime
3033 4802 3274 4875 futuram
3327 4823 3602 4892 synodum,
3646 4826 3766 4886 quam

2257 4913 2396 4965 circa
2462 4911 2728 4965 Kalendas
2769 4911 3087 4966 Novembres
3128 4913 3408 4968 celebrare
3453 4915 3764 4983 disponunlJ

2257 5004 2394 5057 Data
2420 5015 2494 5057 est
2529 5005 2640 5059 haec
2671 5003 2896 5072 cpistola
2930 5003 3108 5058 Roma:
3151 5018 3334 5059 contra
3359 5006 3702 5063 sc/tismaticos,
3725 5003 3766 5048 ut

2255 5104 2474 5158 vocant,
2505 5096 2561 5148 in
2591 5111 2741 5148 sacro
2769 5106 3040 5162 conventu,
3068 5114 3207 5153 anno
3236 5100 3299 5152 ab
3325 5099 3673 5154 lucet-natione
3691 5089 3765 5143 υο·

2255 5185 2384 5238 mini
2413 5184 2570 5250 1098,
2625 5185 2906 5239 indictione
2933 5198 3110 5254 sexta,
3153 5203 3225 5243 vn
3281 5189 3413 5243 Idus
3465 5185 3677 5258 Augusti.
3717 5178 3764 5231 At

2254 5293 2377 5333 cum
2399 5277 2573 5333 nullos
2601 5293 2632 5333 e
2655 5277 2950 5334 Catholicis
2973 5281 3038 5334 ad
3057 5296 3212 5335 suum
3240 5282 3474 5352 ipsorum
3501 5281 3763 5335 conventum

2256 5371 2582 5424 adventuros
2606 5385 2728 5424 esse
2760 5379 2910 5425 certo
2934 5372 3316 5441 przeviderent,
3349 5393 3367 5424 ι
3405 5380 3560 5426 testes
3582 5365 3762 5421 advoca-

2258 5472 2382 5518 runt
2404 5463 2600 5517 ctelum
2654 5474 2708 5518 et
2739 5474 2959 5527 terram,
3013 5479 3071 5519 se
3096 5480 3435 5536 nequaquam
3474 5475 3641 5519 eorum
3674 5465 3761 5524 Ρετ·

2257 5555 2501 5608 versitati
2526 5555 2625 5624 (sic
2663 5554 2728 5607 de
2763 5555 3061 5610 Catholicis
3091 5555 3470 5625 loquebantur)
3491 5546 3757 5610 consentire

2258 5645 2400 5715 quod
2427 5653 2486 5698 ut
2522 5660 2579 5698 re
2629 5646 2791 5700 etiam
2822 5647 3133 5715 probarent,
3168 5648 3349 5702 statim
3381 5644 3660 5704 eorumdem
3684 5634 3756 5689 (ἔπ’

2261 5737 2578 5793 tholicorum
2618 5737 2804 5803 libros,
2844 5752 2979 5806 quos
3007 5752 3115 5807 prie
3161 5738 3408 5794 manibus
3445 5729 3695 5790 habebant,
3717 5720 3755 5772 in
