3892 6320
121 389 211 446 ειι

1622 377 1797 431 ΥΙΤΛ.

3246 379 3352 434 δὲ·ίὲ

117 505 286 571 ignem
322 495 618 566 projecere,
651 494 793 563 quod
835 492 998 546 variis
1028 491 1378 546 conciliorum
1415 503 1678 542 convocm
1712 495 1754 549 Α
1790 487 1923 542 1098
1956 487 2325 557 consignatur,
2361 487 2521 543 aliam
2565 490 2632 543 ab
2663 504 2722 544 ea
2755 503 2860 542 non
2889 502 3005 544 esse
3038 504 3158 559 quae
3207 506 3352 546 anno

115 591 341 646 tionibus
368 603 468 656 per
502 600 672 640 annos
723 583 997 639 sexdecim
1047 582 1207 636 factis
1235 595 1290 635 et
1341 579 1570 644 iteratis,
1601 579 1673 631 illi

115 695 380 749 nunquam
426 680 660 748 ipsorum
709 677 928 730 mon-itis
981 683 1141 728 atires
1192 673 1430 742 praebere
1481 671 1677 725 voluis-

111 779 245 826 sent.
270 789 288 822 ι
321 769 449 824 llaec
475 770 538 822 de
560 767 942 832 schismaticis,
966 767 1057 836 qui
1089 782 1210 819 cuin
1241 766 1496 818 Bennone
1520 777 1676 831 pseu-

109 860 438 916 docardinali
470 860 774 928 pontiﬁcem
801 868 1045 911 nostrum
1079 847 1381 908 'l'urbanu'm
1405 852 1676 922 appellare

109 953 380 1014 amabant,
425 953 496 1006 ob
523 951 604 1014 id,
629 951 770 1018 quod
813 948 1058 1017 Gregorii
1097 947 1338 1017 vestigiis
1374 946 1672 1008 inhaerens,

109 1045 323 1109 turbas,
377 1052 438 1097 ut
481 1043 582 1112 ipsi
621 1042 1117 1107 calumniabantur,
1150 1041 1516 1094 continuaret.
1569 1037 1676 1091 Sed

107 1135 285 1190 talium
316 1135 598 1188 hominum
643 1133 918 1197 convicia,
956 1142 1032 1186 tot
1077 1142 1201 1186 sunt
1242 1131 1353 1184 veri
1409 1130 1676 1198 pontilicis

106 1227 286 1296 elogia.
304 1227 370 1280 Et
391 1236 538 1281 certe
567 1225 845 1281 Urbanum
877 1225 1024 1294 pacis
1046 1233 1338 1282 amantem,
1361 1234 1416 1276 et
1437 1222 1675 1275 omnium

111 1314 408 1377 hotninum,
442 1314 535 1382 qui
569 1321 716 1376 tunc,
740 1323 798 1366 ut
825 1313 891 1367 de
916 1313 1096 1382 Moyse
1119 1310 1352 1380 loquitur
1375 1309 1672 1378 Scriptura,

108 1407 155 1458 in
187 1416 327 1460 terra
363 1405 737 1467 morabantur,
775 1405 1120 1458 mitissimum
1154 1402 1350 1466 fuisse,
1379 1403 1542 1456 etiam
1577 1401 1675 1469 ipsi

106 1497 427 1552 scliismatici
477 1496 634 1550 fateri
683 1497 767 1550 vel
811 1497 962 1550 inviti
1019 1496 1368 1563 cogebantur.
1419 1495 1674 1558 Quaenam

108 1603 227 1642 vero
256 1587 484 1641 haeresis
531 1587 620 1640 illa
667 1597 808 1651 erat,
843 1603 1004 1655 quam
1037 1586 1367 1641 schismatici
1416 1583 1677 1653 Gregorio

108 1682 187 1736 \"ll
233 1682 630 1752 impiugebant,
681 1683 943 1735 discimus
990 1696 1054 1734 ex
1100 1679 1290 1734 eodem
1339 1679 1592 1732 Bennone
1623 1681 1675 1731 in

107 1775 338 1844 Gregorii
359 1774 507 1838 Vita,
527 1775 615 1828 tibi
643 1775 721 1828 sic
749 1773 911 1828 habet
939 1792 950 1826 :
984 1792 1001 1824 ι
1049 1773 1328 1828 Gloriosus
1352 1771 1674 1826 llildebran-

108 1868 197 1922 ilus
241 1875 294 1921 et
349 1867 682 1935 pedisequus
726 1864 842 1932 ejus
894 1865 1180 1920 anbanus
1229 1879 1364 1918 nova
1405 1873 1673 1932 potestate

107 1959 364 2012 solventes
384 1959 610 2012 decreta
639 1957 1094 2013 Chalcedonensis
1116 1956 1354 2021 concilii,
1370 1973 1474 2010 non
1499 1956 1670 2009 solum

105 2047 292 2107 verbis,
323 2048 416 2101 sed
446 2056 508 2100 ct
543 2046 760 2116 scriptis
801 2047 1033 2116 publicis
1077 2055 1471 2100 consenserunt
1519 2055 1674 2099 extra

107 2137 375 2192 ecclesiam
427 2138 836 2193 communicare
881 2147 936 2192 et
982 2138 1281 2206 baptizare,
1341 2152 1502 2205 quam
1547 2137 1673 2190 caeci

107 2236 295 2289 essent,
324 2241 498 2294 quam
542 2227 782 2281 haeretici
824 2227 1058 2297 propriis
1087 2225 1302 2296 scriptis
1329 2226 1672 2296 deprehensi,

108 2327 225 2383 etc.;
251 2326 484 2386 uterque
520 2318 572 2372 in
615 2319 863 2372 haeresim
897 2319 1094 2373 Liberii
1136 2318 1346 2382 incidit,
1390 2317 1481 2386 qui
1525 2329 1674 2386 post—

107 2423 254 2476 quam
289 2411 514 2480 publice
554 2411 974 2465 communicavit
1011 2411 1511 2476 excommunicatis,
1543 2411 1676 2466 duas

112 2499 362 2556 Ecclesias
399 2503 614 2556 faciens
656 2503 921 2558 unitatem
975 2504 1167 2569 scidit,
1201 2523 1219 2556 ι
1278 2512 1386 2559 etc.
1441 2505 1529 2557 Sic
1576 2505 1674 2574 ipsi

113 2592 426 2648 schismatici
457 2603 713 2649 auctores
742 2595 1040 2650 catholicos
1067 2607 1122 2650 et
1150 2598 1373 2650 unitatis
1406 2606 1678 2650 amatores

116 2686 483 2742 schismaticos
513 2688 785 2756 appellare
810 2690 950 2743 haud
987 2690 1323 2744 dubitabant.

115 2775 411 2831 CCCXXIII.
449 2776 750 2831 Concilium
781 2777 1012 2832 Barense
1043 2780 1140 2831 hoc
1173 2795 1310 2832 anno
1342 2779 1675 2834 celebratum.

177 2863 428 2920 Catholici
490 2881 619 2920 vero
671 2866 758 2920 die
815 2867 1062 2921 condicta
1109 2867 1467 2922 Kalendarum
1522 2868 1680 2923 Octo-

118 2955 296 3019 brium,
325 2970 443 3020 seu,
488 2965 543 3009 ut
572 2956 737 3011 habet
762 2971 1064 3027 anonymus
1095 2955 1372 3019 Barensis,
1412 2958 1497 3011 die
1522 2959 1679 3011 tertia

116 3046 333 3116 ejusdem
357 3048 590 3112 mensis,
619 3049 758 3116 apud
788 3048 1006 3103 Barium
1039 3049 1307 3103 celebrem
1342 3051 1549 3119 Apuliae
1591 3067 1679 3103 ur-

118 3137 224 3192 bem
260 3139 322 3192 ad
346 3139 646 3194 concilium
686 3139 752 3193 ab
781 3139 998 3196 Urbano
1043 3139 1306 3194 indictum
1347 3156 1669 3196 convenere.

120 3229 227 3287 llaec
271 3234 515 3303 synodus
543 3233 882 3301 potissimum
935 3233 1001 3287 ad
1037 3233 1090 3286 id
1139 3242 1327 3287 coacta
1358 3235 1588 3299 videtur,
1619 3245 1677 3288 ut

119 3321 314 3379 Graecos
347 3325 497 3379 inter
534 3334 590 3378 et
617 3323 842 3378 Latinos
884 3323 952 3379 de
997 3323 1101 3378 ﬁde
1143 3325 1479 3390 conveniret,
1511 3335 1568 3379 ut
1613 3341 1679 3380 ne

122 3412 307 3468 scilicet
349 3413 531 3469 sacris
581 3413 1012 3483 expeditionibus
1061 3423 1283 3468 noceret
1321 3415 1372 3468 in
1411 3415 1678 3470 crcdemlo

123 3503 400 3559 diversitas.
436 3502 593 3558 lianc
614 3503 876 3573 synodum
901 3519 1046 3556 anno
1070 3505 1395 3572 praecedenti
1419 3504 1680 3559 Baronitas

123 3601 169 3644 ct
197 3593 306 3662 ejus
336 3609 628 3663 sequaces,
653 3594 761 3647 imo
789 3601 844 3648 et
871 3593 1120 3648 Labbens
1155 3602 1300 3648 tomo
1323 3593 1366 3646 Χ
1414 3595 1680 3648 Concilio-

124 3695 251 3748 rum,
277 3685 783 3753 consignavernnt:
835 3692 890 3736 at
936 3683 1128 3737 merito
1177 3684 1266 3737 alii
1317 3683 1678 3753 refragantur,

124 3768 308 3841 Lupum
343 3772 724 3842 Protospatam
752 3782 806 3827 et
833 3787 1156 3842 anonymum
1183 3773 1472 3828 Barensem
1501 3790 1680 3842 aequa-

125 3861 192 3918 les
231 3874 284 3919 et
324 3865 654 3921 domesticos
700 3875 948 3920 auctores
989 3866 1184 3931 secuti,
1213 3867 1303 3934 qui
1351 3882 1471 3921 eam
1528 3868 1681 3920 initio

127 3949 352 4007 Octobris
378 3954 514 4007 anni
562 3952 722 4016 1099,
753 3967 910 4020 quem
954 3952 1160 4006 scilicet
1192 3968 1290 4006 suo
1324 3967 1476 4007 more
1507 3969 1534 4006 a
1585 3955 1683 4009 Se-

128 4047 334 4113 ptembri
359 4045 712 4115 praecedenti,
730 4059 873 4098 anno
892 4043 1027 4098 1098
1058 4045 1330 4108 inclinant,
1352 4045 1680 4100 celebratam

128 4133 272 4190 luisse
298 4145 571 4190 testantur
595 4151 609 4187 :
638 4133 803 4188 alium
828 4134 1088 4189 habemus
1113 4135 1355 4204 ejusdem
1381 4136 1457 4188 rei
1488 4144 1678 4190 testem

129 4225 254 4278 ontui
281 4225 600 4295 exceptione
650 4223 942 4292 majorem,
973 4225 1295 4278 Eadinerum
1317 4265 1332 4290 ,
1384 4227 1473 4294 qui
1507 4226 1681 4281 eidem

129 4316 334 4370 concilio
369 4315 638 4370 interfuit.
673 4315 721 4369 Is
757 4331 974 4385 nempe,
999 4323 1058 4368 ut
1088 4313 1196 4382 jam
1231 4316 1488 4382 diximus,
1520 4318 1684 4370 refert

132 4403 250 4461 lbro
299 4423 336 4462 ιι
388 4407 686 4469 Novorum,
725 4403 1037 4461 Anselmum
1069 4422 1254 4461 mense
1299 4407 1520 4463 Octobri
1554 4411 1680 4463 anni

1778 578 2147 648 subsequenti,
2177 591 2234 634 ut
2257 590 2509 637 auctores
2529 583 2763 651 aequales
2791 582 3049 649 referunt,
3081 584 3351 639 celebrata

1777 680 1888 735 cst;
1938 687 2099 741 quam
2155 673 2416 728 l'larouius
2458 682 2513 728 et
2567 674 2811 730 Labbeus
2867 690 2933 730 ex
2986 677 3125 731 male
3179 677 3352 731 locata

1777 764 1984 832 synodo
2013 762 2233 818 Barensi
2277 779 2385 818 uno
2432 779 2574 819 anno
2605 775 2815 834 tempus
2861 775 3248 835 praevertentes
3288 769 3353 821 ad

1778 869 1978 908 annum
2028 854 2164 909 1098
2213 871 2334 909 cum
2382 855 2500 925 ejus
2543 857 2841 911 canonibus
2887 857 3103 912 incaute
3151 856 3354 912 retule-

1777 955 1924 999 runt.

2058 1036 2378 1092 CCCXXIV.
2422 1037 2668 1092 Barensis
2703 1040 2885 1108 synodi
2922 1049 3059 1092 acta.

1848 1128 2016 1183 Porro
2046 1128 2170 1183 licet
2192 1131 2516 1200 praecipuam
2549 1145 2731 1184 eorum
2757 1145 2873 1198 quae
2903 1131 2955 1182 in
2983 1129 3199 1184 Barcnsi
3229 1145 3354 1200 syn-

1777 1220 1880 1273 odo
1924 1227 2072 1288 gesta
2108 1229 2233 1274 sunt
2268 1219 2511 1273 notitiam
2539 1221 2846 1290 Anglicauis
2870 1219 3138 1274 historicis
3162 1221 3356 1274 debea-

1778 1323 1919 1372 mus,
1948 1309 2038 1376 qui
2067 1309 2133 1363 de
2153 1323 2214 1363 ea
2243 1309 2526 1363 occasione
2553 1311 2721 1364 sancti
2746 1310 2981 1364 Anselmi
2999 1310 3352 1378 scripserunt,

1778 1396 1918 1450 haud
1945 1406 2144 1463 tamen,
2165 1409 2224 1451 ut
2244 1397 2354 1465 jam
2387 1400 2727 1452 observatum
2751 1409 2851 1462 est,
2877 1399 2995 1454 aliis
3024 1400 3352 1464 auctoribus,

1776 1491 1830 1535 et
1851 1482 2066 1550 quidem
2098 1485 2370 1552 gravibus,
2422 1485 2538 1538 loco
2582 1497 2634 1538 et
2664 1495 2824 1538 aetate
2854 1485 3142 1553 proximis,
3173 1486 3353 1551 ignota

1779 1571 1898 1624 fuit.
1931 1571 2090 1626 Certe
2121 1573 2317 1627 multos
2338 1574 2466 1628 cieri
2504 1584 2558 1628 et
2587 1574 2843 1628 nobilium
2873 1589 3124 1644 proceres
3147 1578 3212 1632 ad
3233 1590 3354 1630 eam

1778 1664 2099 1718 convenisse
2149 1665 2340 1719 scribit
2372 1681 2674 1736 anonyinus
2726 1667 2976 1721 Barensis
3015 1667 3098 1722 his
3131 1669 3308 1726 verbis
3337 1687 3350 1721 :

1779 1755 1929 1808 Anno
1956 1755 2114 1821 1099,
2161 1772 2318 1824 quem
2363 1757 2502 1811 sicut
2524 1767 2578 1811 et
2609 1757 2954 1812 indictionem
2979 1775 3007 1812 a
3047 1759 3356 1829 Septembri

1712 1829 1752 1886 Β
1780 1846 2134 1913 pra-cedentis
2163 1848 2309 1908 anni,
2343 1857 2401 1900 ut
2433 1865 2552 1901 mox
2578 1850 2912 1914 dicebamus,
2943 1850 3180 1915 inchoat,
3211 1849 3354 1902 indi-

1775 1939 1941 1990 ctione
1963 1953 2057 2002 vu,
2087 1940 2237 1992 tertia
2259 1940 2342 1992 die
2362 1941 2586 1994 intrante
2610 1957 2781 1993 mense
2805 1940 3036 2005 Octobri,
3062 1942 3193 1995 venit
3216 1957 3354 2010 papa

1776 2027 2017 2082 Urbanus
2045 2047 2160 2082 cum
2183 2030 2419 2100 pluribus
2442 2033 2842 2100 archiepiscopis
2857 2044 2902 2085 et
2925 2034 3178 2101 episcopis
3191 2043 3237 2086 et
3263 2033 3357 2086 ab-

1774 2122 2000 2186 batibus,
2014 2132 2059 2175 et
2074 2124 2371 2186 comitibus,
2386 2135 2430 2176 et
2452 2124 2774 2176 intraverunt
2789 2125 2844 2176 in
2867 2124 3044 2187 Burri,
3061 2135 3107 2177 et
3128 2126 3356 2194 suscepti

1774 2223 1895 2267 sunt
1931 2230 2047 2266 cum
2080 2230 2269 2284 magna
2316 2217 2618 2279 reverentia,
2679 2224 2724 2268 ct
2779 2215 3091 2284 pra'paravit
3141 2216 3354 2269 domino

1778 2301 1955 2367 Helia,
1980 2313 2189 2357 sextum
2219 2319 2312 2370 pro
2341 2313 2486 2357 recto
2509 2320 2636 2358 casu
2657 2303 2898 2368 adhibet,
2918 2315 2974 2358 ut
2999 2320 3064 2358 ex
3094 2304 3346 2359 Malmcs-

1775 2394 2015 2449 buriensi
2044 2393 2184 2446 infra
2211 2394 2437 2462 patebit,
2467 2397 3356 2465 nostroarchiepiscopo,mirificam

1777 2486 1946 2539 sedem
1976 2486 2117 2538 intus
2142 2485 2197 2536 in
2233 2484 2454 2539 ecclesia
2487 2485 2772 2538 beatissimi
2803 2483 3015 2539 Nicolai
3041 2485 3358 2554 confessoris

1779 2576 1991 2639 Christi,
2037 2587 2084 2629 et
2120 2575 2238 2645 fecit
2265 2577 2336 2628 ibi
2375 2577 2631 2646 synodum
2653 2593 2744 2645 per
2768 2593 2928 2630 unum
2955 2578 3358 2631 hebdomadam.

1779 2664 1906 2720 Post
1929 2667 2194 2735 completis
2212 2666 2390 2720 diebus
2413 2677 2526 2719 octo
2547 2667 2771 2730 perrexit
2795 2667 2847 2719 in
2873 2684 3019 2735 pace,
3044 2679 3089 2720 et
3113 2669 3166 2721 in
3190 2685 3362 2722 mense

1779 2757 1912 2811 Julii
1937 2758 2059 2810 obiit
2097 2759 2204 2826 ipse
2227 2755 2492 2811 Urbanus.
2523 2758 2660 2814 lluic
2692 2759 2897 2828 synodo
2941 2775 3104 2828 quam
3152 2763 3360 2816 univer—

1781 2867 1891 2904 sam
1919 2849 2164 2905 Urbanus
2192 2851 2304 2919 ipse
2351 2850 2402 2902 in
2449 2852 2714 2920 rescripto
2761 2852 2826 2904 de
2875 2850 3146 2921 Cinglensi
3202 2853 3358 2920 cella,

1779 2939 2071 3008 plenariam
2114 2940 2368 3009 appellat,
2416 2949 2634 2994 centum
2667 2949 2722 2994 et
2771 2944 3041 3011 octoginta
3082 2943 3364 3012 episcopos

1783 3032 2097 3088 interfuisse
2122 3034 2316 3087 asserit
2345 3033 2524 3102 Lupus
2549 3033 2890 3102 Protospata,
2916 3034 3007 3087 sed
3032 3035 3250 3103 quinam
3287 3033 3362 3087 illi

1786 3123 1988 3180 fuerint
2013 3141 2170 3181 nemo
2217 3126 2412 3180 litteris
2443 3127 2695 3194 prodidit.
2727 3127 2794 3179 At
2831 3142 2937 3194 quo
2996 3127 3134 3192 loco,
3187 3143 3362 3196 quove

1784 3217 1970 3272 habitu
2005 3218 2055 3272 in
2079 3219 2311 3273 concilio
2342 3219 2544 3272 sederit
2577 3219 2816 3288 pontifex
2848 3236 2912 3273 ex
2950 3219 3200 3274 Wilcluio
3231 3219 3361 3273 Mal-

1780 3310 2132 3364 mesburiensi
2160 3311 2439 3365 discimus.
2467 3310 2626 3380 Ergo,
2667 3311 2858 3380 inquit,
2911 3322 3114 3366 ventum
3169 3323 3241 3365 est
3290 3313 3360 3364 ad

1780 3403 2080 3456 concilium.
2142 3402 2469 3472 Apostolicus
2526 3413 2647 3456 ante
2696 3420 2882 3471 corpus
2922 3403 3092 3457 sancti
3124 3404 3358 3467 Nicolai,

1781 3502 2076 3546 constratas
2107 3494 2364 3559 tapetibus
2389 3503 2434 3545 et
2461 3493 2654 3561 palliis,
2689 3494 2796 3560 ipse
2826 3493 3008 3546 casula
3048 3511 3162 3550 cum
3197 3494 3359 3561 pallio

1781 3583 2002 3636 amictus
2023 3582 2252 3634 tribunal
2271 3585 2535 3643 ascendit;
2560 3583 2732 3635 cwteri
2754 3599 2871 3635 cum
2893 3585 3070 3651 cappis
3092 3585 3358 3638 sedebant.

1782 3674 1948 3728 Paulo
1986 3674 2211 3728 inferius
2261 3677 2517 3728 observat
2574 3675 3004 3728 arcltidiaconnm
3063 3673 3394 3742 Romanum.

1783 3777 1901 3820 ante
1927 3784 2117 3837 papam
2141 3769 2352 3830 sedisse,
2381 3778 2435 3820 ut
2465 3771 2624 3822 moris
2652 3779 2750 3823 est.
2768 3767 2822 3821 ln
2847 3768 3078 3824 concilio
3104 3769 3359 3825 llemensi

1783 3875 1925 3913 anno
1943 3861 2079 3914 1091
2106 3860 2214 3914 Leo
2243 3876 2376 3930 papa
2399 3861 2808 3915 sacerdotalibus
2830 3863 2983 3931 quasi
3003 3864 3071 3914 ad
3099 3862 3364 3916 celebran-

1783 3952 1906 4004 dam
1933 3953 2146 4005 missam
2177 3952 2360 4020 infulis
2395 3953 2662 4007 redimitus
2691 3955 2939 4023 processit
2964 3953 3030 4006 ad
3071 3953 3362 4008 concilium

1783 4061 1900 4098 cum
1925 4061 2078 4098 cruce
2107 4055 2153 4096 et
2184 4043 2452 4104 Evanqelii
2468 4045 2600 4098 libro
2632 4045 3052 4098 antecedentibus
3077 4061 3196 4098 cum
3221 4045 3364 4097 sacri

1785 4135 1986 4188 ordinis
2017 4135 2295 4197 ministris,
2327 4144 2430 4188 etc.
2458 4135 2512 4188 In
2545 4135 2818 4203 istajuxta
2850 4134 3127 4189 Urbanum
3172 4135 3366 4188 Anscl-

1787 4239 1906 4277 inus
1934 4224 2242 4278 Cantuariae
2268 4224 2710 4294 archiepiscopus
2757 4225 2981 4277 honoris
3007 4239 3195 4288 causa,
3247 4224 3364 4276 sive

1785 4312 1947 4366 etiam
1972 4321 2029 4364 ut
2063 4312 2276 4367 facilius
2309 4314 2568 4367 adversus
2594 4313 2811 4368 Graecos
2842 4313 3125 4381 disputans
3153 4312 3366 4366 auscul—

1790 4413 2012 4467 taretur,
2065 4406 2252 4458 sedere
2293 4405 2476 4472 jussus
2519 4413 2646 4458 est:
2679 4420 2800 4457 cum
2844 4413 3024 4470 antea,
3068 4415 3128 4459 ut
3178 4404 3369 4458 scribit

135 4493 250 4547 1097
280 4495 552 4552 licentiam
578 4512 608 4548 a
630 4494 902 4549 Willelino
926 4511 1052 4565 rege
1071 4496 1369 4566 Anglorum
1389 4499 1682 4552 extorsisse
1719 4532 1766 4590 υ
1793 4496 2171 4561 idem'auctor,
2203 4497 2483 4565 ingruente
2509 4496 2759 4560 tumultu,
2788 4495 2985 4550 oblitus
3015 4496 3203 4550 fuisset
3229 4511 3366 4564 pon-

133 4582 335 4640 llomam
357 4586 612 4650 adeundi,
641 4596 696 4639 et
726 4596 846 4656 post
869 4587 982 4642 haec
1008 4603 1185 4641 rerum
1210 4604 1238 4640 a
1267 4589 1422 4642 beato
1445 4589 1689 4644 antistite

134 4684 379 4742 gestarum
397 4677 598 4733 seriem
616 4677 982 4746 particulatim
997 4679 1348 4748 prosequitur
1369 4679 1434 4733 ad
1450 4679 1689 4735 Barense

135 4765 416 4833 concilium,
441 4768 585 4837 quod
616 4782 758 4822 anno
786 4768 1153 4838 subsequenti,
1172 4770 1502 4840 proindequc
1529 4771 1686 4835 1098,

136 4867 466 4912 convocatum
493 4859 662 4914 fuisse
700 4871 907 4913 narrat.
938 4863 1136 4915 Deinde
1166 4861 1437 4927 Urbanus,
1463 4873 1518 4916 ut
1547 4863 1688 4918 idem

138 4955 306 5003 auctor
332 4951 514 5016 habet,
543 4961 664 5020 post
694 4951 839 5005 illam
888 4953 1152 5022 synodum
1184 4969 1433 5009 reversus
1461 4955 1688 5009 Romam

139 5034 382 5098 Willelmo
403 5045 512 5114 regi
539 5043 784 5098 inducias
813 5046 1149 5100 concessisse
1171 5047 1370 5100 dicitur
1397 5047 1464 5100 ad
1492 5049 1688 5102 festum

143 5132 294 5184 sancti
343 5133 616 5190 Michaelis
661 5135 788 5187 anni
825 5135 1234 5204 subsequentis,
1284 5150 1442 5205 quem
1472 5137 1688 5205 quidem

145 5223 412 5279 terminum
442 5242 541 5280 nec
569 5242 686 5290 rex,
716 5242 819 5280 nec
863 5226 977 5296 ipse
1005 5226 1246 5296 pontifex
1278 5227 1594 5297 attigerunt.
1622 5230 1693 5281 At

144 5312 182 5364 si
211 5314 302 5367 illac
325 5317 546 5371 induciae
568 5318 748 5372 statim
783 5327 904 5387 post
943 5318 1178 5374 Barense
1230 5319 1518 5374 concilium
1549 5336 1692 5374 anno

147 5399 263 5456 1091
316 5407 528 5461 indulta:
577 5408 834 5471 fuissent,
895 5409 962 5462 ad
1009 5426 1197 5464 earum
1254 5410 1414 5465 ﬁnem
1463 5422 1692 5479 uterque

149 5495 536 5564 pertigissentet
557 5498 859 5554 Willehnus
881 5509 936 5553 et
965 5499 1234 5555 Urbanus.
1252 5501 1471 5555 Certum
1496 5503 1693 5571 quippe

150 5589 219 5633 cst
246 5593 519 5656 utrumque
567 5590 633 5643 ad
679 5605 880 5642 annum
921 5590 1058 5645 1099
1089 5591 1420 5660 pervenisse.
1473 5591 1549 5644 Ex
1585 5593 1688 5657 his,

151 5684 253 5735 qua:
278 5676 488 5742 quidem
523 5679 743 5736 omnino
771 5688 918 5733 certa
961 5692 1110 5746 sunt,
1140 5681 1394 5750 colligere
1432 5683 1594 5736 etiam
1625 5683 1689 5735 Ii—

155 5772 250 5828 εεῑ»
290 5770 540 5836 synodum
597 5770 924 5839 Romanam,
982 5788 1100 5842 quae
1148 5791 1176 5829 a
1231 5774 1500 5832 nonnullis
1550 5792 1689 5831 anno

1795 4588 1923 4642 tifex
1979 4588 2151 4642 locum
2174 4589 2220 4642 ei
2246 4587 2535 4657 specialem
2561 4597 2617 4643 et
2661 4587 3016 4642 honoriﬁcum
3061 4587 3365 4656 designare.

1792 4677 1936 4731 Idem
1969 4679 2130 4732 habet
2160 4678 2458 4732 Eadmerus
2488 4679 2555 4732 de
2600 4679 2796 4733 Casula
2823 4690 2877 4732 ct
2900 4679 3211 4747 pontilicum
3240 4693 3368 4744 cap-

1793 4769 1905 4839 pis;
1934 4771 2028 4825 sed
2059 4771 2131 4824 ait
2158 4770 2469 4823 Anselmum
2500 4772 2730 4841 primum
2765 4771 2953 4825 ordine
2981 4785 3077 4825 suo
3101 4771 3240 4824 inter
3265 4785 3370 4824 cac-

1795 4872 1938 4918 teros
1966 4865 2238 4918 antistites
2284 4863 2518 4928 sedisse,
2545 4865 2673 4918 dum
2715 4865 3075 4918 incalescente
3126 4863 3367 4932 disputa-

1797 4957 1941 5010 tione
1982 4956 2182 5010 dictum
2217 4957 2265 5009 ei
2301 4965 2447 5010 esset
2484 4967 2542 5009 ut
2592 4955 2813 5025 propius
2849 4954 3152 5009 accederet.
3208 4954 3367 5017 Dum,

1794 5047 1966 5115 inquit
2015 5047 2102 5101 ille
2129 5054 2342 5111 auctor,
2382 5047 2434 5099 in
2473 5049 2584 5114 ipso
2638 5046 2856 5099 concilio
2895 5044 3120 5113 plurima
3157 5046 3222 5097 de
3266 5046 3370 5112 fide

1793 5136 2048 5190 catholica
2097 5153 2330 5190 summus
2355 5139 2588 5207 pontifex
2614 5137 2846 5204 facunda
2882 5137 3106 5203 ratione,
3134 5137 3367 5190 rationa-

1794 5226 1982 5296 bilique
2017 5226 2266 5294 facundia
2313 5227 2666 5290 disseruisset,
2726 5235 2871 5279 mota
2921 5228 3150 5295 quaestio
3200 5234 3284 5279 est
3339 5241 3368 5278 a

1793 5318 1996 5374 Graecis
2012 5318 2078 5372 de
2105 5319 2450 5388 proccssione
2474 5318 3095 5388 Spiritus‘sancti,quam
3126 5318 3368 5389 pontifex

1795 5408 1976 5463 multis
2005 5409 2356 5478 argumentis,
2387 5418 2443 5462 et
2463 5409 2679 5478 quidem
2710 5418 2769 5463 ut
2815 5410 3108 5478 plurimum
3155 5425 3219 5464 ex
3251 5409 3366 5461 An-

1793 5497 1948 5551 selmi
1975 5497 2221 5567 epistola,
2253 5512 2418 5565 quam
2449 5497 2526 5550 illi
2551 5498 2676 5551 olim
2710 5499 2774 5552 de
2798 5498 3174 5552 lncarnatione
3215 5496 3388 5551 Verbis-

1793 5587 2163 5656 inscripserat,
2196 5587 2377 5656 petitis
2398 5589 2698 5658 approbare
2721 5589 2870 5644 nisus
2893 5599 2994 5643 est.
3035 5590 3178 5643 Idem
3205 5589 3385 5642 referti

1792 5680 2028 5735 Joannes
2053 5679 2473 5738 Sarisberiensis
2526 5682 2579 5736 in
2637 5681 2877 5752 ejusdem
2920 5681 3162 5736 Anselmi
3221 5680 3362 5734 Vita.

1800 5771 2018 5839 Verum,
2054 5771 2227 5841 inquit
2250 5772 2565 5841 Eadmcrus,
2590 5791 2712 5830 cum
2747 5789 2830 5830 res
2859 5773 3069 5842 longius
3105 5771 3368 5840 proccde~
