3892 6320
455 351 561 408 245

1732 341 1794 398 B.
1824 342 2087 400 cunaru-
2107 342 2154 397 ιι⁵
2182 321 2396 396 raris-

3624 339 3722 396 ΞΗ

460 465 633 527 deret,
658 461 936 531 adbucque
967 458 1250 514 Ansehnus
1285 459 1339 512 in
1362 457 1543 511 ordine
1566 464 1872 520 cwterorum
1905 460 2035 511 inter
2068 461 2114 520 Α
2145 472 2207 511 ea
2236 469 2429 524 nempe
2457 469 2560 508 non
2591 462 2961 524 comparenle,
2989 468 3167 524 causa:
3184 455 3457 526 judicium
3489 455 3557 510 ad
3584 456 3718 510 aliud

457 557 654 624 primo:
677 553 881 632 concilii
906 551 1088 605 Patre:
1118 566 1216 621 pro
1245 566 1354 606 sum
1378 550 1525 605 sedis
1552 549 1816 618 dignitate
1845 565 2037 605 consc-

459 650 634 711 deret,
655 648 906 702 clamavit
936 645 1173 715 pontifex
1201 663 1212 697 :
1236 643 1400 698 Pater
1423 653 1469 697 et
1503 644 1750 712 magister
1775 642 2036 706 Anselme,

458 740 746 809 Anglorum
773 739 1182 806 archiepiscope,
1215 737 1302 789 ubi
1329 737 1418 789 es?
1442 735 1541 800 Qui
1569 735 1752 788 statim
1784 734 2042 788 adniten-.

461 829 621 892 tibus,
650 827 738 896 qui
780 827 828 879 ei
859 827 1092 895 proximi
1123 834 1301 889 erant.
1334 825 1602 893 episc0pis
1644 824 1710 876 ad
1754 821 2034 891 apostolici
2055 837 2090 865 ν

459 933 791 978 consessum,
817 925 875 968 ut
903 917 1062 968 habet
1089 913 1651 974 \VillelutusJevmus,
1675 913 1825 982 juxta
1855 913 2038 966 archi-

461 1011 746 1064 diaconum
773 1010 961 1062 sedere
984 1007 1167 1075 jussus
1189 1017 1291 1061 est.
1320 1006 1472 1059 llnnc
1492 1005 1753 1074 pontifex,
1773 1005 2042 1059 referente

460 1099 726 1153 Eadurero
769 1100 856 1165 qui
889 1112 1126 1166 praesens
1170 1105 1308 1159 erat,
1355 1096 1432 1149 sic
1485 1105 1612 1148 tunc
1657 1104 1742 1148 est
1797 1092 2037 1148 allatus:

468 1211 490 1248 ς,
514 1191 673 1256 Quid,
709 1206 914 1260 quaeso,
948 1189 1107 1252 facis;
1134 1205 1233 1243 cur
1264 1190 1314 1241 in
1351 1188 1576 1241 aliorum
1611 1187 1826 1247 silentio
1855 1187 2042 1256 degis?

466 1279 622 1343 \Teni,
656 1281 800 1341 veni,
830 1282 1082 1343 obsecro;
1136 1279 1364 1332 ascende
1394 1293 1560 1345 usque
1596 1276 1662 1330 ad
1710 1291 1806 1330 nos
1852 1285 1905 1330 et
1945 1276 2042 1330 ad-

459 1378 585 1444 juva
613 1387 729 1433 nos,
753 1386 996 1440 pugnans
1027 1386 1124 1439 pro
1147 1379 1321 1423 matre
1346 1378 1432 1421 tua
1465 1376 1519 1426 et
1539 1377 1746 1431 nostra,
1775 1367 1858 1420 cui
1885 1383 2040 1421 suam

467 1463 832 1530 integritatem
862 1462 1013 1516 vides
1043 1461 1272 1532 Grmcos.
1293 1462 1428 1515 istos
1466 1461 1650 1514 conari
1680 1461 1940 1524 adimere,
1989 1470 2043 1514 et

469 1555 640 1609 nosin
667 1555 895 1622 idipsum
920 1553 1095 1618 nefas,
1128 1555 1170 1606 si
1203 1553 1431 1607 facultas
1459 1555 1539 1607 eis
1594 1553 1873 1618 tribuitur,
1905 1568 2042 1622 pra:-

468 1646 710 1712 cipitare.
747 1644 1017 1704 Succurre
1047 1645 1212 1713 igitur
1233 1644 1387 1712 quasi
1420 1659 1546 1697 vero
1595 1658 1694 1710 pro
1729 1643 1828 1696 hoc
1875 1657 1904 1694 a
1935 1644 2046 1696 Deo

468 1735 665 1787 missus
703 1735 824 1788 huc.
867 1754 883 1785 ι
932 1735 1082 1800 Quod
1115 1735 1360 1803 sequenti
1388 1735 1475 1806 die
1529 1733 1745 1802 egregie
1790 1732 2046 1801 praestitit

2143 556 2357 615 tempus
2409 543 2634 598 dilatum
2680 553 2782 608 est,
2835 553 2895 598 ut
2951 545 3066 614 ipse
3112 545 3359 615 pontifex
3405 554 3638 600 testatur
3673 547 3721 600 in

2145 637 2407 706 inscripto
2435 635 2502 689 ad
2539 634 2891 703 Casinenses,
2940 637 3084 706 quod
3120 636 3354 693 inferius
3393 637 3720 705 memorabi-

2143 745 2192 784 lll
2200 747 2230 783 U
2239 746 2285 788 ευ
3549 771 3552 774 -

2249 815 2547 876 CCCXXV.
2590 819 2947 892 Privilegium.
2971 821 3220 877 Ecclesia:
3249 822 3624 892 Agrigeminar.

2214 916 2308 969 Die
2338 931 2390 968 vr
2419 916 2542 970 ldus
2571 916 2825 970 Octobris
2852 915 2994 968 Barii
3030 917 3206 970 adhuc
3238 917 3566 970 versabatur
3601 929 3730 983 pon-

2145 1005 2295 1069 tifex,
2339 1021 2460 1059 cmn
2513 1005 2766 1060 dicecesis
2805 1007 3174 1076 Agrigentiuzc
3228 1007 3450 1069 limites,
3501 1015 3663 1075 prout
3695 1018 3724 1056 a

2146 1097 2376 1166 Rogerio
2398 1099 2594 1168 comite
2635 1099 2918 1153 constituti
2958 1099 3195 1162 fuerant,
3226 1098 3579 1152 confirmavit
3611 1097 3726 1150 dato

2145 1187 2458 1256 diplomate,
2491 1188 2544 1241 in
2579 1203 2686 1258 quo
2726 1189 2948 1242 Roberti
2981 1189 3132 1242 ducis
3163 1199 3222 1242 et
3249 1189 3470 1241 comitis
3506 1186 3720 1256 Bogerii

2144 1277 2263 1344 ejus
2317 1277 2504 1332 fratris
2566 1280 2768 1348 optima
2830 1279 2881 1332 in
2943 1279 3241 1333 Ecclesium
3300 1277 3494 1331 merita
3551 1275 3728 1329 multis

2144 1367 2426 1434 laudibus,
2455 1369 2753 1438 etquidem
2792 1367 2936 1436 jure,
2985 1368 3354 1436 prosequitur.
3409 1366 3568 1420 llanc
3611 1364 3728 1418 bul~

2146 1459 2252 1512 lam
2295 1459 2464 1514 habes
2494 1459 2634 1528 apud
2670 1459 2948 1514 Bocchum
3001 1457 3293 1530 Pyrrhum,
3345 1457 3439 1511 sed
3488 1454 3730 1510 nonnihil

2144 1553 2536 1610 cmendendam
2586 1554 2640 1607 in
2694 1553 2842 1609 notis
2883 1552 3305 1621 chronologicis.
3337 1549 3455 1604 Non
3488 1549 3634 1604 enim
3659 1549 3735 1601 in-

2147 1643 2313 1703 dictio
2345 1658 2463 1709 vm,
2493 1658 2613 1713 quae
2658 1643 2731 1698 ibi
2785 1652 3029 1709 notatur,
3085 1643 3212 1696 huic
3262 1655 3408 1695 anno
3439 1638 3730 1701 convenit;

2149 1735 2241 1789 sed
2273 1735 2341 1788 ad
2371 1751 2642 1794 summum
2685 1735 2915 1804 septima
2941 1752 2970 1789 a
2997 1750 3182 1788 mense
3216 1731 3531 1802 Septembri
3559 1739 3652 1784 aut
3671 1730 3733 1782 ab

469 1823 774 1890 Ansehuus,
804 1835 1045 1893 regente,
1073 1833 1130 1877 ut
1152 1824 1340 1878 scribit
1365 1824 1504 1878 idem
1535 1832 1744 1886 auctor,
1765 1837 1860 1876 cor
1878 1822 2049 1882 etlins
2081 1807 2122 1858 Β
2152 1827 2406 1882 Octobris
2433 1826 2610 1880 initio.
2644 1829 2708 1880 At
2743 1828 2832 1882 hic
2860 1843 3014 1881 error
3037 1842 3103 1881 ex
3126 1823 3562 1879 Amanuensium
3585 1819 3734 1888 culpa

465 1928 623 1982 gnam
655 1914 770 1981 ejus
803 1913 1004 1982 Spiritu
1048 1922 1272 1977 saneto;
1324 1923 1488 1983 atque
1542 1929 1660 1968 eam
1693 1914 2048 1982 qumstionem

466 2005 535 2062 ita
559 2005 827 2068 tractavit,
847 2006 1173 2069 disseruitet
1196 2006 1445 2068 absolvit,
1478 2016 1535 2058 ut
1564 2006 1754 2072 inipso
1780 2014 2048 2077 conventu

467 2108 622 2148 nemo
653 2097 911 2162 existeret
955 2098 1045 2165 qui
1082 2114 1185 2151 non
1223 2098 1325 2151 sibi
1361 2099 1486 2152 inde
1529 2097 1878 2152 satisfactum.
1918 2111 2050 2152 cou-

467 2186 713 2238 seutiret.
747 2185 879 2242 Cum
912 2202 1042 2239 vero
1070 2187 1284 2242 dicendi
1345 2186 1506 2240 linem
1558 2187 1777 2240 fecisset
1823 2197 2049 2240 sanctus

466 2277 714 2341 antistes,
743 2278 794 2343 in
820 2294 943 2331 eum
972 2278 1210 2347 pontifex
1240 2279 1529 2334 intendens
1550 2280 1643 2332 ait.
1671 2298 1688 2329 ε
1725 2278 2050 2334 Benedictus

467 2368 539 2422 sit
559 2384 653 2422 cor
681 2376 732 2435 et
755 2354 948 2428 sensus
986 2378 1132 2433 tuus,
1163 2378 1214 2422 et
1240 2384 1301 2423 os
1325 2379 1378 2422 et
1402 2384 1584 2423 sermo
1606 2369 1717 2423 oris
1756 2369 1834 2424 tui
1853 2370 1920 2423 sit
1951 2368 2049 2423 be-

471 2457 738 2516 nedictus.
779 2476 797 2508 ι
829 2457 1100 2512 Caeterum
1155 2458 1266 2512 haec
1322 2457 1438 2526 ipsa
1467 2468 1783 2528 argumenta
1823 2473 1940 2525 qua:
1975 2459 2049 2513 ibi

469 2564 650 2604 coram
676 2548 929 2614 Patribus
954 2559 1272 2618 prosecutus
1308 2550 1482 2608 fuerat
1513 2553 1595 2603 vir
1622 2561 1871 2612 sanctus,
1899 2560 2050 2620 post-

467 2658 528 2696 ea
577 2642 889 2712 rogantibus
935 2642 1126 2713 amicis
1160 2681 1175 2706 ,
1225 2651 1281 2698 et
1354 2643 1693 2711 potissimum
1739 2643 2055 2712 llildcberto

472 2743 582 2785 tttm
637 2735 1108 2798 Cenomannorutn
1157 2735 1428 2803 episcopo,
1477 2744 1536 2787 ut
1581 2744 1728 2804 patet
1777 2751 1842 2790 ex
1904 2735 2049 2789 illius

467 2825 626 2892 epist.
653 2825 822 2894 Ὦχοι
850 2823 1171 2879 Guiltelmus
1211 2824 1474 2879 Gemelici
1535 2827 1832 2881 monachus
1883 2826 2048 2882 refert

469 2913 707 2978 libroivt,
735 2932 855 2983 cap.
883 2915 1282 2977 9,enueleatius
1309 2918 1558 2970 tractavit
1589 2917 1642 2970 in
1669 2917 1807 2972 libro
1834 2917 1908 2971 De
1932 2934 2054 2987 pro-

467 3007 699 3058 cessione
725 3004 948 3074 Spiriltts
977 3008 1169 3071 sancti,
1214 3008 1358 3076 quod
1387 3009 1454 3060 ab
1485 3023 1549 3062 eo
1597 3010 1893 3076 prmstitum
1941 3018 2048 3074 est,

377 3159 382 3164 _
470 3105 529 3149 ut
555 3097 800 3164 doctrina
834 3098 1099 3152 catholica
1140 3114 1237 3168 per
1269 3109 1438 3166 totum
1468 3100 1652 3156 orbem
1677 3102 2046 3156 Christianum
2079 3140 2122 3199 C

427 3196 432 3200 '
469 3188 810 3254 pervaderet.
844 3189 912 3257 Et
950 3189 1164 3258 quidem
1217 3206 1340 3247 cum
1381 3200 1563 3260 postea
1622 3208 1652 3245 a
1703 3193 2051 3247 Waleramno

469 3278 721 3349 episeopo
750 3277 1121 3349 Neoburgensi
1165 3281 1232 3334 de
1281 3281 1387 3336 illis
1442 3281 1832 3350 qtueslionibus
1863 3283 2051 3337 fuisset

470 3367 1006 3439 interrogatus,btutc
1019 3371 1085 3424 ad
1118 3371 1236 3425 illos
1265 3380 1527 3432 tractatus
1551 3373 1762 3427 remisit
1788 3373 2047 3436 poutifex.

467 3460 890 3528 Quaoceasioue
918 3477 1005 3516 res
1038 3462 1396 3520 admiratione
1424 3465 1582 3534 digna
1633 3466 1876 3535 contigit,
1908 3466 2052 3536 quod

469 3552 676 3619 scilicet
697 3554 842 3620 hunc
869 3554 1177 3624 episcomtm
1205 3556 1675 3624 nequidemmore
1705 3558 1869 3613 solito
1901 3559 2049 3611 salu-

472 3645 574 3698 tari
606 3644 836 3707 voluerit
879 3644 1200 3711 Auselmus,
1235 3647 1304 3701 ob
1357 3648 1406 3700 id
1455 3649 1626 3702 solum
1677 3650 1820 3718 quod
1874 3651 2054 3704 adhuc

471 3751 594 3792 cum
652 3737 899 3804 crederet
946 3739 1272 3793 lleuriciano
1329 3741 1606 3800 schismati
1659 3743 1949 3806 addictum,
1997 3751 2056 3796 ut

474 3829 705 3902 ipsemet
740 3840 987 3884 testatur.
1038 3833 1249 3886 Videsis
1273 3833 1387 3901 ejus
1414 3834 1672 3900 epistolas
1717 3850 1806 3889 seu
1834 3851 2053 3904 respon-

474 3922 654 3978 sjones
677 3922 743 3976 ad
771 3922 924 3975 istius
951 3923 1284 3977 Waleramui
1313 3926 1639 3992 quaestiones
1669 3934 1722 3978 et
1764 3927 2049 3994 querelas;

475 4028 574 4068 nos
619 4029 746 4068 vero
771 4013 965 4082 qumin
998 4015 1202 4085 synodo
1225 4024 1378 4085 gesta
1425 4025 1550 4072 sunt
1594 4017 1807 4070 interim
1867 4033 2050 4086 prose.-

473 4120 574 4174 qua
585 4120 721 4160 mur.

554 4193 785 4254 Ventum
829 4204 911 4250 est
951 4197 1132 4266 itaque
1162 4197 1228 4251 ad
1255 4212 1470 4250 causam
1495 4197 1731 4251 Anselmi
1762 4214 1882 4252 cum
1912 4199 2054 4252 Wil-

474 4284 637 4339 lcln'to
679 4284 971 4354 Anglorum
1019 4302 1168 4357 rege,
1211 4301 1371 4354 quam
1418 4287 1548 4340 cum
1581 4287 1823 4356 pontifex
1873 4305 2054 4343 coram

474 4391 634 4444 sacro
669 4384 938 4430 conventu
971 4393 1034 4430 ac
1066 4377 1240 4429 illatas
1274 4377 1433 4431 beato
1467 4378 1583 4430 viro
1619 4379 1847 4447 injurias
1878 4379 2060 4448 palam

474 4466 846 4536 exposuisset,
885 4466 1177 4520 clamatum
1217 4475 1299 4519 est
1328 4467 1396 4519 ab
1433 4467 1684 4520 omnibus
1724 4468 2053 4522 Willelmum

476 4541 832 4626 regcmbea'ti
870 4557 1019 4610 Petri
1056 4557 1234 4625 gladio
1266 4557 1564 4612 feriendum
1595 4573 1744 4624 esse;
1787 4560 1880 4614 sed
1914 4561 1965 4614 id
1999 4576 2064 4614 ne

478 4650 630 4704 fieret
659 4650 1136 4718 solusAuselmus
1185 4651 1416 4704 obstitit.
1478 4653 1710 4705 Audiens
1763 4654 1899 4706 enim
1955 4656 2066 4708 [nec

481 4741 566 4795 vir
595 4749 833 4803 sanctus,
891 4741 966 4793 uti
1022 4740 1318 4794 Eadmerus
1369 4752 1573 4804 narrat,
1618 4751 1672 4798 et
1719 4744 2070 4798 consentiunt

481 4835 658 4888 caeteri
695 4834 898 4905 Angliae
926 4833 1243 4901 scriptores,
1271 4831 1412 4884 illico
1440 4834 1691 4896 surrexit,
1725 4843 1770 4885 et
1797 4836 1948 4902 ﬂexis
1979 4852 2066 4904 ge-

488 4923 639 4980 nibus
665 4941 840 4977 eorum
874 4940 1010 4994 papa
1041 4922 1322 4992 pra’fatmn
1353 4939 1518 4991 regem
1550 4923 1666 4990 jam
1692 4933 1814 4978 tunc
1852 4942 2064 4978 ea'eom-

482 5004 753 5068 inimicam.
769 5028 980 5084 parato,
1005 5018 1088 5070 vix
1109 5016 1332 5070 obtinuit
1357 5031 1418 5066 ne
1438 5016 1492 5068 in
1520 5032 1683 5083 regem
1709 5015 1898 5085 faceret
1923 5017 2062 5087 quod

484 5108 768 5174 communia
801 5109 1030 5161 omnium
1058 5109 1312 5162 sententia
1336 5107 1707 5176 promulgavit.

495 5224 503 5230 -
553 5199 630 5251 Ex
683 5197 885 5252 Urbani
930 5199 1151 5267 epistola
1200 5200 1267 5252 ad
1305 5199 1579 5250 Alisonem
1621 5198 2059 5252 Beneventanum

484 5291 762 5345 dominum
793 5290 938 5356 data,
976 5291 1234 5345 discimus
1277 5290 1574 5346 monachos
1621 5289 1948 5344 Casinenses
1989 5291 2053 5343 ad

483 5383 623 5436 idem
673 5381 958 5435 concilium
1010 5383 1243 5448 venisse,
1296 5392 1359 5437 ut
1407 5382 1796 5437 monasterium
1850 5381 2060 5436 Sancte

483 5474 700 5544 Sophize
746 5474 1180 5528 Beneventanum
1236 5475 1335 5531 sibi
1383 5482 1712 5530 assererem.
1775 5472 1882 5528 Sed
1939 5489 2059 5530 cum

481 5567 600 5637 ejus
624 5567 724 5621 loci
758 5566 926 5620 abbas
958 5565 1186 5618 concilio
1215 5583 1272 5620 se
1307 5568 1686 5628 subtraxisset,
1720 5565 1785 5620 lis
1817 5565 2057 5620 indecisa

482 5660 764 5718 remansit.
797 5658 992 5712 Parem
1028 5656 1234 5710 exitum
1268 5658 1338 5711 ibi
1370 5658 1558 5710 habuit
1589 5657 1759 5711 altera
1791 5655 2058 5711 Casineni-

480 5756 621 5822 sitim
647 5748 1024 5815 controversia
1048 5747 1308 5810 adversus
1332 5747 1676 5820 Cinglcnsem
1703 5747 2053 5817 abbatissam,

2153 1917 2296 1973 forte
2342 1917 2613 1986 contigit;
2663 1917 2754 1985 qui
2802 1932 2928 1970 eum
2975 1916 3341 1970 advertissent
3391 1915 3497 1968 hoc
3524 1909 3738 1981 privile-

2152 2010 2300 2078 gium
2342 2007 2506 2062 linem
2548 2008 2674 2060 anni
2711 2006 2848 2062 1099
2881 2005 3158 2077 praeferre,
3189 2004 3554 2059 indietionem
3597 2014 3737 2055 anno

2151 2099 2360 2170 vulgari
2391 2109 2584 2167 aptare
2611 2098 2901 2152 voluerint.
2934 2099 3021 2159 At,
3051 2108 3287 2151 exeunte
3313 2095 3408 2150 illo
3442 2109 3609 2159 anno,
3630 2095 3736 2165 jam

2151 2205 2182 2244 e
2225 2190 2362 2243 vivis
2404 2189 2616 2243 abierat
2666 2188 2935 2244 Urbanus.
2977 2188 3158 2254 Quare
3205 2185 3498 2240 dicendum
3555 2194 3641 2238 est
3685 2184 3735 2238 in

2151 2293 2214 2333 ea
2268 2277 2414 2332 bulla
2459 2266 2772 2347 pontificem
2819 2277 3130 2330 adhibuisse
3178 2274 3436 2329 Barensis
3485 2273 3734 2344 regionis,

2154 2371 2206 2424 in
2231 2385 2336 2440 qua
2372 2381 2500 2424 tunc
2525 2371 2869 2435 versabatur,
2918 2368 3268 2440 computandi
3324 2367 3572 2432 modum,
3610 2381 3734 2436 quo,

2152 2462 2634 2532 utjamdiximus,
2683 2477 2880 2526 annus,
2913 2462 3051 2517 sicut
3092 2472 3148 2516 et
3182 2461 3432 2522 indietio,
3475 2459 3546 2513 ab
3568 2457 3728 2514 Octo-

2151 2554 2236 2618 bri
2280 2553 2408 2607 anni
2445 2553 2688 2623 vulgaris
2735 2554 3091 2622 praecedentis
3134 2551 3454 2622 incipiebat.
3486 2549 3592 2605 Alii
3633 2549 3732 2606 fore

2155 2651 2296 2696 tasse
2332 2641 2524 2710 dicent,
2561 2642 2614 2702 in
2661 2655 2728 2695 eo
2778 2640 3072 2710 diplomate
3120 2656 3322 2703 annum
3372 2641 3443 2694 ab
3487 2639 3731 2694 lncarna-

2155 2733 2320 2794 tione,
2355 2732 2405 2785 id
2430 2740 2514 2785 est
2541 2746 2569 2784 a
2597 2747 2784 2786 mense
2832 2731 3030 2789 Martio
3078 2732 3205 2794 anui
3251 2730 3636 2800 prtecedentis,
3677 2740 3734 2787 ut

2153 2822 2289 2877 alias
2335 2823 2536 2892 passim
2578 2822 2780 2878 factum
2813 2832 2914 2889 est,
2950 2823 3218 2888 inchoari,
3259 2821 3355 2882 sed
3378 2821 3612 2891 perinde
3631 2831 3730 2884 est,

2153 2928 2274 2967 cum
2321 2923 2552 2982 utroque
2601 2915 2761 2970 modo
2812 2924 3029 2971 constet
3049 2931 3272 2986 gannum
3329 2914 3468 2970 1099
3516 2917 3606 2973 hic
3632 2932 3730 2986 pro

2154 3005 2366 3076 vulgari
2399 3006 2536 3062 1098
2569 3015 2716 3062 recte
2744 3007 3036 3079 assignari.
3239 3057 3242 3060 ἠ

2438 3097 2760 3153 CCCXXV].
2791 3099 3085 3155 Concilium
3122 3101 3453 3174 Burdigalte.

2224 3187 2281 3241 ln
2308 3187 2496 3244 Galliis
2524 3190 2714 3244 eodem
2746 3207 2953 3258 mense,
2999 3209 3058 3248 ιιι
3103 3195 3317 3250 scilicet
3362 3195 3546 3250 Nonas
3575 3195 3731 3253 Octo-

2154 3278 2288 3344 bris,
2330 3280 2563 3334 Amatus
2607 3283 3170 3352 apostolicae'sedisin
3202 3287 3496 3357 Aquitania
3529 3287 3732 3359 legatus

2154 3371 2446 3429 concilium
2479 3371 2666 3426 habuit
2714 3373 3038 3446 Burdigalaa,
3083 3375 3236 3444 cujus
3275 3378 3430 3433 urbis
3468 3389 3595 3433 tunc
3623 3386 3732 3433 erat

2156 3465 2628 3534 archiepiscopus;
2673 3467 2740 3519 ad
2786 3468 2926 3535 quod
2965 3470 3288 3524 convenisse
3311 3485 3435 3524 cum
3459 3487 3525 3526 eo
3551 3471 3729 3527 dicun-

2160 3563 2251 3607 tur
2294 3553 2572 3621 Bolandus
2619 3555 2889 3622 Dolensis,
2935 3557 3134 3614 Petrus
3173 3560 3530 3632 Aginuensis,
3569 3573 3624 3618 et
3645 3561 3730 3614 alii

2157 3645 2503 3709 diversarum
2527 3648 2933 3715 provinciarum
2969 3651 3238 3721 episcopi.
3285 3652 3393 3706 Sed
3433 3653 3560 3723 quid
3591 3653 3642 3708 in
3669 3667 3733 3708 eo

2158 3743 2444 3795 statutum.
2473 3750 2648 3804 quave
2678 3742 2964 3810 occasione
2988 3751 3349 3802 convocatunt
3374 3742 3557 3807 fuerit,
3583 3744 3734 3813 plane

2159 3825 2559 3893 incompertum
2609 3835 2711 3881 est.
2769 3827 2880 3884 Nec
2932 3830 3089 3901 plura
3138 3833 3304 3887 habet
3337 3834 3453 3904 ipse
3491 3833 3734 3888 Labbeus

2163 3927 2309 3970 tomo
2345 3916 2392 3969 Χ
2424 3916 2816 3974 Couciliorum.

2359 4007 2581 4073 CCCXX
2597 4008 2702 4064 \lll.
2747 4010 2992 4073 Urbanus
3016 4015 3311 4071 Benevento
3334 4022 3548 4077 transit.

2232 4093 2488 4160 Urbanus
2517 4109 2645 4150 vero
2675 4110 2797 4162 post
2824 4105 3091 4172 synodum
3150 4105 3453 4162 Barensem
3510 4110 3724 4165 Romam

2165 4194 2382 4248 rediens
2419 4194 2728 4249 Benevento
2776 4195 3042 4256 transivit,
3085 4197 3176 4251 ubi
3207 4199 3517 4270 (Zinglensis
3552 4218 3724 4258 mona-

2161 4283 2311 4337 sterii
2360 4299 2483 4337 ettm
2531 4282 2939 4349 Casinensibus,
2994 4285 3086 4353 qui
3142 4285 3270 4340 illud
3320 4289 3430 4345 sibi
3484 4291 3728 4360 subjicere

2162 4377 2432 4440 volebant,
2487 4377 2635 4431 litem
2685 4379 2946 4433 dirimere
2994 4381 3376 4448 constituerat,
3425 4385 3639 4455 scriptis
3671 4398 3728 4438 eo

2097 4471 2348 4558 Banimo
2401 4469 2468 4522 ad
2517 4470 2852 4524 abbatissam
2901 4470 3022 4539 eius
3066 4476 3385 4529 monasterii
3435 4476 3645 4541 litteris.
3679 4484 3731 4530 ut

2168 4577 2387 4616 causam
2440 4577 2595 4616 suam
2653 4571 2841 4617 actura
2897 4578 3214 4634 comparere
3261 4582 3454 4622 coram
3500 4586 3564 4626 eo
3607 4569 3728 4624 ultra

2166 4669 2274 4707 non
2319 4652 2578 4708 differret.
2629 4651 2735 4715 Sed
2783 4663 2963 4710 tamen
3019 4657 3183 4710 etiam
3235 4665 3366 4712 tunc
3409 4675 3508 4715 res
3550 4661 3731 4717 infecta

2167 4747 2449 4806 remansit,
2486 4754 2543 4799 ut
2573 4746 2688 4815 ipse
2731 4747 2972 4814 pontifex
3015 4746 3190 4803 fusius
3231 4753 3460 4819 exponit
3495 4755 3546 4806 in
3575 4753 3734 4822 diplo-

2168 4847 2312 4892 mate
2347 4835 2460 4904 jam
2501 4837 2739 4902 laudato,
2775 4839 2920 4906 qttod
2956 4853 3055 4892 suo
3083 4838 3201 4894 loco
3229 4841 3520 4896 referetur.
3551 4844 3732 4899 Ibidem

2166 4929 2218 4980 in
2250 4928 2580 4982 monasterio
2621 4926 2839 4982 Sancta:
2882 4927 3120 4998 Sophia},
3159 4930 3250 4985 libi
3284 4931 3426 4988 forte
3459 4935 3736 5005 hospitium

2165 5017 2427 5081 habebat,
2470 5033 2690 5072 causam
2738 5017 2978 5086 ejusdem
3024 5021 3136 5074 loei-
3177 5024 3413 5090 abbatis,
3461 5028 3552 5096 qui
3597 5025 3735 5082 Casi-

2164 5109 2319 5162 neusi
2365 5109 2545 5163 abbati
2592 5110 2815 5165 obedire
2844 5104 3204 5175 detrectabat,
3250 5118 3608 5182 examinavit,
3645 5115 3734 5171 sed

2163 5213 2268 5251 non
2334 5196 2582 5250 absolvit.
2641 5197 2858 5256 Etenim
2909 5201 3070 5269 paulo
3135 5211 3256 5272 post
3307 5203 3398 5259 die
3447 5222 3632 5277 nempe
3677 5221 3730 5259 ut

2143 5287 2344 5378 'Nonas
2393 5287 2712 5342 Novembris
2762 5291 3044 5358 sequentis
3092 5308 3214 5348 cum
3267 5294 3532 5365 Ccperani
3578 5306 3723 5357 esset,

2163 5381 2382 5450 scripsit
2410 5379 2472 5432 ad
2501 5381 2780 5435 Ausonem
2809 5383 3102 5438 Beneventi
3127 5385 3406 5442 dominum
3438 5400 3517 5454 ut,
3545 5388 3722 5444 auditis

2162 5473 2431 5541 partibus,
2469 5473 2619 5527 litem
2670 5474 2810 5528 hanc
2862 5476 3210 5545 dijudiearet,
3263 5489 3356 5534 aut
3390 5483 3435 5534 si
3466 5481 3597 5537 forte
3620 5493 3718 5534 mo-

2163 5563 2318 5616 nachi
2375 5561 2590 5616 Sancta:
2645 5562 2863 5632 Sophim.
2925 5581 3109 5621 coram
3162 5584 3249 5634 eo,
3299 5580 3482 5642 utpote
3521 5569 3714 5625 homine

2172 5653 2442 5716 sazculari,
2493 5669 2555 5708 ea
2586 5654 2651 5708 de
2688 5671 2748 5708 re
2787 5658 3113 5726 respondere
3157 5660 3442 5725 noluerint,
3483 5662 3606 5716 diem
3637 5657 3706 5711 eis

2164 5747 2324 5821 dicat,
2355 5761 2461 5816 quo
2494 5745 2720 5804 Romam
2753 5750 3109 5809 convenirent
3143 5769 3169 5806 a
3203 5753 3378 5826 seipse
3407 5750 3701 5826 senteréiaqt
