3892 6320
146 342 230 434 siis

1622 358 1796 414 VlT'.\.

3218 353 3342 408 .233

143 485 393 560 accepturi.
433 481 536 540 Hoc
578 486 661 534 est
706 473 906 532 Urbani
959 472 1277 541 rescriptum
1307 471 1419 539 jam
1450 471 1650 539 passim
1684 480 1727 532 Α
1761 467 2046 539 memorat)
2075 467 2140 523 de
2188 464 2420 537 primatu
2466 463 2830 533 Lugdunensi,
2863 468 2980 531 quae
3008 461 3187 516 omnia
3239 459 3338 516 sibi

141 583 394 640 laudatum,
437 572 574 642 quod
624 570 770 624 (Ιίεὸ
803 565 1148 628 Novembris,
1194 573 1249 618 et
1296 562 1515 632 quidem
1562 561 1665 614 hoc

139 690 257 731 anno
277 664 676 736 consignandum
713 675 855 724 esse,
880 674 943 712 ex
969 657 1244 711 mentione
1270 653 1524 708 Bai-ensis
1541 665 1665 706 con-

137 764 234 820 silii'
250 774 397 821 nuper
422 752 701 812 celebrati,
737 758 887 803 certo
922 746 1210 816 colligitur.

198 843 525 906 CCCXXVIII.
561 840 741 894 Roma?
765 839 940 891 scribit
964 854 1056 904 pro
1097 833 1579 887 Vindocir'tensibus.

192 943 431 996 Reversus
468 933 688 985 Romam
723 930 994 991 Urbanus,
1022 929 1121 980 sub
1155 925 1314 978 linem
1344 921 1660 976 Novembris

133 1025 374 1099 privilegia
406 1020 810 1074 Vindoeinensis
846 1015 1163 1069 naorrasterii'
1189 1012 1530 1066 confirmavit
1568 1026 1662 1063 va-

132 1124 210 1176 riis
251 1115 641 1186 diplomatibus,
692 1126 812 1181 quae
858 1109 1040 1162 omnia
1093 1121 1198 1161 uno
1240 1107 1542 1174 eodemque
1572 1104 1659 1158 die

133 1213 233 1265 data
267 1209 531 1270 dicuntur;
576 1204 716 1256 unde
753 1200 1074 1268 conjicitnns
1103 1197 1384 1252 Gofridum
1418 1197 1656 1264 ejusdem

131 1301 213 1357 loci
235 1300 484 1360 abbatem,
514 1295 604 1364 qui
635 1309 831 1362 magna.
853 1293 994 1360 apud
1029 1290 1308 1345 Urbanum
1337 1291 1660 1342 auctoritate

123 1391 345 1462 pollebat,
390 1399 513 1442 tunc
557 1387 818 1456 temporis
860 1383 1043 1436 Romae
1080 1389 1352 1435 versatum
1393 1368 1568 1434 Tuisse
1604 1380 1656 1432 in

129 1499 208 1538 suo
255 1483 449 1536 Sancta:
491 1479 692 1532 Priscae
717 1467 912 1539 titulo,
952 1475 1040 1527 ubi
1084 1473 1506 1526 Vindocinenses
1545 1484 1660 1523 mo-

126 1571 256 1630 nachi
293 1569 630 1632 habitabant;
663 1567 752 1636 qui
787 1567 901 1619 hwc
922 1565 1108 1618 "omnia
1139 1561 1418 1632 privilegia
1449 1559 1604 1614 facile
1626 1575 1655 1612 a

125 1663 343 1735 pontiﬁce
377 1664 666 1730 impetrare
694 1659 964 1728 potuerit;
998 1672 1102 1709 non
1131 1670 1239 1709 uno
1267 1654 1482 1722 quidem
1511 1669 1657 1707 com-

1765 560 1986 614 omnino
2009 558 2236 612 invicem
2261 559 2553 612 cohaerent.
2577 555 2695 610 Jam
2716 569 2844 609 vero
2874 569 2994 607 eum
3024 554 3138 608 haec
3166 552 3342 607 lvonis

1765 651 1988 721 epistola
2017 661 2208 704 octavo
2244 648 2359 717 ejus
2389 649 2731 717 episcopatus
2772 661 2911 700 anno
2951 646 3254 709 inchoante,
3282 654 3344 698 ut

1766 742 1992 811 ipsemet
2015 750 2262 805 testatur,
2293 739 2452 809 paulo
2497 747 2617 807 post
2661 737 2856 792 festum
2897 735 3102 790 Natalis
3139 735 3343 789 Christi

1763 834 1964 901 scripta
1987 831 2169 896 fuerit,
2199 831 2507 886 necessario
2527 828 2593 882 ad
2617 829 2740 881 anni
2768 829 2902 882 -1099
2929 829 3100 892 initia,
3128 836 3186 880 ut
3209 826 3350 880 alias-

1762 926 2018 989 diximus,
2075 925 2236 979 debet
2301 920 2560 986 revocari,
2617 935 2682 974 ac
2737 921 2958 988 proinde
3007 919 3168 973 etiam
3228 918 3342 987 ipsa

1760 1016 1983 1071 Golfritli
2017 1016 2266 1085 epistola.

1901 1106 2198 1162 CCCXXX.
2232 1104 2507 1174 Philippus
2541 1121 2631 1157 rea:
2657 1105 2845 1180 iterum
2878 1102 3198 1168 interdictas.

1830 1200 2096 1254 Cmterum
2149 1214 2216 1253 ex
2270 1199 2458 1251 eadem
2521 1196 2698 1250 lvonis
2753 1195 2976 1262 epistola
3042 1194 3344 1262 colligimus

1759 1292 2062 1360 Philippum
2093 1305 2272 1361 regem
2304 1288 2544 1343 Francia:
2594 1297 2713 1356 post
2759 1301 2912 1340 suam
2959 1286 3345 1342 reconciliatio.

1761 1398 1880 1437 nem
1911 1382 2052 1436 hattd
2079 1382 2169 1436 ditt
2204 1383 2255 1435 in
2291 1380 2606 1450 pmnitentia
2639 1393 3038 1448 perseverasse,
3078 1377 3345 1447 siquidem

1761 1475 1954 1528 iterum
1999 1473 2103 1527 hoc
2137 1469 2278 1526 anno
2308 1472 2378 1526 ob
2407 1479 2712 1525 revocatum
2746 1469 3061 1522 Bertradam
3098 1483 3127 1520 a
3169 1467 3345 1537 legato

1757 1565 2051 1635 apostolico
2080 1565 2250 1618 sacris
2279 1564 2598 1617 interdictus
2642 1570 2744 1617 est.
2787 1560 2902 1628 Qua
2950 1569 3131 1614 tamen
3179 1560 3346 1613 inter—

1757 1659 1992 1712 dictione
2020 1657 2323 1727 posthabita
2369 1653 2627 1708 Rodulfus
2665 1653 2940 1707 Turonum
2973 1652 3346 1721 archiepisco—

124 1755 353 1823 prehensa
382 1752 694 1820 diplomate,
722 1749 866 1818 quod
892 1749 959 1801 ad
990 1748 1140 1800 varia
1172 1746 1388 1814 negotia
1423 1745 1657 1812 pertine—
1693 1812 1730 1823 ﬁ
1760 1763 1860 1819 pus
1887 1750 1937 1803 ei
1963 1762 2220 1803 coronam
2267 1748 2318 1801 in
2351 1745 2526 1800 Natali
2583 1746 2792 1800 Domini
2827 1746 3102 1814 imponere
3141 1744 3347 1798 veritus

124 1850 298 1904 rent,et
314 1844 481 1910 potius
504 1853 749 1894 veterum
775 1836 1217 1890 contirmationes
1241 1850 1362 1904 qum
1372 1833 1483 1902 jam
1508 1834 1560 1886 in
1584 1833 1658 1887 di-
1691 1812 1733 1870 Β
1762 1855 1868 1894 non
1898 1848 2001 1904 est,
2023 1848 2084 1894 ut
2109 1854 2178 1894 ex
2201 1839 2388 1892 eadem
2433 1837 2608 1892 lvonis
2655 1836 2880 1906 epistola
2903 1812 2960 1890 et
2991 1834 3237 1905 sequenti
3278 1835 3346 1888 ad

124 1936 272 1988 versis
294 1932 563 2002 rescriptis
585 1929 941 1989 habebantur,
965 1943 1128 1995 quam
1157 1941 1416 1979 novorum
1441 1924 1658 1993 privile-

125 2026 302 2095 giorum
318 2023 697 2078 concessiones
720 2028 922 2074 essent.
941 2017 1095 2072 Unde
1112 2017 1388 2086 complura
1415 2016 1655 2085 ejusdem

121 2117 262 2168 ferme
274 2113 485 2175 tenoris,
504 2121 560 2166 et
577 2111 792 2179 quidem
810 2124 915 2163 una
933 2117 985 2162 et
998 2110 1184 2162 eadem
1202 2108 1307 2169 die,
1327 2114 1384 2160 ut
1402 2105 1652 2168 diximus,

119 2203 220 2256 data
261 2211 568 2256 occurrunt.
633 2201 878 2268 Quatuor
940 2199 1204 2268 ejusmodi
1253 2213 1319 2252 ex
1375 2196 1655 2251 Vindocini

119 2292 320 2348 arcltivis
344 2293 616 2355 eruimus;
661 2292 911 2360 quintum
950 2291 1064 2359 ipse
1095 2287 1363 2343 Cofl'ridns
1398 2285 1655 2356 suppedi-

119 2393 182 2436 tat
216 2385 260 2437 in
301 2384 518 2453 epistola
551 2384 619 2436 27
655 2383 776 2436 libri
828 2399 864 2436 ιι
897 2377 1054 2449 :qna:
1097 2381 1279 2434 omnia
1339 2381 1390 2434 in
1440 2378 1657 2449 pontiﬁ-

121 2477 294 2529 ciarmn
325 2476 672 2544 epistolarum
705 2474 1020 2529 collectione
1050 2473 1369 2527 referentur.

116 2588 403 2644 CCCXXIX.
457 2589 646 2648 Roma:
699 2587 970 2657 Goﬂ'rirlns
1019 2587 1254 2657 loquitur
1310 2588 1373 2638 tle
1421 2586 1656 2656 episcopo

673 2657 1053 2727 Andegavensi.

174 2749 356 2804 Adlioe
385 2749 576 2814 etiam,
623 2749 678 2802 ni
723 2747 905 2812 fallor,
951 2746 1252 2800 Romanum
1294 2746 1520 2800 Goli’ridi
1557 2747 1659 2800 iter

116 2841 445 2895 revocandum
509 2849 614 2904 est,
661 2840 802 2910 quod
843 2838 930 2892 ille
979 2839 1046 2893 de
1091 2838 1268 2907 seipso
1309 2838 1474 2892 refert
1505 2838 1600 2891 lib.
1636 2855 1650 2892 ι

117 2931 254 2999 cpist.
290 2931 355 2985 98
391 2933 455 2985 ad
494 2931 776 3002 Hugonem
829 2930 1270 3000 Lugdunensem,
1318 2930 1409 2984 ubi
1459 2931 1660 2985 fatetur

114 3035 162 3075 se
187 3038 211 3073 a
239 3037 364 3091 papa
395 3024 460 3077 de
491 3022 768 3077 Gaufredo
816 3021 1233 3090 Andegavornm
1285 3022 1537 3092 episcopo
1580 3023 1658 3075 itt-

1762 1932 2036 2002 llugonem
2068 1931 2477 2001 Lugdunensem
2509 1938 2674 1998 patet.
2705 1928 2838 1982 Hine
2879 1926 3070 1996 colligo
3103 1926 3154 1979 id
3203 1926 3347 1993 quod

1760 2025 1956 2094 legitur
1988 2025 2040 2077 in
2068 2024 2298 2092 quadam
2331 2021 2520 2074 charta
2553 2019 2738 2073 Sancti
2761 2017 2957 2072 Juliani
2991 2016 3343 2078 Turonensis,

1757 2116 2062 2185 Philippum
2099 2130 2241 2168 anno
2267 2112 2396 2168 1091
2427 2111 2637 2166 Rodulli
2669 2111 3066 2179 archiepiscopi
3094 2108 3348 2162 manibus

1760 2207 1994 2263 Turonis
2022 2220 2278 2261 coronam
2328 2193 2656 2272 suscepisse,
2714 2211 2952 2256 autcsse
3004 2201 3345 2262 mendosum,

1759 2307 1874 2362 aut,
1923 2298 2064 2367 quod
2108 2295 2455 2351 verisimilius
2510 2302 2610 2357 est,
2665 2294 2729 2347 de
2764 2292 2870 2346 alia
2911 2292 3150 2360 ejusdem
3204 2291 3350 2361 regis

1759 2392 2108 2446 coronatione
2132 2388 2328 2442 debere
2357 2386 2596 2455 intelligi.
2623 2385 2796 2455 Reges
2821 2385 3017 2454 quippe
3047 2394 3176 2437 tunc
3201 2391 3346 2436 tem-

1758 2482 1907 2552 poris
1957 2483 2008 2535 in
2065 2481 2276 2550 magnis
2329 2476 2777 2534 solemnitatibus
2818 2476 2886 2530 ab
2935 2474 3349 2543 archiepiscopo

1759 2573 2011 2627 ltemensi
2043 2572 2085 2627 si
2117 2585 2356 2642 praesens
2399 2578 2562 2635 esset,
2595 2578 2689 2624 aut
2725 2582 2789 2624 eo
2816 2569 3062 2630 absente,
3094 2582 3122 2619 a
3151 2565 3349 2620 dimce-

1760 2681 1892 2720 sano
1936 2663 2374 2732 metropolitano,
2429 2669 2523 2714 attt
2584 2660 2776 2729 quovis
2825 2659 2932 2712 alio
2986 2653 3350 2726 qui,jubente

1760 2771 1910 2826 rege,
1939 2755 2222 2810 Remensis
2269 2754 2417 2808 vices
2459 2753 2757 2822 supplebat,
2791 2750 3034 2805 solebant
3077 2733 3348 2802 coronari.

1761 2848 2107 2902 interdictum
2131 2855 2311 2900 autem
2338 2860 2366 2898 a
2391 2843 2566 2914 legato
2599 2845 2649 2898 in
2677 2857 2856 2913 regem
2900 2841 3066 2896 latutn
3119 2839 3188 2894 ab
3216 2886 3218 2888 ,
3248 2837 3350 2895 Ur-

1761 2941 1903 2996 bano
1949 2941 2327 2996 confirmatum
2367 2937 2532 2991 fuisse
2587 2936 2762 2990 innuit
2809 2935 2900 2990 lvo
2949 2935 3109 3004 epist.
3163 2931 3232 2986 84
3285 2932 3351 2985 ad

1760 3030 2025 3085 Joannem
2059 3032 2288 3085 alterum
2321 3030 2555 3099 legatum
2585 3038 2638 3082 et
2674 3026 3025 3113 cardinalem,
3055 3025 3210 3095 paulo
3236 3032 3355 3094 post

114 3121 428 3185 terrogatum,
470 3116 722 3185 quaedam
753 3115 820 3169 de
851 3114 944 3168 illo
985 3111 1228 3168 antistite
1275 3115 1384 3190 ipsi
1429 3115 1654 3179 dixisse,

1773 3124 1970 3180 Urbani
2002 3124 2230 3178 obitum.
2276 3124 2345 3176 At
2376 3123 2514 3175 hanc
2570 3118 2790 3174 secundi
2823 3111 3090 3172 interdicti
3140 3126 3354 3172 senten-

114 3219 216 3274 ρεπεν
238 3206 543 3276 pontiﬁcem
575 3207 752 3260 celare
792 3222 900 3260 non
945 3215 1218 3274 poterant.
1246 3205 1309 3258 Et
1332 3206 1545 3274 quidem
1595 3219 1657 3258 ea

120 3312 212 3350 non
241 3297 365 3354 levis
390 3299 654 3353 momenti
685 3295 878 3362 fuisse,
909 3311 977 3350 ex
1008 3298 1112 3351 hoc
1153 3295 1478 3365 colligimus,
1519 3295 1663 3363 quod

109 3388 249 3455 paulo
291 3400 406 3459 post
454 3393 599 3444 idem
645 3388 949 3443 Gaufredus
997 3397 1251 3442 monente
1294 3387 1511 3443 Urbano
1546 3388 1661 3457 epi-

111 3491 302 3547 scopatu
330 3483 559 3536 cesserit
598 3481 772 3535 factus
810 3483 1109 3535 monachus
1142 3480 1550 3544 Cluniacensis,
1585 3481 1661 3534 uti

112 3584 167 3624 ex
210 3570 472 3628 Chronico
522 3572 581 3628 S.
623 3574 802 3628 Albini
849 3575 1214 3628 observarunt
1258 3573 1581 3626 Sirmondns
1613 3573 1663 3625 in

108 3663 229 3718 notis
275 3667 337 3719 ad
386 3668 551 3735 epist.
589 3669 609 3721 l
648 3667 737 3720 lib.
778 3682 836 3719 ιιι
876 3665 1117 3734 ejusdem
1155 3663 1402 3729 Colfridi,
1433 3673 1486 3719 et
1512 3663 1666 3718 Jure-

110 3761 184 3807 tus
215 3757 262 3809 in
287 3759 547 3826 epistolas
573 3758 752 3812 lvonis
784 3757 1154 3812 Carnotensis.

169 3846 299 3902 ldent
340 3850 616 3904 Golfridus
648 3859 774 3904 tunc
805 3850 1060 3916 temporis
1086 3847 1450 3902 defensionem
1483 3861 1668 3901 susce-

106 3938 170 4004 pit
196 3939 358 3995 lvonis
403 3941 700 3996 Carnoteni
751 3940 1008 4008 epiSCOpi,
1052 3955 1210 4008 quem
1241 3937 1480 3992 nonnulli
1527 3937 1668 4006 apud

106 4030 355 4086 Urbanum
386 4051 583 4105 papam
619 4032 1082 4088 insimulaverant.
1114 4031 1227 4086 Huc
1253 4031 1395 4085 enim
1427 4028 1668 4084 revocari

107 4123 278 4180 debere
304 4143 408 4181 non
442 4128 631 4181 dubito
657 4141 719 4180 ea
746 4141 867 4195 qua:
917 4125 1028 4194 ipse
1056 4124 1329 4181 Gem-idus
1364 4123 1580 4192 scripsit
1605 4122 1670 4175 de

105 4214 178 4272 illa
218 4221 560 4274 accusatione
607 4218 744 4273 libro
774 4234 834 4280 ιι,
885 4217 1044 4285 epist.
1099 4218 1185 4281 18,
1213 4215 1470 4285 quidquid
1528 4214 1674 4268 dicat

105 4307 418 4377 Sirmondus,
456 4311 550 4382 qui
581 4312 724 4365 hanc
754 4311 1036 4380 epistolam
1067 4311 1132 4362 ad
1163 4309 1437 4363 Paschalis
1464 4307 1506 4360 ll
1534 4316 1676 4361 tern-

104 4416 188 4467 pus
212 4405 480 4472 pertinere
515 4405 566 4456 in
596 4403 707 4457 suis
753 4404 893 4456 notis
934 4401 1230 4456 contendit.
1276 4402 1436 4455 Certe
1483 4402 1526 4455 si
1558 4401 1673 4454 hinc

1770 3217 1898 3270 tiam
1925 3224 2050 3268 ante
2089 3215 2248 3268 linem
2273 3213 2402 3267 anni
2441 3213 2571 3266 l097
2602 3213 2716 3265 dari
2749 3227 2854 3266 non
2881 3211 3119 3280 potuisse
3150 3225 3212 3263 cx
3251 3209 3355 3264 Uro

1764 3309 1889 3362 bani
1911 3307 2179 3376 rescripto
2201 3306 2266 3359 ad
2291 3305 2590 3359 Manassctn
2623 3303 2943 3358 Remensem
2971 3304 3036 3358 de
3062 3319 3169 3372 quo
3191 3318 3353 3372 supra

1768 3399 1905 3454 1098
1935 3408 2085 3453 certo
2111 3397 2286 3468 colligi
2338 3408 2444 3467 pot:
2466 3406 2532 3451 st.
2586 3394 2786 3466 Regem
2841 3410 2970 3448 vero
3011 3396 3060 3448 ei
3108 3410 3211 3448 non
3262 3411 3354 3462 pa-

1767 3491 1942 3546 ruisse
1975 3491 2235 3544 discimus
2280 3505 2403 3544 cum
2447 3504 2514 3543 ex
2564 3488 2820 3556 praedicta
2878 3486 3054 3541 lvonis
3107 3487 3352 3556 epistola,

1769 3590 1879 3635 tum
1910 3597 1977 3636 ex
2011 3582 2077 3636 iis
2101 3597 2218 3649 quae
2245 3581 2298 3634 in
2338 3579 2565 3634 concilio
2615 3578 2939 3632 Pictavicnsi
2991 3588 3173 3647 postea
3205 3585 3354 3649 gesta

1769 3683 1913 3726 sunt.
1943 3672 2101 3726 Certe
2131 3671 2441 3740 frequentes
2467 3669 2630 3723 fuisse
2675 3669 2902 3737 Philippi
2936 3670 3074 3737 regis
3099 3667 3282 3738 lapsus
3304 3678 3366 3744 et.

1769 3764 2012 3833 relapsus
2066 3763 2320 3818 indicavit
2368 3761 2658 3816 Guibertus
2711 3762 2802 3816 lib.
2845 3777 2860 3814 ι
2906 3763 2979 3816 De
3022 3761 3356 3832 pignoribus,

1769 3870 1870 3920 ss.,
1898 3870 2015 3925 cap.
2050 3855 2100 3919 1,
2133 3855 2221 3908 ubi
2263 3855 2517 3908 observat
2543 3853 2844 3922 Philippum
2877 3833 3054 3922 regem
3094 3853 3357 3907 curanda-

1771 3945 1961 4000 darum
2023 3945 2330 4013 scopharum
2383 3946 2523 3997 circa
2579 3944 2827 4014 jugulum
2889 3943 3224 4013 privilegium
3287 3943 3357 3998 ob

1773 4036 2071 4090 incidentes
2099 4036 2284 4103 culpas
2330 4035 2615 4102 amisisse,
2647 4050 2753 4104 quo
2782 4033 3086 4090 Ludovicus
3141 4034 3201 4090 Vl
3243 4034 3357 4107 ejus

1773 4127 1934 4195 lilius,
1963 4127 2203 4181 adhibito
2239 4128 2416 4182 crucis
2451 4128 2623 4196 signo,
2647 4127 2844 4196 passim
2874 4129 3139 4181 utebatur.
3158 4178 3173 4182 _

1983 4219 2305 4275 CCCXXXI.
2344 4219 2679 4289 Privilegium
2711 4220 2770 4274 S.
2805 4219 3142 4290 Camp/tatis.

1846 4311 1941 4365 Die
1967 4313 2142 4380 prima
2175 4301 2484 4366 Decembris
2515 4311 2673 4381 hujus
2720 4313 2846 4366 anni
2877 4313 3147 4368 concessit
3193 4313 3375 4368 Urba.-.

1776 4419 1877 4458 nus
1901 4404 2110 4473 insigne
2131 4403 2465 4474 privilegium
2491 4407 2820 4460 monasterio
2839 4405 3146 4460 Octaviensi
3174 4407 3358 4461 Sancti

104 4489 304 4547 Goll'ridi
345 4494 573 4564 epistdla
605 4494 763 4548 simul
795 4494 1105 4548 conferatur
1149 4508 1269 4547 cum
1325 4492 1552 4562 cpistola
1606 4490 1671 4544 67
1701 4494 1742 4550 C
1775 4494 2106 4565 Cucnphatis
2152 4511 2317 4567 prope
2348 4496 2724 4563 Barcinonetn,
2774 4498 2827 4552 in
2860 4515 2966 4567 quo
2994 4498 3215 4570 singula:
3244 4508 3358 4567 (qus
3397 4543 3400 4546 .

103 4579 258 4636 lvonis
279 4585 343 4639 ad
379 4586 658 4641 Urbanum
693 4586 860 4656 ipsum
895 4587 1046 4641 initio
1075 4586 1199 4639 anni
1229 4583 1505 4652 sequentis
1537 4584 1674 4638 scri-

103 4681 202 4738 pta,
233 4691 386 4730 nemo
413 4694 523 4730 non
555 4680 820 4742 advertet,
850 4689 907 4730 ut
939 4678 1154 4747 quidem
1203 4677 1334 4730 mihi
1361 4691 1674 4746 persuasum

103 4777 196 4832 est,
224 4779 514 4839 utramque
546 4772 610 4822 ad
643 4786 805 4824 unum
837 4780 889 4824 et
920 4773 1058 4826 idem
1090 4773 1358 4842 negotium
1384 4775 1674 4843 pertinere.

104 4854 354 4916 Goliridus
397 4879 592 4933 nempe
646 4865 697 4917 in
749 4878 842 4916 sua
893 4865 1083 4918 scribit
1135 4881 1193 4918 se
1245 4881 1441 4936 papam
1495 4867 1678 4920 Roma:

103 4945 377 5018 invenisse,
408 4955 498 5023 qui
531 4970 646 5007 eam
678 4955 864 5008 urbem
914 4965 1039 5009 tunc
1078 4965 1124 5008 et
1156 4955 1445 5011 Romanam
1497 4958 1680 5012 Eccle-

103 5039 219 5092 siam
251 5059 368 5097 cum
398 5063 592 5116 magna
621 5063 745 5115 pace
790 5047 1081 5112 possidebat
1123 5058 1166 5100 et
1195 5065 1384 5118 magna
1416 5049 1677 5117 tranquil-

102 5128 256 5187 litate.
299 5135 364 5191 Et
394 5139 483 5192 hic
511 5138 727 5208 quidem
760 5147 884 5193 tunc
939 5149 1056 5193 erat
1087 5156 1266 5192 rerum
1297 5150 1467 5195 status
1498 5128 1680 5195 ROIIIIC

104 5224 192 5277 sub
216 5224 462 5294 Urbano,
491 5242 547 5284 ut
583 5233 694 5298 ipse
717 5231 995 5284 Bertoldus
1017 5241 1070 5284 et
1097 5231 1184 5284 alii
1211 5231 1410 5286 diserte
1439 5232 1674 5294 tradunt,

103 5316 186 5368 sed
211 5320 472 5376 adversus
507 5323 719 5377 lvonem
752 5323 887 5376 male
914 5321 1162 5376 allectum
1211 5325 1495 5378 occisione
1539 5324 1678 5378 haud

105 5407 308 5465 dubium
361 5416 628 5483 primatus
679 5414 1075 5484 Lugdunensis,
1127 5424 1183 5467 ut
1233 5431 1296 5468 ex
1351 5417 1415 5470 iis
1462 5432 1582 5486 qna:
1628 5417 1678 5470 in

103 5501 276 5556 eadem
323 5508 546 5575 epistola
577 5515 874 5577 sequuntur
927 5507 1081 5559 facile
1109 5506 1280 5576 colligi
1339 5517 1534 5576 potest.
1592 5507 1680 5563 lvo

105 5601 267 5646 autem
294 5596 347 5650 in
365 5598 591 5666 cpistola
611 5599 820 5651 laudata
852 5598 926 5650 ait
958 5599 1158 5666 pariter
1173 5614 1228 5651 se
1251 5600 1524 5667 accepisse
1549 5614 1680 5667 pnn-

106 5680 291 5740 tilieem
350 5691 611 5746 adversus
667 5707 726 5745 se
783 5700 1109 5750 contu-.otum
1179 5689 1342 5744 fuisse
1397 5691 1681 5746 occasione

104 5781 454 5842 quarumdam
487 5784 784 5839 litterarum
819 5783 974 5855 (quas
1022 5784 1181 5838 etiam
1216 5782 1484 5839 Goll'ridus
1536 5802 1680 5839 com-

1779 4589 1882 4644 loci
1914 4590 2285 4659 possessiones
2316 4579 2687 4646 recensentur.

1848 4682 1974 4736 Post
2007 4682 2210 4752 aliquot
2238 4682 2355 4736 dies
2381 4683 2526 4737 aliud
2558 4684 2881 4754 rescriptum
2912 4685 3052 4754 quod
3075 4684 3188 4752 jam
3222 4701 3359 4755 sa'pe

1779 4789 1810 4828 a
1836 4774 1992 4829 nobis
2037 4773 2313 4828 laudatum
2351 4784 2456 4840 est,
2489 4776 2635 4830 dedit
2680 4774 3047 4844 pontifex,rin
3084 4791 3190 4845 quo
3241 4787 3356 4846 post

1780 4866 1960 4920 varias
1983 4867 2435 4930 concertationes,
2459 4882 2594 4936 quas
2629 4868 2939 4935 singulatim
2969 4877 3233 4933 recenset,
3267 4869 3357 4924 de—

1779 4959 1956 5013 cernit
2007 4960 2396 5013 monasterium
2449 4959 2736 5029 Cinglense
2782 4962 2921 5029 apud
2969 4961 3204 5030 Capuam
3237 4979 3392 5016 cum.

1782 5050 2284 5107 sanctimonialibns
2311 5051 2362 5104 in
2393 5066 2456 5106 eo
2497 5051 2810 5120 degentibus
2852 5051 3152 5108 CtlSlllCllSl..
3180 5054 3359 5108 abbati

1782 5143 1977 5199 debere
2006 5159 2124 5198 esse
2149 5142 2473 5212 subjectum.
2504 5142 2765 5211 Scriptum
2801 5144 2996 5197 dicitur
3020 5144 3196 5199 Roma:
3220 5147 3304 5199 die
3331 5145 3360 5197 7

1781 5234 2080 5288 Decembris
2105 5250 2196 5304 per
2233 5250 2447 5286 manum
2483 5232 2624 5285 Petri
2668 5232 2969 5299 scriniarii;
3021 5245 3074 5287 et
3106 5235 3361 5304 postridie

1782 5329 1962 5381 datum
2012 5343 2102 5395 per
2158 5343 2344 5380 manus
2395 5325 2618 5377 Joannis
2655 5325 2864 5378 diaconi
2911 5327 3219 5387 cardinalis,
3269 5328 3359 5398 qui

1782 5418 1974 5471 modus
2021 5417 2329 5486 frequenter
2379 5415 2435 5469 in
2485 5414 2938 5484 subsequentibus
2980 5419 3362 5486 diplomatibus

1782 5508 2038 5562 occurrit.

1959 5597 2304 5653 CCCXXX”.
2332 5598 2440 5654 Rex
2469 5601 2668 5671 Anglice
2699 5602 2938 5656 inducias
2971 5605 3182 5658 obtinet.

1854 5691 1998 5744 lnter
2024 5691 2135 5744 haec
2162 5691 2465 5756 Anseltnus,
2492 5707 2648 5762 quem
2673 5703 2789 5762 post
2814 5692 3049 5749 Batense
3073 5695 3359 5751 concilium

1786 5783 1942 5840 simul
1975 5799 2094 5838 cum
2131 5783 2345 5839 Urbano
2377 5783 2600 5840 Rmuam
2651 5785 2873 5840 rediisse
2929 5798 3191 5841 memorat
3227 5786 3362 5840 Ead-
