3892 6320
512 340 617 394 247

1757 339 1818 392 Β.
1849 338 2102 394 URBANI
2131 338 2174 394 ll
2197 338 2398 392 ΡΛΡιιΕ

3660 346 3763 400 268

510 465 719 516 merus,
743 465 920 506 causa:
942 465 1052 505 sua:
1077 450 1276 504 exitum
1300 449 1740 518 prmstolabatur;
1766 461 1823 504 at
1845 452 2084 517 nuntius,
2115 459 2164 516 Λ
2191 466 2352 503 causa
2412 451 2749 502 adventantes
2801 449 3058 516 patienter
3111 451 3413 506 admittere.
3469 452 3594 509 llaec
3653 468 3767 510 erat

505 544 598 612 qui
628 558 696 597 ex
729 551 880 612 parte
920 542 1173 596 Willelmi
1208 542 1353 612 regis
1382 552 1508 597 tunc
1549 541 1602 596 in
1629 541 1814 596 urbem
1845 543 2085 600 advenit.

507 650 724 688 omnem
755 634 869 701 ejus
917 649 1067 702 spem
1111 633 1410 688 frustravit.
1443 634 1492 688 ls
1525 648 1714 704 nempe
1742 641 1862 702 post
1893 634 2086 690 multas

508 723 637 778 hinc
695 733 747 779 et
790 724 916 780 inde
961 725 1399 794 disceptationes,
1431 725 1644 780 tandem
1692 725 1747 780 in
1797 723 2088 780 festivitate

505 815 710 869 Natalis
748 816 956 870 Domini
996 817 1241 871 inducias
1269 833 1299 870 a
1343 817 1593 885 pontiﬁce
1622 818 1736 887 regi
1779 817 2086 886 impetravit

505 907 572 962 ad
617 907 816 961 festum
867 908 1045 962 sancti
1107 908 1381 962 Michaelis
1420 909 1749 978 archangeli,
1803 908 1898 963 sed
1944 909 2086 962 hunc

505 999 795 1053 terminum
852 1008 1043 1053 neuter
1086 1000 1283 1068 attigit.
1338 1000 1513 1054 lnnuit
1561 1000 1861 1054 Eadmerus
1909 1014 2004 1054 eas
2053 1013 2083 1052 τι

500 1090 760 1149 Willcltni
791 1092 935 1160 regis
963 1092 1210 1146 ministro
1251 1093 1495 1146 obtentas
1537 1092 1702 1146 fuisse
1750 1107 1964 1144 munera
2017 1091 2084 1144 iis

500 1182 853 1250 dispertiendo
921 1192 968 1236 et
1030 1183 1352 1251 pollicendo,
1413 1184 1608 1251 quibus
1662 1199 1723 1236 ea
1785 1181 1937 1236 cordi
1974 1199 2083 1235 esse

501 1273 984 1336 animadverterat,
1038 1273 1177 1341 quod
1218 1274 1284 1327 ad
1335 1272 1609 1328 Urbanum
1639 1287 1850 1342 quoque
1896 1280 2080 1326 cxten-

501 1362 632 1417 dere
681 1379 791 1418 non
843 1373 1061 1417 veretur
1112 1362 1414 1418 Willelmus
1467 1361 1982 1425 Malmesburiensis,
2025 1363 2080 1416 in

496 1453 775 1510 Romanos
803 1455 1128 1524 pontitiﬁces
1144 1469 1526 1523 nonnunquam
1545 1456 1715 1525 magis
1727 1470 1888 1524 quam
1906 1455 2077 1518 decet,

498 1544 735 1615 iniquus.
784 1546 854 1600 Et
887 1546 1101 1613 quidem
1137 1562 1242 1614 qua
1298 1547 1504 1600 ratione
1545 1547 1828 1615 praefracte
1874 1545 2079 1613 aliquas

497 1636 747 1693 inducias
777 1639 886 1705 regi
911 1637 1181 1693 Willelmo
1209 1639 1475 1692 renuisset
1497 1639 1625 1692 dare
1653 1637 1911 1706 pontifex,
1944 1652 2079 1705 quas

494 1727 698 1781 nemini
732 1731 951 1792 homini,
993 1729 1338 1798 quantumvis
1387 1729 1476 1783 vili
1515 1739 1567 1784 et
1592 1730 1825 1796 abjecto,
1850 1729 1938 1782 vix
1987 1743 2078 1782 nec

2194 538 2472 606 utriusque
2510 537 2682 592 sancti
2734 536 2837 590 viri
2892 537 3197 606 humilitas,
3245 548 3299 594 et
3346 542 3403 595 in
3450 542 3764 597 alterutrum

2190 627 2446 684 charitas.

2316 718 2686 774 CCCXXXIV.
2712 718 2944 774 Anselmi
2969 736 3086 774 cum
3107 723 3351 791 pontiﬁce
3371 723 3654 795 colloquia.

2257 811 2339 865 Ad
2381 812 2498 867 haec
2543 811 2786 867 Anselmi
2829 826 2951 866 cum
2997 813 3252 882 pontiﬁce
3297 814 3595 885 colloquia,
3651 834 3766 887 qua:

2185 901 2485 957 Eadmerus
2531 901 2745 965 laudat,
2777 903 3052 972 pertinent
3094 903 3240 960 haud
3286 905 3510 961 dubium
3563 909 3766 978 aliquot

2187 990 2304 1060 ejus
2352 991 2528 1046 sancti
2578 991 2682 1046 viri
2723 991 3002 1060 epistolae,
3053 993 3109 1048 in
3153 996 3349 1064 quibus
3389 999 3558 1052 variis
3588 999 3764 1054 dubiis

2186 1080 2476 1149 respondet
2495 1079 2650 1148 juxta
2681 1080 2733 1134 id
2763 1082 2906 1150 quod
2931 1097 2963 1137 a
2990 1098 3127 1154 papa
3157 1082 3374 1142 Urbano
3395 1088 3665 1142 audierat.
3690 1088 3760 1142 lia

2185 1172 2344 1240 epist.
2378 1173 2499 1238 150,
2530 1173 2623 1228 lib.
2666 1187 2750 1238 tit,
2773 1172 2832 1226 Ρ.
2859 1176 3180 1231 monachum
3214 1175 3400 1234 Sancti
3423 1179 3642 1235 Martini
3671 1179 3762 1235 Sa-

2187 1262 2389 1332 giensis
2415 1264 2482 1318 ab
2504 1263 2750 1320 adeunda
2773 1262 3234 1334 Jcrosolymorum
3262 1269 3396 1324 urbe
3422 1269 3758 1333 dehortatur,

2183 1351 2324 1420 quod
2353 1351 2458 1406 tale
2499 1353 2606 1407 iter
2634 1362 2760 1409 voto
2804 1354 3120 1412 stabilitatis
3150 1367 3207 1414 et
3251 1359 3572 1416 obedientize
3595 1403 3612 1426 ,
3650 1380 3762 1434 qua:

2183 1442 2479 1509 apostolico
2511 1443 3108 1509 debetur,contrarium
3130 1459 3292 1504 esset.
3321 1450 3370 1505 Is
3392 1452 3563 1518 enim,
3593 1454 3760 1524 inquit

2179 1532 2486 1600 Auselmus,
2515 1550 2704 1604 magna
2727 1539 3039 1592 auctoritate
3057 1552 3403 1610 pra'ceperat,
3433 1559 3501 1598 ne
3525 1549 3759 1598 monachi

2183 1626 2321 1679 hanc
2348 1628 2483 1680 viam
2510 1629 2800 1696 arriperent
2832 1631 3022 1702 absque
3047 1633 3256 1701 pra’lati
3284 1637 3596 1692 obedientia.
3633 1641 3758 1710 Ego,

2183 1726 2240 1770 ut
2272 1719 2486 1783 subdit,
2527 1737 2753 1788 prtesens
2795 1723 2948 1791 adfui
2987 1727 3199 1795 quando
3254 1729 3410 1782 istam
3456 1736 3758 1786 scrutantium

496 1833 626 1888 gare
656 1820 950 1888 potuisset;
986 1821 1318 1874 tantumdem
1349 1821 1492 1875 enim
1545 1822 1800 1890 temporis
1839 1820 2064 1890 require-

2182 1806 2496 1873 apostolicus
2519 1813 2883 1878 propugnavit.
2918 1791 3286 1881 Apostolicum
3318 1834 3471 1882 vero,
3499 1819 3656 1888 cujus
3681 1823 3758 1877 hic

492 1911 652 1961 batur
682 1909 747 1962 ad
798 1910 1102 1965 evocandos
1130 1924 1194 1964 ex
1219 1911 1411 1977 Anglia
1444 1921 1626 1978 testes,
1654 1912 2075 1980 advehendaque

491 1999 835 2065 documenta,
905 2017 1024 2070 qua:
1083 2003 1387 2056 necessaria
1447 2018 1567 2058 esse
1632 2003 1952 2060 videbantur
2007 2003 2074 2056 ad

488 2103 664 2144 causa:
703 2105 954 2145 examen.
989 2092 1148 2146 Certe
1196 2091 1467 2156 Urbanus,
1516 2093 1607 2163 qui
1666 2093 1954 2147 terminum
2006 2091 2073 2144 ad

489 2195 710 2234 causam
749 2181 1030 2235 dicendam
1064 2183 1115 2234 in
1163 2182 1336 2250 primo
1376 2199 1495 2236 cum
1527 2183 1670 2253 regis
1700 2183 1888 2236 nuntio
1937 2196 2070 2237 con-

491 2284 679 2335 gressu
727 2271 792 2324 ad
821 2271 1027 2330 Pascha
1065 2272 1387 2338 przcﬁxerat,
1417 2289 1521 2326 non
1571 2282 1779 2342 poterat
1827 2273 2072 2330 inducias

486 2357 611 2414 illas
662 2361 729 2414 ad
777 2362 990 2428 aliquod
1029 2363 1238 2430 tempus
1269 2377 1371 2416 non
1404 2363 1741 2431 protrahere,
1782 2378 1905 2417 cum
1956 2362 2072 2430 ipse

487 2464 586 2504 rex
612 2465 710 2520 per
735 2467 891 2505 suum
924 2452 1170 2506 nuntium
1199 2468 1265 2507 ex
1307 2453 1510 2507 ultimis
1535 2453 1682 2508 orbis
1715 2454 1979 2522 partibus,
2013 2467 2072 2510 se

488 2540 652 2595 etiam
693 2553 815 2612 post
841 2558 1018 2598 causa:
1047 2559 1271 2598 examen
1320 2544 1726 2600 satisfacturum
1776 2544 2066 2614 pollicitus,

485 2632 542 2686 id
570 2631 783 2688 enixius
818 2643 1024 2703 peteret
1055 2649 1068 2688 :
1110 2650 1205 2692 rex
1225 2675 1238 2698 ,
1269 2635 1520 2704 inquam,
1553 2637 1770 2706 quicum
1800 2645 1859 2690 ut
1885 2634 2071 2689 mitius

487 2735 757 2792 ageretur,
800 2725 1139 2793 postulabant
1194 2726 1448 2782 Ecclesia:
1503 2727 1818 2792 necessitas,
1883 2742 2066 2782 rerum

487 2824 898 2884 temporumque
935 2817 1382 2883 circumstantim;
1420 2835 1514 2874 rex
1543 2819 1796 2888 denique,
1836 2819 1928 2888 qui
1959 2833 2067 2872 non

485 2902 562 2972 ita
586 2905 814 2973 pridem,
853 2907 918 2960 ad
946 2908 1216 2976 pontificis
1244 2910 1630 2976 obedientiam,
1675 2912 1874 2982 spretis
1919 2910 2066 2964 schi-

485 2995 747 3058 smaticis,
789 3009 1110 3053 accesserat.
1159 2999 1315 3055 Certe
1355 3018 1449 3055 nec
1483 3011 1628 3065 tunc,
1660 3017 1759 3057 nec
1790 3012 1910 3072 post
1938 3001 2065 3056 illud

485 3094 700 3155 tempus
747 3087 996 3144 Urbanus
1027 3091 1208 3160 pravis
1243 3091 1496 3148 Willelmi
1527 3095 1667 3162 regis
1701 3094 2064 3150 voluntatibus
2093 3139 2136 3164 η

485 3178 779 3233 connivere
807 3195 1040 3248 unquam
1069 3183 1216 3237 visus
1245 3195 1347 3248 est,
1380 3200 1478 3239 nec
1504 3186 1556 3240 in
1587 3195 1859 3255 posterum
1885 3186 2065 3240 minus

485 3279 648 3333 quam
678 3277 834 3322 antea
875 3271 1124 3328 Anselmo
1153 3271 1313 3338 favit;
1347 3275 1472 3340 imo,
1505 3286 1561 3330 ut
1605 3277 1718 3346 ipse
1762 3277 2064 3332 Eadmcrus

484 3352 674 3421 refert,
710 3373 832 3412 eum
883 3359 1039 3414 vellet
1071 3361 1153 3415 vir
1181 3376 1400 3417 sanetus
1428 3365 1746 3434 Lugdunum
1803 3365 1998 3426 redire,
2034 3383 2065 3418 a

481 3463 620 3517 papa
663 3451 953 3519 prohibitus
987 3462 1085 3518 est,
1124 3467 1334 3524 propter
1393 3457 1672 3510 concilium
1728 3457 1864 3527 quod
1913 3458 2066 3510 tertia

481 3539 807 3595 hebdomada
833 3542 1052 3598 Pascha:
1084 3543 1263 3600 Roma:
1297 3564 1352 3600 se
1380 3548 1683 3602 habitarunt
1713 3558 1991 3602 statuerat.

721 3631 1084 3688 CCCXXXIlI.
1117 3635 1356 3693 Honores
1383 3639 1626 3694 Anselmo
1659 3639 1842 3694 delati.

560 3720 678 3786 Quo
709 3733 884 3777 autem
911 3725 1029 3780 loco
1058 3727 1271 3782 habitus
1309 3745 1482 3799 quoe
1511 3733 1714 3786 honore
1742 3733 1812 3787 sit
1836 3734 2065 3787 donatus

486 3815 541 3866 in
573 3814 707 3868 urbe
734 3816 816 3868 vir
841 3827 1062 3876 sanctus
1093 3829 1204 3873 toto
1231 3837 1296 3875 eo
1329 3824 1583 3892 temporis
1620 3824 1932 3886 intervallo.
1963 3841 2063 3878 cx-

486 3902 639 3971 ponit
685 3904 824 3959 idem
874 3917 1060 3962 auctor
1101 3919 1211 3965 tum
1264 3912 1316 3964 in
1364 3913 1479 3981 ejus
1509 3911 1652 3976 Vita,
1689 3925 1796 3968 tum
1830 3915 1882 3968 in
1910 3914 2066 3970 l.bris

487 3989 784 4058 Novarum,
816 3995 897 4049 his
932 3999 1108 4052 verbis
1135 4017 1145 4051 :
1185 4018 1201 4049 ι
1233 4000 1421 4054 ltlorati
1457 4002 1637 4071 itique
1659 4019 1864 4068 sumus,
1890 4005 2063 4073 inquit

486 4080 576 4137 ille
606 4095 821 4150 auctor,
865 4087 1036 4142 ferme
1071 4104 1167 4158 per
1211 4091 1491 4146 dimidium
1531 4109 1765 4158 annum,
1807 4097 2061 4149 continue

483 4173 626 4228 circa
649 4191 836 4245 papam
865 4179 1138 4249 degentes,
1162 4191 1215 4236 et
1235 4183 1386 4251 quasi
1414 4185 1467 4237 iu
1489 4199 1770 4238 commune
1798 4185 2060 4250 viventes,

483 4276 583 4316 nec
608 4266 752 4317 enim
798 4267 945 4331 duae,
991 4270 1086 4323 sed
1137 4286 1243 4326 una
1283 4273 1568 4328 videbatur
1594 4275 1875 4328 amborum
1909 4279 2059 4328 curia

483 4367 621 4436 esse.
661 4354 814 4410 Unde
843 4367 892 4411 et
942 4359 1054 4428 ipse
1097 4377 1232 4430 papa
1281 4363 1594 4434 frequenter
1640 4366 1705 4420 ad
1740 4367 2057 4422 Auselmum

2175 1896 2462 1951 Anselmus
2503 1914 2697 1955 nomen
2744 1903 2963 1968 reticet,
3002 1902 3277 1962 Urbanum
3332 1909 3503 1966 fuisse
3553 1914 3750 1968 diserte

2177 1986 2372 2042 asserit
2399 1987 2670 2044 Goll'ridus
2705 1989 2986 2048 Vindocini
3030 1995 3198 2052 abbas
3227 2000 3386 2066 epist.
3419 2001 3511 2065 2|,
3546 2002 3641 2057 lib.
3683 2019 3752 2068 tv,

2182 2073 2234 2128 iu
2291 2091 2398 2144 qua
2443 2076 2685 2133 Odonem
2747 2082 2998 2143 abbatem
3037 2085 3255 2154 Majoris
3309 2089 3653 2158 Moaasterii,
3689 2096 3753 2148 uti

2176 2175 2363 2222 censet
2393 2167 2733 2235 Sirmondus,
2765 2173 2832 2227 ab
2862 2175 3049 2230 eodem
3078 2181 3459 2248 peregrinandi
3486 2184 3751 2241 desiderio

2178 2259 2463 2314 retrahere
2508 2273 2762 2328 conatur;
2825 2282 2842 2315 ι
2880 2269 3022 2335 quod
3076 2268 3366 2335 Urbanus,
3429 2274 3524 2342 qui
3584 2278 3754 2332 eundo

2174 2345 2472 2402 Jerusalem
2501 2353 2834 2422 peregrinari
2869 2368 3199 2427 praeceperat
3234 2359 3409 2429 laicis,
3450 2364 3625 2432 ipsam
3666 2385 3754 2438 pe-

2175 2440 2598 2508 regrinationem
2651 2448 2932 2503 monachis
2970 2451 3370 2521 prohibuisset,
3411 2461 3560 2519 quod
3601 2475 3662 2514 se
3698 2477 3756 2520 ex

2175 2528 2295 2598 ipso
2322 2533 2590 2599 pontiﬁcis
2630 2551 2726 2590 ore
2775 2539 3048 2596 audivisse
3092 2552 3345 2600 testatur.
3402 2566 3422 2600 ι
3479 2550 3599 2604 Alia
3647 2555 3756 2608 vice

2171 2617 2464 2714 ltuselmus
2493 2623 2561 2678 ab
2590 2625 2810 2680 Urbano
2841 2631 3164 2698 postulavit,
3206 2645 3267 2690 ut
3295 2637 3400 2692 sibi
3437 2643 3755 2714 quandoque

2173 2707 2364 2764 liceret
2397 2726 2664 2768 canonum
2710 2717 2946 2786 rigorem
2997 2723 3155 2789 paulo
3183 2707 3515 2795 temperare,
3560 2707 3689 2786 cum.
3709 2735 3753 2786 id

2171 2812 2350 2852 rerum
2380 2801 2542 2854 statui
2573 2803 2625 2856 iu
2649 2802 2837 2874 Anglia
2886 2809 3280 2867 conducibilius
3325 2815 3428 2870 sibi
3460 2817 3748 2875 videretur.

2172 2885 2323 2951 Quod
2356 2897 2467 2942 tum
2498 2890 2564 2944 ab
2591 2906 2655 2946 eo
2684 2893 2963 2961 pontiﬁce,
3004 2907 3115 2952 tum
3146 2901 3314 2956 etiam
3351 2918 3381 2958 a
3411 2904 3627 2962 Pascali
3674 2910 3740 2962 ta-

2171 2977 2272 3031 cile
2325 2979 2661 3049 impetravit,
2701 2994 2758 3037 ut
2801 2987 3158 3062 cx‘ejusdem
3199 2990 3484 3052 Paschalis
3532 3000 3746 3068 cpistola

2169 3083 2337 3142 patet,
2365 3074 2461 3130 lib.
2487 3093 2568 3142 nt,
2600 3094 2748 3132 num.
2779 3080 2847 3134 45
2880 3080 3023 3135 inter
3047 3084 3449 3145 Anselmianas.
3481 3091 3745 3149 Interdum

2169 3167 2495 3234 quaestiones
2536 3169 2700 3224 eliam
2745 3171 2812 3226 de
2840 3175 3005 3228 variis
3034 3177 3429 3236 ecclesiastica:
3459 3183 3744 3254 disciplima

2166 3255 2433 3323 capitibus
2458 3257 2509 3311 in
2538 3258 2622 3312 his
2652 3259 2937 3330 colloquiis
2971 3264 3328 3324 familiaribus
3365 3271 3740 3328 miscebantur.

2166 3346 2262 3402 His
2294 3351 2572 3405 accenseri
2623 3352 2782 3408 debet
2802 3394 2817 3419 ,
2846 3364 2905 3408 ut
2960 3358 3176 3426 quidem
3227 3362 3468 3428 videtur,
3500 3380 3563 3418 ea
3595 3381 3743 3434 quant

2168 3444 2363 3493 tractat
2394 3441 2680 3496 Ansclmus
2704 3442 2796 3498 lib.
2842 3461 2939 3512 ιιι,
2969 3449 3130 3517 epist.
3162 3451 3286 3514 159,
3317 3454 3385 3508 de
3412 3454 3572 3509 altari
3611 3458 3738 3525 quod

2165 3544 2197 3582 e
2226 3545 2324 3588 suo
2349 3529 2466 3585 loco
2489 3541 2690 3586 motum
2719 3533 2916 3600 fuerat,
2946 3553 3012 3592 an
3062 3539 3284 3596 deberet
3326 3544 3524 3610 iterum
3563 3561 3738 3601 conse-

2165 3622 2328 3674 crari.
2355 3620 2434 3675 Eo
2465 3621 2590 3689 loci,
2623 3625 2763 3679 sicut
2789 3637 2843 3680 et
2868 3627 2957 3682 lvo
2978 3631 3135 3699 epist.
3167 3631 3234 3686 72
3257 3643 3310 3688 et
3333 3635 3423 3700 80,
3457 3647 3616 3706 atque
3643 3639 3724 3691 alii

2165 3709 2282 3776 ejus
2313 3711 2410 3764 atri
2443 3713 2758 3778 canonistze,
2788 3731 2892 3771 non
2945 3719 3104 3774 modo
3146 3721 3342 3786 altare,
3375 3725 3468 3788 sed
3493 3737 3551 3780 et
3578 3726 3728 3797 ipsam

2166 3799 2450 3856 ecclesiam
2481 3818 2545 3856 ea
2577 3806 2866 3864 occasione
2895 3809 2961 3862 de
2990 3825 3130 3864 novo
3162 3817 3590 3871 consecrandam
3625 3833 3727 3871 esse

2165 3902 2406 3956 censent,
2453 3896 2597 3964 quod
2631 3896 2813 3953 Lobiis
2840 3899 3040 3955 factum
3072 3902 3236 3959 fuisse
3269 3906 3530 3962 discimus
3556 3909 3605 3962 in
3631 3911 3721 3963 Ge-

2169 3983 2269 4036 stis
2292 3981 2408 4050 ejus
2442 3983 2544 4040 loci
2577 3987 2826 4042 abbatum
2860 3999 3003 4046 tomo
3034 3993 3096 4047 Vl
3127 3993 3428 4066 Spicilcgii,
3457 4015 3576 4068 pag.
3605 4000 3717 4058 609:

2164 4082 2218 4126 at
2267 4073 2369 4127 iste
2402 4075 2540 4130 ritus
2574 4078 2734 4134 modo
2783 4081 2833 4134 in
2864 4081 3272 4139 desuetudinem
3307 4087 3466 4142 abiit.
3505 4089 3619 4143 Haec
3641 4105 3717 4142 au-

2164 4170 2269 4217 tem
2315 4168 2540 4234 quaestio
2593 4172 2952 4226 assistentibus
2997 4175 3308 4243 quibusdam
3363 4181 3634 4250 episcopis,
3674 4189 3718 4233 ut

2159 4254 2449 4312 Anselmus
2514 4268 2778 4326 testatur,
2843 4279 3024 4318 coram
3084 4265 3305 4322 Urbano
3362 4272 3564 4340 agitata
3612 4271 3716 4332 fuit,

2161 4347 2376 4400 cunctis
2413 4363 2476 4402 ea
2507 4365 2625 4418 qua:
2668 4352 2766 4406 sibi
2807 4365 2954 4409 recta
3002 4357 3323 4412 videbantur
3355 4359 3526 4416 libere
3565 4361 3718 4433 profe-

481 4435 736 4498 vemcbat
775 4445 894 4500 huc
937 4464 1055 4504 sese
1081 4466 1200 4504 cum
1228 4465 1292 4504 eo
1323 4455 1556 4523 agendo,
1585 4464 1640 4510 et
1661 4456 1864 4509 tum",
1900 4456 1950 4510 ei
1977 4456 2056 4510 [³,
2088 4480 2132 4538 D
2161 4435 2426 4538 rentibus.
2456 4437 2608 4538 Unde
2628 4450 2774 4538 patet
2799 4445 3103 4538 complures
3128 4447 3180 4500 in
3209 4447 3475 4515 ejusmodi
3505 4451 3720 4506 collatio-

481 4534 692 4589 ciendo.
723 4536 878 4591 Dedit
913 4554 1128 4608 quoque
1160 4542 1233 4595 illi
1261 4544 1576 4613 hospitium,
1611 4546 1663 4599 in
1695 4562 1799 4614 quo
1829 4562 2055 4601 convcr-

477 4625 754 4680 sabamur.
773 4668 786 4680 .
810 4668 823 4680 .
843 4667 857 4682 .
879 4669 892 4682 .
927 4630 1044 4701 Ipse
1075 4633 1347 4689 Anselmus
1390 4638 1441 4690 in
1474 4650 1740 4693 conventu
1771 4640 2050 4706 nobilimn,

479 4715 534 4769 in
565 4719 1022 4786 processionibus,
1053 4723 1104 4776 in
1131 4724 1454 4781 stationibus
1477 4744 1687 4798 semper
1721 4739 1776 4784 et
1795 4731 1992 4799 ubique
2024 4749 2053 4784 a

479 4819 615 4874 papa
640 4809 906 4864 secumlus
931 4822 1050 4866 erat
1073 4853 1086 4877 ,
1117 4828 1228 4881 pra:
1251 4819 1462 4872 cunctis
1484 4820 1810 4886 honoratus,
1845 4823 2054 4877 cunctis

479 4906 754 4962 acceptus.
805 4896 940 4952 Rem
997 4901 1178 4956 subdit
1223 4903 1276 4956 in
1320 4905 1440 4960 Vita
1479 4920 1780 4963 memoratu
1816 4912 2050 4982 dignam.

477 4984 634 5054 Angli
667 4985 772 5040 illis
804 4992 1136 5059 temporibus
1177 4992 1403 5048 Romam
1450 4998 1726 5052 venientes
1755 5002 1915 5068 pedes
1944 5004 2054 5057 Au-

475 5072 630 5126 sclmi
662 5075 730 5129 ad
759 5077 931 5132 instar
973 5081 1167 5148 pedum
1199 5082 1427 5138 ltomani
1471 5087 1741 5155 pontiﬁcis
1778 5106 1872 5144 sua
1905 5093 2054 5147 obla-

476 5168 624 5228 tione
673 5169 939 5227 honorare
979 5177 1380 5232 desiderabant.
1422 5199 1440 5230 ι
1473 5181 1581 5236 Nec
1617 5197 1741 5236 vero
1791 5183 2048 5240 invidiam

473 5270 538 5318 ea
569 5256 636 5312 de
665 5273 722 5313 rc
749 5259 981 5328 aliquam
1027 5280 1218 5332 passus
1257 5277 1340 5322 est
1380 5269 1662 5337 Urbanus,
1691 5275 1794 5327 aud
1822 5275 1875 5328 id
1908 5292 2049 5344 aegre

473 5364 714 5418 unquam
747 5353 899 5417 tulit;
935 5354 1041 5409 imo
1065 5372 1186 5411 cum
1232 5361 1538 5416 rescivissct
1571 5363 1882 5420 Anselnmm
1925 5369 2048 5423 huic

473 5441 767 5512 Anglorum
801 5445 1070 5502 devotioni
1099 5453 1444 5522 acquiescere
1473 5474 1744 5529 nunquam
1785 5462 2042 5528 voluisse,

473 5531 766 5588 admiratus
819 5538 870 5590 in
923 5538 1126 5593 homine
1176 5543 1520 5600 humilitatem
1578 5550 1859 5620 mundique
1918 5570 2040 5606 con-

469 5630 911 5698 temptum,jnssit
935 5631 982 5683 ci
1009 5649 1115 5685 sese
1142 5635 1193 5688 in
1219 5653 1271 5688 se
1303 5647 1489 5702 tenere,
1515 5652 1559 5692 et
1591 5642 1789 5695 nullum
1813 5643 1935 5697 bene
1962 5646 2044 5712 fa-

474 5735 583 5776 cere
642 5721 776 5775 ultra
835 5724 1078 5779 volentem
1125 5730 1419 5796 prohibere;
1472 5736 1559 5785 sul
1610 5752 1780 5789 omnes
1823 5754 1915 5802 pro
1946 5738 2040 5790 tali

2161 4526 2344 4594 uilius,
2381 4539 2431 4582 ct
2457 4531 2676 4598 quidem
2710 4533 2906 4589 diversi
2933 4539 3146 4592 ordinis
3191 4539 3444 4596 homines
3481 4543 3717 4598 adfuisse.

2156 4615 2332 4681 Certe,
2365 4630 2424 4672 ut
2447 4622 2606 4676 modo
2633 4623 2966 4692 videbamus,
2993 4637 3046 4681 et
3073 4629 3360 4686 Anselmus
3381 4634 3718 4704 archiepisco-

2158 4725 2275 4777 pus,
2301 4721 2354 4765 et
2383 4711 2654 4770 Goﬁ‘ridus
2690 4717 2858 4774 abbas
2881 4731 3181 4786 praesentes
3208 4733 3390 4789 erant,
3416 4741 3539 4780 cum
3559 4736 3716 4780 actum

2156 4798 2256 4854 fuit
2288 4801 2338 4854 in
2367 4801 2630 4871 ejusmodi
2659 4808 2933 4876 pontificis
2963 4826 3221 4868 consessu
3251 4813 3319 4867 de
3349 4817 3713 4871 monachorum

2153 4889 2589 4950 Jcrosolimitana
2642 4902 3101 4970 peregrinatione.
3165 4905 3331 4962 Forte
3392 4910 3486 4964 uni
3533 4926 3595 4964 ex
3640 4909 3712 4963 bis

2153 4983 2435 5054 colloquiis
2464 4987 2783 5045 interfuerat
2823 4993 3262 5066 archipresbyter
3305 4999 3708 5070 Andegaveusis.

2158 5074 2241 5142 ἰιιί
2278 5074 2516 5132 Roberto
2542 5080 2949 5139 Arbrisscllensi
2971 5126 2984 5149 ,
3015 5095 3070 5140 nt
3102 5086 3156 5140 in
3187 5087 3303 5155 ejus
3329 5087 3449 5143 Vita
3486 5091 3705 5150 habetur.

2145 5170 2471 5235 proponenti
2513 5169 2865 5229 Petrouillam
2903 5177 3118 5231 viduam
3159 5188 3215 5234 ut
3243 5179 3516 5236 abbatissa
3551 5181 3700 5240 fieret.

2149 5256 2322 5325 palam
2357 5269 2584 5315 testatus
2625 5273 2726 5330 est,
2762 5281 2830 5320 ne
2879 5266 2931 5320 id
2972 5278 3360 5335 rcmorarctur,
3393 5286 3454 5326 se
3496 5270 3698 5324 audiisse

2148 5363 2270 5402 cum
2297 5350 2478 5407 Roma:
2501 5364 2646 5408 esset
2671 5355 2740 5409 ab
2769 5355 2988 5411 Urbano
3013 5357 3053 5412 ll
3079 5359 3295 5413 viduam
3325 5369 3552 5429 quatuor
3578 5359 3692 5411 viro-

2150 5453 2265 5491 rum
2290 5456 2387 5510 pro
2410 5445 2734 5501 necessitate
2755 5447 2985 5500 abbatiae
3006 5449 3406 5520 praefici-posse.

2146 5552 2490 5607 CCCXXXV.
2526 5555 2987 5613 Schismaticorum
3010 5562 3064 5614 in
3094 5561 3396 5615 Anselmum
3414 5570 3672 5617 reverentia.

2216 5645 2387 5698 Tanta
2433 5662 2561 5699 vero
2608 5649 2912 5704 sanctitatis
2968 5660 3021 5704 et
3083 5651 3343 5706 doctrina:
3388 5650 3546 5713 fama,
3589 5662 3670 5714 (μω

2147 5737 2325 5791 ltoinze
2372 5738 2601 5806 pollebat
2646 5739 2967 5808 Ansclmus,
3016 5743 3155 5798 haud
3212 5743 3414 5800 inutilis
3458 5740 3666 5797 Ecclesia:
