3892 6320
148 359 234 416 εις)
998 401 1022 416 _
1563 343 1736 398 vrrA.

3222 358 3326 412 250

147 476 254 536 fuit,
286 480 391 522 cum
421 460 558 516 multi
604 459 933 513 sehismatici
965 472 1027 512 ea
1069 457 1296 526 ρανιιιοιῑ
1337 457 1402 511 ad
1455 456 1651 511 Urbani
1681 461 1728 520 Α
1757 476 1926 530 νίψω,
1955 466 2044 534 qui
2071 465 2236 532 locus,
2273 470 2347 522 uti
2383 469 2676 525 Eadmerus
2713 471 3072 540 prosequitur,
3099 488 3201 525 non
3233 477 3326 526 ob-

142 559 456 622 obcdientiam
485 553 615 608 tanti
647 552 746 605 viri
779 551 1024 619 exemplo
1051 551 1395 610 accesserint,
1427 549 1657 602 fremen-

143 656 278 712 tibus,
315 647 384 701 uti
432 643 677 699 observat
723 640 961 695 Joannes
1005 638 1424 694 Sarisheriensis
1462 639 1514 690 iu
1541 637 1657 707 ejus

144 746 256 806 Vita,
284 734 620 795 Henricianis.
656 731 847 785 Mirum
877 741 960 786 est
1002 731 1142 799 quod
1186 744 1247 783 ea
1296 729 1362 783 de
1413 744 1468 781 re
1497 727 1660 782 habet

139 833 411 887 l'ladiuerus.
459 824 626 890 Quid,
684 823 888 891 inquit,
934 824 1157 892 referant
1197 820 1473 876 nonnullos
1526 819 1656 872 cives

136 921 300 983 Urbis,
326 931 535 987 quorum
573 914 754 983 ingens
791 913 1068 966 multitudo
1105 921 1314 981 prapter
1352 910 1655 978 ﬁdelitatem

133 1010 417 1082 imperatoris
457 1005 552 1075 ipsi
587 1022 736 1074 νίψω
779 1015 890 1062 erat
929 1006 1151 1074 infesta,
1191 1019 1559 1070 nonnunquam
1603 1003 1656 1055 in

132 1117 264 1155 unum
293 1095 945 1167 conglobatos,dnselntum
976 1113 1006 1149 a
1030 1093 1303 1148 Laterani:
1326 1094 1395 1146 ad
1420 1102 1654 1146 sanctum

133 1190 313 1244 Petrum
343 1196 537 1241 euntem
566 1201 681 1239 cum
714 1187 823 1239 suis
852 1195 1063 1254 prapter
1089 1185 1266 1239 odium
1293 1200 1440 1253 papa:
1475 1198 1656 1250 capere

129 1280 348 1342 volentes;
384 1277 468 1331 sed
516 1293 637 1329 mox
674 1277 780 1331 viso
815 1275 959 1330 vultu
1009 1277 1124 1345 ejus
1161 1277 1367 1329 territos
1411 1273 1656 1343 projectis

127 1369 260 1422 armis
283 1378 410 1420 terra
431 1367 787 1434 procumbere,
822 1375 870 1418 et
898 1382 952 1419 se
991 1365 1133 1418 illius
1175 1364 1526 1418 benedictione
1561 1363 1652 1414 dc-

125 1471 302 1524 poscere
322 1455 574 1523 insigniri.
611 1452 736 1507 Haec
769 1455 822 1507 in
853 1455 1122 1522 specimen
1164 1455 1336 1516 dicta,
1373 1453 1522 1520 plura
1555 1451 1653 1504 ha-

124 1549 290 1603 bentur
312 1546 441 1616 apud
467 1545 786 1599 Eadmerum
810 1554 864 1600 et
889 1546 1022 1600 alios
1042 1554 1289 1599 auctores
1310 1543 1651 1614 Anglicanas,

122 1652 234 1706 quos
265 1635 534 1691 consulere
561 1635 706 1690 licet.

204 1724 551 1781 CCCXXX".
583 1725 825 1781 Urbanus
855 1726 1035 1782 Roma:
1062 1728 1315 1798 synodum
1343 1726 1544 1780 indicit.

1759 554 1901 606 scuri
1935 554 2149 609 honoris
2177 558 2231 610 in
2256 559 2349 610 tali
2389 569 2640 613 conventu
2688 559 2815 613 solet
2845 561 3043 613 haberi.
3085 560 3242 615 Certe
3273 563 3326 616 in

1758 643 1987 699 concilio
2049 646 2300 702 Hennensi
2345 664 2490 702 anno
2538 648 2675 705 1099
2719 651 2978 705 sedebant
3037 650 3224 706 Patres
3271 651 3324 706 iu

1757 733 1969 788 modum
2019 753 2225 790 corona:
2269 737 2547 807 dispositi,
2582 739 2656 792 ita
2710 748 2767 792 ut
2815 739 2922 793 Leo
2969 738 3038 792 ΙΧ
3086 739 3323 808 pontifex

1757 824 1953 878 sedens
1981 842 2123 880 verso
2154 825 2297 879 vultu
2328 829 2396 880 ad
2427 829 2722 895 sepulcrum
2751 830 2916 882 sancti
2948 828 3196 898 Remigii,
3230 831 3322 884 ha-

1756 914 1909 970 beret
1948 933 2014 972 ex
2062 920 2307 987 opposito
2333 930 2454 973 ante
2481 920 2659 974 oculos
2706 920 3021 975 Remensem
3056 931 3110 976 et
3139 922 3324 976 Trevi—

1759 1019 1966 1059 rensem
1990 1007 2552 1078 archiepiscopos,qui
2575 1010 2776 1080 primas
2800 1011 2954 1065 sedes
2970 1012 3326 1080 occupabant.

1755 1098 1811 1153 In
1859 1103 2130 1156 veteribus
2181 1101 2462 1158 Bernensis
2499 1105 2790 1173 provincia:
2830 1105 3193 1160 monumentis
3227 1105 3330 1160 Ca-

1755 1193 2083 1249 meracensis
2133 1194 2445 1264 episcOpus,
2501 1213 2569 1251 ex
2635 1197 2883 1267 opposito
2937 1196 3327 1265 metropolitani

1757 1277 1936 1334 locum
1965 1282 2162 1337 habere
2186 1286 2542 1353 conspicitur,
2571 1296 2630 1340 ut
2672 1296 2725 1340 et
2759 1286 3004 1340 Dolensis
3031 1285 3082 1338 in
3115 1285 3329 1354 provin-

1755 1371 1838 1425 cia
1879 1373 2204 1442 Turonensi,
2243 1391 2361 1444 quae
2387 1380 2504 1431 dua:
2533 1377 2784 1430 Ecclesiae
2812 1378 2911 1431 etsi
2944 1386 3070 1430 sunt
3098 1376 3334 1431 illustres

1756 1460 1898 1514 inter
1928 1461 2082 1527 alias,
2113 1474 2305 1518 neutra
2331 1475 2510 1519 tamen
2537 1481 2646 1519 suae
2672 1465 2962 1535 provinciae
2989 1473 3109 1535 post
3129 1475 3328 1520 metro-

1755 1549 1950 1617 polim,
1980 1553 2370 1620 protothronus
2416 1569 2508 1608 seu
2559 1555 2812 1622 primaria
2849 1555 3004 1608 sedes
3049 1563 3152 1608 est.
3199 1553 3334 1607 Nam

1756 1642 1810 1693 iu
1837 1640 2052 1710 Belgica
2088 1645 2325 1698 secunda
2355 1645 2495 1698 hanc
2533 1645 2850 1714 dignitatem
2889 1643 3333 1706 Suessionensis,

1755 1740 1810 1786 et
1855 1732 1907 1786 in
1948 1732 2294 1803 Lugdunensi
2361 1736 2518 1790 tertia
2576 1736 3039 1791 Cenomannensis
3094 1735 3334 1790 Ecclesia

181 1812 401 1868 Urbanus
425 1813 607 1883 itaque
629 1855 643 1878 ,
672 1816 1044 1871 deﬁcientibus
1075 1816 1126 1869 iu
1159 1816 1274 1870 dies
1301 1815 1484 1868 Roma:
1507 1813 1650 1866 Hen—
1685 1824 1729 1882 Β
1757 1837 1972 1893 semper
2001 1824 2262 1891 οδιίηιιίι,
2291 1828 2367 1881 uti
2400 1843 2466 1880 ει
2494 1828 2881 1882 vetustioribus
2909 1826 3205 1882 Galliarum
3235 1842 3337 1882 ηο-

119 1903 405 1957 ricianorum
430 1905 656 1970 viribus,
683 1905 852 1973 magis
897 1922 960 1960 ac
1001 1906 1174 1976 magis
1217 1906 1270 1959 in
1312 1904 1653 1958 adversarios

117 1992 419 2061 praevalebat,
450 1994 522 2046 ita
551 2005 609 2049 ut
653 1994 825 2050 Natali
863 1996 1075 2050 Domini
1103 2013 1220 2049 cum
1268 2012 1456 2064 magna
1499 2011 1650 2064 pace,

115 2083 262 2152 inquit
285 2081 586 2150 Bertoldus,
619 2086 802 2141 Bonae
845 2087 1144 2153 celebrato,
1179 2085 1378 2141 Urbem
1431 2084 1655 2140 omnino

112 2174 195 2227 sub
219 2189 308 2228 suo
334 2175 594 2231 dominio
619 2186 745 2232 tunc
776 2177 1044 2232 habuerit.
1081 2177 1221 2230 Nam
1263 2186 1310 2229 et
1334 2217 1347 2239 ,
1375 2185 1433 2228 ut
1463 2189 1652 2244 prose-

109 2261 267 2330 quitur
293 2262 376 2316 ille
399 2272 619 2328 auctor,
647 2265 918 2319 castellum
959 2265 1140 2321 Sancti
1172 2264 1356 2335 Angeli
1389 2281 1505 2318 cum
1535 2262 1655 2317 aliis

110 2353 443 2407 munitionibus
511 2356 565 2407 in
612 2373 710 2409 sua
757 2366 1008 2425 potestate
1074 2357 1328 2420 detinuit,
1378 2370 1656 2423 omnesque

107 2443 292 2497 amulos
318 2461 435 2499 suos
469 2447 526 2499 in
552 2447 756 2500 civitate
781 2464 896 2500 cum
929 2447 1026 2501 Dei
1051 2447 1315 2516 adjutorio
1341 2447 1468 2500 satis
1495 2444 1657 2500 virili-

107 2548 170 2590 ter
191 2550 271 2591 aut
300 2540 563 2608 placarit,
594 2551 686 2596 aut
727 2542 775 2595 vi
815 2541 1129 2610 perdomuit.
1186 2539 1338 2595 Unde
1385 2554 1504 2595 cum
1537 2554 1568 2594 e
1598 2554 1656 2594 re

104 2627 378 2685 Christiana
400 2643 660 2688 censeret
687 2647 805 2688 esse
826 2631 1067 2703 pontifex
1095 2632 1345 2702 generale
1367 2632 1652 2687 concilium

104 2723 398 2787 convocari,
454 2723 725 2793 synodum
793 2740 943 2776 suam
1002 2724 1056 2776 in
1119 2724 1270 2775 tertia
1331 2722 1654 2776 hebdomade

103 2805 256 2863 Romae
276 2811 645 2866 celebrandam
666 2823 780 2882 post
810 2813 1036 2880 Pascha,
1063 2813 1232 2866 missis
1255 2813 1441 2867 litteris
1466 2829 1656 2881 usque-

101 2888 282 2968 quaque.
323 2901 677 2956 denuntiavit.
737 2902 875 2956 Eum
939 2918 1066 2957 vero
1115 2902 1382 2971 reliquum
1442 2912 1656 2970 tempus

102 3000 248 3054 usque
272 2989 334 3042 ad
375 2990 576 3060 synodi
620 2989 1034 3045 celebrationem
1076 2991 1126 3045 in
1154 2990 1298 3045 Urbe
1329 2992 1656 3061 transegisse

98 3093 154 3130 ex
179 3079 438 3137 Eadmcro
499 3091 553 3136 et
598 3081 855 3138 Bertoldo
885 3082 1044 3138 facile
1089 3083 1374 3152 colligitur,
1415 3081 1540 3136 licet
1588 3097 1652 3138 ea

1758 1913 1888 1967 titiis
1917 1926 2149 1970 constat.

1826 2004 2124 2060 Concilium
2175 2008 2228 2060 ia
2275 2008 2496 2062 basilica
2556 2008 2740 2063 Sancti
2809 2008 2953 2062 Petri
3007 2006 3337 2063 celebratum

1759 2093 1926 2150 fuisse
1976 2096 2176 2151 diserte
2225 2098 2388 2152 habet
2438 2109 2593 2152 vetns
2643 2098 2809 2153 codex
2857 2099 2975 2167 ejus
3020 2111 3336 2162 canonum,

1756 2181 2031 2239 Lamberti
2061 2186 2434 2241 Atrebatensis
2462 2188 2653 2246 dictus,
2689 2188 2978 2256 etquidem
3007 2188 3336 2240 hebdomade

1756 2271 1908 2325 tertia
1943 2269 2194 2338 Pascha),
2248 2289 2341 2328 seu
2396 2286 2510 2344 post
2555 2273 2786 2338 Pascha,
2839 2283 2897 2328 ut
2949 2275 3232 2329 Bertoldus
3276 2285 3334 2330 et

1758 2359 2077 2416 llovedenus
2124 2363 2354 2426 habent;
2388 2374 2442 2418 et
2487 2374 2672 2433 aperte
2705 2364 2926 2417 oninino
2952 2364 3118 2417 codex
3175 2362 3340 2417 Lam-

1756 2451 1928 2514 berti,
1971 2451 2023 2504 in
2052 2453 2280 2506 secunda
2325 2453 2597 2506 Dominica
2627 2464 2740 2520 post
2785 2453 2968 2518 Albas,
2999 2469 3102 2522 qua
3130 2453 3338 2506 miseri—

1758 2539 1940 2593 cordia
1991 2540 2205 2594 Domini
2251 2555 2523 2596 causatur.
2557 2543 2604 2597 ls
2633 2560 2752 2596 cum
2779 2544 3055 2612 subjungit
3100 2543 3341 2610 ejusdem

1756 2630 1944 2698 synodi
1974 2629 2186 2684 decreta
2211 2633 2380 2701 pridie
2409 2631 2676 2687 Kalendas
2710 2633 2841 2686 Maii
2871 2634 2998 2686 data
3043 2633 3216 2687 fuisse
3260 2633 3343 2687 in-

1757 2721 1872 2774 nuit
1899 2724 2162 2791 synodum
2186 2725 2504 2794 perdurasse
2533 2735 2639 2779 tota
2675 2726 2774 2780 hac
2806 2727 3159 2781 hebdomade.
3187 2726 3344 2782 Unde

1756 2824 1858 2864 nec
1897 2810 2202 2865 Chronicon
2255 2813 2610 2868 Malleacense
2663 2816 2979 2882 aberravit,
3011 2815 3099 2870 ubi
3147 2815 3344 2885 legitur

1757 2899 1899 2952 hanc
1921 2898 2183 2968 synodum
2215 2915 2285 2953 vu
2319 2899 2588 2956 Kalendas
2617 2902 2739 2956 Maii
2771 2902 3102 2959 celebratam
3128 2903 3335 2969 luisse;

1758 3003 1865 3043 nec
1896 2990 2118 3044 codices
2148 3008 2174 3042 a
2206 2991 2381 3055 Binio,
2417 2993 2726 3058 Sirmondo,
2757 3006 2848 3048 aut
2879 2993 3096 3049 Lahbeo
3118 2992 3344 3058 laudati,

1757 3081 1847 3150 qui
1879 3081 2019 3134 diem
2049 3082 2078 3132 7
2104 3093 2198 3135 aut
2227 3083 2278 3147 6,
2310 3095 2408 3139 θυι
2437 3086 2600 3138 etiam
2633 3102 2668 3139 ll
2699 3086 2966 3140 Kalendas
3001 3085 3121 3139 Maii
3151 3082 3345 3154 praefe-

99 3183 200 3237 quze
225 3172 354 3227 tunc'
372 3174 441 3228 ab
485 3174 575 3229 illo
604 3184 754 3244 gesta
785 3173 984 3228 fuerint
1009 3174 1349 3242 ignoremus,
1377 3174 1479 3228 nisi
1514 3173 1656 3241 quod
1686 3170 1727 3226 C
1760 3185 1904 3232 rant.
1934 3175 2095 3232 Certe
2136 3179 2250 3246 ipsa
2289 3179 2565 3233 Dominica
2607 3180 2779 3232 tertiae
2807 3179 3190 3243 hebdomadas,
3221 3195 3344 3250 quin

96 3261 174 3315 illo
221 3264 514 3320 intervallo
559 3267 664 3322 duo
712 3267 988 3336 privilegia
1041 3267 1263 3321 totidem
1313 3266 1657 3322 monasteriis

96 3356 420 3420 concesserit,
476 3371 596 3425 qua:
619 3365 924 3425 supersunt.
960 3356 1196 3411 Primum
1228 3365 1311 3410 est
1341 3357 1656 3412 monasterii

94 3441 391 3500 Anianensis
419 3447 486 3500 in
519 3446 794 3501 Occitania
815 3487 830 3513 ,
874 3446 1190 3516 inscriptum
1217 3444 1378 3500 Petro
1416 3446 1656 3516 ejusdem

94 3532 180 3588 loci
219 3535 423 3602 abbati,
453 3537 644 3590 datum
675 3536 926 3592 Laterani
962 3537 1048 3591 die
1087 3536 1174 3591 M.
1205 3536 1451 3590 Alterum
1478 3537 1565 3591 die
1591 3535 1657 3591 19

91 3623 309 3694 ejusdem
349 3629 568 3682 mensis
607 3629 660 3682 in
713 3630 914 3698 porticu
943 3629 1078 3682 beati
1111 3626 1290 3691 Petri,
1321 3643 1429 3696 quo
1465 3643 1658 3682 mona-

92 3719 296 3772 sterium
325 3720 540 3775 Saneti'
561 3718 840 3775 Saturnini
881 3721 932 3774 iu
961 3720 1178 3774 dimcesi
1209 3717 1530 3788 Urgellensi,
1565 3734 1659 3773 cu—

83 3812 161 3881 ius
189 3814 382 3872 Petrus
413 3827 552 3872 tunc
577 3816 742 3871 abbas
775 3824 920 3877 erat,
953 3814 1252 3884 ins’guibus
1281 3812 1576 3884 privilegiis
1606 3820 1660 3866 et

84 3906 279 3974 juribus
306 3913 630 3964 decoratur.
664 3907 791 3963 lle
826 3908 931 3962 duo
957 3907 1233 3978 privilegia
1264 3922 1293 3960 a
1324 3906 1485 3960 Petro
1526 3903 1660 3960 seri-

85 3997 244 4054 niario
273 4001 513 4070 scripta,
541 4008 593 4054 et
641 4013 737 4069 per
783 4015 999 4053 manum
1037 3997 1263 4053 Joannis
1291 3997 1502 4052 diaconi
1534 3996 1658 4049 data

85 4089 342 4147 dicuntur.
377 4093 562 4147 Aliam
598 4091 796 4147 Urbani
841 4092 1036 4146 bullam
1067 4093 1316 4156 laudant,
1349 4106 1453 4161 qua
1480 4089 1661 4146 Collo-

80 4190 233 4235 nense
258 4181 454 4238 Sancti
486 4181 753 4236 Guillelmi
797 4183 862 4237 de
901 4183 1123 4237 Deserto
1151 4181 1535 4236 monasterium
1565 4196 1665 4235 an-

81 4277 158 4323 tea
178 4271 405 4328 Aniante
446 4271 788 4340 subjectum,
821 4273 890 4327 ab
938 4287 1002 4326 eo
1037 4270 1168 4341 jugo
1208 4271 1496 4326 liberatur.
1550 4269 1659 4324 Sed

79 4375 186 4415 eam
214 4363 403 4419 videre
438 4379 550 4418 non
579 4363 752 4430 licuit,
782 4379 880 4419 nec
907 4365 961 4418 in
997 4364 1311 4419 alterutrius
1341 4363 1658 4418 monasterii

79 4453 291 4509 archivo
321 4457 566 4509 habetur
673 4509 677 4512 .

323 4544 730 4600 CCCXXXVH.
755 4544 1046 4599 Concilium
1070 4544 1384 4597 Romanum.

138 4634 351 4691 Interea
385 4637 618 4690 Romam
649 4637 1044 4691 conveniebant
1070 4651 1133 4688 ex
1170 4635 1334 4689 variis
1366 4633 1659 4703 provinciis

73 4727 308 4799 episcopi
342 4731 417 4784 ad
448 4729 737 4785 concilium
768 4730 836 4784 ab
866 4728 1085 4784 Urbano
1105 4736 1484 4792 convocatum,
1517 4725 1659 4795 quod

70 4836 316 4888 ntagnum
359 4821 649 4876 concilium
698 4821 1036 4885 ﬂovedenus,
1068 4821 1360 4891 generalem
1404 4822 1660 4891 synodum

69 4910 233 4966 codex
271 4911 594 4977 Lamberti,
644 4911 958 4977 Bertoldus,
1004 4921 1194 4967 auctor
1239 4912 1464 4981 aequalis
1523 4912 1661 4966 Vita:

67 4999 291 5060 Joannis
322 5006 771 5069 Ternannensis,
814 5013 868 5058 et
897 5005 986 5058 alii
1027 5003 1329 5074 appellant.
1369 5004 1507 5058 lluic
1558 5003 1660 5058 150

69 5093 336 5164 episcopos
368 5106 422 5149 et
452 5096 686 5161 abbates,
716 5095 1218 5164 innumerabilesque
1242 5094 1456 5149 clericos
1488 5096 1658 5151 inter-

68 5179 237 5238 fuisse
286 5185 495 5239 scribit
542 5186 681 5239 idem
729 5184 1036 5250 Bertoldus,
1068 5184 1134 5238 ad
1172 5201 1333 5254 quam
1364 5186 1657 5255 primates,

70 5275 528 5345 archiepiscopos
554 5285 608 5330 et
631 5277 909 5346 episcopos
929 5285 1252 5345 convocatos
1271 5277 1438 5331 fuisse
1464 5277 1662 5347 legitur

67 5362 116 5412 in
148 5364 348 5418 codice
380 5363 684 5430 Lamberti,
708 5381 950 5435 quosque
976 5381 1041 5418 ea:
1064 5364 1226 5420 Italia
1252 5375 1301 5419 et
1331 5365 1503 5421 Gallia
1530 5382 1660 5422 con-

63 5461 349 5518 gregatos,
375 5453 434 5504 in
455 5454 663 5508 modum
688 5471 916 5520 corome,
939 5457 1142 5511 sedisse
1164 5457 1458 5513 Eadmerus
1476 5459 1659 5514 obser-

58 5551 170 5596 vat.
185 5543 469 5599 Ausclino
490 5556 665 5600 autem
693 5547 1068 5603 Cantuariensi
1092 5551 1519 5623 archiepiscopo,
1535 5569 1657 5609 cum

63 5631 277 5686 nullum
312 5634 430 5689 sibi
461 5638 791 5708 assignatum
825 5638 997 5694 locum
1039 5641 1295 5708 haberet,
1323 5643 1475 5698 sedes
1505 5641 1658 5711 jussu

56 5723 343 5814 pontificis
391 5727 450 5779 in
500 5746 690 5785 corona
739 5732 906 5798 posita
952 5743 1044 5797 est,
1077 5732 1126 5788 id
1181 5746 1262 5789 cst
1307 5751 1368 5790 ex
1413 5738 1658 5814 opposito

1683 4500 1732 4561 C

1761 3268 1863 3322 hoc
1913 3284 2056 3324 anno
2106 3270 2159 3323 in
2210 3271 2350 3324 diem
2399 3271 2469 3323 24
2523 3271 2750 3340 Aprilis,
2791 3287 2885 3325 seu
2925 3287 3022 3326 vni
3075 3270 3346 3328 Kalendas

1759 3359 1885 3414 Maii
1927 3360 2224 3426 incidebat,
2269 3362 2572 3432 complures
2624 3361 2897 3416 antistites
2947 3362 3130 3416 Bonna
3179 3363 3342 3417 simul

1760 3451 2068 3520 congregati
2116 3454 2381 3521 rescripto
2425 3451 2702 3520 pontitieio
2737 3452 2790 3504 in
2820 3451 3050 3518 gratiam
3101 3451 3343 3521 ilugnnis

1759 3539 2132 3610 Lugdunensis
2178 3555 2274 3608 pro
2313 3542 2546 3608 primatu
2594 3548 2787 3592 contra
2846 3538 3214 3593 Daimbertum
3247 3538 3344 3594 Se-

1760 3644 2054 3684 nonensem
2098 3629 2428 3683 decertantis
2475 3628 2935 3698 subscripserunt.
2976 3629 3055 3682 Ex
3096 3629 3200 3686 hoc
3245 3645 3341 3687 re-

1761 3719 1987 3788 scripto,
2017 3718 2276 3772 discimus
2303 3718 2672 3782 Daimbertum
2700 3728 2826 3772 tunc
2853 3719 3108 3788 temporis
3138 3720 3342 3790 prima-

1762 3820 1874 3866 tum
1906 3811 2316 3882 Lugdunensem
2349 3812 2668 3881 agnovisse,
2699 3821 2753 3864 et
2778 3820 3052 3880 comperta
3080 3809 3344 3866 habemus

1761 3905 1968 3974 aliquot
1993 3904 2299 3958 antistitum
2333 3905 2546 3958 nomina
2567 3944 2579 3964 ,
2615 3903 2705 3972 qui
2736 3903 2982 3957 Romano
3011 3902 3084 3957 illi
3112 3903 3344 3958 concilio

1762 3997 2146 4051 interfuerunt.
2181 3997 2218 4050 li
2249 4004 2400 4058 sunt,
2433 4004 2631 4064 praeter
2659 3994 3024 4048 Daimbertum
3057 3993 3344 4049 Senonen-

1761 4103 1874 4143 sem
1902 4096 1958 4143 et
1987 4088 2191 4156 aliquot
2215 4087 2519 4140 cardinales
2547 4085 2802 4140 Ecclesia:
2838 4084 3096 4140 Romana:
3121 4085 3346 4154 presby-

1762 4190 1909 4236 teros
1935 4221 1949 4245 ,
1979 4180 2268 4234 Anselmus
2294 4179 2624 4239 Cantuariie,
2654 4176 3018 4246 Leodcgarius
3044 4174 3346 4244 Biturigum

1761 4284 1816 4330 et
1861 4275 2088 4328 Amatus
2125 4272 2428 4340 Burdigalae
2470 4268 2904 4336 metropolitani;
2937 4265 3174 4336 episcopi
3215 4279 3349 4319 vero

1762 4367 2073 4422 Gualterins
2125 4364 2482 4426 Albanensis,
2527 4363 2642 4418 Odo
2680 4361 2980 4424 Ostiensis,
3030 4356 3345 4414 Guntardus

1764 4460 2075 4522 Tundanus,
2105 4456 2395 4512 Lcutaldus
2430 4454 2850 4510 Silvanecteusis
2873 4463 2926 4507 et
2954 4454 3160 4508 lsmeon
3185 4451 3346 4505 Dien-

1764 4550 1858 4616 sis,
1893 4551 1984 4620 qui
2015 4549 2178 4604 etiam
2206 4549 2424 4602 ultimus
2451 4557 2566 4601 erat
2605 4545 2842 4616 llugonis
2868 4542 3242 4612 Lugdunensis
3272 4541 3347 4595 le-

1761 4653 1936 4715 gatus.
1966 4641 2224 4708 Quamvis
2275 4654 2450 4695 autem
2495 4641 2682 4694 unicus
2735 4639 2822 4693 hic
2865 4645 3197 4690 memorctur
3235 4633 3345 4689 Re-

1762 4736 1964 4791 meusis
1990 4735 2282 4804 provinciae
2316 4732 2564 4787 [δειλιιέυά
2593 4733 2907 4800 episcopus,
2939 4727 3120 4797 plures
3164 4734 3346 4781 tamen

1761 4827 2071 4882 interfuisse
2114 4826 2240 4880 huic
2285 4825 2492 4895 synodo
2533 4840 2562 4877 e
2599 4839 2694 4877 sua
2742 4821 3018 4891 provincia
3069 4819 3348 4872 Manasses

1761 4915 2212 4985 metropolitanus
2241 4925 2472 4970 testatur
2500 4914 2550 4966 in
2587 4912 2810 4982 epistola
2850 4924 3013 4979 quam
3052 4908 3192 4962 infra
3231 4907 3348 4962 lau-

1764 5008 2011 5064 dabimus
2056 5009 2122 5064 de
2170 5007 2460 5062 Morinensi
2493 5006 2764 5074 episeopo.
2824 5003 2985 5058 Certe
3040 5001 3090 5055 id
3144 5000 3348 5057 diserte

1765 5097 2019 5162 habetur,
2053 5098 2104 5152 in
2137 5097 2323 5152 codice
2367 5093 2637 5150 Lamberti
2690 5103 2799 5146 tum
2853 5107 2979 5155 ms.,
3032 5099 3144 5145 tum
3200 5090 3349 5145 edito

1763 5197 1909 5243 tomo
1944 5187 1988 5242 V
2024 5187 2488 5243 Miscellaneorum
2527 5184 2730 5238 Baluzii
2753 5224 2769 5248 ,
2803 5184 2854 5238 id
2900 5199 3006 5249 quo
3038 5183 3153 5237 haec
3183 5182 3346 5236 verba

1761 5280 2052 5351 leguntur:
2085 5278 2227 5332 Huic
2255 5293 2456 5348 quoque
2493 5275 2712 5328 concilio
2744 5291 2861 5328 cum
2892 5274 3091 5328 caneris
3127 5271 3345 5326 Remen-

1765 5372 1831 5426 sis
1869 5370 2149 5441 provincia:
2183 5367 2434 5438 episcopis
2483 5366 2717 5434 interfuit
2771 5363 3079 5419 Lambertus
3129 5362 3348 5417 Atreba-

1762 5464 1922 5518 teusis
1946 5462 2234 5531 episcopus.
2265 5460 2339 5514 lbi
2370 5459 2532 5513 etiam
2579 5460 2833 5524 aderant,
2876 5458 2952 5513 uti
3000 5473 3063 5512 ex
3111 5457 3178 5511 iis
3228 5470 3349 5524 qua:

1761 5557 1920 5611 modo
1983 5554 2226 5609 dicemus
2282 5553 2516 5622 patebit,
2575 5551 2854 5606 Bisancius
2909 5548 3347 5618 archiepiscopus

1763 5645 2075 5708 Tranensis,
2103 5643 2403 5714 Reingerus
2453 5643 2772 5708 Luccensis,
2799 5642 3132 5698 llumbaldus
3161 5637 3344 5692 Antisq

1763 5735 2091 5792 siodorcnsis
2137 5743 2188 5806 et
2242 5733 2568 5791 Gotofrcdus
2621 5731 3013 5806 Magaloncnsis
3071 5726 3332 5813 episcopi,
