3892 6320
514 325 621 388 251

1758 324 1817 377 Β.
1865 320 2115 379 L'RBANI
2154 321 2194 374 ll
2225 318 2428 374 PAPzE
2777 361 2803 379 .

3693 321 3789 377 252

512 439 711 509 quibus
745 436 958 508 adjungi
992 437 1150 492 debet
1201 437 1519 507 Norgandus
1563 435 1883 506 :Edueusis,
1929 436 2014 490 cui
2064 450 2093 488 a
2124 437 2170 492 Α
2202 443 2284 486 tur
2312 424 2424 503 ipse
2455 433 2741 488 Ansehuus
2769 432 2859 488 lib.
2896 451 2976 501 ni,
3001 436 3166 506 epist.
3195 437 3267 490 75
3288 437 3357 491 ad
3383 435 3782 494 Paschalcmll.

513 530 685 584 Roma
723 545 922 584 reverso
951 529 1090 594 apud
1117 529 1460 595 Sedelocum,
1505 529 1743 583 occurrit
1790 527 1940 599 llugo
1981 527 2092 597 jam

514 631 642 678 tunc
671 620 1095 677 Flaviniacensis
1127 623 1328 687 abbas,
1361 622 1436 675 uti
1471 623 1582 690 ipse
1613 633 1798 676 narrat
1836 622 1889 676 in
1923 621 2096 677 Chro-

510 713 653 767 nico.
692 713 928 780 Denique
969 713 1035 766 iis
1063 714 1229 767 etiam
1268 715 1707 767 aunumerandus
1733 729 1857 768 esse
1884 715 2096 768 videtur

509 801 1232 870 llugoGratianopolitanns
1279 805 1532 868 antistes,
1559 804 1647 872 qui
1698 813 1818 872 post
1865 805 2093 858 reditum

510 888 715 948 Urbani
754 891 1028 958 poatificis
1057 893 1108 944 in
1138 891 1341 945 Italiam
1386 893 1594 945 duobus
1627 892 1783 945 annis
1818 893 1868 944 in
1900 893 2090 960 Apulia

508 979 823 1034 infirmitate
847 984 1097 1036 detentus
1119 991 1484 1037 commoratus
1512 994 1617 1046 est,
1644 993 1701 1038 ut
1728 986 1838 1053 ipse
1867 975 2112 1038 testatur‘

506 1073 559 1125 iu
591 1072 772 1126 libello
813 1073 888 1126 De
937 1077 1328 1138 controversia,
1361 1092 1522 1145 quam
1569 1077 1753 1131 habuit
1793 1093 1912 1130 cum
1965 1078 2095 1132 Gui-

507 1165 647 1218 done
700 1163 990 1220 Viennensi
1036 1167 1322 1221 occasione
1352 1168 1803 1223 Salmoriacensis
1828 1169 2093 1222 archidia-

508 1265 752 1311 conatus.

579 1349 702 1403 llaec
742 1365 904 1418 porro
949 1353 1182 1420 synodus
1219 1363 1510 1407 convocata
1555 1353 1751 1406 dicitur
1794 1352 1846 1404 in
1909 1350 2094 1406 codice

508 1439 782 1495 Lambcrti
810 1459 904 1509 pro
932 1459 1106 1496 errore
1130 1456 1175 1497 et
1208 1446 1490 1498 liceresibus
1514 1444 1838 1506 Gra’coram,
1869 1443 1932 1496 ad
1958 1457 2093 1512 quos

507 1529 624 1597 ejus
653 1531 869 1585 decreta
920 1535 1082 1586 etiam
1140 1546 1386 1604 spectare
1430 1535 1697 1604 subjungit
1745 1535 1830 1588 his
1881 1527 2087 1596 verbis,

509 1623 651 1691 apud
692 1623 971 1677 Baluziutn
1008 1624 1232 1679 relatis:
1273 1626 1466 1691 Qualia
1505 1636 1678 1679 autem
1708 1627 1911 1679 decreta
1954 1640 2090 1692 pra:-

508 1714 682 1766 dictus
709 1729 847 1782 papa
880 1714 1130 1770 Urbanus
1162 1717 1226 1768 de
1248 1715 1440 1770 Latina
1470 1726 1516 1770 et
1557 1715 1740 1770 erca
1773 1715 2006 1767 Ecclesia
2044 1723 2090 1768 et

2149 547 2154 551 -
2197 524 2265 578 Et
2317 522 2534 593 quidem
2585 522 2725 578 Boso
2783 534 2969 594 postea
3033 526 3192 582 Becci
3244 528 3448 592 abbas,
3496 529 3714 582 amicus
3737 538 3788 585 et

2198 616 2495 686 discipulus
2541 617 2710 670 sancti
2753 618 3027 681 Anselmi,
3066 635 3341 688 nunquam
3373 621 3568 675 adduci
3617 624 3787 690 potuit

2196 717 2254 761 ut
2285 707 2584 761 homininm
2615 709 2725 778 regi
2757 708 3010 774 Henrico,
3052 711 3143 780 qui
3181 711 3595 766 Nortltmannizn
3625 713 3784 766 etiam

2196 799 2300 852 dux
2329 811 2480 862 erat,
2507 809 2808 867 przestaret.
2836 800 2976 869 quod
3011 803 3060 854 id
3098 817 3157 856 se
3190 817 3463 872 nunquam
3512 804 3785 857 facturum

2197 887 2465 954 pollicitus
2494 904 2629 958 papa
2671 874 2926 943 'fueratut
2957 890 3007 944 in
3043 890 3159 958 ejus
3193 891 3312 945 \‘ita
3345 892 3564 962 legitur.
3604 893 3786 960 Neque

2197 978 2285 1033 hic
2315 981 2676 1032 omittendum
2710 988 2792 1034 est
2822 982 2962 1049 quod
2994 980 3302 1052 'Reingerus
3348 982 3649 1036 Luccensis
3679 986 3785 1053 epi-

2196 1082 2393 1136 Sttopus
2426 1069 2475 1121 in
2509 1069 2697 1122 eadem
2724 1071 2929 1139 synodo
2957 1070 3146 1124 fecisse
3169 1071 3236 1124 ab
3264 1070 3536 1125 Eadmero
3561 1072 3780 1125 dicitur.

2197 1159 2293 1211 llic
2325 1161 2524 1227 quippe
2564 1177 2593 1211 a
2638 1160 2890 1229 pontifice
2920 1173 3140 1230 propter
3165 1178 3439 1225 sonoram,
3471 1177 3582 1231 qua
3617 1161 3780 1231 polle-

2193 1249 2306 1314 bat,
2358 1265 2544 1304 vocem
2589 1252 2901 1322 designatus
2945 1254 3011 1307 ad
3054 1254 3274 1325 legenda
3318 1256 3536 1324 publice
3568 1272 3698 1325 qua:
3731 1258 3779 1310 iu

2193 1345 2402 1413 synodo
2453 1353 2654 1398 statuta
2706 1344 2950 1410 fuerant,
2996 1363 3115 1400 cum
3156 1348 3206 1400 id
3244 1359 3668 1416 exsequeretur,
3704 1364 3780 1402 res

2193 1445 2355 1505 pente
2385 1435 2687 1505 interrupta
2719 1439 3059 1492 decretorum
3102 1439 3271 1504 serie,
3301 1448 3511 1494 mutato
3540 1439 3693 1493 vultu
3721 1456 3780 1494 ac

2193 1529 2343 1583 vocis
2364 1538 2418 1584 et
2442 1530 2607 1582 totius
2630 1533 2877 1600 corporis
2902 1532 3108 1597 habitu,
3143 1543 3343 1587 terram
3373 1535 3510 1604 pede
3533 1550 3639 1590 suo
3663 1550 3778 1590 ver-

2192 1619 2388 1674 berans
2416 1619 2581 1673 multa
2607 1620 2921 1676 interseruit
2956 1624 3008 1676 in
3041 1624 3280 1679 Anselmi
3319 1625 3616 1690 honorem,
3643 1638 3696 1680 et
3722 1628 3780 1680 de

2194 1711 2278 1764 his
2309 1726 2428 1779 qua:
2463 1710 2550 1766 ille
2584 1727 2615 1766 a
2648 1728 2773 1783 rege
2803 1714 3100 1785 Anglorum
3142 1729 3333 1783 passus
3364 1715 3578 1781 fuerat,
3613 1718 3780 1786 gravi-

483 1805 571 1860 λιι
605 1806 858 1859 ministris
881 1806 1088 1868 altaris.
1113 1818 1158 1861 et
1182 1809 1244 1860 de
1265 1810 1523 1863 ordinatis
1544 1826 1574 1861 a
1600 1808 1936 1866 Simoniacis,
1960 1815 2005 1859 et
2029 1807 2093 1858 de
2124 1776 2167 1831 Β
2197 1811 2276 1856 ter
2300 1812 2662 1872 conquestus,
2695 1806 2836 1873 quod
2875 1814 2998 1874 post
3049 1815 3251 1859 tantam
3280 1806 3346 1875 ,in
3388 1809 3525 1860 urbe
3572 1823 3776 1861 moram

506 1896 768 1964 beneﬁciis
792 1907 839 1950 et
872 1899 1051 1967 officiis
1077 1899 1439 1954 ecclesiasticis
1468 1917 1558 1968 per
1580 1900 1853 1968 pecuniam
1891 1899 2090 1966 adeptis

501 1997 621 2038 ante
649 2002 836 2055 corpus
862 1987 996 2040 beati
1017 1986 1160 2041 Petri
1182 1989 1400 2053 dederit,
1415 1989 1680 2043 studiosus
1702 1990 1863 2042 lector
1877 1988 2091 2058 legendo

502 2077 733 2130 invenire
759 2080 967 2145 poterit.
1004 2078 1158 2133 Unde
1191 2081 1384 2134 mirum
1432 2089 1514 2134 est
1564 2080 1700 2135 nihil
1748 2079 1980 2148 speciale
2026 2079 2091 2134 de

507 2165 825 2218 erecorum
852 2168 1128 2221 erroribus
1160 2168 1211 2222 in
1243 2169 1474 2239 vulgatis
1507 2169 1665 2238 hujus
1687 2169 1899 2224 concilii
1929 2184 2092 2222 cauo-

508 2253 669 2307 uibus
699 2269 1010 2308 occurrere.
1046 2256 1098 2309 ld
1128 2256 1263 2311 forte
1290 2259 1490 2321 evenit,
1526 2259 1666 2328 quod
1699 2259 1890 2312 horum
1924 2273 2090 2311 cano-

508 2364 634 2402 num
667 2349 1011 2414 collectores,
1037 2366 1158 2405 cum
1187 2351 1365 2405 Latini
1397 2351 1618 2413 fuerint,
1657 2367 1719 2407 ea
1747 2361 1950 2406 tantum
1973 2367 2093 2421 quae

485 2440 572 2493 ad
602 2439 965 2494 occidentales
1001 2442 1342 2510 pertinebant
1381 2442 1688 2506 retulerint;
1744 2441 2092 2510 quemadmo-

503 2529 632 2584 dum
664 2530 716 2584 id
745 2532 885 2599 quod
914 2533 1202 2586 occasione
1233 2533 1406 2588 sancti
1432 2533 1667 2586 Ausehni
1700 2533 1972 2587 decretum
1996 2532 2092 2585 ibi-

482 2620 626 2675 -tlem
659 2621 778 2683 fuit.
809 2638 836 2675 a
867 2623 996 2676 solis
1025 2623 1334 2694 Anglicanis
1357 2624 1709 2694 scriptoribus
1738 2633 2089 2676 memoratur.

505 2708 597 2764 Sic
628 2712 792 2765 etiam
839 2713 1125 2766 Bertoldns
1160 2721 1213 2766 et
1238 2713 1325 2766 alii
1358 2714 1560 2782 passim
1609 2722 1858 2780 auctores
1888 2703 1961 2766 de
1990 2713 2092 2766 hac

505 2805 716 2874 synodo
764 2803 1106 2860 solummodo
1138 2804 1359 2868 habent,
1395 2805 1670 2859 Urbanum
1706 2804 1758 2857 in
1788 2819 1849 2858 ea
1891 2803 2094 2872 prmde-

505 2907 780 2947 cessorum
806 2908 1025 2947 snonnn
1057 2903 1258 2948 statuta
1285 2895 1656 2956 confirmasse,
1707 2894 1931 2946 iterasse
1961 2907 2093 2945 ana-

507 2986 750 3040 themata
779 2986 830 3038 in
859 2985 1174 3040 Guibcrtum
1199 2985 1421 3055 ejusque
1450 2983 1866 3053 eomplicesjam
1899 2983 2094 3052 saepius

487 3077 614 3132 'lata
638 3086 691 3133 et
716 3079 1057 3141 confirmata,
1083 3077 1366 3148 egisseque
1389 3078 1454 3131 de
1488 3076 1848 3146 promovenda
1873 3073 2088 3127 ieroso-

488 3169 763 3241 'lymitana
795 3169 1167 3236 expeditione.
1209 3168 1459 3222 Canones
1513 3182 1641 3222 vero
1703 3164 2086 3234 septemdecim

502 3258 662 3327 hujus
681 3258 916 3321 concilii,
941 3259 1028 3324 qui
1055 3259 1214 3327 vulgo
1235 3258 1708 3319 circumferuntur,
1727 3257 1836 3326 jam
1862 3255 1913 3309 in
1941 3254 2088 3323 prio-

502 3349 654 3404 ribus
711 3350 959 3405 conciliis
999 3360 1055 3405 ut
1096 3350 1386 3420 plurimum
1419 3348 1738 3418 promnlgati
1772 3346 2001 3408 fuerant,
2031 3353 2091 3398 ut

500 3438 701 3509 legenti
729 3441 958 3509 patebit.
982 3442 1052 3495 At
1081 3456 1345 3510 nusquam
1377 3441 1620 3495 invenire
1642 3438 1822 3502 licuit,
1854 3437 1996 3507 quod
2024 3436 2089 3490 de

498 3532 684 3585 eadem
716 3534 921 3602 synodo
956 3532 1124 3587 refert
1164 3543 1354 3587 auctor
1387 3531 1640 3586 Chronici
1686 3526 2086 3586 Malleacensis,

493 3620 554 3672 in
588 3634 650 3674 ea
689 3621 898 3674 scilicet
925 3638 952 3674 a
984 3623 1237 3691 pontifice
1267 3622 1544 3676 decretum
1579 3621 1768 3683 fuisse,
1806 3628 1863 3672 ut
1893 3617 2087 3686 singuli

501 3710 792 3764 Christiani
823 3713 970 3764 omni
1018 3712 1153 3765 feria
1205 3724 1354 3767 sexta
1385 3720 1668 3766 servarent
1697 3709 1958 3777 jejunium
1992 3723 2087 3775 pro

501 3801 726 3869 peccatis
755 3803 883 3864 suis,
920 3812 964 3856 et
997 3805 1222 3858 imtxime
1248 3821 1342 3873 pro
1368 3803 1474 3857 illis
1511 3804 1698 3873 quibus
1732 3821 1833 3857 non
1864 3799 2088 3869 confessi

508 3899 631 3943 sunt
663 3889 1009 3945 immemores.

578 3982 732 4050 Quod
761 3983 826 4037 ad
851 3999 938 4038 res
961 3985 1286 4055 Anglicanas
1309 3997 1536 4056 spectat,
1563 3988 1861 4045 Eadmerus
1886 3991 2024 4046 libro
2046 4009 2085 4048 ιι

507 4073 814 4138 Novarum,
863 4084 1063 4145 etpost
1108 4092 1230 4132 eum
1267 4078 1531 4148 Rogerius
1571 4080 1922 4148 Hovedenus,
1956 4085 2088 4138 scri-

506 4164 660 4230 bunt,
699 4185 717 4215 ι
759 4164 1122 4220 υν1›ειηυηι.ἰιι
1156 4169 1345 4222 eadem
1376 4171 1580 4239 synodo
1624 4172 1947 4226 sententiam
1993 4190 2088 4228 ex-

503 4255 1014 4310 communicationis
1062 4259 1356 4326 protulisse
1405 4261 1457 4314 iu
1496 4261 1836 4317 adversarios
1885 4274 2087 4319 sanctae

507 4347 791 4414 Ecclesiae,
819 4365 881 4404 ac
938 4351 988 4403 in
1032 4366 1220 4407 omnes
1246 4352 1441 4423 laicos,
1479 4355 1568 4424 qui
1613 4355 1958 4412 investituras
1988 4359 2086 4413 da-

2194 1908 2300 1946 nou
2344 1893 2394 1948 ei
2437 1892 2634 1948 fuisset
2663 1894 3025 1951 satisfactum.
3057 1895 3183 1960 Sed,
3214 1908 3465 1951 mouente
3513 1913 3681 1967 papa,
3707 1897 3778 1952 le-

2193 1984 2428 2037 ctionem
2456 1999 2724 2038 canonum
2757 1995 3106 2054 persecutus,
3138 2002 3257 2056 qua:
3299 1988 3516 2042 decreta
3545 2003 3614 2044 ea
3640 1992 3704 2042 de
3725 2005 3778 2046 re

2192 2073 2447 2138 fuerant,
2481 2083 2541 2127 ut
2587 2089 2718 2130 mox
2765 2075 3074 2132 dicebamus
3093 2118 3115 2144 ,ξ
3143 2079 3358 2138 tandem
3391 2093 3518 2135 eum
3569 2081 3778 2136 caeteris

2192 2165 2528 2235 approbavit.

2262 2256 2471 2311 interea
2519 2257 2757 2327 pontifex
2795 2259 2938 2313 haud
2978 2260 3285 2331 negligebat
3339 2275 3531 2316 eorum
3569 2278 3774 2327 causas,

2193 2348 2284 2418 qui
2331 2349 2397 2402 ad
2453 2349 2627 2417 ipsum
2671 2352 3046 2414 recurrebant,
3096 2353 3293 2421 quibus
3325 2353 3412 2407 vel
3465 2354 3583 2423 ipse
3640 2356 3775 2409 solus

2193 2439 2545 2508 providebat;
2580 2449 2671 2494 aut
2699 2450 2846 2494 certe
2873 2456 2968 2497 eas
2995 2441 3260 2496 referebat
3298 2442 3366 2497 ad
3395 2445 3692 2514 synodum,
3736 2445 3774 2498 si

2195 2533 2326 2585 tanti
2373 2541 2577 2596 essent,
2612 2542 2670 2585 ut
2702 2533 2754 2586 id
2779 2548 2958 2602 operte
2989 2534 3220 2601 pretium
3270 2543 3437 2588 esset.
3465 2534 3537 2588 Et
3565 2535 3774 2605 quidem

2195 2625 2433 2679 durante
2481 2624 2735 2690 concilio,
2770 2629 2963 2694 nempe
3003 2626 3090 2679 die
3135 2607 3206 2678 2f}
3232 2625 3435 2694 Aprilis
3463 2626 3533 2680 ad
3564 2626 3776 2696 petitio-

2195 2731 2317 2770 nem
2337 2715 2570 2769 Andreae
2592 2715 2803 2770 abbatis
2829 2715 3216 2769 monasterium
3239 2715 3450 2769 ('Jasalis
3465 2715 3772 2780 'Benedicti,

2194 2807 2337 2876 quod
2387 2805 2477 2860 ille
2525 2806 2665 2875 apud
2697 2805 2968 2876 Bituriges
2993 2804 3150 2872 juxta
3197 2804 3769 2861 Vallumbrosanorum

2196 2897 2446 2950 instituta
2481 2897 2582 2950 sub
2624 2897 3018 2966 regula‘saneti
3057 2895 3334 2950 Benedicti
3372 2907 3768 2959 construxerat,

2196 2988 2336 3041 bona
2375 3003 2436 3040 ac
2460 2988 2828 3057 possessiones
2869 2987 3233 3052 confirmavit,
3266 2987 3391 3040 data
3421 2987 3587 3041 bulla.
3625 2988 3768 3040 Aliud

2198 3079 2535 3147 privilegium
2577 3079 2663 3132 die
2694 3079 2942 3147 sequenti
2980 3079 3045 3132 ad
3076 3070 3601 3148 petitionem'Amati
3648 3079 3768 3132 Bur-

2197 3169 2488 3239 digale’nsis
2529 3170 2954 3238 archiepiscopi,
2995 3181 3048 3224 et
3091 3169 3348 3224 Fulconis
3395 3171 3633 3234 abbatis,
3686 3171 3766 3240 qui

2194 3257 2333 3312 forte
2363 3273 2483 3312 cum
2507 3272 2572 3311 eo
2594 3257 2836 3312 antistite
2859 3258 3085 3312 Romam
3117 3259 3182 3312 ad
3211 3258 3505 3313 concilium
3533 3267 3766 3324 venerat,

2193 3349 2459 3403 concessit
2492 3348 2826 3402 monasterio
2849 3348 3064 3402 Sancta:
3087 3348 3278 3404 Crucis
3309 3347 3733 3420 Burdigalensis.

2263 3438 2335 3493 At
2368 3439 2586 3508 negotia
2631 3438 2853 3506 majoris
2894 3440 3157 3497 momenti
3203 3441 3256 3494 in
3296 3441 3531 3495 concilio
3585 3451 3764 3496 tracta-

2191 3532 2409 3586 bantur.
2444 3533 2520 3586 Ex
2549 3533 2613 3586 iis
2646 3532 2745 3585 fuit
2767 3532 3109 3586 eanonizatio
3156 3527 3327 3586 sancti
3361 3533 3574 3587 Nicolai
3617 3534 3760 3588 Pere-

2191 3624 2329 3694 grini
2368 3642 2380 3677 :
2418 3623 2554 3678 tales
2589 3625 2734 3678 enim
2764 3639 2958 3679 causas
3004 3621 3160 3691 juxta
3211 3625 3359 3679 illius
3387 3627 3488 3680 teri
3540 3627 3756 3696 discipli-

2190 3729 2314 3767 nam
2340 3714 2590 3783 plenaria:
2615 3716 2801 3784 synodi
2825 3716 3088 3768 communi
3109 3733 3325 3770 assensu
3349 3717 3561 3783 ﬁrmari
3580 3720 3754 3772 debere

2173 3805 2306 3874 ipse
2335 3804 2583 3860 Urbanus
2604 3803 2717 3872 jam
2748 3818 2906 3858 antea
2948 3805 3014 3859 ad
3047 3805 3399 3860 Benedictum
3442 3807 3748 3863 Namneteno

2183 3902 2326 3957 'sem,
2383 3902 2441 3948 ut
2489 3909 2589 3947 suo
2641 3893 2758 3947 loco
2789 3894 3042 3958 diximus,
3095 3903 3379 3948 statuerat.
3432 3897 3749 3966 Atquealeo

2189 3985 2471 4040 Bisancius
2523 3984 2818 4040 Tranensis
2879 3985 3359 4056 archiepiscopus,
3415 3988 3508 4056 qui
3569 3986 3746 4042 Nicolai

2190 4077 2662 4131 cauouizationem
2723 4077 3197 4144 prosequebatur,
3267 4078 3530 4132 miracula
3584 4079 3648 4133 ab
3695 4093 3760 4132 eo.

2189 4175 2421 4237 patrata,
2457 4166 2808 4236 przecipieute
2859 4165 3102 4232 Urbano,
3153 4183 3331 4220 coram
3377 4170 3615 4224 universo
3642 4186 3744 4223 coa-

2189 4261 2309 4314 cilio
2346 4261 2608 4325 recitavit;
2643 4259 2836 4327 quibus
2887 4259 3038 4314 lectis
3084 4259 3320 4330 pontifex
3361 4264 3410 4316 ei
3455 4253 3740 4319 facultatem

2189 4353 2459 4406 concessit
2493 4359 2551 4405 ut
2602 4351 2862 4419 quidquid
2903 4351 3005 4406 hac
3051 4352 3104 4407 in
3154 4368 3213 4408 re
3243 4355 3438 4411 melius
3477 4359 3738 4421 videretur,

506 4437 669 4502 bant,
711 4449 803 4492 aut
836 4440 1066 4496 clericos
1117 4443 1208 4511 qui
1257 4459 1350 4499 eas
1393 4446 1764 4515 accipiebam,
1811 4458 1905 4502 aut
1951 4451 2083 4520 ejus.
2120 4483 2162 4536 D
2190 4443 2256 4496 ad
2294 4442 2382 4495 Dei
2416 4440 2644 4510 gloriam
2677 4441 3011 4504 institueret,
3044 4443 3185 4496 datis
3212 4457 3273 4497 ea
3310 4445 3378 4498 de
3405 4461 3463 4500 re
3487 4447 3669 4502 litteris
3689 4446 3738 4499 ad

506 4531 650 4584 modi
679 4533 928 4587 homines
958 4534 1023 4587 ad
1046 4534 1276 4590 ofﬁcium
1300 4538 1408 4592 dati
1437 4538 1658 4594 honoris
1677 4543 2082 4596 consecrabant.

504 4623 746 4694 Denique
805 4626 857 4679 in
908 4641 1037 4691 eos,
1081 4629 1169 4696 qui
1219 4644 1316 4697 pro
1356 4617 1742 4688 ecclesiasticis
1791 4634 2086 4690 honoribus

508 4716 772 4771 Iaieorum
802 4718 1049 4774 homines
1083 4721 1247 4785 fiunt,
1280 4725 1420 4791 quod
1451 4726 1784 4781 exsecrabile
1814 4728 2084 4793 videatur,

504 4805 680 4875 inquit
705 4804 981 4878 pontifex,
1016 4813 1360 4866 sacerdotum
1385 4831 1598 4882 manus,
1629 4833 1750 4887 qnze
1791 4819 1843 4873 iu
1885 4828 2085 4874 tantam

504 4899 852 4956 eminentiam
879 4917 1266 4970 excreverunt,
1303 4916 1390 4970 ut,
1423 4910 1563 4978 quod
1607 4911 1734 4964 nulli
1774 4912 2085 4982 angelorum

507 5001 822 5045 concessum
853 5001 956 5056 est,
993 4995 1160 5048 Deum
1200 5007 1392 5051 cuncta
1422 5009 1695 5053 creantcm
1728 5015 1824 5053 suo
1853 5002 2088 5056 ministe-

505 5078 588 5132 rio
613 5091 818 5146 creent,
845 5093 899 5138 et
926 5087 1172 5142 eumdem
1207 5089 1378 5157 ipsum
1411 5105 1507 5157 pro
1539 5091 1904 5160 redemptione
1923 5102 1973 5147 et
2001 5107 2087 5146 sav

503 5166 618 5221 lute
652 5171 817 5225 totius
853 5176 1035 5229 mundi
1077 5179 1276 5231 suunni
1322 5179 1413 5231 Dei
1446 5179 1624 5234 Patris
1656 5181 1932 5236 obtutibus
1960 5183 2090 5235 olle-

505 5268 657 5327 rant;
698 5262 926 5318 inhanc
961 5267 1311 5337 ignominiam
1343 5270 1592 5336 detrudi,
1628 5283 1685 5327 ut
1716 5272 1927 5328 aneilla:
1959 5277 2090 5331 fiant

503 5368 692 5409 earum
717 5364 995 5420 manuum,
1022 5377 1142 5429 quae
1168 5364 1251 5417 die
1279 5380 1342 5419 ac
1367 5373 1525 5420 nocte
1555 5367 1802 5422 obscenis
1824 5353 2087 5439 contagiis

503 5445 871 5513 inquinautur.
908 5465 925 5496 ι
963 5457 1066 5501 etc.
1111 5451 1218 5506 l-lac
1257 5454 1465 5523 prolata
1504 5459 1771 5511 sententia
1820 5458 2087 5513 acclama-

503 5547 616 5592 tqu
643 5550 725 5593 est
757 5541 824 5593 ab
849 5542 1098 5596 omnibus
1124 5561 1136 5596 :
1167 5543 1313 5610 Fiat,
1343 5548 1456 5615 ﬁat,
1487 5560 1533 5602 et
1559 5550 1612 5603 in
1646 5551 1728 5604 Itis
1753 5568 2088 5604 consumma-

501 5641 611 5686 tum
641 5640 714 5683 est
751 5631 1055 5686 concilium.
1091 5633 1213 5690 ΙΙωο
1237 5639 1418 5692 omnia
1452 5656 1512 5696 se
1539 5641 1592 5694 in
1617 5642 1838 5696 concilio
1870 5660 1901 5695 a
1934 5659 2084 5696 vene-

500 5720 682 5780 ria-llis
711 5723 974 5778 memoria:
1001 5723 1212 5780 domino
1233 5744 1369 5797 papa
1401 5728 1613 5786 Urbano
1633 5733 1902 5790 audivisse
1927 5741 2087 5791 testa-

2189 4534 2413 4598 clerum,
2463 4531 2672 4586 nobiles
2722 4541 2777 4584 et
2824 4532 3033 4601 plebem
3069 4532 3360 4589 Tranensis
3409 4537 3656 4602 civitatis,
3700 4545 3740 4589 et

2187 4622 2404 4692 quidem
2436 4622 2500 4674 ad
2539 4623 2680 4674 hunc
2716 4636 2938 4685 annum,
2970 4622 3036 4674 ad
3079 4638 3237 4691 quem
3271 4625 3569 4694 pertinere,
3606 4628 3739 4681 etiam

2188 4710 2390 4778 absque
2421 4708 2543 4763 ullis
2590 4709 2866 4762 chronicis
2900 4710 3063 4776 uotis,
3095 4710 3274 4782 quivis
3312 4709 3475 4768 facile
3508 4731 3571 4770 ex
3609 4715 3741 4769 dictis

2189 4800 2458 4870 intelligit.

2188 4905 2190 4908 '
2259 4892 2638 4960 Compressum
2689 4896 2853 4951 etiam
2908 4896 3007 4950 hac
3052 4895 3104 4949 in
3156 4902 3361 4974 synodo
3396 4899 3498 4957 fuit
3540 4899 3748 4954 Tarven-

2189 4985 2371 5040 nensis
2398 4985 2654 5041 Ecclesiae
2703 4989 2961 5053 schisma,
3016 4992 3338 5045 confirmato
3381 4993 3434 5046 in
3483 4994 3597 5064 ejus
3622 4990 3744 5044 urbis

2190 5079 2432 5133 antistite
2460 5078 2693 5143 Joanne,
2737 5097 2896 5150 quem
2939 5081 3235 5136 dioecesani
3269 5083 3516 5149 abbates,
3558 5080 3742 5150 rejectis

2189 5170 2331 5236 aliis,
2357 5171 2704 5240 .delcgerant,
2743 5183 3028 5243 postquam
3070 5172 3342 5230 Gerardus
3371 5177 3483 5245 qui,
3526 5177 3602 5229 uti
3629 5171 3739 5227 dixi-

2189 5284 2328 5333 mus,
2364 5270 2416 5322 in
2449 5268 2803 5324 Nemausensi
2851 5271 3083 5327 concilio
3111 5289 3137 5325 a
3173 5273 3286 5325 suis
3318 5274 3518 5327 muniis
3546 5285 3738 5339 suspen-

2189 5375 2282 5414 sus
2337 5359 2534 5426 fuerat,
2603 5361 2654 5414 in
2719 5361 3109 5417 monasterium
3171 5362 3366 5417 Montis
3395 5363 3577 5418 Sancti
3613 5357 3734 5427 Eligii

2189 5453 2523 5507 secessisset.
2572 5451 2740 5520 Hujus
2774 5454 2848 5506 rei
2902 5455 3209 5523 prmeipuus
3250 5467 3441 5509 auctor
3472 5456 3566 5507 fuit
3596 5453 3728 5508 Lam.-

2187 5543 2374 5598 bcrtus
2404 5543 2575 5599 abbas
2602 5541 2913 5608 Sithiensis,
2941 5545 3113 5597 sancti
3145 5545 3384 5601 Ansehni
3416 5545 3629 5603 anticus,
3651 5537 3724 5608 qui

2188 5652 2251 5693 ea
2283 5637 2350 5692 de
2389 5651 2469 5702 re,
2502 5644 2561 5690 ut
2615 5636 2956 5692 Malbrancus
2988 5637 3173 5703 refert,
3225 5639 3522 5693 orationem
3563 5646 3714 5691 coram

2190 5729 2379 5797 synodi
2439 5727 2690 5784 Pati-ibus
2743 5729 2952 5787 habuit.
3013 5729 3250 5786 Litteras
3302 5729 3367 5785 de
3398 5730 3495 5787 hoc
3540 5722 3711 5796 negotio
