3892 6320
100 385 188 442 955

1509 354 1685 409 VlTA.

3191 343 3309 405 254

99 437 288 563 ieripsit
330 482 552 558 pontifex
607 480 674 534 ad
724 477 1028 532 Mauassem
1072 474 1394 528 Remensem
1437 467 1614 522 archi-
1645 469 1692 525 Α
1719 462 1974 563 abbatum
2006 459 2293 563 cpll‘igitur,
2328 461 2468 515 illius
2501 475 2688 514 curam
2727 459 2934 531 llugoui
2963 458 3142 514 abbati
3166 437 3295 514 ’Cluv

18 621 22 626 ~
97 561 378 659 episcopum,
393 587 494 631 tum
516 574 581 629 ad
606 572 1040 634 Tarvennenses,
1066 581 1131 622 ac
1159 566 1320 621 etiam
1348 563 1413 618 ad
1438 561 1612 630 ipsum

97 655 339 737 Joannem,
377 669 457 725 cui
495 665 742 737 prohibet
797 678 864 717 ne
903 661 1148 717 electioui
1187 674 1298 713 suae
1340 655 1615 712 contraire

97 743 287 830 audeat;
333 761 416 817 sed
449 759 525 812 hae
566 757 740 812 solum
775 755 979 808 ultimae
1022 757 1332 820 supersunt,
1381 762 1518 818 quas
1544 760 1615 799 ex

97 859 293 927 ejusdem
312 851 519 907 Joannis
546 848 680 910 Vita,
712 845 840 901 olim
866 843 1237 914 prrcferentur.
1267 839 1411 893 Loco
1433 846 1614 891 autem

97 925 248 1003 earum
276 959 384 1013 qure
405 942 467 995 ad
499 938 801 992 Manassem
835 935 1052 1003 scripta:
1088 939 1264 994 erant,
1289 929 1539 983 dabimus
1560 925 1614 979 in

19 1055 22 1060 '
99 1036 359 1106 Appendice
387 1031 620 1099 ejusdem
653 1025 1045 1093 archiepiscopi
1076 1021 1358 1092 epistolam
1381 1019 1447 1072 ad
1474 1019 1616 1086 ipsos

97 1127 477 1183 Tarvennenscs,
514 1135 619 1189 qua
647 1134 741 1171 eos
769 1117 835 1171 ad
863 1115 1124 1170 Joannem
1162 1112 1314 1180 juxta
1347 1107 1616 1179 pontificis

18 1231 22 1240 '
94 1226 136 1272 et
154 1213 337 1270 concilii
361 1211 601 1265 mandata
629 1208 1030 1277 suscipiendum
1053 1200 1390 1265 adhortatur,
1419 1199 1616 1270 quibus

95 1308 237 1375 reipsa
264 1319 348 1360 eos
371 1304 616 1371 paruisse
638 1315 705 1355 ex
738 1301 1098 1369 ipsorummet
1140 1295 1338 1349 litteris
1362 1293 1425 1346 ad
1459 1293 1617 1346 Lam-

96 1400 267 1454 bertum
289 1396 720 1458 Atrebatensem,
751 1408 778 1446 a
809 1391 1028 1446 Baluzio
1069 1399 1214 1444 tomo
1245 1385 1287 1440 ν
1316 1385 1616 1440 Miscellan.

94 1488 242 1543 relatis
281 1494 436 1556 patet.
497 1484 573 1540 lbi
633 1483 777 1539 enim
828 1498 882 1536 se
927 1497 1077 1551 papa!
1107 1480 1307 1532 litteras
1343 1477 1618 1545 accepisse

91 1579 212 1632 aiunt
253 1593 394 1644 super
427 1575 823 1642 conﬁrmatione
869 1571 1134 1626 electionis
1186 1570 1365 1623 damni
1392 1566 1619 1622 Joannis

18 1707 20 1710 -
89 1670 398 1724 archidiaconi
423 1667 812 1730 Atrebatens.'s;
844 1664 1041 1735 quibus
1081 1677 1140 1717 se
1178 1662 1334 1716 corde
1363 1671 1409 1715 et
1441 1661 1618 1714 animo

87 1763 504 1828 obtemperaturos
532 1752 874 1828 prolitentur.
918 1756 986 1810 Et
1031 1755 1246 1824 quidem
1277 1751 1434 1822 paulo
1472 1760 1616 1820 post,

87 1853 294 1908 videlicet
315 1869 348 1907 ιι
380 1868 552 1908 nouas
582 1851 725 1907 Junii
755 1852 914 1922 hujus
945 1849 1094 1914 anni,
1136 1848 1374 1903 Joannes
1399 1848 1621 1917 presby-

87 1954 151 1995 ter
173 1943 428 1997 ordinatus
455 1939 576 2006 est;
607 1951 716 1994 tum
747 1955 931 1995 mense
960 1940 1205 2008 sequenti
1235 1954 1326 1992 xvr
1352 1925 1620 1992 Kalendas

85 2032 289 2102 Augusti,
304 2033 480 2086 Remis
503 2051 531 2087 a
568 2033 814 2086 Manasse
837 2030 1250 2099 metmpolitano
1273 2037 1622 2084 consecratus

82 2122 336 2190 cpismpus,
375 2124 592 2178 tandem
626 2123 923 2176 Tarvenua:
951 2137 1158 2174 suauna
1186 2120 1621 2186 cleri,procerum

78 2218 118 2262 et
150 2211 307 2277 populi
347 2213 700 2266 exsultatione
749 2223 1039 2281 susceptus,
1089 2227 1143 2265 tx
1192 2209 1320 2265 Kal.
1387 2211 1619 2280 ejusdem

77 2303 233 2356 mensis
258 2303 520 2358 cathedrae
543 2303 832 2372 pontiﬁcali
868 2303 1258 2357 intlironizatus
1295 2313 1392 2365 est,
1425 2310 1484 2354 ut
1534 2317 1620 2356 re-

77 2390 160 2444 fert
190 2393 409 2449 Joannes
448 2393 576 2461 ejus
629 2393 764 2448 Vita:
813 2402 1006 2448 auctor
1055 2393 1282 2462 {aqualis
1330 2393 1468 2462 apud
1493 2392 1618 2445 Ιὶοι⁴

75 2484 252 2538 landum
274 2487 354 2541 die
380 2487 448 2541 27
486 2485 754 2548 Januarii,
779 2501 886 2554 quo
909 2485 1028 2554 ejus
1055 2486 1316 2540 memoria
1341 2487 1392 2540 in
1417 2483 1622 2553 aliquot

74 2579 369 2651 liartyrologi
381 2581 421 2634 is
453 2581 796 2635 celebratur.

125 2671 272 2724 Porro
294 2671 627 2751 Lambertus
651 2670 839 2736 abbas,
863 2669 952 2738 qui
977 2683 1080 2739 pro
1102 2668 1367 2723 electione
1392 2665 1618 2722 Joannis

71 2761 112 2814 in
136 2761 320 2830 synodo
366 2776 665 2832 perorasse
713 2761 933 2825 dicitur,
981 2759 1416 2815 Cluniacensium
1474 2757 1617 2811 fama

66 2851 261 2915 illectus,
286 2869 377 2909 eos
423 2855 488 2907 in
539 2868 695 2907 suum
736 2850 1160 2908 Sancti-Bertini
1207 2851 1616 2914 monasterium,

69 2943 111 2998 in
151 2959 245 3013 quo
287 2945 580 3015 disciplina
631 2946 896 3014 regularis
949 2946 1294 3013 iutepuerat,
1362 2943 1620 2998 inducere

63 3032 342 3103 jampridem
379 3036 794 3100 meditabatur;
838 3045 1142 3105 opportuna
1197 3033 1354 3100 hujus
1406 3034 1619 3088 itiueris

66 3126 257 3182 Romani
286 3144 412 3183 usus
441 3129 767 3192 occasione,
791 3128 845 3181 id
894 3127 1206 3196 impetravit
1251 3129 1320 3182 ab
1366 3125 1614 3190 Urbano,
1643 3167 1689 3227 C

64 3216 415 3274 interveniente
436 3218 744 3274 Clementia
771 3218 1071 3280 comitissa,
1102 3217 1254 3287 cujus
1276 3218 1341 3271 ad
1365 3218 1614 3270 eumdem

63 3311 332 3377 pontificem
356 3295 577 3366 litteras
602 3327 665 3364 ea
688 3311 752 3364 de
769 3325 826 3364 re
849 3310 1148 3364 deferebat.
1165 3309 1228 3363 Et
1251 3310 1468 3378 quidem
1494 3311 1620 3364 abs-

62 3402 249 3470 queulla
273 3418 417 3458 mora
448 3403 668 3456 litteras
695 3402 759 3454 ad
791 3400 1070 3470 llugonem
1093 3400 1338 3455 Cluniaci
1364 3400 1617 3456 abbatem

61 3495 250 3562 scripsit
287 3494 561 3564 pontifex,
597 3509 832 3563 cumque
860 3493 1068 3547 monuit
1096 3502 1148 3547 ut
1193 3491 1376 3547 Sancti
1408 3493 1618 3548 Bertini

59 3582 299 3640 Sithiensc
323 3585 724 3640 monasterium
751 3584 852 3638 sub
879 3600 974 3640 sua
1002 3600 1132 3639 cura
1158 3586 1437 3654 reciperet,
1466 3583 1615 3653 quod

59 3672 293 3728 Robertus
339 3675 768 3730 Flandrensium
823 3689 1009 3730 comes
1047 3690 1140 3729 au.
1173 3674 1310 3728 1106
1356 3690 1419 3728 ex
1456 3688 1618 3743 pere-

58 3765 330 3830 grinatione
380 3767 852 3838 Jerosolymitana
887 3783 1162 3829 reversus,
1203 3766 1448 3820 Atrebati
1487 3781 1618 3820 con-

55 3854 278 3921 firmavit,
317 3868 377 3914 ut
406 3875 480 3913 ex
527 3860 648 3929 ejus
701 3860 891 3914 charta
931 3864 1099 3928 patet,
1129 3857 1296 3911 relata
1326 3858 1380 3911 in
1413 3857 1617 3911 Biblio-

55 3945 182 4001 theca
209 3950 484 4013 Cluniac.,
531 3950 638 4006 col.
681 3951 806 4007 558.
843 3951 980 4019 Quin
1013 3960 1068 4005 et
1117 3950 1230 4018 ipse
1269 3948 1614 4015 Lambertus,

51 4049 153 4105 post
173 4056 337 4110 pauca
377 4043 582 4097 relicto
615 4045 931 4098 monasterii
964 4043 1045 4097 sui
1074 4043 1361 4110 regimine.
1393 4043 1616 4097 Clunia-

51 4143 151 4183 cum
196 4136 474 4197 secessit,
542 4150 606 4189 ac
658 4149 799 4203 nova
860 4134 1197 4203 professione
1247 4149 1368 4188 sese
1417 4134 1617 4204 regulze

48 4224 261 4279 strictius
283 4227 576 4292 astrinxit,
609 4227 751 4282 unde
777 4225 1221 4295 postmodutnad
1268 4241 1422 4280 suam
1452 4225 1616 4279 abba-

49 4313 157 4368 tiam
183 4319 476 4384 remissus,
501 4318 618 4386 ejus
644 4335 833 4372 curam
860 4334 1032 4389 usque
1054 4319 1120 4373 ad
1147 4319 1271 4373 vita:
1295 4319 1454 4372 linem
1483 4317 1612 4388 egit.

44 4403 285 4464 Caeterum
334 4410 600 4466 monachi
640 4405 972 4473 Bertiniani,
994 4411 1102 4465 imo
1125 4419 1180 4465 et
1215 4410 1330 4478 ipse
1357 4409 1619 4464 Lamber-

46 4503 118 4550 tus
138 4499 269 4554 haud
293 4502 386 4555 diu
413 4502 797 4558 Cluniacensis
822 4501 1037 4555 abbatis
1058 4511 1179 4572 post
1202 4501 1345 4555 beati
1373 4500 1615 4572 Hugonis

45 4607 251 4651 mortem
299 4598 503 4670 jugum
557 4597 701 4652 ferre
748 4598 1056 4664 valuerunt,
1102 4597 1179 4651 uti
1231 4596 1348 4652 fuse
1393 4603 1623 4650 narrant

45 4685 230 4754 lperius
277 4694 334 4746 in
390 4693 669 4747 Chronico
716 4694 956 4763 ejusdem
1006 4693 1128 4754 loci.
1175 4703 1228 4748 et
1279 4693 1621 4747 Malbrancus

43 4778 121 4833 lib.
148 4799 199 4837 ix
230 4784 306 4839 De
335 4784 591 4840 Morinis.
627 4786 854 4840 Exstant
886 4800 946 4838 ea
980 4787 1047 4838 de
1075 4799 1132 4838 re
1158 4783 1381 4839 Honorii
1408 4800 1556 4854 papae
1579 4783 1621 4837 ll

42 4868 218 4928 littera:
251 4876 304 4929 in
339 4877 582 4943 gratiam
614 4876 759 4931 Petri
818 4875 1212 4947 Cluniacensis,
1266 4877 1334 4932 ad
1371 4878 1619 4934 abbatem

40 4960 204 5018 Sancti
243 4965 488 5028 Bertini,
524 4969 615 5036 qui
657 4969 704 5022 ei
731 4968 954 5023 obedire
979 4969 1339 5035 detrectabat,
1369 4969 1462 5024 sed
1504 4968 1622 5026 haec

41 5052 195 5111 fusius
221 5059 488 5128 prosequi
519 5075 624 5114 nou
656 5069 833 5114 vacat.

96 5145 355 5206 Eamdem
405 5149 523 5204 fere
572 5151 870 5217 fortunam,
901 5153 994 5207 sed
1023 5149 1092 5207 ob
1126 5153 1372 5209 diversas
1401 5167 1618 5223 causas,

43 5253 314 5307 expertum
349 5252 445 5298 est
496 5245 550 5299 in
605 5245 709 5298 hac
753 5245 957 5314 synodo
997 5246 1388 5299 monasterium
1438 5245 1622 5299 Sancti

39 5327 290 5386 Germani
324 5348 504 5402 prope
541 5335 994 5398 Antissiodorum,
1038 5334 1194 5402 cujus
1231 5335 1399 5389 abbas
1437 5335 1489 5389 in
1521 5334 1624 5389 Ne-

36 5422 299 5475 mausensi
356 5422 598 5476 concilio
626 5433 1012 5478 exauctoratus
1058 5424 1257 5478 fuerat.
1291 5424 1423 5478 Cum
1477 5424 1621 5480 enim

35 5510 233 5576 perdiu,
286 5514 389 5568 sed
451 5529 662 5584 semper
720 5513 941 5581 frustra,
1000 5524 1202 5570 tentata
1261 5515 1454 5571 fuisset
1509 5516 1626 5586 ejus

33 5602 234 5659 abbatis
291 5609 602 5672 restitutio,
651 5609 909 5679 locusque
964 5609 1098 5664 adeo
1150 5608 1374 5678 insignis
1419 5608 1626 5678 absque

33 5701 202 5761 capite
249 5696 304 5749 in
343 5696 505 5766 pejus
557 5698 779 5752 omnino
831 5698 1024 5764 abiret,
1073 5699 1246 5754 visum
1277 5708 1361 5755 est
1407 5699 1624 5755 concilii

31 5779 285 5861 lfatribus
341 5797 474 5858 post
525 5790 842 5856 triennium,
900 5791 975 5846 uti
1031 5806 1095 5845 ex
1129 5791 1308 5847 Gestis
1357 5789 1475 5864 ejus
1521 5791 1624 5848 loci

1719 553 1958 608 niacensi
1986 551 2053 606 ad
2085 551 2347 620 Stephani
2375 551 2588 606 comitis
2607 551 2832 621 ejusque
2863 551 3049 603 uxoris
3084 565 3298 620 preces,

1717 647 2080 702 committere.
2110 640 2339 699 Exstant
2365 659 2428 697 ea
2452 644 2516 698 de
2545 659 2602 698 re
2631 643 2832 699 Urbani
2862 643 3076 706 litterze.
3102 643 3300 712 quibus

1715 735 1958 807 pontifex
1988 736 2039 790 id
2063 734 2400 790 exsceutioni
2437 734 2682 788 mandari
2716 734 2980 803 praecipit,
3017 733 3089 786 ita
3121 744 3297 787 tamen

1718 836 1774 879 ut
1811 825 1898 880 ille
1941 825 2087 878 locus
2133 825 2344 893 proprio
2397 823 2583 877 abbate
2631 841 2733 876 non
2783 832 2979 878 careat.
3027 823 3298 890 Quantum

1716 930 1847 969 vero
1873 914 2228 968 laborandum
2255 913 2421 968 fuerit.
2447 923 2506 966 nt
2537 913 2651 966 lucc
2683 912 2895 966 abbatia
2927 929 2955 967 a
2985 913 3304 972 Cluniacen-

1719 1012 1859 1066 sium
1894 1010 2025 1078 jugo
2050 1008 2404 1070 eximeretur,
2435 1022 2498 1061 ex
2523 1006 2769 1060 Guidoue
2793 1005 3110 1060 discendum
3141 1016 3226 1059 est
3249 1005 3304 1059 in

1717 1103 1900 1157 Gestis
1933 1102 2190 1155 abbatum
2225 1098 2409 1153 Sancti
2442 1097 2699 1153 Germani
2729 1095 2920 1151 tomol
2953 1094 3304 1150 Bibliotheca:

1717 1191 2037 1247 Labbcanaa.
2091 1245 2099 1252 ,

1790 1307 2162 1372 Disceptatum
2213 1314 2300 1358 est
2338 1303 2538 1374 postea
2583 1318 2767 1357 coram
2821 1300 3062 1370 ejusdem
3111 1300 3307 1372 synodi

1718 1398 1971 1453 Patribus
1996 1398 2062 1451 de
2090 1396 2388 1452 cmmeterii
2415 1395 2538 1462 jure
2569 1395 2621 1448 in
2652 1395 2785 1449 urbe
2818 1392 3126 1464 Burdigala,
3154 1391 3310 1462 cujus

1719 1489 2122 1561 possessionem
2178 1486 2420 1541 ecclesiae
2474 1485 2658 1539 Sancti
2709 1483 2936 1538 Andreae
2982 1481 3310 1537 cathedralis

1721 1581 1963 1635 canonici
1996 1579 2102 1661 sibi.
2124 1577 2309 1633 deberi
2339 1576 2765 1638 contendebant,
2796 1583 2985 1629 contra
3011 1569 3311 1626 nitentibus

1725 1673 1941 1728 clericis
1971 1669 2156 1726 Sancti
2190 1670 2458 1726 Severini.
2511 1669 2620 1725 Sed
2650 1669 2704 1724 hi
2738 1668 2912 1722 ultimi
2960 1681 3123 1722 causa
3162 1663 3312 1720 ccci-

1726 1765 1944 1836 deruut,
1974 1773 2034 1818 ut
2069 1779 2133 1818 ex
2163 1762 2372 1818 Urbani
2404 1762 2668 1832 rescripto
2699 1761 2980 1824 discimus,
3009 1757 3150 1828 quod
3192 1745 3314 1828 post

1728 1854 1938 1924 aliquot
1982 1854 2100 1909 dies
2127 1867 2189 1908 ea
2239 1853 2304 1907 de
2336 1867 2394 1907 re
2426 1852 2494 1906 ad
2534 1853 2827 1906 canonicos
2867 1848 3052 1904 Sancti
3081 1848 3313 1903 Andreae

1723 1945 1891 1999 dedit.

1791 2032 1908 2090 Huc
1952 2050 2166 2104 quoque
2218 2035 2556 2090 advenerunt
2607 2031 2862 2088 monachi
2916 2031 3310 2100 Molismenscs,

1722 2125 2071 2195 conquesturi
2111 2125 2372 2180 adversus
2407 2123 2704 2178 Robertum
2742 2137 2900 2176 suum
2927 2135 3116 2176 eorum
3144 2119 3315 2174 abba-

1724 2229 1857 2279 tem,
1892 2219 1984 2287 qui
2031 2218 2167 2288 ipsis
2198 2217 2440 2272 dimissis
2473 2218 2540 2270 ad
2577 2215 2995 2270 Cistereiensem
3043 2224 3312 2281 ercmum,

1723 2327 1862 2366 nova
1886 2311 1956 2365 ibi
1982 2318 2166 2365 erecta
2194 2310 2433 2373 abbatia,
2453 2307 2955 2377 transmigraverat.
2982 2302 3182 2359 Eorum
3213 2314 3311 2373 pe-

1728 2407 1904 2460 titioni
1938 2411 2250 2458 aunucrunt
2295 2401 2511 2457 concilii
2560 2399 2778 2464 Patres;
2828 2405 2882 2452 et
2912 2396 3026 2467 ipse
3063 2393 3312 2465 pontifex

1722 2497 2041 2567 infatigabili
2095 2493 2536 2556 Molismensittm,
2594 2499 2656 2544 ut
2696 2490 2750 2544 in
2793 2487 3066 2544 Chronico
3109 2483 3307 2560 Arclae

1725 2589 1862 2644 tensi
1917 2588 2144 2657 legitur,
2193 2585 2404 2658 querela
2459 2593 2613 2639 actus
2662 2582 2840 2652 legato
2875 2595 2974 2635 suo
3019 2580 3073 2634 in
3124 2576 3317 2648 Galliis

1723 2681 1936 2751 Huguui
1987 2680 2225 2750 scripsit,
2273 2687 2335 2732 ut
2387 2676 2629 2732 Roberto
2671 2673 2736 2728 ad
2769 2689 2896 2729 suos
2942 2671 3316 2726 Molismenses

1723 2773 1958 2827 reditum
2003 2770 2334 2840 persuadere
2363 2777 2694 2832 conaretur;
2729 2775 2820 2820 aut
2867 2765 2910 2820 si
2943 2765 2994 2819 id
3043 2763 3158 2818 fieri
3201 2776 3315 2821 non

1722 2871 1925 2933 posset,
1980 2878 2065 2915 res
2098 2863 2169 2915 ita
2203 2869 2528 2930 componat,
2565 2869 2626 2913 ιιι
2673 2863 2957 2926 utriusque
2994 2852 3315 2910 monasterii

1721 2956 1923 3010 fratres
1953 2957 2004 3009 iu
2042 2971 2142 3009 suo
2178 2955 2383 3023 quique
2415 2953 2536 3007 loco
2583 2951 2846 3020 deinceps
2877 2949 3046 3020 quieti
3097 2962 3314 3018 perma-

1721 3057 1905 3102 neant.
1938 3047 2075 3102 Dato
2104 3063 2164 3102 ea
2197 3048 2264 3101 de
2291 3061 2350 3101 re
2389 3045 2631 3109 decreto,
2665 3059 2773 3114 quo
2801 3052 3026 3098 cavetur
3061 3056 3130 3097 ne
3164 3039 3316 3096 dein-

1721 3155 1848 3208 ceps
1874 3139 2124 3193 monachi
2153 3152 2340 3192 eorum
2365 3134 2820 3190 monasteriorum
2845 3147 2875 3187 e
2903 3134 3019 3188 loco
3041 3130 3108 3186 ad
3131 3130 3312 3186 locum

1723 3229 2112 3297 trausmigrare
2156 3236 2404 3298 pergant.
2457 3225 2664 3282 Urbani
2705 3223 2933 3294 epistola
2994 3221 3213 3278 dabitur
3245 3235 3315 3276 ex

1721 3319 1890 3373 variis
1919 3319 2138 3388 scriptis
2167 3328 2222 3373 et
2251 3319 2442 3382 editis;
2474 3325 2528 3371 et
2555 3324 2744 3386 postea
2777 3313 3021 3382 ejusdem
3055 3329 3118 3368 ea
3150 3312 3218 3366 de
3255 3327 3317 3366 re

1722 3411 2000 3466 decretum
2044 3425 2112 3464 ex
2155 3408 2423 3465 Orderico
2460 3407 2642 3464 Vitali.
2687 3404 2960 3460 Cancrum
3006 3403 3179 3472 llugo,
3228 3415 3321 3455 re-

1721 3500 1892 3569 ceptis
1936 3498 2143 3554 Urbani
2193 3499 2419 3562 litteris,
2482 3511 2599 3551 rem
2659 3510 2781 3549 cum
2844 3492 2964 3547 aliis
3015 3489 3313 3562 provinciae

1721 3591 1994 3662 episcopis
2043 3599 2098 3643 et
2140 3589 2429 3644 abbatibus
2477 3587 2530 3641 in
2577 3585 2848 3654 colloquio
2890 3583 3029 3654 apud
3063 3581 3318 3636 Portum-

1720 3681 1947 3737 Ancillae
1977 3681 2252 3743 tractavit,
2275 3689 2439 3748 atque
2461 3678 2533 3732 ibi
2552 3679 2830 3731 decretum
2855 3682 2938 3728 est
2959 3671 3314 3728 ut-Robertus

1721 3772 1928 3827 reddita
1959 3771 2211 3840 episcopo
2245 3767 2594 3824 Cabilonensi
2635 3766 2786 3836 virga
2825 3762 3174 3819 Cisterieusis
3208 3761 3309 3815 ab-

1719 3863 1902 3927 batize,
1935 3861 2304 3931 relaxatisque
2337 3860 2407 3915 ab
2446 3858 2769 3914 obedientite
2811 3853 3174 3924 promissione
3204 3849 3313 3908 sibi

1719 3952 1862 4008 facta
1893 3953 2174 4007 monachis
2200 3949 2679 4013 Cisterciensibus,
2709 3945 3041 4001 Molismum.
3082 3959 3207 3999 cum
3237 3942 3311 4000 iis

1718 4046 1809 4116 qui
1865 4059 2003 4108 eum,
2035 4043 2188 4113 sequi
2219 4042 2490 4098 voluerint
2535 4047 2928 4101 reverteretur;
2960 4037 3032 4091 ita
3073 4045 3133 4090 ut
3177 4033 3313 4088 nulli

1717 4138 1992 4206 deinceps,
2034 4135 2312 4204 nisijnxta
2341 4137 2483 4204 quod
2528 4133 2794 4204 permittit
2835 4128 3008 4184 sancti
3035 4124 3320 4182 Benedicti

1720 4228 1925 4298 regula,
1952 4227 2232 4297 {transitus
2254 4225 2320 4279 ad
2356 4225 2505 4278 aliud
2551 4221 2941 4276 monasterium
2999 4217 3182 4272 licitus
3220 4215 3311 4271 sit.

1719 4318 1993 4372 Itobertus
2031 4316 2236 4385 itaque,
2267 4315 2516 4370 Alberico
2541 4315 2592 4367 in
2623 4311 3037 4367 Cisterciensem
3064 4307 3315 4364 abbatem

1717 4411 1822 4466 sibi
1853 4409 2173 4475 substituto,
2210 4407 2513 4463 Molismum
2544 4406 2782 4476 repetiit,
2830 4404 3015 4473 ibique
3051 4402 3118 4457 ad
3151 4401 3317 4459 flnem

1721 4501 1844 4555 vita:
1871 4500 2264 4570 perseveravit.
2307 4497 2432 4552 Haec
2476 4495 2634 4550 initia
2675 4503 2804 4551 sunt
2848 4493 3059 4548 ordinis
3104 4491 3314 4547 Cister-

1722 4591 1945 4655 ciensis,
1995 4590 2193 4659 quibus
2223 4589 2366 4664 sicut
2402 4595 2458 4642 et
2512 4585 2784 4640 natalibus
2833 4583 3006 4640 sancti
3051 4582 3314 4638 Bernardi

1723 4698 1867 4738 anno
1891 4682 2023 4737 1091
2059 4682 2236 4736 exorti
2269 4681 2572 4736 illustratus
2609 4687 2693 4734 est
2719 4677 2920 4734 Urbani
2941 4669 3316 4746 pontificatus.

1721 4775 1799 4830 De
1824 4775 1910 4829 his
1947 4772 2265 4829 consulendi
2315 4771 2626 4841 Mauriquez
2673 4771 2725 4824 iu
2753 4768 3058 4823 Annalibus
3105 4764 3311 4822 Cister-

1723 4868 2018 4933 ciensibus,
2069 4855 2363 4922 Ordericus
2404 4863 2628 4927 Vitalis,
2683 4853 2988 4932 anonymus
3040 4867 3234 4912 auctor
3281 4872 3314 4910 a

1722 4958 1940 5014 Labbeo
1968 4967 2112 5012 tomo
2142 4957 2160 5010 ι
2189 4956 2538 5011 Bibliotheca:
2563 4953 2763 5016 editus,
2799 4949 2888 5019 qui
2920 4948 3083 5002 etiam
3121 4957 3312 5002 vetera

1724 5049 2112 5112 instrumenta,
2162 5047 2302 5101 sicut
2333 5055 2388 5101 et
2416 5045 2506 5099 alii
2546 5043 2748 5114 passim
2779 5040 3027 5095 Historia:
3055 5037 3322 5094 ecclesia.

1725 5143 1880 5197 stieze
1907 5142 2204 5212 scriptores
2232 5141 2435 5212 passim
2463 5131 2744 5195 exhibent.

1795 5235 1997 5290 Eodem
2041 5217 2185 5289 anno
2243 5243 2298 5288 et
2348 5233 2488 5288 forte
2541 5231 2702 5286 etiam
2756 5230 2810 5283 in
2857 5228 3046 5283 eadem
3095 5226 3311 5298 synodo.

1723 5326 2010 5381 restitutus
2057 5325 2158 5378 fuit
2211 5325 2265 5378 in
2329 5325 2554 5392 gradum
2611 5336 2768 5374 suum
2831 5318 2999 5374 Falco
3055 5319 3308 5373 Divensis

1727 5415 1941 5472 Sancta:
1986 5409 2170 5470 Marize
2215 5413 2532 5493 monasterii
2575 5412 2629 5465 in
2673 5410 3064 5466 Northmaunia
3109 5409 3305 5477 abbas,

1724 5510 1815 5580 qui
1848 5511 2129 5579 instigante
2170 5508 2400 5570 Satana,
2451 5513 2512 5560 ut
2560 5504 2675 5575 jam
2721 5520 2787 5560 ex
2817 5503 3062 5560 Orderici
3107 5503 3245 5558 libro
3279 5520 3315 5565 χ

1725 5603 1980 5665 diximus,
2012 5601 2208 5670 injuste
2237 5599 2549 5653 criminatus
2578 5608 2626 5652 et
2672 5599 2934 5670 depositus
2967 5596 3145 5652 fuerat
3183 5607 3314 5651 ante

1726 5711 1897 5750 annos
1926 5700 2148 5764 septem,
2191 5707 2328 5763 quos
2355 5692 2409 5746 in
2441 5701 2623 5747 monte
2650 5691 2869 5756 Casino,
2903 5691 3108 5744 monitu
3140 5698 3200 5744 ut
3233 5688 3318 5741 vi"

1727 5787 1883 5844 detur
1919 5785 2143 5858 Urbani,
2179 5787 2243 5843 ad
2283 5800 2443 5858 quem
2485 5783 2826 5856 confugerat,
2869 5781 3146 5860 transegit.
3182 5779 3322 5854 Ejus
