3892 6320
517 305 624 364 255

521 524 675 573 etore
723 521 1044 591 colligimus,
1081 527 1174 594 qui
1221 530 1407 584 scribit
1437 533 1727 591 Fulconem
1771 556 1914 596 anno
1965 543 2100 598 llOti

520 609 766 678 Guentte,
797 614 848 668 id
879 625 962 669 est
983 617 1293 688 Wintoniae,
1322 624 1374 678 in
1395 627 1586 696 Anglia
1615 630 1817 686 obiisse
1839 649 1894 686 ιιι
1925 633 2101 692 Nonas

522 704 743 772 Aprilis,
796 723 905 763 sure
955 714 1313 772 restitut'onis
1355 734 1498 773 anno
1532 724 1762 792 septimo
1807 742 1924 794 qua:
1959 729 2099 784 facta
2139 751 2184 760 -’

522 792 699 850 fuerat
751 810 872 867 post
921 802 1055 858 alios
1107 818 1311 875 septem
1343 826 1514 866 anuos
1552 831 1686 881 quos
1733 820 1883 872 exsul
1919 820 2096 875 Casini

517 897 799 953 exegerat.
831 889 986 945 llunc
1017 909 1144 950 vero
1170 907 1279 950 tum
1311 899 1362 953 iu
1394 901 1662 958 abbatiam
1693 924 1845 962 suam
1876 913 2099 969 rudiisse

513 989 635 1026 cum
676 992 827 1046 papa:
855 982 1088 1048 apicibus
1121 985 1351 1042 atlirmat
1382 990 1521 1045 idem
1547 993 1873 1064 Ordericus;
1917 1010 1972 1054 at
2017 1003 2098 1057 hac

517 1059 711 1117 littera:
743 1067 1040 1133 perierunt.
1588 1121 1593 1126 ε

766 1155 1179 1218 CCCXXXVHI.
1222 1168 1497 1226 Ausclmus
1528 1173 1691 1229 Roma
1722 1181 1847 1233 exit.

587 1244 769 1302 Prima
809 1261 988 1306 autem
1029 1271 1150 1325 post
1179 1261 1413 1318 solutum
1455 1270 1746 1324 concilium
1785 1274 1870 1328 die
1902 1274 2093 1331 Ansel-

520 1349 666 1402 ntus,
717 1349 853 1395 teste
904 1345 1192 1414 Eadmero,
1247 1366 1462 1425 recepta
1501 1375 1530 1413 a
1579 1363 1831 1429 pontifice
1878 1365 2094 1422 lieent'a

516 1429 772 1502 abeundi,
821 1437 988 1494 Roma
1031 1445 1334 1512 exivithac
1384 1456 1652 1522 superatis
1685 1459 1913 1527 viarum,
1960 1477 2094 1530 quas

523 1520 742 1592 llenriei
780 1539 833 1582 et
869 1529 1113 1588 Guiberti
1146 1535 1387 1596 fautores
1416 1520 1782 1614 occupabant,
1816 1552 2091 1619 periculis,

518 1610 836 1693 Lugdunum
867 1626 1114 1689 pervertit
1161 1628 1468 1699 incolumis,
1519 1637 1606 1690 ubi
1657 1640 1724 1692 ah
1756 1639 1977 1709 llugone
2007 1660 2094 1697 ar—

514 1703 862 1778 chiepiscopo
905 1728 1116 1772 summo
1162 1735 1282 1794 cum
1332 1724 1536 1780 honore
1569 1740 1828 1799 exceptus
1873 1743 1974 1787 est.
2011 1735 2090 1790 Ad

516 1805 762 1851 nostrum
813 1801 1119 1862 institutum
1166 1826 1272 1865 non
1322 1815 1516 1870 attinet
1566 1819 1735 1873 fusius
1779 1822 1895 1890 ejus
1928 1823 2091 1879 Gesta

513 1889 787 1956 persequi,
826 1907 947 1961 qua:
993 1913 1058 1950 ex
1091 1899 1355 1956 Eadmero
1387 1907 1617 1977 aliisque
1647 1911 1956 1979 Anglicanis
1996 1932 2094 1969 au-

509 1979 752 2034 ctoribus
783 1991 1071 2051 repetenda
1104 2004 1249 2047 sunt.

686 2073 1060 2134 CCCXXXIX.
1115 2082 1453 2156 l’rit'ifegium
1497 2088 1912 2150 Psaa’modieuse.

583 2163 695 2221 llac
737 2172 924 2226 eadem
974 2178 1079 2243 die,
1132 2195 1322 2250 nempe
1369 2184 1625 2241 Kalendis
1675 2188 1820 2253 Maii,
1849 2193 2092 2260 pontifex

510 2259 829 2312 monasterii
888 2260 1307 2324 Psalmodieusis
1367 2273 1417 2324 in
1469 2273 1833 2344 Septimania,
1884 2297 2095 2350 posses-

511 2344 695 2402 siones
736 2335 791 2404 et
831 2354 1109 2426 privilegia
1160 2362 1540 2429 confirmavit,
1592 2369 1721 2424 dato
1769 2371 2091 2442 diplomate,

513 2438 656 2506 quod
699 2455 764 2493 ex
816 2447 1170 2514 autographa,
1214 2448 1394 2507 lacero
1426 2456 1642 2521 quidem
1691 2469 1745 2514 et
1788 2477 1926 2531 pene
1956 2480 2091 2519 con—

513 2538 750 2596 sumpto,
795 2535 889 2587 sed
923 2545 1099 2591 tamen
1135 2539 1371 2598 indubiae
1416 2545 1535 2600 lidei
1568 2549 1804 2609 dabitur.
1838 2555 1950 2610 Hoc
1978 2575 2095 2613 mo-

512 2622 810 2677 nasterium
855 2637 977 2694 post
1023 2631 1199 2685 varias
1240 2633 1487 2692 fortunas
1516 2639 1583 2692 ad
1634 2641 2092 2720 Aquasmortuas

511 2709 942 2788 (Aiguesmortes)
994 2724 1312 2782 translatum
1361 2737 1414 2782 et
1459 2733 1702 2788 saeculari
1755 2718 1870 2805 toga
1924 2741 2092 2794 dona-

512 2807 626 2857 tttm
682 2808 895 2863 tandem
955 2812 1022 2866 ab
1082 2814 1289 2886 aliquot
1347 2822 1503 2877 annis
1555 2825 1817 2882 Alesieusi
1879 2831 2088 2902 (Alais)

511 2906 653 2947 novo
690 2898 1042 2970 episcopatui,
1089 2922 1157 2962 ex
1190 2906 1538 2980 Nemauseusi
1575 2917 1846 2981 detracto.
1881 2923 2090 2978 unitum

510 2992 616 3038 est.
652 2986 782 3042 Post
819 2992 956 3048 duos
998 2996 1111 3051 dies
1152 3002 1392 3068 pontifex
1439 3007 1760 3076 rescriptum
1808 3011 1955 3067 dedit
1993 3031 2091 3084 pro

507 3081 788 3136 canonicis
818 3083 1328 3158 Burdegaleusibus,
1363 3097 1504 3163 quod
1534 3099 1693 3153 modo
1723 3081 2084 3162 laudavimus.
2115 3120 2160 3180 ρ

510 3167 580 3223 Ει
609 3170 696 3225 die
722 3177 988 3243 sequenti,
1041 3179 1106 3233 10
1147 3179 1291 3248 Maii,
1323 3186 1663 3255 privilegium
1698 3191 1908 3263 insigne
1953 3211 2087 3250 coc-

507 3265 680 3318 cessit
720 3271 1050 3326 tuonasterio
1094 3271 1399 3343 Conquenti
1448 3282 1589 3348 apud
1635 3281 1931 3351 Ruthenos,
1979 3303 2086 3356 quo

507 3352 626 3422 ejus
671 3355 793 3425 jura
853 3367 907 3413 et
957 3365 1330 3430 possessiones
1377 3372 1787 3441 continuantur,
1841 3391 2086 3436 resecato

506 3446 677 3503 abusu
713 3451 806 3519 qui
844 3451 896 3506 in
945 3453 1048 3509 illis
1097 3459 1341 3526 partibus
1389 3462 1725 3528 invaluerat,
1775 3481 2082 3526 sanctorum

504 3538 785 3609 reliquias,
809 3544 972 3598 etiam
1001 3546 1184 3602 invitis
1211 3552 1511 3620 monachis,
1544 3556 1608 3608 ad
1641 3557 1834 3624 platita
1872 3563 2083 3630 publica

505 3629 802 3687 deferendi.
837 3636 1000 3691 Paulo
1037 3649 1176 3707 post,
1224 3643 1274 3695 id
1315 3652 1400 3699 est
1431 3645 1518 3699 die
1565 3648 1631 3701 11
1660 3649 1807 3716 Maii,
1845 3629 2082 3719 pontier

507 3718 872 3780 Rutbenensis
903 3730 1090 3783 matris
1119 3733 1363 3789 ecclesia:
1407 3740 1706 3804 canonicis,
1737 3744 1829 3810 qui
1875 3746 2084 3814 regula-

510 3825 628 3865 rem
660 3814 826 3869 vitam
855 3819 1087 3887 amplexi
1121 3821 1351 3889 fuerant,
1383 3829 1666 3899 privilegia
1712 3837 1997 3897 concessit,
2028 3846 2085 3892 et

508 3903 687 3960 varias
717 3911 1086 3972 possessiones
1115 3914 1182 3967 ad
1209 3917 1371 3970 vitam
1403 3935 1758 3978 conuuuuem.
1783 3928 2080 3985 ducendam

505 3994 586 4048 eis
614 3998 871 4066 asseruit,
921 4001 1046 4056 dato
1074 4003 1385 4073 diplomate.
1437 4010 1643 4065 Eodem
1689 4031 1873 4070 mense
1917 4018 2078 4088 Maio,

506 4086 655 4143 nulla
686 4091 961 4162 assignata
994 4094 1099 4161 die,
1133 4098 1485 4168 consignatur
1527 4102 1726 4158 Urbani
1761 4086 2078 4180 rescriptum

503 4179 572 4234 ad
606 4181 860 4237 Alfanum
893 4185 1294 4244 Salernitauum
1322 4193 1644 4262 antistitem,
1681 4213 1788 4267 quo
1820 4179 2080 4259 revocatis

503 4284 536 4324 a
590 4285 650 4326 se
691 4287 786 4341 per
835 4275 1270 4344 subreptionem,
1320 4289 1380 4334 ut
1423 4282 1493 4337 ibi
1541 4285 1758 4351 dicitur,
1807 4293 2080 4349 concessis

502 4363 836 4418 monasterio
864 4364 1088 4422 Cavensi
1118 4370 1438 4441 privilegiis,
1467 4375 1594 4432 illud
1622 4387 1677 4432 et
1705 4380 1808 4436 alia
1839 4382 2076 4449 ejusdem

1769 336 1825 388 B.
1864 336 2115 391 URBANI
2137 337 2176 391 ll
2216 340 2416 400 PAPAS

520 425 890 485 destitutionis
927 441 982 486 ct
1025 435 1380 492 restitutionis
1425 450 1635 512 tempus
1663 461 1728 500 ex
1775 449 1961 502 eodem
2009 468 2102 504 au-
2133 451 2178 507 Δ
2209 455 2375 524 tione,

3678 386 3780 440 256

2427 476 2548 530 quae
2593 469 2774 522 omnia
2827 476 3147 547 rescriptum
3184 485 3309 540 illud
3359 492 3515 547 valde
3564 496 3782 554 dubium

2207 548 2429 620 faciunt,
2463 572 2531 612 ne
2573 559 2748 616 dicam
2781 563 2994 623 falsum.
3036 572 3148 628 lmo
3199 594 3340 636 anno
3371 583 3508 639 1089
3537 548 3778 656 pontii;

2203 640 2375 708 idem,
2413 647 2542 703 visis
2591 655 2933 714 ut'vidimus
2985 668 3208 722 carlulis
3254 683 3304 726 et
3348 640 3688 744 pactionibus
3721 701 3781 739 ex

2203 740 2434 802 utraque
2479 750 2633 807 parte
2663 745 2890 812 prolatis
2931 750 2982 805 in
3021 758 3251 814 concilio
3301 740 3668 833 Melphitano,
3699 788 3776 827 se-

2202 824 2434 879 cundum
2481 828 2752 888 Cavenses
2806 846 3272 906 pronuntiaverat.
3323 853 3469 919 Quin
3520 868 3575 912 et
3615 877 3782 930 nuper

2202 918 2509 984 accepimus
2556 923 2657 977 viri
2707 927 2986 995 cujusdam
3046 936 3099 990 in
3155 940 3238 994 his
3287 946 3534 1011 partibus
3583 952 3781 1006 eruditi

2201 1005 2608 1068 observationes
2656 1016 2708 1070 in
2761 1019 2864 1075 hoc
2913 1025 3279 1100 privilegium,
3330 1039 3473 1104 quod
3526 1054 3782 1098 accurate

2198 1098 2530 1166 expenderat
2582 1103 2774 1172 factas,
2815 1111 2867 1164 in
2914 1098 3130 1182 quibus
3150 1122 3226 1176 ait
3268 1098 3510 1183 ise-illud
3560 1133 3779 1201 quidem

2200 1188 2252 1240 iu
2313 1194 2539 1249 archivo
2575 1201 3039 1276 .archiepiscopali
3091 1212 3305 1272 Salerni
3372 1220 3684 1290 inspexisse
3730 1229 3778 1282 in

2199 1295 2523 1348 pergameno
2551 1291 2812 1360 scriptum
2846 1297 3059 1370 integro
3083 1312 3136 1358 et
3162 1321 3314 1374 sano,
3341 1311 3434 1366 sed
3458 1313 3782 1373 charactere

2197 1375 2288 1442 qui
2327 1377 2409 1431 his
2443 1385 2776 1450 temporibus
2819 1405 2926 1445 non
2970 1398 3244 1464 convenit,
3286 1416 3408 1455 cum
3440 1405 3592 1460 notis
3624 1407 3781 1464 chro-

2198 1467 2336 1522 nicis
2379 1471 2472 1526 sed
2506 1471 2680 1540 falsis,
2731 1479 2937 1550 absque
2985 1485 3093 1540 ullo
3136 1489 3324 1559 signo,
3375 1502 3473 1548 aut
3508 1495 3694 1566 sigillo
3728 1511 3777 1554 et

2197 1559 2614 1631 subscriptione.
2661 1567 2726 1621 Et
2757 1571 2974 1638 quidem
3020 1593 3294 1649 nunquam
3340 1584 3410 1638 ab
3437 1599 3507 1638 eo
3539 1559 3780 1657 tempore

2197 1650 2307 1703 suis
2336 1653 2629 1722 privilegiis
2658 1661 2862 1716 excidit
2896 1663 3154 1724 Cavensis
3184 1671 3420 1728 abbatia.
3448 1674 3585 1742 Qua:
3616 1681 3777 1734 etiam

2196 1739 2457 1804 peculiari
2486 1747 2752 1817 rescripto
2773 1766 3031 1822 expresse
3055 1759 3399 1817 conﬁrmavit
3430 1779 3556 1835 post
3582 1770 3779 1826 multos

2197 1831 2470 1887 variorum
2503 1843 2804 1906 temporum
2832 1847 3116 1912 pontifices
3141 1831 3446 1922 Gregorius
3467 1856 3617 1913 XIV.
3649 1860 3780 1915 Illud

2200 1931 2376 1978 tamen
2421 1927 2794 2002 qualecunque
2823 1938 2894 1990 sit
2938 1937 3291 1999 Salernitana:
3342 1948 3604 2007 Ecclesia:
3649 1959 3780 2010 scri-

2194 2024 2344 2085 ptqu
2380 2033 2443 2072 ex
2489 2021 2712 2092 Ughello
2744 2028 2977 2099 dabitur,
3008 2034 3074 2088 de
3103 2038 3254 2106 cujus
3286 2041 3614 2100 sinceritate
3641 2048 3775 2116 judi-

2195 2107 2337 2160 cium
2367 2109 2488 2166 aliis
2518 2116 2904 2181 permittimus.

2194 2196 2437 2255 CCCXL.
2508 2203 2981 2300 Alﬁ/iidiaconal'us
3039 2214 3501 2300 Salmoriacicnsis
3565 2227 3778 2300 Hugom'

2577 2274 3070 2350 Gratianopolilano
3101 2274 3377 2344 asseritur.

2263 2359 2423 2416 Initio
2457 2361 2600 2418 Junii
2635 2367 2918 2437 Urbanus,
2949 2389 2979 2428 e
3012 2373 3276 2434 Vaticano
3310 2383 3650 2443 Lateranum
3691 2407 3772 2446 re-

2194 2464 2410 2518 versus,
2455 2454 2664 2526 Hugoni
2710 2459 3056 2532 Lugdunensi
3103 2486 3203 2525 suo
3241 2473 3294 2527 in
3337 2475 3533 2535 Galliis
3572 2482 3776 2539 vicario

2195 2548 2474 2617 rescripsit
2511 2567 2550 2604 ιι
2578 2550 2772 2621 ,Νοιιέιε
2802 2555 3042 2625 ejusdem
3071 2565 3272 2619 mensis
3300 2567 3352 2620 in
3380 2570 3618 2634 gratiam
3647 2573 3776 2629 Gra-

2195 2636 2596 2708 tianopolitanaa
2640 2643 2898 2701 Ecclesia:
2946 2651 3207 2708 adversus
3255 2655 3563 2716 Guidonem
3621 2663 3773 2722 Vien-

2193 2741 2418 2782 nensem
2446 2732 2937 2806 archiepiscopum,
2968 2741 3060 2808 qui
3101 2759 3293 2801 rursus
3321 2749 3774 2812 Salmoriacensis

2193 2819 2667 2879 archidiaconatus
2713 2827 2986 2886 Ecclesias
3013 2833 3305 2893 invaserat.
3340 2840 3399 2894 ln
3433 2843 3544 2900 tine
3574 2845 3771 2902 littera-

2193 2925 2312 2965 rum
2349 2910 2550 2968 fatetur
2594 2917 3034 2988 religiosissimus
3081 2929 3321 2996 pontifex
3381 2948 3442 2989 se
3491 2935 3772 3010 hucusque

2193 3001 2246 3054 in
2277 3005 2655 3070 permittendis
2697 3011 2840 3078 apud
2881 3011 3081 3071 Gallias
3120 3020 3506 3090 episcoporum
3549 3001 3770 3086 transla-

2194 3092 2430 3149 tionibus
2455 3096 2615 3151 nimis
2635 3097 2850 3155 facilem
2885 3101 3080 3170 fuisse;
3114 3117 3226 3162 tum
3249 3111 3402 3167 addit
3431 3130 3494 3170 se
3512 3117 3770 3190 deinceps

2185 3185 2337 3254 juxta
2366 3187 2597 3244 Nicaeus:
2642 3194 2836 3262 synodi
2873 3205 3075 3252 statuta
3103 3202 3172 3255 ab
3197 3218 3265 3258 eo
3291 3206 3465 3261 abusu
3495 3185 3770 3268 abstemii-

2191 3294 2329 3345 rum,
2355 3290 2515 3351 atque
2545 3285 2646 3340 hoc
2669 3295 2752 3340 est
2773 3288 3017 3344 ultimum
3043 3295 3361 3363 rescriptum
3384 3304 3534 3368 quod
3555 3305 3766 3373 quide

2188 3385 2310 3424 cum
2336 3373 2480 3427 notis
2503 3375 2774 3431 chronicis
2799 3381 3057 3449 supersit,
3079 3383 3147 3436 ab
3169 3384 3388 3440 Urbano
3412 3390 3596 3446 datum
3617 3411 3633 3446 :
3652 3394 3767 3448 huic

2188 3459 2334 3515 aliud
2399 3461 2754 3534 subjungetur
2817 3467 2917 3536 ipsi
2985 3468 3194 3540 llugoui
3265 3473 3766 3548 Gratianopolitzno

2188 3551 2527 3620 inscriptum,
2577 3570 2686 3626 quo
2738 3557 2936 3626 eidem,
2984 3571 3039 3615 et
3087 3562 3454 3631 Magalouensi
3493 3571 3765 3642 episcopo.

2189 3641 2549 3710 cognitionem
2577 3659 2752 3700 causa:
2776 3662 2896 3715 qua:
2935 3649 3080 3704 inter
3110 3653 3438 3723 Vigilienses
3463 3667 3522 3712 et
3546 3659 3759 3715 Clunia-

2187 3745 2375 3786 ceuses
2408 3737 2702 3790 monachos
2739 3741 3073 3806 vertebatur,
3122 3746 3446 3802 committit:
3490 3752 3587 3806 sed
3615 3765 3759 3808 caret

2184 3824 2332 3878 omni
2371 3826 2628 3894 temporis
2661 3838 2819 3883 nota.
2853 3819 3080 3887 Exstant
3118 3835 3171 3888 in
3222 3835 3515 3895 Chartario
3557 3842 3754 3898 Cahne-

2185 3914 2405 3972 liacensi
2451 3918 2568 3973 alim
2619 3921 2814 3976 Calixti
2874 3924 3068 3981 littera:
3113 3929 3286 3984 eidem
3337 3931 3550 3998 ilugoni
3595 3948 3652 3992 et.
3694 3937 3748 3991 P.

2184 4007 2365 4063 Diensi
2394 4010 2660 4080 episcopis
2687 4014 2753 4070 de
2781 4017 2968 4070 eadem
3000 4020 3277 4090 Vigiliensi
3318 4023 3587 4094 Ecclesia,
3627 4045 3750 4100 quas

2183 4100 2238 4154 in
2269 4118 2374 4156 uno
2401 4104 2521 4158 cod.
2559 4105 2777 4162 Urbano
2823 4110 3052 4193 tributas
3087 4114 3412 4186 invenimus,
3445 4123 3539 4176 sed
3571 4138 3747 4193 perpe-

2185 4209 2324 4260 ram,
2355 4206 2415 4250 ut
2453 4213 2520 4251 ex
2569 4199 2691 4254 aliis
2724 4201 2935 4258 duobus
2972 4186 3236 4278 eremplis
3280 4223 3520 4278 constat,
3551 4227 3605 4271 et
3642 4219 3743 4288 ejus

2183 4287 2330 4352 data,
2359 4287 2556 4343 Privati
2580 4291 2702 4346 Kal.
2719 4294 2870 4359 Maii,
2883 4314 3001 4366 quae
3015 4300 3232 4356 Urbano
3243 4309 3536 4362 convenire
3552 4287 3738 4378 nequit.

2183 4377 2477 4435 Gratianus
2506 4382 2596 4446 55,
2624 4399 2680 4452 q.
2706 4385 2741 4438 2
2765 4396 2821 4440 et
2847 4387 2902 4453 5,
2934 4390 3116 4445 laudat
3144 4392 3508 4463 fragmentum
3537 4377 3738 4456 alterius

500 4450 754 4508 dimcesis
797 4461 1122 4514 monasteria
1154 4465 1566 4539 archiepisc0po
1599 4473 1770 4528 reddit
1798 4485 1854 4529 et
1880 4478 2077 4530 confir-

2192 4471 2433 4540 rescripti
2464 4473 2665 4530 Urbani
2703 4477 2766 4530 ad
2799 4481 3048 4534 eumdem
3088 4483 3365 4554 llugonem
3409 4490 3478 4542 de
3513 4503 3734 4546 extraoro

501 4551 635 4598 mat.
668 4544 862 4600 Datum
904 4547 1078 4604 fertur
1121 4551 1306 4610 Romae
1355 4573 1497 4613 anno
1553 4561 1701 4626 l098,
1755 4564 1943 4622 indict.
1976 4582 2072 4633 vn,

500 4648 687 4689 mense
718 4634 889 4701 Maio,
923 4654 1042 4707 qua:
1079 4651 1220 4698 uota:
1252 4645 1354 4701 sibi
1383 4662 1488 4702 non
1522 4651 1815 4708 cohaerent.
1853 4655 1920 4709 Et
1959 4657 2081 4726 qui-

499 4728 620 4781 dem
651 4743 795 4783 anno
838 4730 998 4796 1098,
1040 4748 1222 4790 mense
1254 4736 1412 4802 Maio,
1435 4740 1547 4809 jam
1593 4753 1651 4797 ut
1681 4745 1898 4813 quidem
1932 4748 2077 4803 vide.

501 4825 609 4883 tur,
657 4819 937 4890 profectus
987 4823 1042 4878 in
1097 4825 1344 4895 Apuliam
1397 4841 1516 4886 erat
1571 4832 1859 4902 Urbanus,
1909 4854 2076 4908 quare

499 4910 678 4976 potius
708 4912 879 4968 visum
917 4923 1002 4971 est
1051 4916 1181 4972 illud
1228 4920 1294 4973 ad
1342 4934 1661 4990 praesentem
1709 4943 1937 4995 annum,
1987 4932 2071 4986 cui

501 5001 725 5059 indictio
755 5023 831 5061 vn
859 5011 1135 5080 convenit,
1167 5028 1444 5070 revocare.
1469 5017 1662 5073 Mirum
1691 5029 1775 5074 est
1803 5033 2004 5090 autem,
2025 5026 2071 5080 si

499 5096 824 5164 rescriptum
850 5100 952 5156 hoc
978 5103 1250 5160 sincerum
1284 5107 1376 5172 sit,
1404 5108 1677 5164 Urbanum
1709 5112 1762 5165 in
1786 5128 1848 5167 ea
1871 5115 2071 5180 dixisse

497 5187 602 5242 sibi
629 5189 942 5263 subreptum
972 5212 1142 5267 usque
1183 5209 1309 5255 tunc
1355 5201 1518 5258 fuisse
1547 5220 1610 5258 ea
1645 5206 1710 5258 in
1749 5222 1826 5268 re,
1855 5217 1910 5263 et
1941 5211 2072 5264 visis

497 5285 630 5334 tunc
677 5281 909 5349 primum
952 5285 1134 5342 Roma:
1177 5291 1476 5361 privilegiis
1526 5294 1781 5349 Ecclesiae
1836 5296 2070 5353 Salerni-

496 5377 658 5434 tanae,
690 5386 810 5440 quze
840 5374 1098 5432 hactenus
1127 5381 1230 5436 sibi
1263 5381 1596 5452 incomperta
1627 5384 1865 5453 fuerant,
1889 5404 2071 5444 emen-

495 5462 655 5518 dasse
693 5468 1040 5531 sententiam,
1086 5486 1206 5526 cum
1252 5473 1536 5530 Salernum
1569 5487 1725 5530 antea
1766 5494 1869 5532 non
1900 5482 2066 5536 semel

494 5554 720 5610 adiisset
743 5566 860 5626 post
889 5575 1148 5617 concessa
1181 5565 1405 5622 Caveusi
1431 5571 1760 5624 monasterio
1785 5572 2063 5644 privilegia

492 5655 547 5704 et
579 5647 706 5718 jura
735 5665 877 5705 anno
918 5653 1244 5719 pratcedenti
1293 5658 1344 5711 in
1398 5658 1500 5714 hac
1547 5661 1775 5730 ipsamet
1823 5663 2064 5718 residens

493 5741 888 5810 confirmasset,
929 5742 1070 5797 nulla
1111 5745 1266 5816 hujus
1313 5748 1673 5819 subreptiouis
1719 5751 1861 5808 facta
1911 5770 2060 5810 men~

2180 4564 2390 4618 dinaria
2418 4567 2734 4636 pollutione,
2770 4572 2913 4640 quod
2946 4588 3045 4628 suo
3073 4575 3192 4630 loco
3223 4577 3368 4634 inter
3393 4581 3511 4651 ejus
3538 4585 3728 4638 decreta

2176 4654 2502 4721 proferetur.

2389 4743 2655 4800 CCCXLI.
2698 4747 3021 4820 Rescriptum
3056 4753 3161 4822 'pro
3207 4755 3540 4814 Carbiniaco.

2244 4836 2326 4890 Ad
2353 4846 2595 4893 extrema
2637 4856 2852 4909 quoque
2897 4844 3097 4898 Urbani
3137 4849 3487 4915 pontificatus
3514 4860 3720 4921 tempore

2179 4931 2539 4986 revocandum
2568 4947 2689 4988 esse
2725 4935 2996 4990 credimus
3038 4936 3154 5005 ejus
3183 4941 3507 5010 rescriptum
3549 4944 3597 4997 in
3621 4959 3722 5014 gra-

2176 5023 2302 5077 tiam
2346 5025 2737 5079 monachorum
2773 5025 2957 5080 Saucti
3003 5027 3230 5096 Remigii
3260 5029 3569 5097 Bernensis,
3609 5046 3721 5102 quos

2172 5112 2540 5184 lngelramuus
2603 5114 2833 5170 Laudini
2899 5118 3126 5173 antistes
3188 5120 3423 5176 vexabat
3469 5126 3720 5179 occasione

2174 5205 2364 5261 altaris
2409 5206 2740 5262 Corbiuiaci.
2790 5207 2858 5260 Et
2908 5209 3124 5278 quidem
3173 5226 3297 5265 cum
3343 5229 3488 5268 anno
3544 5225 3716 5268 tantum

2176 5295 2312 5351 1098
2340 5296 2710 5367 lngelramnus
2741 5297 2882 5352 hanc
2905 5299 3087 5353 sedem
3112 5299 3317 5365 iniisse,
3348 5302 3618 5367 Elinando,
3643 5302 3714 5369 qui

2173 5388 2436 5445 Manassis
2515 5389 2917 5459 metropolitani
2983 5392 3315 5446 ordiuationi
3392 5409 3532 5448 anno
3604 5389 3711 5446 1096

2171 5482 2514 5545 interfuerat,
2567 5481 2820 5537 defuncto
2875 5483 3111 5549 dicatur,
3169 5483 3313 5540 haud
3359 5485 3533 5540 minus
3573 5493 3701 5552 quam

2169 5574 2330 5627 tutius
2357 5573 2580 5626 circiter
2609 5565 2735 5626 anni
2767 5573 2996 5642 spatium
3025 5573 3284 5644 exigitur,
3316 5583 3373 5629 ut
3400 5574 3484 5629 ille
3509 5573 3692 5628 antistes

2173 5664 2452 5720 monachis
2484 5664 2758 5734 negotium
2795 5663 3113 5726 facessierit,
3144 5675 3198 5720 et
3234 5666 3332 5735 ipsi
3368 5667 3432 5720 ad
3465 5665 3687 5719 Urbanum

2169 5757 2502 5815 recurrerint
2528 5765 2688 5829 atque
2711 5755 3051 5828 impetrarim
3076 5754 3204 5818 illud
3229 5755 3551 5825 rescriptum.
