3892 6320
60 369 149 424 25⁷
1493 329 1662 384 νιτΑ.
2509 307 2518 316 ’“
3161 319 3268 376 ass

225 463 490 529 CCCXL“.
516 459 827 515 Adalbertus
863 455 1021 509 abbas
1053 448 1366 517 Schalfnsa’.
1605 443 1654 502 Α
1686 447 1795 493 tum
1827 441 1989 492 etiam
2016 438 2084 490 ob
2120 436 2235 503 ejus
2268 436 2506 491 auctoris
2535 435 2754 490 famam.
2790 433 2946 488 llunc
2970 432 3116 488 enim
3147 447 3271 487 esse

119 527 248 622 Inter
264 562 368 615 hzec
403 556 486 610 die
515 551 584 605 24
626 548 797 609 Junii,
823 543 1117 598 Nativitate
1149 536 1323 593 sancti
1359 530 1582 588 Joannis
1693 531 2060 585 “ildt'bCl'lllln
2094 529 2276 584 multis
2307 530 2428 584 aliis
2466 528 2684 598 scriptis
2721 527 3013 590 celebrem,
3051 534 3108 580 et
3133 533 3272 578 tem-

61 658 293 727 Baptistat,
322 643 664 704 Geheltardus
705 635 910 693 Urbani
963 635 1014 688 in
1055 627 1346 686 Germania
1378 624 1586 694 legatus
1691 639 1881 688 porum
1913 622 2362 684 circumstantiae,
2394 630 2445 674 et
2473 621 2620 692 styli,
2645 621 2688 675 si
2731 635 2848 674 mea
2882 634 2968 674 me
3002 634 3108 674 non
3140 617 3277 671 fallit.

60 709 364 807 Adalbertum
413 738 464 792 in
514 729 913 789 Schaﬂ‘usensis
959 720 1279 780 monasterii
1335 715 1586 770 abbatem
1693 714 2028 785 conjectura,
2059 713 2439 777 conformitas,
2467 714 2556 768 vix
2580 712 2858 768 dubitandi
2900 711 3077 766 locum
3111 709 3278 766 relin-

61 835 252 896 solemni
289 832 388 886 ritu
421 825 691 883 benedixit
720 822 840 876 loco
865 815 1133 875 Gerbardi
1175 813 1290 882 qui,
1319 815 1588 879 annuente
1631 853 1674 871 ,ρ
1698 815 1886 874 quant.
1919 806 2000 858 An
2031 820 2158 859 vero
2186 804 2390 874 aliquid
2431 818 2494 858 ea
2523 804 2587 857 de
2618 817 2676 857 re
2716 801 2968 856 statuerit
3002 800 3278 865 Urbanus,

60 893 300 1002 pontifice,
327 932 383 978 ut
405 937 469 977 ex
495 916 746 974 Bertoldo
779 913 1035 975 diximus,
1062 902 1376 963 monasterii
1405 914 1590 956 curam
1699 897 1987 962 incertum,
2020 906 2075 962 et
2103 893 2266 954 forte
2287 905 2464 950 morte
2489 897 2825 966 interceptus
2855 895 2908 948 id
2947 908 3051 948 non
3077 893 3279 962 potuit,

62 985 322 1077 ίιίιηίεεηιέ,
1466 1004 1473 1012 ’
1699 997 1754 1041 at
1784 989 1835 1042 in
1863 988 2102 1058 ejusdem
2135 986 2451 1043 monasterii
2484 985 2772 1040 Cbartario
2795 985 3027 1037 habetur
3061 997 3278 1036 concor—

120 1111 168 1166 Si
194 1103 546 1167 Theobaldus,
591 1107 652 1155 ut
698 1095 902 1168 vulgati
954 1092 1181 1162 catulogi
1217 1090 1448 1150 habent,
1492 1085 1595 1139 hoc
1699 1081 1788 1133 dia
1819 1080 1964 1134 inter
1998 1079 2291 1136 canonicos
2325 1088 2378 1133 et
2404 1077 2521 1146 ejus
2551 1077 2654 1132 loci
2699 1075 2998 1139 monachos
3041 1084 3284 1142 tempore

64 1213 237 1258 tantum
262 1214 398 1254 anno
426 1166 739 1250 monasterii
768 1166 1136 1244 ilalleacensis
1160 1185 1596 1253 regimensusce-
1701 1172 1998 1228 llildeberti
2050 1172 2287 1242 episc0pi
2335 1181 2390 1225 et
2442 1169 2656 1224 itaindﬁ
2710 1167 2924 1222 abbatis
2973 1166 3126 1228 inita,
3178 1182 3284 1235 qua

64 1296 144 1364 pit,
165 1294 258 1346 huc
277 1301 485 1359 quoque
509 1280 939 1353 consignandum
961 1288 1046 1332 est
1071 1274 1272 1332 Urbani
1294 1274 1596 1333 decretum,
1702 1275 2026 1320 conventum
2071 1264 2194 1329 fuit,
2246 1271 2304 1318 ut
2355 1262 2607 1317 canonici
2656 1261 3013 1329 sepelirentur
3070 1256 3289 1325 quidem

66 1347 152 1453 quo
171 1381 318 1452 jussit
371 1386 426 1432 ut
455 1377 544 1430 ille
589 1374 758 1428 abbas
794 1371 1002 1440 Hugoni
1036 1365 1399 1429 Cluniacensi,
1439 1377 1599 1432 quem
1705 1359 1758 1412 in
1795 1358 2112 1413 ctemeterio
2151 1355 2530 1420 Vincentiano,
2563 1355 2655 1409 sed
2704 1354 2758 1406 iu
2802 1352 2919 1405 loco
2968 1347 3289 1409 bonestiori,

67 1446 221 1543 procul
261 1469 417 1524 dubio
448 1465 770 1528 offenderat,
806 1460 1170 1518 satisfaceret.
1203 1457 1338 1523 Quid
1374 1456 1602 1524 reiage-
1706 1459 1868 1517 atque
1896 1465 1923 1500 a
1955 1449 2214 1502 laicorum
2243 1447 2538 1518 scpulturis
2565 1446 2834 1515 sejuncto,
2869 1457 3033 1512 quam
3058 1454 3293 1494 conven-

66 1531 191 1621 retur
229 1563 361 1617 haud
415 1569 601 1615 notum
641 1564 746 1612 est.
785 1557 856 1609 At
893 1553 1095 1609 Urbani
1154 1550 1476 1605 sententiain
1536 1563 1599 1601 ex
1707 1541 1909 1596 tionem
1939 1542 2099 1612 hujus
2133 1541 2418 1596 occasione
2454 1538 2665 1596 discidii
2705 1538 2903 1592 factam
2947 1535 3115 1590 fuisse
3149 1531 3300 1593 haud.

65 1654 303 1713 Paschalis
334 1652 374 1707 ll
401 1652 518 1722 ejus
542 1646 873 1705 successoris
903 1643 1130 1715 epistola
1161 1658 1262 1697 ms.
1293 1643 1358 1694 ad
1385 1640 1602 1693 Petrum
1709 1631 2038 1688 dubitamus.

67 1745 413 1800 Pictaviensem
442 1741 693 1806 dicimus,
726 1739 780 1792 in
812 1752 919 1807 qua
951 1743 1074 1805 post
1109 1731 1363 1788 nonnulla
1389 1731 1455 1786 de
1485 1743 1604 1783 mo-
1641 1797 1681 1807 n
2021 1726 2312 1782 CCCXLV.
2350 1725 2550 1781 Urbani
2571 1727 2741 1780 obitus
2797 1725 2996 1778 liomaz.

68 1837 269 1890 nasterio
295 1832 474 1888 Sancti
503 1829 761 1901 Cypriani
807 1827 1086 1898 praemissa
1119 1827 1236 1902 hinc
1278 1824 1495 1879 subdit:
1530 1821 1607 1874 De
1641 1797 1684 1850 Β
1787 1819 1905 1874 Huc
1937 1818 2173 1888 denique
2231 1818 2473 1872 revocari
2521 1824 2697 1886 potest
2730 1814 2930 1871 l‘rbani
2963 1808 3190 1881 epistola
3231 1806 3302 1860 ad

67 1932 369 1984 Malleaccnsi
399 1897 605 2000 quoque
631 1897 821 1982 abbate,
853 1899 1201 1996 prwcipimus
1235 1932 1290 1976 ut
1321 1923 1480 1992 juxta
1519 1922 1612 1974 do-
1715 1913 1992 1968 Albertum
2031 1911 2342 1980 episcopum
2374 1908 2686 1970 Metensem,
2725 1921 2753 1958 a
2783 1904 3045 1959 Gratiano
3082 1901 3135 1964 l,
3163 1914 3217 1967 q.
3241 1897 3295 1960 5,

68 2025 174 2076 mini
216 2021 403 2076 Urbani
449 2031 768 2092 prrrceptum
818 2020 992 2073 abbati
1025 2016 1358 2072 Cluniacensi
1392 2013 1602 2082 satisfa-
1717 2022 1765 2061 c.
1799 2006 1852 2069 3,
1886 2004 2075 2067 relata,
2109 2003 2176 2057 de
2224 2001 2456 2070 quodam
2509 1999 2598 2067 qui
2647 1997 2824 2052 oblata
2856 1993 3081 2063 pecunia
3113 2005 3299 2046 sacer-

67 2115 198 2166 ciat:
238 2082 461 2182 alioquin
503 2082 640 2174 videi
658 2127 720 2164 ne
770 2119 825 2164 tu
870 2127 964 2180 pro
1021 2111 1093 2164 eis
1137 2107 1272 2161 sedis
1319 2104 1614 2175 apostolica:
1718 2097 1923 2153 dolium
1957 2096 2131 2148 fuerat
2159 2093 2404 2162 adeptus.
2451 2089 2549 2144 llic
2596 2103 2787 2157 nempe
2818 2083 3160 2147 Al‘bcrtus,is
3186 2082 3302 2151 ipse

67 2173 435 2272 indignationem
476 2200 786 2272 experieris,
818 2173 880 2253 εί
914 2201 1012 2269 ipsi
1061 2173 1374 2268 condignam
1415 2206 1616 2250 senten-
1720 2199 1804 2246 est
1846 2188 2115 2244 Adalbero
2156 2201 2249 2240 seu
2280 2184 2500 2248 Albcro,
2549 2183 2638 2252 qui
2692 2189 2811 2251 post
2852 2175 3144 2232 llcrmanni
3187 2173 3308 2228 obi-

68 2269 174 2346 (iant
198 2312 290 2348 non
315 2269 594 2364 effugiant.
620 2294 782 2348 Forte
809 2293 898 2348 ille
923 2294 1112 2356 abbas,
1139 2292 1279 2346 sicut
1308 2300 1363 2345 et
1393 2288 1616 2360 Cypria-
1733 2291 1846 2335 tum
1907 2280 1975 2333 ab
2026 2277 2260 2331 llenrico
2284 2276 2412 2343 imp.
2457 2273 2509 2326 in
2564 2272 2747 2326 sedem
2771 2269 3062 2324 Metenscm
3113 2272 3306 2320 contra

71 2385 240 2447 nensis,
269 2352 530 2438 cuinam
554 2383 745 2450 subjici
777 2352 1108 2438 recusabat;
1438 2352 1454 2360 '
1477 2352 1490 2359 ’
1720 2370 2033 2439 Popponem
2098 2365 2276 2419 fuerat
2321 2365 2585 2418 intrusus.
2629 2361 2646 2431 (
2676 2359 2804 2412 Vide
2858 2356 3163 2412 Cbronicon
3221 2352 3313 2407 Si-

96 2443 371 2532 CCCXLIII.
414 2443 812 2546 Magalonensis
851 2473 1103 2528 Ecclesiae
1133 2473 1263 2542 jura
1294 2471 1580 2525 vindicata.
1724 2459 1975 2524 thiense,
2021 2473 2075 2526 p.
2140 2453 2299 2519 600.)
2360 2453 2520 2508 Certe
2580 2466 2648 2506 ex
2706 2449 2827 2503 Vita
2888 2446 3074 2502 Sancti
3125 2443 3307 2498 Theo-

127 2565 262 2621 Circa
290 2566 487 2620 eadem
517 2537 776 2634 vtetnpora
809 2537 1165 2634 Raymundus
1205 2575 1391 2616 comes
1419 2559 1620 2628 Melgo-
1723 2553 1859 2623 geri,
1897 2549 2057 2621 quam
2083 2564 2208 2604 saec.
2237 2546 2329 2601 Xll
2359 2547 2412 2600 in
2464 2544 2613 2600 Actis
2659 2541 2758 2597 SS.
2792 2540 2910 2595 ord.
2937 2537 3110 2594 sancti
3134 2537 3308 2591 Bene—

69 2655 236 2711 riensis
260 2672 288 2710 a
311 2655 454 2713 Goto
467 2656 619 2711 fredo
640 2628 1308 2726 episcopo-Magalonensi,
1333 2653 1476 2721 quod
1504 2649 1620 2718 ejus
1722 2645 1853 2699 dicti
1883 2643 2153 2702 dabimus,
2183 2641 2327 2694 sicut
2370 2646 2427 2694 et
2475 2638 2578 2692 hac
2609 2633 2809 2690 Urbani
2836 2631 3089 2702 epistola,
3127 2628 3310 2699 colligi

71 2748 290 2803 Ecclesite
319 2748 442 2817 jura
496 2747 784 2802 invasisset
829 2723 1352 2809 excomimunicatus,
1393 2743 1621 2798 Romam
1724 2746 1901 2809 potest
1923 2738 2065 2791 hunc
2093 2735 2373 2789 Albertum
2411 2745 2507 2786 seu
2539 2729 2865 2783 Alberonem
2896 2723 3189 2793 aliquando
3212 2736 3311 2791 pro

70 2810 729 2909 perrexitaﬂotofredum,
760 2839 855 2909 qui
887 2824 1048 2907 paulo
1073 2846 1201 2892 ante
1228 2837 1398 2900 illum,
1434 2835 1623 2904 procul
1726 2827 1982 2896 episcopo
2010 2822 2252 2878 habitum
2286 2820 2471 2876 fuisse.
2513 2819 2588 2873 De
2621 2819 2724 2873 hoc
2756 2815 2872 2870 fuse
2901 2813 3012 2884 agit
3042 2810 3317 2909 praedi-clas

70 2933 207 2987 dubio
228 2943 281 2988 ut
308 2934 552 2989 concilio
578 2933 890 2997 interesset,
932 2930 1206 3000 profectus
1232 2927 1431 2993 fuerat,
1464 2942 1607 2983 secu-

1779 2919 1864 2971 itae
1910 2922 2102 2969 auctor
2145 2913 2369 2983 ejusque
2408 2907 2797 2978 depositionem
2839 2904 2893 2959 in
2947 2899 3175 2958 concilio
3203 2897 3311 2954 Re-

71 3035 156 3082 tus.
180 3025 302 3081 Cum
330 3041 472 3082 vero
514 3024 673 3079 ambo
713 3039 895 3079 coram
939 3022 1194 3092 pontifice
1221 3035 1441 3076 causam
1470 3033 1624 3074 suam
1729 3009 1902 3064 mensi
1943 3021 2088 3061 anno
2119 3004 2256 3059 1115
2311 3001 2635 3072 praesidente
2658 2998 2879 3054 Conone
2913 2995 3091 3066 legato
3121 2993 3318 3048 dcere.

69 3119 304 3187 egissent,
357 3132 555 3174 comes
607 3115 820 3188 paterni
883 3089 1190 3170 testamenti
1253 3112 1436 3167 violati
1500 3125 1626 3166 reus
1663 3184 1696 3188 _
1731 3112 1842 3157 tam
1892 3107 2103 3164 na‘rrat,
2149 3097 2235 3154 cui
2286 3096 2402 3166 ipse
2451 3093 2764 3164 Theogerus
2815 3089 3141 3146 substitutus
3206 3092 3312 3140 est.

70 3212 319 3268 convictus
348 3220 434 3268 est
485 3211 551 3265 ab
579 3211 862 3279 episcopo;
895 3221 1065 3277 quare
1100 3220 1162 3260 ea
1190 3219 1311 3275 qua:
1352 3205 1625 3258 invaserat
1653 3184 1697 3244 C
1728 3195 1997 3251 Cteterum
2043 3200 2166 3260 post
2212 3190 2354 3245 hanc
2402 3185 2686 3258 epistolam
2741 3183 2860 3237 alia:
2915 3177 3207 3242 nonnullae,
3259 3183 3317 3231 et

69 3302 114 3355 in
162 3306 426 3373 prwsentia
489 3300 842 3356 cardinalium
891 3308 947 3354 et
992 3299 1221 3354 aliorum
1266 3297 1505 3352 virorum
1557 3295 1623 3348 il-
1727 3286 1935 3356 aliquot
1963 3283 2168 3340 Urbani
2198 3281 2416 3336 decreta
2468 3277 2886 3346 subjungcntur,
2917 3285 3174 3341 quaacum
3199 3265 3317 3323 nul-

71 3395 290 3451 lustrium
313 3397 577 3468 guerpivit
605 3397 660 3448 in
684 3410 844 3448 manu
863 3393 1061 3446 domini
1097 3407 1266 3461 ραρα»,
1298 3406 1329 3444 a
1369 3405 1477 3459 quo
1504 3398 1626 3458 post
1728 3381 1834 3434 lam
1879 3387 1974 3434 aut
2036 3385 2189 3432 certe
2231 3370 2708 3448 indeterminatam
2760 3376 2942 3420 notam
3001 3360 3322 3432 praeferant,

72 3485 245 3541 factum
274 3487 373 3558 ipsi
407 3485 740 3549 bominium,
786 3484 1104 3538 comitatum
1142 3482 1366 3552 recepit,
1401 3495 1462 3535 ea
1493 3494 1625 3534 con-
1730 3475 1894 3532 alicui
1929 3483 2078 3530 certo
2107 3486 2249 3526 anno
2277 3468 2600 3536 consignare
2632 3464 2716 3518 fas
2750 3476 2855 3515 non
2886 3459 3005 3512 fuit.

74 3575 250 3631 ditione
293 3547 362 3630 ἰιι
403 3576 664 3630 Romano
723 3547 966 3643 pontifici
1018 3571 1245 3642 singulis
1269 3547 1454 3624 -annis
1509 3568 1627 3622 auri
1805 3567 2057 3622 Urbanus
2084 3572 2206 3634 post
2238 3560 2479 3614 infinitos
2519 3557 2734 3610 labores
2761 3567 2862 3622 pro
2889 3547 3129 3604 Ecclesia
3161 3559 3320 3616 supe-

73 3670 260 3725 unciam
306 3668 670 3740 persolveret.
701 3666 826 3722 Haec
863 3674 1041 3721 autem
1085 3665 1268 3719 omnia
1309 3665 1360 3718 in
1400 3663 1629 3733 patriam
1733 3670 1905 3724 ratos,
1957 3659 2120 3713 rebus
2168 3654 2316 3725 jam‘
2343 3650 2566 3706 omnino
2604 3646 2824 3708 sedatis,
2882 3640 3328 3712 recuperatisque

74 3739 434 3816 reversusrdie
476 3757 788 3813 Nativitatis
827 3755 1044 3812 Sancta:
1089 3754 1272 3809 Mariae
1321 3755 1373 3807 in
1415 3752 1631 3823 publico
1733 3769 1868 3826 quas
1900 3754 1952 3808 in
1979 3751 2123 3808 Urbe
2146 3748 2260 3818 ipsa
2317 3741 2654 3800 schismatici
2689 3739 2875 3794 tandiu
2920 3743 3325 3806 occupaverant

74 3854 247 3922 placito
270 3870 465 3910 comes
491 3852 852 3917 conﬁrmavit,
883 3859 938 3905 et
957 3850 1138 3906 statim
1171 3849 1234 3903 ad
1269 3856 1513 3903 sanctum
1543 3846 1634 3902 .la-
1733 3844 2153 3907 munitionibus,
2189 3855 2253 3894 ac
2291 3835 2552 3892 Romanis
2581 3833 2834 3889 omnibus
2859 3829 2960 3885 sibi
2993 3828 3324 3894 conciliatis,

74 3945 244 4000 cobum
287 3945 570 4017 profectus
603 3952 706 3997 est.
751 3941 1174 3997 lnstrumentum
1208 3955 1271 3994 ea
1321 3940 1386 3994 de
1434 3953 1492 3992 re
1533 3938 1635 3992 hoc
1737 3942 1962 4012 ipsaque
1991 3932 2284 3990 universali
2316 3928 2554 3985 Ecclesia
2598 3927 2651 3982 in
2690 3922 3144 3993 tranquilliorem,
3174 3921 3320 3976 ultra

74 4049 198 4090 anno
228 4016 363 4092 1099
389 4032 707 4090 confectum
741 4031 988 4087 referunt
1014 4029 1286 4085 Arnaldus
1309 4029 1377 4082 de
1407 4026 1634 4082 V'erdala
1738 4046 1898 4102 quam
1925 4029 2082 4096 longe
2113 4033 2269 4078 antea
2306 4022 2496 4075 fuisset
2524 4026 2580 4074 et
2616 4016 2824 4087 sperari
2875 4022 3080 4085 posset,
3111 4021 3319 4068 statum

76 4131 202 4179 tome
245 4126 262 4180 1
312 4124 672 4181 Bibliotheca:
720 4137 875 4177 nova:
923 4121 1243 4186 Labbeante,
1292 4119 1345 4174 in
1399 4119 1613 4173 Histori:

1792 4131 2011 4186 :vocata,
2033 4119 2249 4175 tandem
2280 4116 2594 4170 meritormn
2625 4111 2793 4176 multo
2822 4109 2994 4180 magis
3015 4122 3176 4176 quam
3205 4106 3329 4160 die-

74 4218 286 4290 episcop.
323 4214 791 4288 Magalonensium
829 4212 1042 4277 Gariel,
1082 4221 1137 4268 et
1181 4227 1244 4268 ex
1280 4219 1436 4282 parte
1481 4209 1608 4266 Sam

1794 4233 1858 4272 Im
1891 4217 2106 4287 plenus,
2131 4218 2304 4266 morte
2331 4208 2468 4278 ejus,
2495 4215 2552 4260 ut
2579 4203 2823 4260 nonnulli
2863 4211 3114 4257 auctores
3135 4199 3331 4253 obser-

77 4311 323 4364 mﬂhani
353 4318 508 4365 lomo
543 4305 585 4362 Π
623 4306 810 4363 Canite
837 4305 1178 4360 Οιπὶειίειηωο
1743 4316 1961 4374 varunt,
1988 4305 2174 4374 cclipsi
2197 4303 2426 4372 aliisque
2452 4299 2584 4353 visis
2604 4296 2918 4352 etelcstibus
2942 4290 3332 4362 prmuuntiala,

75 4421 368 4479 CCCXLIV.
423 4419 788 4476 Caemeterium
841 4417 899 4472 S.
962 4416 1230 4471 Vincentio
1293 4414 1612 4469 Cenomanui

1790 4402 1810 4454 l
1865 4412 2094 4468 superos
2163 4393 2396 4449 evniavit
2457 4405 2522 4443 eo
2584 4389 2700 4456 ipso
2755 4395 3037 4454 tempore,
3095 4397 3204 4452 quo
3272 4380 3327 4434 in

713 4500 990 4543 αδδετιαητ·
1675 4525 1722 4582 D
1750 4492 1971 4548 Oriente
2009 4503 2164 4544 sacra
2203 4484 2662 4554 Jcrosolymorum
2692 4479 2886 4535 civitas
2917 4492 2946 4530 a
2989 4474 3330 4530 Christiano-

137 4585 330 4640 Exorta
370 4593 464 4640 est
499 4582 648 4638 circa
701 4581 842 4635 idem
896 4590 1105 4650 tempus
1150 4578 1330 4649 gravis
1370 4576 1642 4632 contentio

1802 4600 1868 4639 Im
1922 4582 2191 4646 exercitu,
2239 4593 2402 4650 quam
2452 4576 2520 4630 ad
2581 4575 2724 4628 hanc
2772 4569 3169 4641 expeditionem
3211 4567 3339 4636 pius

80 4679 205 4745 apud
247 4678 636 4733 Cenomanos
680 4675 821 4730 inter
856 4673 1150 4728 canonicos
1176 4671 1417 4727 ecclesiae
1459 4671 1643 4726 cathe-
1748 4675 1992 4750 pontifex
2033 4683 2378 4740 summopere
2431 4667 2773 4729 incitaverat,
2821 4670 2978 4731 capta
3017 4667 3121 4716 est.
3155 4657 3340 4711 Roma:

78 4770 230 4826 drillis
284 4779 340 4824 ει
396 4767 590 4824 sane“
645 4765 914 4821 Ἦηεθηιίί
982 4765 1280 4820 monachos
1360 4763 1647 4818 occaSiOIle
1749 4749 1803 4827 in
1830 4769 2080 4826 morbum
2122 4763 2336 4830 incidit,
2381 4771 2442 4817 ut
2503 4749 2734 4816 testatur
2797 4755 3091 4830 Ordoricus
3142 4751 3341 4806 Vitalis

80 4861 224 4914 unius
271 4859 529 4917 canonici
581 4856 820 4936 dehinc“
846 4897 862 4922 ο
922 4855 1075 4924 cnillS
1131 4871 1326 4924 CUl‘PllS
1365 4855 1580 4923 quidam
1617 4869 1646 4907 θ
1752 4863 1890 4916 libro
1921 4875 1976 4924 κ,
2011 4856 2187 4920 initio,
2217 4853 2305 4908 tibi
2345 4851 2685 4907 mercedema
2727 4846 2838 4901 Deo
2881 4821 3214 4914 percepturus
3240 4857 3344 4908 pro

79 4952 458 5006 ranonicorum
508 4931 670 5020 grege
717 4947 929 5002 factiosi
981 4949 1036 5002 in
1098 4956 1241 5002 terra
1284 4945 1507 5016 profana
1567 4960 1616 4998 sc

1804 4952 1900 5004 mis
1923 4948 2129 5007 studiis,
2157 4945 2345 5016 quibus
2375 4942 2608 5012 apprime
2655 4939 2856 5008 ﬂoruit,
2894 4951 2959 4989 ea:
2978 4935 3076 4987 hac
3105 4933 3209 4986 rita
3238 4931 3341 4986 mi»

81 5040 370 5106 pelierant;
398 5056 523 5096 cum
555 5047 734 5094 tamen
762 5037 852 5106 jus
881 5047 1024 5093 esset
1048 5037 1435 5092 monachorum
1462 5035 1647 5090 Sancti
1755 5041 1920 5112 gravit
1944 5053 1995 5092 tv
2024 5005 2293 5090 Kalendas
2341 5005 2584 5099 Augusti.
2643 5005 2803 5082 Certe
2849 5039 2971 5082 eum
3027 5021 3211 5077 Roma:
3236 5005 3366 5076 bae-

83 5126 367 5196 Vincentii,
412 5130 595 5200 prisca
626 5127 1018 5183 consuetudine
1045 5125 1206 5182 simul
1243 5125 1440 5196 etlege
1473 5124 1654 5180 firtna-
1757 5131 1843 5185 die
1871 5128 2070 5184 abiisse
2131 5141 2274 5180 anno
2335 5122 2469 5176 1099
2515 5128 2733 5175 constat
2782 5133 2847 5170 ex
2897 5113 3176 5168 Paschalis
3220 5114 3347 5181 ejus

83 5226 205 5284 tum,
257 5231 319 5276 ut
345 5220 590 5292 episcopi
639 5229 693 5274 et
727 5220 973 5275 canonici
1022 5220 1075 5273 in
1105 5234 1292 5274 eorum
1343 5217 1616 5273 eoemeteri

1808 5220 2090 5276 recesseris
2143 5215 2370 5288 cpistola
2413 5229 2474 5267 ea
2523 5213 2587 5266 de
2620 5225 2677 5265 re
2715 5209 2917 5278 scripta
2951 5207 3017 5262 ad
3060 5205 3345 5275 "ligonem

83 5314 464 5383 sepelirentur.
494 5313 624 5370 Post
667 5313 866 5368 inultas
912 5313 1082 5376 rixas,
1113 5328 1235 5367 cum
1288 5312 1400 5366 haec
1440 5320 1653 5365 contro—
1763 5313 2007 5368 abbatem
2036 5308 2471 5365 Cluniaceusem,
2501 5316 2665 5371 quam
2717 5299 2770 5353 in
2816 5297 3127 5368 Appendice
3155 5303 3345 5348 nostra

85 5407 252 5460 versia
301 5406 547 5476 episcopi
594 5406 914 5460 auctoritate
943 5404 1191 5474 componi
1234 5419 1339 5458 non
1370 5402 1656 5472 potuisset,
1731 5400 2083 5461 "referemus.
2139 5398 2520 5455 Pontificatum
2573 5393 2744 5449 tenuit
2798 5407 2972 5448 annos
3027 5407 3122 5455 xu,
3189 5403 3346 5443 men-

87 5510 199 5551 rem
235 5497 494 5552 monachi
524 5497 590 5551 ad
631 5496 909 5551 Urbanum
941 5497 1200 5561 detulere,
1250 5496 1318 5550 ad
1359 5509 1517 5565 quem
1549 5495 1635 5564 epi
1764 5510 1851 5551 ses
1873 5511 1946 5560 ιν,
1975 5493 2090 5548 dies
2120 5506 2273 5546 xvm.
2315 5486 2599 5544 Bertoldus
2624 5499 2851 5540 numero
2881 5481 3114 5538 rotundo
3144 5494 3350 5535 mensas

87 5599 273 5654 scapus
305 5588 362 5640 in
411 5601 600 5641 eorum
630 5587 865 5657 gratiam
897 5587 1182 5656 epistolam
1230 5585 1469 5654 scripsit.
1513 5584 1663 5639 Hanc
1753 5588 1990 5658 quinque
2011 5583 2251 5652 scripsit,
2286 5590 2448 5650 atque
2476 5579 2543 5634 de
2575 5580 2662 5634 bis
2689 5578 2833 5633 nulla
2860 5586 2945 5631 est
2971 5573 3110 5643 apud
3139 5579 3350 5626 veteres

89 5675 138 5729 in
164 5677 484 5749 Appendice
513 5694 543 5734 a
571 5679 858 5735 Cbartario
890 5678 1249 5734 Vincenliano
1289 5678 1548 5735 exhibere
1583 5676 1665 5731 vi-
1769 5677 1892 5746 aut!
1915 5676 2245 5732 recentiores
2284 5674 2576 5739 dissensio,
2613 5674 2713 5728 etsi
2755 5669 2995 5726 nonnulli
3051 5667 3120 5722 ob
3167 5665 3350 5718 varias

90 5783 201 5824 9"“
229 5780 345 5838 εεῑν
371 5779 486 5825 tum
526 5772 669 5841 QUOd
705 5772 756 5827 ίη
784 5787 859 5842 ,(3³
887 5781 996 5828 ῑοιέι
1027 5773 1102 5828 ταί
1128 5773 1298 5828 series
1340 5778 1664 5841 εκροηίιιιιτ,
1770 5771 2114 5844 computandi
2147 5769 2385 5826 rationes
2434 5768 2550 5838 ejus
2601 5767 2791 5822 mortis
2846 5777 3042 5817 annum
3069 5759 3226 5814 aliter
3255 5773 3355 5821 ex-
