3892 6320
611 323 720 388 Ξῖῖξ)

1867 314 1930 375 Β.
1967 317 2174 376 URBAi

2282 321 2298 375 l
2341 320 2421 376 PA
2431 320 2539 378 ΡέΕ
3723 346 3783 398 Sili

613 441 933 516 prcsserint.
961 437 1115 494 Hunc
1159 444 1338 492 tamen
1389 432 1478 491 die
1528 441 1590 489 ιιι
1637 433 1910 490 Kalendas
1968 435 2194 506 Augusti
2228 440 2271 495 Α
2298 453 2455 507 quam
2502 437 2793 495 laudabilia
2838 441 3080 512 fuerunt,
3125 445 3288 498 nitore
3331 447 3562 518 famaque
3603 461 3785 522 magiam.

615 538 752 592 forte
781 548 964 588 errore
999 529 1228 594 librarii,
1254 527 1421 582 vitam
1453 525 1658 581 [iniisse
1708 525 1905 594 legitur
1937 525 1991 579 in
2019 525 2190 580 Chro-

611 620 1206 697 nicoliemperlegiensi
1240 619 1428 674 tomo’l
1463 615 1666 671 Baluzii
1700 615 2188 672 Miscellaneorum.

609 716 803 773 Caneri
831 713 1034 785 passim
1061 719 1314 766 auctores
1364 706 1760 763 Cbronicorum
1802 707 1943 761 diem
1978 722 2029 759 iv
2056 705 2184 760 assi-

608 814 797 880 gnant,
834 804 1031 874 quibus
1086 799 1540 857 monasteriorum
1570 805 1626 851 et
1673 797 1900 849 aliarum
1934 793 2189 850 ecclesia-

603 915 723 955 rum
771 894 1092 965 Necrologia
1136 891 1504 955 consentiunt,
1551 901 1778 958 excepto
1832 887 2187 954 Molismensi,

606 991 662 1046 in
693 1004 802 1059 quo
830 987 916 1043 die
953 1002 1013 1041 tu
1051 993 1407 1048 memoratur,
1459 979 1576 1049 ejus
1623 981 1724 1034 loci
1776 980 2189 1051 congregationis

604 1083 802 1138 dietus.
865 1078 1110 1135 Celebris
1153 1092 1283 1132 vero
1349 1076 1603 1145 deinceps
1645 1073 1747 1129 fuit
1801 1074 1853 1128 in
1919 1074 2190 1144 plerisque

601 1174 734 1230 locis
761 1172 878 1243 ejus
902 1171 1179 1234 memoria,
1216 1170 1284 1226 ob
1313 1178 1527 1239 recepta
1561 1168 1630 1223 ab
1675 1182 1740 1222 eo
1763 1167 2046 1230 beneficia,
2080 1166 2190 1221 vc!-

600 1267 680 1321 uti
705 1267 758 1320 in
781 1263 1152 1331 Cluniacensi,
1184 1264 1236 1318 in
1286 1263 1438 1318 Casa:
1488 1261 1679 1316 Dcensi
1729 1261 1867 1330 apud
1907 1259 2187 1316 Cornelio-

601 1375 748 1424 netn,
797 1359 850 1412 in
880 1356 1222 1412 Flavianensi
1255 1354 1442 1409 Sancti
1476 1353 1703 1424 :Egidii,
1729 1353 1780 1406 in
1805 1353 2183 1408 Lemovicensi

601 1450 788 1506 Sancti
820 1448 1100 1510 Martialis,
1132 1447 1184 1501 in
1230 1445 1538 1501 Pictavensi
1587 1445 1905 1500 .‘ifonasterii
1939 1445 2095 1510 Novi,
2131 1446 2183 1499 in

601 1533 985 1604 Nantuacensi,
1013 1538 1064 1590 in
1088 1536 1398 1591 Divionensi
1424 1536 1607 1590 Sancti
1637 1534 1883 1602 Beuigui,
1903 1545 1958 1590 et
1986 1535 2038 1590 in
2067 1535 2186 1590 aliis

601 1630 830 1685 aliarum
860 1629 1223 1684 Ecclesiarum
1279 1626 1618 1698 Necrologiis
1664 1642 1802 1696 quas
1861 1627 1976 1698 ipse
2007 1643 2182 1682 sacra-

597 1730 773 1785 verat,
803 1718 1222 1791 aut-privilegiis
1248 1712 1539 1774 munierat.

669 1815 877 1886 Corpus
898 1814 1015 1883 ejus
1041 1828 1107 1867 ex
1133 1813 1339 1867 :cdibus
1362 1811 1503 1866 Petri
1534 1810 1732 1866 Leonis
1759 1811 1899 1880 apud
1932 1820 2182 1867 sanctum

597 1906 877 1963 Nicolaum
904 1905 957 1960 in
983 1918 1205 1959 carcere
1239 1903 1510 1966 Tulliano,
1551 1902 1638 1955 ubi
1693 1917 2008 1972 supremum
2039 1903 2181 1956 diem

593 1997 826 2061 obierat,
849 2011 948 2066 per
997 1994 1274 2063 regionem
1329 1991 1799 2046 Transtiberinam
1831 1991 2068 2046 delatum
2099 2000 2181 2048 est

595 2090 651 2144 fit
692 2088 972 2144 basilicam
998 2087 1340 2150 \‘aticanam,
1368 2085 1420 2138 in
1445 2100 1549 2153 qua
1577 2084 1877 2139 honorifice
1908 2085 2180 2155 sepultum

593 2191 699 2238 est.
732 2182 791 2236 lu
820 2179 1003 2235 Gestis
1059 2176 1334 2232 Lamberti
1388 2175 1767 2231 Atrebatcnsis
1813 2176 2071 2246 episcopi,
2101 2175 2182 2230 di~

591 2287 710 2346 gnat
742 2273 1008 2326 memoria:
1039 2270 1318 2340 religiosus
1369 2286 1504 2338 papa
1547 2266 1791 2322 Urbanus
1817 2270 2014 2323 dicitur
2041 2286 2179 2323 anno

594 2362 758 2427 1099,
791 2376 844 2416 tv
872 2359 1144 2416 Kalendas
1183 2359 1428 2429 Augusti,
1482 2358 1765 2412 indictione
1817 2373 1889 2414 vn
1918 2362 2178 2430 ingressus

592 2457 734 2512 riam
775 2454 1030 2508 universae
1080 2453 1255 2505 carnis
1301 2460 1346 2504 et
1395 2449 1626 2520 sepultus
1682 2451 1737 2503 in
1780 2452 1995 2509 ecclesia
2043 2452 2178 2505 beati

594 2543 748 2601 Petri
769 2544 992 2615 apostoli
1007 2543 1166 2614 juxta
1195 2557 1433 2598 sanctum
1470 2540 1695 2596 Leonem
1716 2559 1908 2611 papam
1935 2553 1984 2596 et
2014 2541 2178 2610 Ephe-

591 2639 700 2694 sini
737 2637 945 2692 concilii
977 2646 1265 2691 auctorem.
1307 2634 1536 2688 Manlius
1583 2643 1634 2687 cl
1691 2634 1780 2687 alii
1815 2635 1906 2703 qui
1937 2635 2178 2688 de'Vati-

591 2750 728 2792 cana
750 2732 976 2791 basilica
1000 2735 1290 2805 scripsere,
1337 2737 1640 2787 memorant
1687 2728 1890 2784 Urbani
1937 2729 2176 2798 sepulta-

591 2844 708 2883 ram
733 2831 863 2884 satis
888 2829 1105 2899 pulchro
1138 2828 1395 2882 schemate
1434 2835 1788 2878 constructam
1833 2823 2021 2896 fuisse,
2055 2839 2175 2892 quae

590 2917 862 2988 hodieque
890 2933 1057 2989 prope
1091 2917 1386 2972 oratorium
1439 2916 1660 2971 Adriani
1711 2918 1870 2985 primi
1900 2917 2112 2979 visitur,
2143 2930 2173 2969 a

591 3012 844 3069 fidelibus
876 3013 1216 3084 frequentata
1241 3010 1312 3066 ob
1336 3011 1676 3074 memoriam,
1706 3011 1783 3065 uti
1816 3009 1983 3063 refert
2005 3009 2174 3062 Baro-

589 3105 734 3171 uius,
769 3105 904 3160 tanti
935 3104 1228 3176 pontificis,
1273 3105 1405 3158 adeo
1457 3103 1522 3157 de
1549 3102 1801 3156 universa
1847 3109 2034 3154 sancta
2065 3098 2168 3152 Ec-
2201 3133 2246 3194 Ε

589 3196 755 3252 clesia
806 3197 944 3250 bene
984 3194 1182 3248 meriti.
1223 3191 1523 3262 Exsequias
1572 3191 1690 3261 ejus
1735 3190 1976 3246 celebres
2009 3187 2174 3241 fuisse

590 3297 820 3344 testatus
849 3295 931 3343 est
961 3286 1076 3357 ipse
1104 3285 1221 3356 ejus
1247 3284 1475 3346 amicus,
1520 3284 1612 3353 qui
1651 3298 1744 3338 cas
1771 3281 2010 3346 curavit,
2037 3296 2174 3349 pra:-

586 3380 772 3451 cipuus
821 3389 1018 3433 sancta:
1088 3377 1340 3431 [fontanas
1399 3375 1649 3429 Ecclesia:
1695 3374 1862 3443 (ilius,
1922 3372 1999 3427 uti
2051 3386 2172 3426 eum

588 3471 825 3544 appellat
879 3469 1138 3526 Gofridus
1183 3467 1464 3522 Vindocini
1517 3467 1688 3520 abbas
1738 3465 1832 3519 lib.
1887 3480 1940 3528 v,
1992 3478 2078 3532 ep.
2141 3461 2175 3516 9

586 3563 782 3619 Petrus
806 3560 916 3617 Leo
953 3563 1005 3616 in
1037 3561 1156 3632 ejus
1179 3561 1480 3631 epitaphio,
1505 3559 1649 3627 quod
1683 3558 1734 3611 in
1765 3556 2076 3627 Appendice
2107 3571 2175 3610 ex

589 3653 851 3710 Orderico
869 3651 1032 3708 Vitali
1080 3651 1380 3706 referemus
1431 3665 1553 3704 cum
1607 3648 1728 3703 aliis
1758 3649 2094 3702 carminibus
2120 3654 2175 3700 et

583 3743 802 3815 elogiis,
857 3759 976 3814 qua:
1036 3757 1159 3797 cum
1217 3741 1333 3812 ejus
1377 3737 1501 3794 Vita
1545 3753 1608 3792 ex
1640 3738 1924 3802 Pandulfo,
1952 3737 2173 3793 Domni-

588 3835 744 3892 zonis
774 3833 1018 3890 versibus
1043 3843 1099 3890 et
1117 3833 1237 3888 aliis
1284 3832 1545 3888 analeetia
1577 3832 1682 3885 huc
1726 3831 1907 3900 potius
1941 3831 2172 3899 rejicere

585 3928 786 3994 visum,
822 3942 982 3996 quam
1013 3927 1098 3982 hic
1123 3927 1404 3989 exhibere,
1440 3940 1508 3979 ne
1547 3924 1774 3978 nimium
1801 3923 2170 3991 interrumpa-

589 4031 680 4075 tur
726 4013 1053 4073 narrationis
1094 4019 1284 4072 series.
1323 4017 1452 4086 Ejus
1497 4015 1784 4084 exsequias
1833 4013 1993 4066 totius
2027 4011 2170 4065 urbis

590 4111 846 4166 Romanae
893 4111 1038 4165 luctu
1089 4119 1134 4165 et
1179 4111 1394 4164 tristitia
1441 4109 1746 4164 celebratas
1782 4106 1948 4161 fuisse
1977 4106 2172 4160 asserit

584 4201 869 4258 Paschalis
895 4201 1010 4270 ejus
1033 4216 1319 4258 successor
1351 4201 1402 4254 in
1441 4199 1668 4269 epistola
1692 4198 1803 4268 jam
1833 4197 2071 4262 laudata,
2098 4195 2168 4250 ob

579 4291 798 4350 scilicet
827 4293 1086 4349 amissum
1123 4301 1330 4346 tantum
1377 4289 1685 4360 pontificem
1723 4288 1961 4342 doctrina
1991 4298 2038 4340 et
2065 4286 2168 4342 vita

584 4391 696 4440 tam
730 4383 961 4438 clarum.

2296 528 2435 582 diuis
2471 545 2583 584 sua:
2620 546 2714 599 per
2751 535 2926 588 orbem
2957 534 3062 587 late
3093 536 3358 607 divulgata
3383 552 3519 608 sunt,
3545 544 3784 602 inimicorum

2295 622 2452 674 etiam
2493 620 2721 676 lamenta
2758 639 2818 678 eo
2861 625 3107 695 defuncto
3137 638 3424 683 contestata
3451 634 3581 687 sunt.
3613 636 3665 690 Et
3686 643 3788 707 paulo

2296 710 2523 808 inferius
2547 714 2678 808 dicit
2710 732 2722 767 :
2753 713 2967 771 Urbano
2998 735 3133 787 papa
3162 721 3215 774 in
3243 721 3398 775 domo
3421 723 3616 778 Domini
3635 728 3787 794 lacent,
3848 714 3849 808 ἦ

2307 813 2342 858 tt
2366 804 2604 858 tenebras
2633 807 2699 860 de
2727 809 2972 862 cordibus
3015 813 3316 865 mortalium
3346 817 3790 881 pra'dicationibtaa
3848 804 3849 864 Ῑ

2292 894 2540 962 exemplis
2575 897 2828 965 dignitate
2860 900 3143 970 e/fugantc,
3173 901 3418 957 Guiberti
3452 917 3656 963 conatus
3684 910 3791 966 fuisse

2294 983 2495 1038 irritos.
2546 986 2723 1056 lpsutn
2775 989 3007 1058 denique
3049 1004 3226 1046 sancte
3269 996 3630 1062 tripudiantem
3667 1002 3790 1055 abiisse

2291 1087 2594 1142 asseverat,
2649 1087 2797 1134 tanta
2851 1091 2970 1136 erat
3023 1082 3138 1150 ejus
3193 1084 3256 1137 in‘
3297 1085 3394 1139 Dei
3445 1089 3789 1148 misericordiam

2293 1165 2519 1222 fiducia!
2574 1169 2834 1224 Eumdem
2869 1173 3027 1226 morti
3064 1177 3374 1242 proximum
3406 1179 3636 1233 instinctu
3658 1184 3789 1244 dirino.

2291 1258 2624 1313 cardinalem
2704 1260 3016 1317 Rein‘ierum
3089 1266 3338 1321 abbatem
3407 1268 3683 1326 Romanun:
3731 1275 3790 1329 sibi

2290 1363 2665 1406 successorem
2722 1353 3040 1424 designasse
3082 1357 3250 1411 refert
3294 1359 3550 1416 Albcrtus
3574 1363 3790 1431 Stadensis,

2289 1441 2430 1507 quod
2474 1442 2564 1494 alii
2606 1443 2773 1496 etiam
2813 1447 3107 1516 scriptores
3137 1450 3520 1505 observarunt.
3548 1456 3611 1506 At
3637 1455 3777 1511 Fulchc
3850 1437 3851 1500 l

2290 1533 2402 1586 rius
2481 1534 2834 1591 Carnotct'isis
2904 1537 3151 1595 Balduini
3230 1543 3379 1612 regis
3446 1542 3791 1616 Jcrosolytnita'.i
3850 1535 3851 1590 ξ

2288 1625 2600 1693 capellanus
2635 1627 2688 1681 in
2723 1627 2862 1684 libro
2899 1629 2976 1684 De
3021 1633 3366 1702 expeditione
3408 1634 3792 1708 Jerosolymitam.

2287 1715 2365 1769 ait
2396 1715 2665 1771 Urbanum
2701 1721 2869 1773 virum
2915 1725 3175 1793 egregium
3213 1727 3322 1779 rita
3352 1737 3402 1780 et
3435 1730 3649 1783 moribus
3676 1734 3792 1798 fuisse.

2285 1808 2375 1877 qui
2402 1824 2604 1878 semper
2629 1807 2880 1866 Ecclesia?
2907 1825 3106 1869 sancta:
3138 1826 3334 1871 statum
3363 1819 3630 1873 sublimius
3653 1839 3792 1889 prom-

2287 1899 2506 1952 veudum
2553 1917 2711 1970 super
2750 1905 2926 1957 omnia
2971 1908 3204 1962 consulte
3249 1926 3313 1962 ac
3361 1922 3571 1965 strerme
3610 1914 3795 1966 moderati

2283 1991 2490 2058 sategit.
2529 1989 2738 2047 Postea'
2759 2009 2882 2048 eum
2917 2012 3041 2051 cum
3074 1997 3338 2054 Guiberto
3372 2016 3694 2072 comparans,
3717 2013 3793 2055 ιιι·

2290 2097 2309 2129 ι
2347 2077 2626 2135 Urbanum
2655 2085 2829 2138 virum
2861 2088 3182 2155 prudentem
3210 2101 3262 2145 et
3290 2093 3649 2147 venerandum
3671 2110 3792 2164 paean
3852 2077 3853 2150 l

2284 2185 2574 2228 renovasse
2599 2174 3104 2248 Ecclesiaequejura
3136 2183 3323 2237 modos
3352 2183 3407 2238 in
3437 2185 3674 2253 pristinos
3696 2188 3793 2239 ruti-

2283 2262 2475 2329 tuisse,
2506 2273 2561 2318 et
2603 2280 2700 2335 per
2745 2270 2996 2339 regiones
3038 2273 3401 2339 incedentem,
3439 2277 3648 2346 populos
3676 2278 3793 2330 insli-

2281 2355 2502 2422 quantis
2523 2355 2712 2412 devios
2740 2359 2850 2416 Deo
2873 2364 3221 2431 conciliasse;
3255 2386 3274 2419 ι
3309 2378 3362 2420 et
3389 2370 3644 2438 quoniam,
3664 2369 3793 2438 inquit,

2281 2457 2467 2499 cuncta
2489 2465 2606 2516 qua:
2634 2450 2731 2504 Dei
2755 2463 2877 2507 sunt
2902 2455 3137 2510 exaltare
3162 2460 3380 2512 omnino
3410 2461 3658 2524 studebat,
3680 2477 3793 2514 enim

2281 2535 2390 2605 fere
2408 2542 2716 2606 paternitati
2749 2561 2860 2598 sate
2905 2547 3002 2600 sub
3031 2548 3145 2617 ejus
3175 2550 3478 2604 obedientia
3523 2553 3711 2606 libenter
3729 2569 3793 2605 at:

2281 2628 2612 2686 dediderunt.
2647 2635 2780 2689 Tum
2811 2638 2964 2692 addit
2994 2658 3007 2693 ε
3040 2659 3058 2692 s
3087 2641 3350 2696 Eumdem
3383 2654 3533 2698 recte
3559 2645 3745 2698 electum
3764 2654 3793 2697 rt

2281 2720 2346 2775 ab
2372 2723 2640 2778 episcopis
2678 2729 3044 2778 cardinalilms
3084 2745 3494 2778 cnnsenralnnL
3527 2751 3554 2778 ει
3589 2734 3737 2778 mninri
3763 2746 3795 2778 et

2279 2628 2612 2686 dediderunt.
2647 2635 2780 2689 Tum
2811 2638 2964 2692 addit
2994 2658 3007 2693 ε
3040 2659 3058 2692 s
3087 2641 3350 2696 Eumdem
3383 2654 3533 2698 recte
3559 2645 3745 2698 electum
3764 2654 3793 2697 rt

2279 2720 2346 2775 ab
2372 2723 2640 2795 episcOpis
2678 2729 3044 2813 cardinalibus
3084 2745 3496 2800 consecratum,
3527 2751 3556 2790 a
3589 2734 3738 2802 majori
3763 2746 3795 2788 et

2278 2817 2540 2870 sanctiori
2573 2820 2752 2888 populi
2787 2811 2942 2890 parte
2973 2834 3311 2895 acceptatum
3354 2828 3555 2894 fuisse;
3595 2829 3699 2883 licet
3723 2826 3796 2894 ejus
3854 2811 3855 2852 ἶ

2276 2922 2439 2976 opera
2473 2910 2770 2966 adversarii
2805 2915 2972 2984 ipsius
3001 2918 3144 2972 velut
3175 2919 3328 2972 irrita
3367 2929 3427 2974 et
3463 2921 3602 2974 nulla
3629 2920 3792 2988 vilipeu-

2277 2999 2487 3054 derent.
2525 3021 2544 3052 υ
2587 3002 2828 3072 Denique
2857 3007 2934 3060 ait
2962 3025 2975 3060 :
3003 3007 3250 3062 Urbanus
3278 3013 3583 3079 prosperior
3607 3021 3649 3064 et
3661 3010 3790 3079 justiot

2279 3102 2421 3155 erat,
2461 3092 2568 3148 imo
2593 3106 2640 3148 et
2680 3095 2891 3164 fortior,
2936 3109 3108 3167 utpote
3140 3102 3230 3171 qui
3266 3103 3584 3172 cupiditates
3619 3111 3794 3169 tartara:

2281 3181 2451 3237 hostes
2476 3185 2714 3255 subjecit.
2748 3189 2822 3242 Ex
2854 3189 2957 3244 alia
3004 3205 3133 3248 vero
3172 3205 3328 3262 parte
3383 3215 3401 3246 ι
3439 3194 3721 3250 Guibertutn
3744 3207 3798 3246 rc-
3855 3158 3857 3316 ‘

2281 3283 2568 3316 nrmcpnlnl
2617 3278 2872 3316 nrttorlu'm
2917 3281 3128 3316 ιιῖηηιΙΛ
3170 3284 3444 3316 {su-hnc...“
3499 3287 3585 3316 ....:
3614 3282 3794 3316 nnnnllml

2280 3283 2572 3348 prmsentat
2615 3278 2872 3346 superbia:
2913 3281 3128 3336 stimulo
3170 3284 3464 3348 irritatum,
3498 3287 3585 3356 qui
3614 3282 3795 3353 populum
3856 3278 3857 3356 ξ

2283 3367 2348 3419 ad
2387 3366 2761 3422 confusionem
2812 3373 3018 3428 auxilio
3062 3375 3414 3445 imperatoris
3457 3376 3685 3430 suffultus
3716 3389 3797 3428 coa-
3856 3375 3857 3388 ‘

2280 3457 2504 3523 citabat,
2541 3475 2701 3530 quem
2754 3461 2881 3517 licet
2926 3480 3080 3520 suam
3127 3467 3272 3521 inter
3316 3469 3423 3522 sibi
3475 3467 3796 3522 consentientes

2278 3557 2601 3618 potestatem
2653 3565 2957 3620 exerceret,
2987 3565 3041 3610 et
3071 3557 3310 3626 potentia
3353 3573 3424 3613 ac
3453 3557 3644 3613 divitiis
3668 3553 3796 3608 afﬂue-

2279 3651 2382 3706 ret,
2411 3663 2430 3695 ι
2472 3659 2746 3715 nunquam
2782 3655 2960 3702 tamen
2988 3648 3212 3719 populus
3249 3650 3441 3703 melior
3483 3651 3627 3719 sequi
3666 3645 3794 3701 voluit.

2277 3733 2562 3789 Consentit
2627 3737 2882 3806 antiquus
2937 3749 3128 3795 auctor
3194 3737 3475 3794 Gestorum
3542 3737 3794 3792 Francorum

2275 3830 2683 3897 expugnandum
2737 3828 3069 3898 Jerusalem,
3123 3831 3215 3902 qui
3259 3832 3517 3887 eumdem
3562 3828 3796 3902 pontificem

2277 3918 2443 3976 fuisse
2489 3923 2566 3976 ait
2601 3924 2767 3976 virum
2797 3931 3093 3994 egregium,
3138 3926 3241 3980 vita
3279 3935 3327 3980 et
3361 3925 3599 3981 moribus
3623 3922 3797 3988 omnia"

2273 4013 2548 4080 prudentia
2587 4014 2902 4084 scientiaque
2943 4017 3214 4082 edoctum,
3259 4027 3364 4073 etc.
3409 4019 3547 4073 Entn
3582 4017 3729 4071 adhuc
3753 4009 3800 4062 εἰ·

2276 4114 2488 4158 vcutem
2529 4106 2701 4158 virum
2744 4108 2962 4160 scientia
2998 4118 3045 4162 et
3089 4108 3338 4179 religione
3373 4105 3798 4179 priestantissimst

2274 4196 2562 4265 appellavit
2591 4197 2884 4252 Deusdedit
2917 4209 3041 4255 tunc
3062 4201 3355 4256 cardinalis
3377 4203 3655 4272 presbyter
3670 4189 3800 4252 Sancti

2276 4285 2420 4341 Petri
2453 4289 2520 4341 ad
2555 4289 2779 4343 Vincula
2816 4290 2954 4344 tituli
2989 4292 3266 4358 Eudoxite,
3298 4295 3388 4363 qui
3422 4295 3644 4348 alteram
3683 4298 3797 4343 δεῖθ’

2275 4395 2403 4434 num
2427 4381 2800 4437 collectionem
2846 4383 2946 4439 sub
2979 4383 3094 4452 ejus
3121 4385 3443 4455 pontificatu
3488 4385 3662 4441 edidit.
3687 4376 3796 4435 Adclv

654 4474 810 4530 llunc
843 4475 896 4529 in
933 4474 1144 4530 florenti
1191 4475 1368 4530 adhuc
1405 4483 1568 4529 astate
1603 4489 1666 4528 es
1709 4473 1812 4528 hac
1849 4472 1968 4527 luce
1999 4471 2168 4528 fuisse
2201 4505 2253 4567 υ
2280 4468 2447 4526 ferias
2496 4488 2626 4528 vero
2678 4485 2869 4530 auctor
2905 4477 3068 4530 etiam
3103 4477 3328 4547 aequalis
3378 4479 3434 4532 in
3474 4479 3621 4532 Actis
3665 4469 3798 4528 Sancti

579 4576 827 4637 ereptum
885 4566 1082 4637 legitur
1144 4567 1198 4621 in
1259 4565 1433 4620 altero
1490 4564 1607 4632 ejus
1669 4565 1970 4634 cpitapliio,
2025 4568 2169 4632 quod

579 4657 829 4730 Philippo
862 4656 1025 4712 Bonae
1063 4657 1189 4728 Spei
1231 4657 1412 4712 abbati
1458 4657 1714 4710 tributum
1748 4657 1875 4710 item
1907 4672 1972 4711 ex
2000 4659 2171 4716 Orde-

579 4750 694 4805 rico
721 4749 788 4804 ad
839 4749 1047 4805 calcem
1110 4749 1379 4804 dabimus.
1452 4748 1518 4802 Et
1575 4747 1795 4818 quidem
1859 4751 2164 4819 gravissimi

577 4840 815 4910 labores,
851 4858 988 4912 quos
1007 4855 1010 4858 '
1029 4850 1142 4897 toto
1163 4843 1246 4895 sui
1276 4841 1624 4912 pontificatus
1655 4850 1896 4912 tempore
1920 4847 2166 4913 pertulit,

578 4931 840 5000 variaque
863 4932 1059 4987 itinera
1084 4932 1136 4986 in
1167 4932 1429 4986 extremis
1457 4932 1580 4986 vita:
1601 4947 1711 4986 sua:
1738 4934 1894 4988 annis
1917 4935 2166 4990 confecta

578 5022 716 5078 satis
763 5023 1006 5080 indicant
1067 5041 1190 5080 eum
1240 5033 1368 5079 tunc
1411 5024 1668 5093 temporis
1732 5031 1884 5081 senio
1934 5027 2164 5083 fractum

579 5127 686 5168 non
724 5113 910 5170 fuisse.
937 5115 1190 5184 Ejusdem
1221 5117 1468 5187 corporis
1493 5124 1549 5170 et
1577 5117 1772 5170 anima:
1796 5119 1949 5173 dotes
1978 5123 2164 5190 paucis

577 5207 822 5276 exponit,
847 5219 903 5261 ut
929 5207 1042 5276 jam
1073 5210 1328 5274 diximus,
1356 5208 1650 5264 Ordericus
1681 5210 1870 5264 Vitatis
1899 5211 2038 5268 libro
2064 5229 2163 5268 vm

576 5297 670 5353 ubi
711 5299 899 5353 scribit
927 5317 940 5352 :
974 5300 1108 5354 Eum
1139 5317 1355 5372 corpore
1387 5316 1634 5370 magnum
1664 5298 1862 5367 fuisse,
1911 5305 2163 5360 modestia

575 5390 879 5456 discretum,
913 5391 1158 5462 religione
1185 5409 1499 5458 maximum,
1525 5393 1784 5461 sapientia
1828 5404 1876 5448 et
1920 5394 2158 5467 eloquen-

575 5481 652 5535 tia
673 5482 1015 5552 praecipuum,
1046 5499 1206 5554 quem
1237 5485 1578 5556 apostolicam
1601 5485 1775 5538 sedem
1805 5497 2014 5542 strenue
2038 5489 2161 5542 viri-

572 5572 792 5643 literque
832 5577 1024 5631 rexisse
1063 5578 1138 5631 ait
1176 5579 1329 5632 initio
1371 5577 1490 5632 libri
1527 5593 1559 5632 χ
1597 5588 1642 5632 et
1674 5581 1959 5634 mercedem
1988 5598 2020 5634 a
2050 5580 2159 5634 Deo

571 5675 933 5736 perceptarum
960 5685 1055 5738 pro
1082 5669 1228 5723 bonis
1253 5669 1460 5734 studiis,
1484 5671 1670 5741 quibus
1704 5673 1936 5742 apprime
1960 5675 2160 5743 ﬂorue-

553 5767 680 5826 -sat,
721 5775 786 5814 ea:
832 5761 930 5814 hoc
963 5761 1156 5815 mundo
1205 5763 1474 5832 migrassa
1513 5763 1710 5832 Cujus,
1754 5764 1954 5834 inquit,
2001 5782 2160 5836 opera

2277 4561 2482 4618 Nicolai
2512 4564 2790 4636 Peregrini
2824 4578 2978 4637 parte
3007 4583 3070 4633 tt,
3103 4584 3222 4637 cap.
3260 4569 3283 4621 1
3313 4570 3454 4638 apud
3488 4564 3800 4622 Bollandisnus

2271 4655 2358 4710 die
2385 4672 2423 4710 tt
2451 4654 2621 4722 Junii,
2650 4659 2729 4713 sic
2752 4660 2916 4716 habet
2944 4677 2956 4712 :
2991 4678 3008 4711 ι
3044 4658 3178 4714 Cum
3210 4658 3475 4714 Romana:
3503 4659 3638 4715 sedis
3658 4667 3799 4710 secun-

2271 4748 2403 4814 dus,
2441 4748 2582 4804 forte
2605 4761 2858 4816 sanctus,
2895 4752 3324 4823 gloriosissimus
3371 4751 3647 4814 Urbanus,
3684 4758 3798 4815 opere

2271 4853 2324 4898 et
2347 4845 2590 4900 doctrina
2643 4854 2980 4914 praepotens,
3021 4853 3069 4897 et
3118 4844 3441 4914 eloquentia:
3479 4843 3623 4898 fonte
3656 4836 3795 4893 redun‘

2269 4938 2403 4993 dans
2439 4937 2803 5007 apostolorum
2857 4947 2912 4993 et
2950 4937 3370 5006 apostolicornm
3408 4936 3626 5007 vestigia
3659 4941 3798 5003 prose-

2269 5044 2464 5100 quens,
2498 5045 2562 5084 ac
2591 5029 2844 5099 pastorali
2880 5045 3010 5085 cura
3058 5030 3300 5085 intentus
3329 5029 3670 5085 ecclesiarum
3712 5018 3795 5074 feli-

2267 5123 2406 5176 citer
2435 5121 2792 5192 gurbernaret
2826 5121 3107 5192 regimina,
3149 5141 3168 5172 ι
3210 5132 3318 5176 etc.
3356 5120 3692 5175 Paucioribus
3714 5124 3795 5164 Ver-

2267 5213 2350 5269 bis
2378 5213 2560 5268 omnia
2603 5213 2876 5268 concludit
2913 5214 3082 5283 elogia
3113 5212 3363 5268 Ges-obus
3405 5215 3459 5268 in
3501 5211 3794 5282 Syntagntale

2265 5319 2386 5374 (⁵³1)·
2411 5305 2479 5358 16
2501 5306 2640 5374 3Pnd
2663 5305 3048 5376 Tegnagellum
3078 5323 3091 5358 :
3117 5324 3135 5358 ι
3161 5305 3412 5360 Urbanus
3434 5307 3574 5360 sicut
3595 5303 3642 5356 in
3670 5293 3788 5367 digni

2216 5397 2218 5399 ’
2267 5407 2396 5460 tate,
2426 5397 2503 5452 ita
2531 5414 2750 5468 quoque
2784 5399 2984 5453 virtute
3029 5397 3277 5468 Gregorii
3320 5398 3428 5462 VII,
3461 5399 3566 5452 imo
3593 5406 3642 5449 et
3667 5388 3790 5460 ipsius

2263 5489 2407 5544 Petri
2473 5489 2770 5560 legitimam
2834 5505 2895 5545 se
2965 5483 3337 5544 successorem
3392 5487 3640 5544 exhibuit.
3681 5502 3697 5534 ι
3745 5475 3789 5529 El

2261 5579 2534 5636 Berardus
2561 5580 2816 5636 Chronici
2846 5581 3200 5637 Casaurensis
3249 5581 3501 5651 scriptor,
3531 5592 3643 5633 eum
3671 5565 3785 5627 siculi

2261 5673 2349 5728 alii
2395 5683 2648 5729 auctores
2689 5675 2890 5744 passim
2934 5684 3173 5728 sanctum
3215 5683 3272 5728 et
3315 5682 3508 5728 sauctce
3546 5685 3630 5724 seu
3666 5666 3785 5717 beati!

2264 5766 2642 5821 recordationis
2684 5767 2850 5821 virum
2883 5767 3138 5838 appellat,
3173 5767 3225 5822 in
3254 5782 3362 5838 quo
3391 5763 3616 5822 Ecclesia
3645 5750 3783 5814 habuit
