3892 6320
53 337 136 394 261

1466 299 1650 355 ΥΙΤᾹ.

3156 276 3269 338 QE!

55 451 210 502 bonum
242 443 479 510 pastorem
534 421 944 482 Christianitatis
999 426 1293 473 amatorem
1347 423 1396 469 et
1450 411 1577 481 fidei
1609 419 1652 475 Α
1685 384 1892 480 ptores,
1919 405 2012 462 sed
2043 405 2208 461 etiam
2245 403 2534 475 pontiﬁces
2572 399 2801 456 Romani
2835 399 2890 454 in
2937 397 3049 452 suis
3075 397 3276 468 episto-

52 503 349 605 defensorem.
392 522 536 580 Unde
574 534 687 574 sua:
731 514 877 570 relati
916 510 1222 582 gratulatur
1249 507 1486 562 Joannes
1518 503 1584 558 de

54 595 174 684 Colle
200 621 357 677 Medio
387 624 567 670 auctor
596 609 736 666 Vita:
770 606 913 660 beati
945 602 1170 659 Joannis
1199 595 1581 660 'l‘ervanensis,

55 717 167 787 quod
201 712 290 767 sub
329 702 554 767 Urbani,
609 715 772 770 quem
823 695 986 766 paulo
1037 703 1196 747 antea
1240 689 1585 760 fortissimum

54 780 323 863 Simoniacw
349 798 500 868 pestis
536 796 952 861 impugnatorem
984 785 1371 856 appellaverat,
1405 780 1570 850 ponti-

53 902 184 954 ﬁcatu
229 890 442 947 ecclesia
491 885 832 956 potissimum
887 879 1166 935 Gallicana
1220 873 1482 943 religione
1533 879 1587 924 et

53 987 242 1046 scientia
263 989 569 1054 prmstantes
595 977 880 1046 episcOpos
902 970 1176 1026 habuerit.
1212 987 1230 1019 ι
1252 967 1296 1022 Ο
1323 976 1582 1034 tempora,

53 1079 220 1146 inquit,
271 1071 460 1134 felicia,
491 1069 690 1139 quibus
736 1078 971 1136 superne
1022 1061 1229 1115 indulta
1287 1057 1589 1128 probantur

53 1168 294 1226 beneﬁcia!
345 1165 481 1218 Ecce
527 1161 746 1216 Urbano
781 1157 1126 1227 prmsidente,
1158 1152 1380 1208 Urbano
1405 1157 1586 1219 pasto-
1617 1196 1619 1199 .

54 1263 218 1318 ralihus
261 1273 413 1326 supra
457 1269 676 1326 gregem
719 1250 1062 1305 Dominicum
1106 1245 1350 1302 excubiis
1396 1242 1578 1312 invigi.

54 1355 194 1416 lant’e,
249 1361 296 1404 et
347 1364 441 1420 per
490 1346 700 1416 singula
743 1343 902 1399 ovilis
950 1342 1033 1396 sui
1081 1341 1187 1394 late
1235 1337 1587 1392 sollicitarum

54 1443 282 1498 custodias
346 1426 722 1496 excubitorum
791 1435 1090 1504 prudenter
1146 1432 1466 1494 ordinante,
1521 1429 1589 1482 ab

54 1537 230 1600 ovibus,
295 1548 427 1603 quas
498 1531 618 1598 tibi,
651 1529 887 1593 Christe,
941 1525 1249 1589 redemisti,
1309 1523 1587 1593 rapacium

53 1646 225 1684 morsus
269 1627 512 1696 luporum
556 1605 807 1694 licoltiltet
830 1620 1140 1675 efﬁcaciter.
1174 1637 1192 1670 ι
1229 1617 1383 1671 Hunc
1414 1617 1590 1685 ipsum

51 1720 274 1793 privilegii
333 1717 691 1774 ecclesiastici
747 1714 1188 1770 ardentissimum
1249 1709 1587 1764 defensorem

52 1812 162 1867 felici
196 1810 332 1864 obitu
368 1808 670 1863 excessisse
707 1807 895 1861 scribit
938 1803 1261 1858 Laurentius
1291 1801 1358 1856 de
1388 1800 1589 1855 Leodio

52 1907 93 1959 in
115 1903 318 1958 Hstoria
345 1903 719 1971 episcoporum
747 1897 1187 1960 Virduueusium,
1219 1894 1336 1961 ejus
1362 1901 1591 1947 mortem

50 1997 91 2051 in
122 2003 385 2063 conspectu
433 1991 652 2047 Domini
699 1991 989 2060 pretiosam
1026 1988 1195 2042 fuisse
1234 1985 1464 2041 testatur
1495 1985 1593 2038 Pa-

51 2088 212 2144 schalis
239 2086 347 2154 ejus
382 2100 670 2140 successor
712 2084 765 2137 in
807 2096 948 2152 serpe
988 2081 1202 2136 laudata
1243 2078 1468 2149 epistola
1509 2080 1596 2136 h's

50 2179 194 2234 verbis
216 2197 229 2232 :
255 2179 476 2242 Urbani,
507 2177 700 2246 inquit,
729 2175 970 2229 doctrina
997 2184 1044 2228 et
1067 2175 1192 2236 vita,
1211 2187 1367 2237 quam
1389 2180 1591 2236 sancta,

51 2286 173 2338 quam
217 2278 358 2338 grata
408 2267 526 2321 Deo
569 2267 855 2332 exstiterit,
907 2265 1076 2320 exitus
1131 2263 1364 2334 profecto
1412 2261 1597 2316 melior

53 2362 283 2428 approbat.
314 2359 466 2414 Unde
510 2359 616 2412 Deo
663 2375 725 2413 ea
768 2359 834 2412 de
876 2372 935 2413 re
966 2358 1168 2426 gratias
1203 2357 1440 2426 agendas
1476 2369 1596 2410 esse

51 2451 292 2505 concludit.
323 2451 572 2519 Denique
604 2451 920 2520 Aymericus
962 2450 1030 2504 de
1067 2448 1237 2504 Perac
1266 2452 1434 2504 abbas
1467 2446 1596 2502 Μοῖ-

53 2543 268 2597 siacensis
294 2553 412 2612 post
434 2551 729 2596 euarratas
756 2541 808 2594 in
836 2541 1104 2596 Chronico
1133 2539 1329 2596 multas
1355 2538 1597 2608 ejusdem

51 2634 276 2703 pontiﬁcis
302 2636 583 2697 actiones,
613 2633 765 2704 (Aura
796 2636 982 2703 paucis
1013 2637 1194 2689 verbis
1231 2634 1596 2690 concludenda

51 2742 144 2780 esse
180 2727 297 2782 dicit
325 2749 340 2776 ε
375 2742 509 2781 eum
558 2725 766 2780 felicem
814 2727 1156 2796 praedicando
1189 2727 1258 2781 ob
1299 2729 1596 2797 impensam

52 2816 142 2885 ejus
160 2818 204 2871 in
227 2835 304 2873 res
326 2834 521 2874 sacras
539 2830 594 2873 et
623 2819 739 2874 loca
768 2819 877 2873 Deo
899 2819 1075 2873 dicata
1103 2834 1308 2882 curam,
1332 2819 1402 2874 ob
1427 2818 1600 2872 schis-

54 2909 180 2960 matis
213 2910 681 2976 exstirpationem,
720 2923 902 2978 regum
949 2910 1442 2977 potentissimorum
1485 2921 1601 2960 cor.

55 2998 326 3062 rectionem;
375 3014 437 3052 ac
497 2998 668 3052 multo
719 2998 788 3051 ob
843 3013 970 3052 suas
1026 2999 1255 3054 virtutes
1303 3007 1358 3053 et
1409 2997 1600 3052 merita

1686 501 1754 555 lis
1775 515 1840 554 ac
1871 499 2104 552 decretis
2133 497 2334 567 passim
2366 495 2662 565 appellant,
2695 509 2724 546 a
2753 492 2906 563 cujus
2931 491 3114 544 semita
3142 505 3278 542 nima-

1685 611 1840 664 quam
1875 605 2198 658 recessurum
2239 586 2514 640 Paschalis
2547 587 2662 652 ejus
2704 598 2986 638 successor
3020 580 3184 635 variis
3219 581 3275 635 in

1691 685 2066 744 occasionibus
2095 689 2428 752 protestatus
2466 687 2577 742 est,
2639 693 2703 730 ac
2755 677 3099 754 potissimum
3132 673 3184 727 in
3211 688 3277 727 ea

1690 780 1808 834 fidei
1840 777 2193 848 professione,
2225 789 2385 844 quam
2419 771 2470 825 in
2495 769 2722 824 concilio
2749 767 3102 822 Lateraueusi
3134 780 3279 820 anno

1689 871 1830 925 1112
1857 870 2061 933 emisit,
2099 883 2260 937 quam
2289 864 2527 918 universi
2560 862 2750 915 Patres
2792 861 2903 915 suis
2933 856 3278 912 acclamatio.

1691 960 1849 1025 uibus
1881 955 2335 1026 approbaret-unt.
2391 951 2592 1006 Eodem
2640 951 2811 1003 sancti
2863 949 2962 1001 viri
2999 945 3154 1000 titulo
3185 945 3283 1001 d0.

1688 1061 1850 1106 natur
1881 1068 1909 1103 a
1937 1047 2182 1104 Gofirido
2205 1043 2593 1099 Vindocincusi
2612 1082 2625 1108 ,
2654 1042 2721 1095 ab
2747 1049 2970 1094 auctore
2995 1039 3132 1094 Vita:
3156 1052 3277 1091 san-

1689 1143 1760 1198 cti
1791 1142 1934 1197 Petri
1965 1140 2230 1196 Cavensis
2255 1137 2468 1193 abbatis
2490 1147 2544 1190 et
2574 1135 2643 1188 ab
2671 1135 2789 1188 aliis
2816 1133 3036 1202 passim.
3067 1129 3281 1187 Sancta:

1690 1233 1958 1286 memoria:
1984 1247 2175 1300 papam
2217 1227 2487 1282 Urbanum
2530 1210 2842 1296 pandentem
2885 1223 3039 1292 plane
3087 1233 3132 1276 et
3166 1238 3280 1276 rere

1691 1322 2033 1394 apostolicum
2077 1322 2246 1376 cirum
2287 1319 2520 1389 appellat
2551 1318 2744 1371 Petrus
2770 1317 3037 1370 Diaconus
3068 1313 3206 1368 libro
3227 1327 3281 1366 tv

1691 1415 1946 1470 Chronici
1994 1413 2324 1468 Casinensis.
2381 1411 2537 1463 Plura
2577 1409 2738 1461 habet
2790 1408 3046 1462 Donmizo
3083 1407 3135 1459 in
3166 1404 3282 1459 suis

1691 1506 1940 1561 versibus
1965 1520 2100 1574 quos
2131 1504 2296 1558 babes
2344 1503 2410 1557 ad
2443 1501 2669 1555 calcem.
2709 1498 2960 1553 Sanctum
3009 1494 3280 1550 Urbanum

1691 1595 1933 1651 absolute
1954 1595 2223 1665 appellant
2246 1592 2638 1662 Berardnsjam
2668 1591 2916 1644 laudatus
2941 1589 2991 1642 in
3008 1587 3280 1642 Chronico

1693 1686 2011 1741 Casaurcnsi
2047 1695 2100 1740 et
2125 1685 2519 1740 vetustissimus
2553 1693 2740 1738 auctor
2780 1681 3029 1735 Historiae
3062 1679 3280 1736 Jeroso-

1624 1764 1663 1821 Β
1693 1776 1965 1848 lymitana:
2007 1788 2151 1832 lomo
2189 1776 2404 1830 lMusei
2459 1775 2625 1829 Italici
2666 1773 3027 1827 Mabillouiaui
3083 1773 3278 1827 editus.

1693 1873 1936 1942 Denique
1962 1870 2255 1926 Pandull’us
2285 1871 2335 1923 in
2361 1869 2478 1938 ejus
2506 1867 2626 1921 Vita
2650 1867 2836 1921 scribit
2863 1866 3130 1929 eumdem,
3156 1881 3284 1918 con-

1694 1964 1938 2034 fessorem
1991 1972 2038 2016 et
2087 1962 2276 2015 bonum
2333 1959 2527 2013 Christi
2589 1958 2838 2010 athletam
2894 1955 3000 2008 Deo
3048 1954 3281 2008 animum

1695 2054 2016 2116 reddidisse;
2049 2066 2208 2121 quem
2237 2051 2289 2104 in
2319 2049 2426 2103 vita
2459 2046 2740 2102 Paschalis
2781 2043 2897 2111 ejus
2927 2042 3280 2106 successoris,

1693 2143 1939 2198 solemnis
1966 2141 2230 2196 memoria:
2261 2140 2529 2194 dominunt
2551 2135 2824 2191 Urbanum
2848 2149 3037 2205 papam
3065 2148 3277 2202 magna-

1695 2233 1894 2287 nimum
1915 2231 2061 2286 dicit.

1767 2369 1883 2426 Non
1910 2374 2093 2439 itaque
2121 2367 2314 2427 mirum
2345 2363 2516 2419 videri
2565 2362 2745 2423 debet,
2772 2361 2816 2415 si
2851 2357 3054 2415 Urbani
3089 2368 3284 2410 nomen

1696 2461 1751 2518 in
1779 2462 2048 2531 plerisque
2078 2445 2477 2528 Martyrolo'giis
2527 2462 2620 2508 aut
2675 2461 2985 2506 sanctorum
3023 2445 3287 2517 catalogis

1698 2553 1785 2609 die
1811 2553 1882 2608 29
1917 2552 2063 2615 Julii,
2091 2567 2200 2622 quo
2220 2548 2454 2604 excessit
2489 2563 2518 2601 e
2547 2548 2655 2600 vita
2700 2546 3016 2613 inscriptum
3042 2540 3276 2611 reperia-
3308 2549 3311 2552 '

1699 2654 1819 2711 tur;
1860 2645 2109 2715 qttamvis
2137 2641 2252 2710 ejus
2283 2639 2626 2694 festivitatem
2659 2650 2932 2704 nunquam
2960 2635 3012 2688 in
3040 2629 3306 2687 Ecclesia

1700 2735 2030 2791 celebratam
2055 2732 2220 2787 fuisse
2247 2730 2523 2784 fatendum
2568 2728 2657 2781 sit.
2702 2725 2796 2780 His
2823 2724 3004 2778 verbis
3029 2721 3145 2791 ejus
3177 2735 3289 2776 me-

1701 2826 1875 2882 moria
1909 2826 1960 2880 in
2007 2821 2392 2895 Martyrologio
2427 2816 2777 2874 Benedictino
2813 2814 3038 2870 Arnoldi
3076 2811 3290 2868 Wionis

1701 2925 1755 2970 et
1788 2914 2028 2986 liugonis
2058 2912 2296 2967 Menardi
2328 2911 2584 2965 habetur:
2629 2907 2808 2960 Romae
2847 2904 3102 2974 depositio
3153 2898 3294 2956 beati

1703 3006 1904 3062 Urbani
1926 3024 2075 3077 papa:
2102 3005 2337 3068 secundi,
2369 3003 2633 3074 quondam
2665 2998 2906 3053 monac/ti
2931 2995 3292 3051 Cluniacensi:

54 3085 296 3142 feliciorem
342 3105 463 3158 qua:
528 3090 578 3144 ei
626 3090 863 3144 ccelestis
911 3090 1091 3160 gloriae
1143 3090 1451 3144 fruitionem
1501 3088 1594 3142 Dei

1705 3099 1968 3154 Cruciatte
2011 3099 2080 3152 ad
2127 3096 2569 3165 recuperationem
2621 3102 2774 3146 terrm
2819 3101 3017 3145 sancta:
3061 3087 3294 3142 auctoris

54 3179 374 3236 misericordia
414 3181 822 3249 acquisieruut;
863 3195 1032 3250 quare
1061 3174 1393 3249 amplissime
1421 3179 1598 3233 studio

53 3286 145 3328 esse
178 3273 474 3337 laetandum,
516 3273 656 3342 quod
697 3271 813 3340 ejus
848 3272 1166 3327 sanctissimi
1211 3273 1307 3326 viri
1356 3271 1604 3342 precibus

56 3361 226 3416 sublato
267 3365 535 3433 pestifero
576 3363 898 3427 schismate,
947 3362 1146 3416 ulceris
1191 3360 1476 3415 inveterati
1526 3361 1604 3413 fo-

54 3467 283 3520 mentum,
318 3467 371 3511 et
418 3457 528 3513 sub
570 3457 791 3511 obtentu
825 3455 985 3510 unius
1015 3454 1368 3510 valentissimi
1399 3453 1604 3506 domini

55 3561 200 3603 veram
247 3552 390 3620 pacis
431 3560 495 3605 et
545 3549 1021 3621 redintegrationis
1070 3548 1324 3602 unionem
1373 3545 1602 3600 ecclesia

57 3642 298 3702 acceperit.
340 3662 356 3693 ι
401 3642 618 3696 Caetera
669 3642 786 3704 ejus
840 3641 1034 3710 elogia,
1065 3655 1184 3708 quae
1228 3643 1424 3706 passm
1465 3635 1606 3705 apud

58 3739 262 3785 auctores
310 3742 648 3796 occurrunt,
699 3744 983 3787 recensere
1019 3729 1092 3784 nil
1122 3728 1294 3797 juvat,
1329 3743 1450 3782 cum
1490 3725 1606 3779 bme

56 3832 146 3885 qua:
175 3822 498 3889 protulimus
534 3824 601 3876 ad
638 3823 988 3877 asserendam
1031 3819 1148 3888 ejus
1189 3817 1494 3874 sanctitatis
1521 3816 1605 3869 fa-

57 3922 168 3962 mam
193 3913 393 3966 abunde
421 3911 715 3966 sufﬁt-iant.

109 3999 339 4056 Eumdem
381 4018 520 4056 vero
573 4012 692 4071 post
747 4002 954 4056 obitum
1009 4001 1270 4056 claruisse
1323 3999 1606 4054 miraculis

61 4093 183 4145 testis
207 4091 612 4148 estGuibertus
659 4075 940 4162 Novigeuti
999 4091 1199 4154 abbas,
1246 4090 1331 4142 vir
1382 4091 1606 4144 minime

60 4181 288 4246 credulus,
320 4193 374 4238 et
422 4201 453 4236 a
507 4182 772 4247 religione
813 4181 1060 4237 muliebri
1115 4181 1341 4234 multum
1374 4179 1604 4234 alienus.

61 4268 129 4324 Sic
156 4282 318 4328 autem
344 4274 412 4328 de
440 4288 508 4328 eo
552 4273 742 4326 scribit
775 4272 930 4326 initio
961 4271 1081 4327 libri
1113 4287 1154 4325 tt
1181 4270 1427 4324 Historia:
1455 4268 1609 4324 Jero-

60 4361 374 4432 solymitanm.
439 4385 458 4417 ‹
495 4366 802 4419 Attestatur
853 4363 1017 4418 statui
1075 4362 1272 4417 mentis
1325 4362 1447 4416 ﬁnis
1490 4360 1610 4428 ejus

63 4453 312 4520 splendens
339 4456 642 4513 miraculis.
700 4455 964 4512 Defuncto
1013 4456 1156 4510 enim
1184 4469 1247 4509 ac
1275 4454 1485 4523 sepulto
1521 4467 1608 4518 eo,

61 4543 176 4602 sicut
195 4551 488 4606 succedens
505 4552 555 4605 ei
587 4547 859 4605 Ostiensis
886 4548 1196 4618 cpiscopus,
1226 4561 1347 4601 cum
1377 4544 1607 4616 plurima

63 4636 186 4708 signa
206 4640 310 4711 jam
342 4642 568 4708 ﬁerent,
602 4640 772 4695 astitit
793 4640 1012 4709 quidam
1043 4637 1292 4709 sepulcro
1337 4637 1479 4692 illius
1516 4639 1608 4708 ju-

65 4730 205 4795 renis,
234 4741 287 4787 et
320 4734 694 4809 membrorupt
719 4731 974 4785 damnum
1001 4730 1105 4786 sibi
1147 4730 1476 4798 imprecatus
1505 4737 1609 4793 est,

64 4820 98 4872 si
122 4836 202 4891 per
232 4823 435 4880 Urbani
494 4823 724 4887 merita,
773 4823 865 4895 qui
917 4822 1032 4876 Odo
1075 4821 1349 4876 diceretur
1401 4819 1610 4890 signum

65 4924 265 4982 unquam
303 4913 510 4968 factum
545 4915 728 4976 fuerit,
760 4928 824 4966 ac
857 4912 1028 4967 ﬁeret.
1070 4911 1308 4966 Necdqu
1355 4913 1544 4981 pedem
1581 4924 1612 4964 e

65 4999 160 5058 loco
183 5007 473 5072 extulerat,
497 5022 620 5061 cum
651 5003 827 5060 ofﬁcio
879 5004 1147 5058 sermonis
1194 5003 1417 5068 amisso,
1453 5011 1506 5057 et
1532 5001 1611 5056 al—

66 5099 158 5148 tero
183 5095 407 5153 laterum
437 5097 674 5168 paralysi
699 5097 1095 5150 intercurrente
1124 5103 1392 5162 correpto,
1417 5092 1607 5162 postri-

65 5187 134 5241 die
161 5189 349 5248 Urbani
386 5195 654 5248 virtutum
679 5193 986 5247 testimonia
1017 5201 1260 5246 mortuus
1285 5191 1400 5260 ipse
1429 5190 1610 5259 perhi-

65 5278 204 5338 ltuit.»
230 5288 374 5344 Idem
407 5290 727 5345 miraculum
756 5298 945 5343 auctor
978 5288 1178 5342 veteris
1202 5286 1453 5342 Chronici
1475 5285 1614 5356 apud

66 5372 321 5434 Chesnium
351 5381 408 5435 in
438 5380 851 5452 probationibus
902 5377 1151 5434 Historiae
1195 5380 1386 5433 domus
1413 5376 1619 5433 Castel-

69 5462 292 5527 lioneusis
321 5489 446 5542 cap.
499 5473 532 5527 8
576 5480 783 5527 narrat.
825 5471 963 5526 Hine
1013 5487 1120 5524 non
1165 5471 1362 5524 mirum
1405 5471 1449 5524 si
1500 5470 1618 5540 ejus

69 5560 338 5625 sepulcrum
366 5581 396 5618 a
422 5564 671 5619 fidelibus
702 5563 1104 5634 frequentatum
1149 5563 1277 5617 olim
1333 5561 1500 5616 fuisse
1531 5563 1617 5617 di-

70 5657 214 5707 catur.
242 5657 399 5713 Certe
429 5673 554 5714 eum
576 5667 774 5713 sanctae
800 5664 894 5710 aut
927 5656 1092 5710 beatae
1145 5656 1408 5709 memerita
1451 5657 1619 5710 virum

71 5749 113 5793 et
135 5750 410 5819 pontiﬁcem
445 5767 553 5809 non
583 5752 757 5810 solum
787 5758 1001 5807 veteres
1031 5765 1094 5807 ac
1123 5748 1452 5806 recentiores
1481 5748 1615 5804 seri-

1705 3189 2064 3258 libertatisque
2084 3186 2448 3240 ecclesiastica:
2473 3183 2762 3252 defensoris
2785 3179 3059 3244 acerrimi;
3080 3177 3294 3248 quipost

1704 3281 1899 3336 multas
1921 3283 1985 3334 ab
2008 3270 2255 3334 'Henrico
2294 3281 2608 3348 imperatore
2648 3273 2732 3328 IV
2773 3282 3012 3342 acceptas
3034 3271 3294 3341 injurias,

1705 3383 1818 3443 post
1840 3372 2081 3426 exsilium
2125 3381 2170 3424 et
2202 3386 2382 3440 grai-es
2426 3383 2722 3429 terumnas,
2769 3364 2978 3432 aliaque
3038 3362 3092 3414 id
3134 3376 3297 3430 genus

1707 3465 1918 3518 tandem
1974 3463 2254 3517 sanctitate
2300 3461 2476 3514 clarus
2523 3457 2790 3525 confessor
2847 3453 3108 3510 occubuit.
3151 3450 3296 3505 Idem

1706 3557 1980 3609 sanctitate
2004 3555 2132 3607 clari
2163 3552 2394 3622 elogium
2426 3550 2476 3604 ei
2509 3549 2763 3603 tribuitur
2793 3546 2844 3599 in
2895 3540 3148 3612 Dorganii
3186 3539 3295 3593 Ka—

1706 3646 2073 3710 lendario,ubi
2105 3652 2360 3715 praeterea
2389 3641 2560 3697 Oﬁicii
2585 3640 2759 3694 beatae
2789 3636 2971 3690 Mariae
2996 3634 3296 3693 institutor,

1708 3745 1763 3791 et
1790 3735 1975 3805 pulsus
2006 3736 2281 3804 campanae
2299 3747 2456 3787 mane
2483 3741 2536 3785 et
2560 3744 2784 3803 vespere
2811 3727 2878 3782 ad
2905 3724 3297 3781 Salutationem

1709 3826 2005 3899 angelicam
2039 3811 2279 3880 inventor
2305 3825 2472 3879 fuisse
2509 3822 2729 3878 dicitur.
2775 3820 3108 3874 Memoratur
3134 3815 3298 3869 etiam

1709 3935 1830 3973 cum
1865 3919 2001 3972 beati
2033 3917 2185 3972 titulo
2228 3917 2368 3986 apud
2426 3913 2728 3983 Philippum
2763 3908 3076 3965 Ferrarium
3118 3906 3171 3961 in
3195 3903 3299 3959 'ca-

1709 4009 1890 4079 talogo
1912 4017 2251 4070 sanctorum,
2275 4006 2363 4074 qui
2397 4019 2505 4058 non
2537 4002 2804 4057 habentur
2833 4000 2884 4054 in
2913 3997 3084 4067 Marty
3098 3994 3304 4065 rologio

1712 4101 1975 4155 Romano.
2004 4098 2164 4153 Plura
2200 4097 2400 4151 habent
2429 4092 2716 4147 Bucelinus
2769 4091 2822 4144 in
2875 4086 3176 4156 Menolugio
3200 4084 3300 4140 Be-

1711 4193 2005 4254 nedictino,
2066 4191 2374 4259 Saussayus
2434 4185 2489 4241 in
2546 4182 2933 4254 Martyrologio
2982 4177 3297 4241 Gallieano,

1709 4284 1981 4341 Arnoldus
2005 4283 2163 4338 Wion
2195 4283 2250 4336 itt
2279 4281 2452 4349 Ligno
2479 4279 2620 4332 vitae.
2655 4276 2751 4330 His
2794 4273 3022 4328 addendi
3067 4269 3298 4324 Vincen-

1713 4376 1819 4431 tius
1849 4375 2267 4435 Bellovaceusis,
2300 4379 2522 4426 sanctus
2568 4367 2872 4422 Antoninus
2892 4406 2907 4430 ,
2943 4361 3302 4426 Trithemius,

1641 4464 1946 4529 DPlatina,
1994 4456 2223 4519 Michael
2270 4461 2648 4531 Buchingerus
2703 4454 3126 4518 Colmarieusis,
3158 4451 3303 4508 Ouu-

1715 4555 2202 4619 frius-Panvinius,
2239 4551 2528 4608 Ciaconius
2556 4557 2610 4604 et
2637 4548 2752 4612 alii,
2797 4547 2886 4616 qui
2913 4544 2980 4599 de
3006 4545 3136 4598 viris
3173 4555 3300 4596 san-

1714 4647 1816 4701 ctis
1846 4655 1936 4699 attt
1967 4645 2032 4700 de
2054 4643 2398 4715 pontiﬁcibus
2424 4639 2684 4694 Romanis
2715 4636 2924 4706 aliquid
2946 4635 3303 4704 scripserunt,

1714 4737 1809 4793 sed
1837 4752 1972 4805 quos
2010 4734 2324 4806 singillatim
2363 4745 2653 4787 recensere
2683 4746 2783 4786 nec
2825 4737 3025 4794 vacat,
3075 4741 3174 4782 nec
3222 4736 3303 4780 est

1714 4845 1896 4902 opera:
1936 4829 2191 4899 pretium.
2225 4826 2346 4884 Uno
2387 4825 2555 4882 verbo
2581 4864 2596 4890 ,
2651 4821 2832 4878 nullus
2859 4821 3030 4877 ferme
3065 4819 3304 4874 occurrit

1717 4931 1908 4977 auctor
1954 4918 2379 4982 Chronicorum,
2444 4925 2538 4971 aut
2595 4913 2845 4970 Historia:
2889 4909 3302 4973 ecclesiasticae,

1719 5026 1874 5071 vetus
1902 5025 1997 5068 aut
2023 5028 2239 5079 recens,
2271 5014 2364 5084 qui
2392 5013 2514 5068 data
2548 5027 2733 5081 opera,
2787 5021 2878 5065 aut
2908 5021 3056 5064 certe
3083 5023 3180 5078 pro
3209 5023 3300 5062 oc-

1659 5109 1678 5157 r’
1719 5108 1955 5168 casione,
1983 5115 2228 5161 nostrum
2271 5104 2550 5161 Urbanum
2579 5103 2827 5157 laudibus
2853 5110 3172 5173 prosecutus
3200 5115 3302 5154 non

1719 5201 1902 5256 fuerit.
1933 5200 2040 5255 Eos
2069 5199 2260 5255 saltem
2292 5199 2613 5269 praecipuos,
2660 5196 2998 5251 laudavimus
3023 5195 3144 5251 suis
3174 5194 3306 5249 locis

1719 5308 1841 5348 cum
1869 5307 1988 5348 sese
2017 5302 2320 5362 opportuna
2347 5289 2538 5346 obtulit
2570 5288 2620 5343 id
2646 5287 2879 5344 faciendi
2912 5288 3153 5343 occasio.

1791 5383 1995 5438 Locum
2035 5383 2200 5436 etiam
2234 5383 2378 5435 inter
2408 5379 2706 5450 scriptores
2748 5379 3154 5434 ecclesiasticos
3190 5393 3306 5432 me-

1721 5474 1831 5529 ruit
1870 5475 2144 5539 Urbanus,
2184 5474 2267 5529 cui
2300 5488 2407 5527 non
2448 5471 2622 5542 solum
2668 5472 2847 5526 varias
2889 5471 3170 5542 epistolas,
3213 5471 3306 5525 sed

1723 5565 1828 5621 alia
1853 5580 2072 5636 quoque
2097 5563 2360 5633 opuscula
2393 5563 2641 5618 nonnulli
2679 5563 3010 5627 tribuerunt,
3041 5571 3100 5617 ut
3124 5561 3307 5615 videre

1723 5667 1808 5713 est
1863 5657 2006 5728 apud
2057 5655 2350 5721 Platinam,
2394 5655 2644 5712 Wienem
2687 5664 2744 5710 et
2790 5657 2996 5712 similes
3034 5664 3305 5711 auctores.

1725 5748 1956 5809 Carolus
1986 5766 2016 5807 ι
2066 5759 2260 5808 sancto
2301 5749 2504 5807 Jacoho
2551 5751 2608 5807 in
2658 5750 2988 5809 bibliotheca
3017 5736 3307 5823 pontiﬁcis
