3892 6320
585 286 692 342 263

1823 298 1881 353 n.
1926 300 2177 358 unum:
2216 306 2254 360 ll
2296 296 2496 365 eam:
3701 332 3773 387 stt

590 402 760 458 refert
784 403 930 459 illum
959 406 1239 475 scripsisse
1265 416 1451 462 contra
1484 410 1864 467 hmreticorum
1889 416 2156 487 dogmata,
2192 425 2232 477 Λ
2263 425 2360 475 sub
2387 424 2587 477 Urbani
2622 427 2936 494 pontificatu
2963 430 3288 499 claruerunt,
3315 443 3409 489 aut
3435 436 3498 491 de
3535 441 3768 498 cardinati-

590 504 646 545 et
700 493 765 547 de
814 495 1024 563 injuriis
1063 496 1163 550 sibi
1227 498 1296 551 ab
1340 498 1574 553 llenrico
1627 501 1952 571 imperatore
2003 507 2165 563 illatis

591 601 712 639 cum
772 584 1018 656 Gregorii
1073 587 1161 641 VII
1230 588 1501 659 legatione
1555 590 1911 663 fungeretur,
1972 608 2167 666 praeter

588 674 864 727 orationes
889 675 1181 730 nonnullas
1208 685 1265 731 et
1286 678 1467 732 varias
1499 681 1775 749 epistolas.
1808 682 1933 750 Ejus
1968 688 2167 743 oratio-

586 777 684 816 nes
734 778 871 832 quas
923 764 974 818 in
1033 768 1265 822 concilio
1316 768 1737 828 Claromontano
1784 778 2197 845 pronuntiasse

585 852 784 907 dicitur
816 869 938 909 cum
967 859 1157 927 paucis
1189 858 1328 925 aliis,
1358 861 1645 929 habemus;
1678 880 1885 921 necnon
1909 869 2164 938 epistolas

582 943 718 997 satis
744 959 942 1016 magno
968 964 1232 1015 numero;
1265 960 1320 1005 at
1350 960 1541 1007 caetera
1573 958 1827 1026 epttscula
1869 961 2159 1017 nescimus.

584 1034 708 1089 llaec
750 1036 890 1091 forte
927 1054 991 1093 ex
1027 1040 1236 1096 Platiua
1270 1044 1361 1099 ille
1391 1057 1581 1100 auctor
1609 1048 1889 1118 hauserat,
1923 1054 2013 1123 qui
2046 1056 2158 1108 ait:

584 1124 856 1180 Urbanum
902 1132 1291 1186 sanctissimum
1323 1137 1620 1205 pontiﬁcem
1663 1157 1766 1194 non
1805 1159 1956 1212 opere
1993 1144 2162 1200 solum

578 1228 625 1269 et
655 1218 909 1287 exemplo,
936 1236 1108 1274 verum
1139 1224 1295 1277 etiam
1324 1227 1551 1294 scriptis,
1576 1242 1759 1284 contra
1796 1234 2160 1290 Ita'reticorum

577 1306 826 1375 dogmata
846 1307 1133 1363 Ecclesium
1157 1313 1515 1379 conﬁrmasse.
1534 1318 1740 1373 Similia
1766 1320 1936 1378 ferme
1963 1325 2163 1380 habent

580 1395 962 1467 ltergomcnsis
1006 1400 1144 1455 libro
1192 1419 1267 1458 xu
1318 1416 1372 1460 et
1417 1407 1751 1464 Trithemius
1800 1413 1850 1466 in
1888 1415 2161 1472 Chronico

579 1485 954 1558 Hirsaugiensi
1004 1492 1071 1544 ad
1113 1508 1315 1548 armum
1369 1496 1505 1552 l087
1561 1500 1649 1554 ubi
1702 1502 1767 1557 de
1822 1502 2037 1559 Urbano
2085 1509 2157 1562 ita

577 1580 768 1633 scribit
795 1599 806 1633 :
846 1580 941 1634 Vir
963 1581 1062 1650 fuit
1085 1585 1325 1639 doctrina
1346 1591 1700 1646 etsauuitate
1729 1596 2044 1663 prwcipuus,
2072 1600 2160 1666 qui

578 1673 733 1726 verba
793 1685 839 1728 et
894 1693 1047 1746 opere
1112 1679 1271 1733 simul
1318 1698 1379 1734 ac
1436 1684 1646 1753 scriptis
1700 1697 1879 1741 contra
1933 1690 2159 1745 insultus

577 1764 943 1821 Iucrcticorum
975 1769 1183 1838 fortiter
1227 1773 1515 1842 defensavit
1545 1777 1862 1845 Ecclesium,
1895 1782 2157 1853 multaque
2188 1783 2231 1841 B

574 1858 786 1926 scripsit
825 1870 979 1929 atque
1023 1865 1208 1917 statuit
1245 1867 1315 1919 ad
1352 1868 1630 1923 utilitatem
1654 1886 1998 1939 communem,
2037 1890 2156 1945 qua:

573 1961 708 2003 sane
750 1950 969 2007 Urbano
1015 1955 1222 2024 optime
1262 1960 1610 2025 conveniunt,
1662 1972 1718 2016 et
1758 1964 1803 2018 si
1851 1966 2007 2035 plora
2047 1983 2153 2023 non

574 2037 876 2107 scripserit,
911 2056 1074 2110 quam
1099 2059 1219 2113 qua:
1247 2046 1403 2102 nobis
1433 2062 1746 2119 supersunt.
1787 2055 1983 2111 Verum
2019 2066 2076 2112 ut
2098 2067 2157 2113 ut

573 2125 648 2180 sit
679 2127 745 2182 de
775 2128 892 2198 ejus
922 2132 1161 2201 scriptis,
1193 2146 1344 2191 certo
1374 2150 1589 2194 constat
1619 2156 1741 2196 eum
1782 2142 1951 2200 fuisse
1977 2147 2153 2203 virum

572 2213 792 2270 doctum
821 2228 874 2272 et
905 2222 1199 2277 eruditum.
1248 2224 1526 2282 Rhetorem
1563 2230 1808 2289 absolute
1833 2250 1957 2290 eum
1988 2237 2152 2293 Doni-

572 2305 695 2361 nizo
732 2310 933 2377 passim
971 2314 1226 2383 appellat.
1276 2316 1739 2376 Litteratissimum
1785 2335 1831 2379 et
1863 2326 2149 2395 facundum

572 2396 866 2458 Pandulfus
919 2404 973 2458 in
1025 2404 1226 2461 Gelasii
1263 2407 1303 2461 Ιῐ
1358 2410 1521 2478 Vita;
1579 2422 1634 2468 et
1688 2416 1993 2486 doctorem,
2048 2435 2154 2489 quo

569 2490 838 2547 moriente
864 2493 1061 2549 diserta
1086 2496 1265 2567 lingua
1299 2500 1439 2555 orbis
1468 2503 1570 2555 ruit
1613 2503 1925 2564 Baldericus
1952 2510 2003 2563 in
2036 2510 2153 2579 ejus

573 2582 851 2653 epitaphio
887 2587 940 2641 in
985 2587 1297 2659 Appendice
1329 2593 1520 2650 relato.
1566 2596 1714 2653 ldcm
1754 2599 2051 2659 Pandull‘us
2097 2607 2148 2660 in

568 2671 740 2742 ipsius
768 2676 912 2743 Vita,
940 2694 1102 2749 quam
1131 2683 1294 2738 etiam
1322 2684 1393 2739 ibi
1425 2687 1689 2755 invenies,
1723 2707 1847 2747 eum
1878 2695 1956 2748 ait
1981 2698 2150 2751 virum

567 2762 736 2822 fuisse
784 2779 1077 2838 strenuum,
1120 2774 1314 2830 divinis
1361 2776 1655 2848 Scripturis
1700 2785 1966 2839 eruditum
1999 2796 2152 2858 atque

567 2857 933 2917 ecclesiasticis
990 2866 1359 2923 traditionibus
1409 2871 1701 2939 imbutum,
1749 2885 1798 2931 et
1854 2879 1911 2931 in
1967 2896 2163 2943 earum,

566 2948 923 3009 observatione
952 2960 1435 3015 constantissimum
1474 2977 1931 3033 perseveratorem.
1968 2971 2152 3028 Infini-

566 3046 656 3096 tus
685 3041 811 3110 sim,
842 3045 887 3100 si
923 3060 986 3101 ea
1015 3050 1198 3105 omnia
1243 3068 1362 3122 quin
1390 3055 1593 3123 passim
1627 3059 1769 3128 apud
1797 3071 2049 3117 auctores
2083 3064 2149 3118 de

564 3128 683 3199 ejus
710 3134 955 3193 doctrina
987 3149 1040 3196 ct
1068 3141 1377 3213 eloquentia
1412 3148 1680 3205 habentur
1708 3153 1815 3209 huc
1852 3170 2147 3228 congerere
2176 3130 2217 3187 Ο

566 3223 749 3289 velim,
809 3242 945 3297 quas
993 3234 1336 3301 potissimum
1387 3238 1442 3292 in
1504 3253 1570 3296 eo
1629 3242 1983 3302 Iaudaverunt
2033 3247 2149 3316 ejus

563 3317 745 3374 aetatis
779 3331 1051 3390 auctores,
1100 3327 1192 3398 qui
1236 3328 1305 3383 de
1331 3332 1506 3386 sacris
1548 3335 1983 3403 expeditionibus
2014 3342 2149 3397 scri-

563 3422 725 3477 psere
760 3428 774 3464 :
803 3428 969 3470 unum
1008 3432 1106 3486 pro
1136 3420 1392 3476 omnibus
1419 3423 1615 3480 audire
1649 3424 1883 3483 sulliciat
1912 3428 2145 3487 Guiber-

564 3506 680 3554 tum
712 3499 1002 3575 Novigenti
1052 3507 1325 3575 abbatem,
1384 3513 1475 3582 qui
1512 3515 1577 3570 de
1622 3515 1706 3572 his
1746 3518 1818 3572 ita
1864 3519 2143 3592 loquitur:

568 3609 590 3643 ε
626 3591 756 3657 Ejus
803 3597 1045 3653 scientiae
1090 3600 1334 3669 litterali,
1384 3604 1704 3676 eloquentia:
1750 3591 2149 3680 cooperabatur

564 3680 811 3749 agilitas.
856 3683 971 3740 Non
1002 3689 1147 3745 enim
1191 3691 1240 3746 ei
1284 3694 1463 3749 minor
1509 3697 1795 3755 videbatur
1840 3702 1893 3756 in
1942 3703 2148 3761 Latina:

566 3774 955 3841 prosecutione
984 3778 1272 3838 locutionis
1309 3784 1553 3854 libertas,
1594 3807 1757 3861 quam
1802 3794 2003 3853 forensi
2035 3801 2147 3854 cni-

564 3868 702 3924 Iibet
745 3880 925 3939 potest
972 3890 1091 3931 esse
1141 3877 1194 3932 in
1239 3890 1488 3938 materno
1540 3900 1790 3944 sermone
1830 3894 2143 3960 pernicitas.

564 3958 678 4017 Nec
705 3962 1084 4023 altercantium
1116 3971 1404 4029 multitudo
1429 3976 1780 4045 obtendebat,
1809 3958 2146 4042 concinnan-

562 4052 636 4107 tis
682 4053 990 4125 ingenium;
1024 4061 1138 4126 sed,
1187 4062 1316 4118 licet
1360 4068 1788 4136 praedicabilium
1828 4078 2145 4146 grammati-

559 4159 753 4201 corum
817 4147 1103 4220 elegantiis
1166 4156 1506 4223 ambiretur,
1572 4170 1627 4215 et
1706 4173 1996 4227 oratorum.
2058 4183 2145 4223 su-

561 4231 942 4309 perextmdare
989 4247 1196 4315 copias,
1247 4264 1311 4305 ac
1352 4266 1662 4309 sermonum
1695 4272 2145 4331 quorumcunque

560 4328 793 4388 facetias
848 4338 1260 4407 superequitare
1305 4341 1527 4397 litterati
1571 4344 1862 4402 lnculentia
1922 4328 2144 4419 putaba-

2274 516 2373 568 bus
2400 532 2535 585 quos
2566 518 2632 571 ad
2666 520 2806 574 hanc
2837 522 3154 592 dignitatem
3180 529 3469 595 promovit.
3500 530 3590 585 Ast
3616 546 3713 587 cum
3733 539 3777 592 de

2271 607 2486 675 primis,
2519 625 2641 664 cum
2671 626 2793 665 sese
2823 614 3017 667 obtulit
3040 619 3275 682 occasio,
3321 622 3365 675 si
3397 625 3602 691 quando
3624 626 3774 696 aliquit

2270 700 2335 753 ad
2373 700 2626 757 Ecclesia:
2669 704 2954 759 utilitatem
3008 709 3374 774 contulerunt,
3413 715 3525 767 suis
3560 714 3673 771 locis
3704 723 3777 790 egi-

2268 807 2408 856 mus,
2474 802 2531 847 ct
2576 796 2879 851 cardinales
2938 802 3376 868 memoravimus,
3428 821 3559 873 quos
3594 823 3650 862 ex
3691 826 3778 879 pro-

2265 883 2533 939 babilibus
2592 887 2783 943 saltem
2852 893 3184 959 argumentis
3248 895 3314 949 ab
3367 896 3581 952 Urbano
3623 913 3781 958 creatas

2267 975 2437 1031 fuisse
2468 978 2946 1048 deprehendimus,
2981 999 3087 1037 non
3112 1001 3246 1055 opus
3281 996 3365 1040 est
3401 989 3488 1042 hic
3517 990 3580 1043 de
3599 992 3781 1061 utrisque

2267 1066 2439 1122 fusius
2461 1070 2675 1139 agendi.
2707 1070 3025 1127 Cardinalcs
3054 1076 3274 1129 omnino
3302 1078 3521 1146 triginta
3545 1089 3594 1132 et
3612 1090 3779 1150 septem,

2265 1169 2465 1228 praeter
2524 1163 2779 1231 ignotos,
2834 1165 2899 1217 ab
2951 1164 3169 1220 Urbano
3229 1179 3509 1237 promotos
3564 1186 3780 1227 recensent

2264 1251 2574 1319 Ciaconius,
2630 1255 2963 1325 Onuphrius,
2996 1267 3049 1311 et
3100 1272 3164 1311 ex
3199 1259 3264 1313 iis
3302 1261 3417 1313 alii.
3469 1260 3571 1315 Sed
3610 1277 3780 1330 quorum

2263 1343 2648 1417 plerorumque
2697 1348 2916 1403 nomina
2966 1349 3107 1403 nuda
3158 1350 3492 1405 referuntur.
3535 1353 3605 1407 Ex
3650 1355 3703 1406 iis
3725 1371 3779 1407 se-

2264 1445 2410 1503 ptem
2442 1437 2703 1507 episcopi,
2737 1454 2966 1507 quorum
2999 1440 3237 1510 quinque
3280 1442 3563 1496 Paschalis
3590 1444 3780 1496 electioai

2264 1526 2633 1583 interfuerunt
2666 1547 2677 1582 :
2706 1530 2823 1586 OtIo
2863 1530 3073 1585 scilicet
3114 1531 3402 1593 Ostiensis,
3453 1531 3645 1588 Urbani
3676 1535 3715 1586 in
3742 1550 3781 1587 ea

2262 1619 2388 1673 sede
2418 1636 2726 1684 successor.
2751 1624 2841 1691 qui
2884 1622 3199 1677 Paschalem
3232 1626 3596 1680 consecravit.
3623 1624 3775 1679 Gualtc-

2262 1711 2376 1766 rius
2416 1712 2758 1780 Albauensis,
2792 1715 2934 1769 beati
2980 1715 3126 1770 Petri
3167 1716 3319 1786 Igniti
3372 1732 3668 1778 successor,
3700 1715 3783 1770 Milo

2259 1823 2325 1862 ex
2386 1809 2672 1866 Albiniano
2740 1812 3006 1867 monacho
3077 1813 3367 1881 episcopus
3433 1812 3783 1874 Przenestinus.

2260 1899 2555 1957 Mauricius
2594 1904 2683 1972 qui
2715 1903 2909 1959 Joanui
2956 1905 3243 1959 Portuensi
3292 1906 3344 1958 in
3382 1903 3559 1959 Gallia
3587 1904 3783 1961 defuncto

2258 1992 2541 2055 successit,
2563 2000 2619 2046 et
2643 1992 2991 2048 Crescentius
3024 1993 3365 2058 Sabineusis,
3403 1995 3560 2064 cujus
3586 1994 3783 2048 decessor

2259 2080 2501 2137 Uhaldus
2548 2083 2712 2137 etiam
2760 2084 2830 2138 ab
2884 2083 3103 2139 Urbano
3155 2094 3447 2153 promotus
3495 2083 3661 2140 fuerat
3700 2094 3783 2154 post

2255 2172 2504 2243 Gregorii
2553 2185 2801 2229 mortem.
2851 2173 3128 2244 Septimus
3170 2191 3236 2230 ex
3282 2175 3397 2230 illis
3433 2176 3689 2244 episcopis
3718 2174 3783 2228 fuit

2254 2264 2491 2322 Joannes
2523 2267 2741 2321 Tusculi
2797 2268 3105 2337 episcOpns,
3142 2268 3207 2322 de
3252 2283 3363 2337 quo
3399 2269 3567 2322 multa
3608 2269 3783 2323 diximus

2256 2371 2439 2427 supra.
2491 2358 2804 2429 Presbyteri
2851 2359 2918 2413 16
2946 2358 3095 2414 fuere
3138 2359 3427 2415 Oderisius
3457 2359 3633 2414 Casini
3666 2358 3783 2411 abbas

2256 2464 2325 2504 ex
2364 2450 2598 2505 diacono
2624 2452 2913 2521 presbyter
2945 2451 3014 2505 ab
3041 2451 3259 2506 Urbano
3288 2452 3601 2515 ordinatus,
3637 2448 3783 2504 Rubor.

2257 2548 2341 2595 tus
2385 2541 2522 2595 tituli
2575 2541 2763 2597 Sancti
2813 2540 3128 2605 Clementis,
3182 2541 3451 2596 Albertus
3506 2550 3680 2611 postea
3724 2554 3781 2591 ar.

2254 2632 2632 2702 chicpiscopus
2688 2632 3036 2702 Sipontinus;
3094 2633 3406 2703 Raynerius
3475 2633 3565 2701 qui
3616 2629 3781 2687 Urbano

2254 2724 2355 2778 sub
2397 2723 2677 2779 Paschalis
2708 2724 2927 2779 nomine
2956 2726 3243 2790 successit,
3290 2724 3437 2779 tituli
3486 2723 3665 2779 Sancti
3697 2721 3782 2778 Cle-

2255 2817 2481 2881 mentis;
2524 2817 2825 2887 Rangerius
2846 2832 2913 2871 ex
2950 2818 3217 2871 monacho
3260 2816 3492 2885 Majoris
3529 2814 3781 2871 Monasterii

2255 2907 2702 2978 archiepiscopus
2727 2907 3049 2977 Rhegiensis
3088 2909 3158 2963 ab
3187 2908 3382 2963 eodem
3416 2909 3661 2979 pontiﬁce
3684 2907 3781 2960 ordi-

2252 3005 2439 3063 natus;
2490 2998 2776 3053 Albericus
2830 2997 2968 3052 tituli
3023 2998 3281 3053 Eudoxiae
3330 2999 3527 3054 Sancti
3570 2998 3697 3053 Petri
3733 2996 3778 3049 ad

2252 3088 2478 3143 Vincula
2508 3128 2523 3151 ,
2581 3088 2913 3159 proindeque
2958 3089 3251 3144 Deusdedit
3312 3091 3521 3157 celebri
3569 3102 3779 3145 canonum

2252 3179 2525 3235 collectori
2580 3179 2886 3245 suffectus;
2958 3179 3153 3235 Petrus
3220 3182 3359 3235 tituli
3423 3182 3657 3252 Equitii,
3710 3194 3776 3234 seu

2253 3268 2578 3325 Sanctorum
2629 3269 2775 3323 Petri
2825 3278 2880 3324 et
2924 3269 3141 3324 Martini
3183 3271 3236 3325 in
3267 3270 3584 3337 Montibus;
3626 3270 3780 3324 amicus

2250 3362 2419 3416 abbas
2449 3360 2823 3415 Witurnensis
2857 3360 2997 3415 tituli
3046 3361 3264 3418 Sancta:
3292 3362 3495 3418 Crucis
3536 3364 3588 3417 in
3614 3362 3781 3417 Jerusa-

2248 3452 2386 3519 lem;
2435 3452 2639 3508 Paulus
2684 3452 2825 3507 tituli
2868 3452 3054 3507 Sancti
3094 3454 3278 3519 Xisti;
3332 3453 3647 3510 Bonifacius
3680 3450 3777 3505 tituli

2255 3524 2443 3600 Sancti
2490 3546 2686 3610 Marci;
2734 3544 2976 3600 Joannes
3024 3545 3160 3600 tituli
3224 3545 3451 3600 Sancue
3500 3544 3777 3603 Anastasis,

2251 3638 2525 3693 Robertus
2552 3636 2878 3692 Parisieusis
2923 3636 3127 3702 Gallus,
3163 3637 3302 3691 tituli
3356 3637 3551 3692 Sancti
3585 3634 3777 3689 Eusebii;

2249 3727 2413 3782 Risus
2463 3726 2604 3781 tituli
2654 3726 2980 3782 Sanctorum
3021 3726 3299 3780 Laurentii
3354 3740 3418 3783 et
3464 3727 3685 3789 Damasi,
3715 3722 3777 3793 qui

2248 3817 2691 3887 archiepiscopus
2722 3816 2977 3871 Barcnsis
3012 3815 3144 3880 fuit;
3196 3816 3517 3871 Bernartius
3542 3815 3778 3912 Ubertinus

2247 3923 2313 3963 ex
2352 3908 2749 3964 Camaldulensi
2796 3908 3006 3971 ordine,
3040 3907 3181 3961 tituli
3236 3906 3425 3962 Sancti
3471 3906 3777 3978 Chrysogoni.

2248 4008 2361 4054 tum
2405 4000 2689 4070 episcopus
2729 3999 3071 4065 Parmensis;
3117 3998 3489 4054 Theodericus
3532 4001 3777 4055 Germanus
3864 4000 3865 4067 ἦ

2248 4090 2388 4147 tituli
2450 4091 2774 4146 Sanctorum
2847 4089 3071 4145 Joannis
3139 4099 3193 4144 et
3244 4091 3423 4155 Pauli,
3490 4088 3776 4185 postmodum

2251 4181 2439 4236 multis
2486 4181 2846 4251 legationibus
2875 4181 2928 4234 in
2966 4180 3253 4235 Germania
3300 4182 3566 4247 celebris;
3596 4176 3777 4235 Laudul-

2247 4272 2332 4327 fus
2374 4274 2513 4327 tituli
2558 4273 2774 4328 Lucinae
2810 4272 3004 4349 .Saneti
3055 4273 3354 4328 Laurentii.
3408 4275 3505 4328 llis
3550 4272 3776 4329 addendus

2246 4362 2520 4419 Goll‘ridus
2544 4364 2829 4419 Vindoeini
2878 4364 3067 4429 abbas,
3098 4372 3257 4434 atque
3296 4380 3361 4420 eo
3400 4366 3617 4421 nomine
3640 4362 3770 4418 cardi-
3864 4406 3865 4411 η

560 4430 672 4476 tur.
706 4442 725 4475 ι
764 4423 1017 4493 Ejusdem
1051 4431 1307 4499 epistolas
1341 4450 1495 4489 succo
1522 4436 1702 4505 plenas
1730 4439 1914 4496 laudat
1942 4442 2141 4515 Bergo-
2168 4471 2219 4531 D
2245 4457 2385 4512 nalis
2423 4456 2636 4511 Sancta:
2677 4456 2897 4521 Prisca),
2925 4470 3084 4525 quem
3115 4457 3227 4525 ipse
3275 4456 3530 4513 Urbanus
3551 4457 3770 4527 presber
3864 4462 3865 4475 ‘

558 4515 789 4581 mensis,
816 4532 954 4588 quas
984 4522 1115 4575 tanti
1151 4522 1277 4577 fecit
1321 4524 1610 4595 Baronius,
1644 4539 1703 4585 ut
1732 4547 1823 4588 eas
1864 4543 1939 4588 tot
1979 4533 2143 4603 fuisse

556 4624 789 4677 gemmas
837 4624 961 4683 quot
1012 4616 1185 4684 apices
1239 4634 1344 4674 non
1390 4621 1719 4681 dubitaverit
1772 4643 2135 4686 asseverare:

554 4711 791 4766 quarum
852 4719 1061 4776 magnae
1126 4710 1296 4777 partis
1340 4710 1616 4780 jacturam
1673 4718 1794 4773 ideo
1855 4721 2135 4791 deplorat,

559 4791 847 4849 referendo
902 4797 954 4851 in
1010 4802 1284 4870 specimen
1333 4804 1543 4876 aliquot
1597 4807 1896 4880 fragmenta
1952 4813 2134 4880 illius,

558 4898 683 4951 (11133
714 4886 782 4942 ad
829 4888 1056 4945 Lucium
1086 4896 1440 4965 praepositum
1472 4901 1645 4955 sancti
1672 4901 1907 4958 Juventii
1945 4905 2138 4961 inscri-

558 4986 651 5043 pta
707 4987 823 5045 est;
888 4982 939 5036 in
998 4985 1198 5053 quibus
1255 5003 1442 5045 revera
1507 4992 1749 5062 pontifex
1804 4998 2135 5053 reconditam

558 5080 813 5134 magnam
843 5073 1205 5130 eruditionem
1251 5078 1471 5134 exhibet
1506 5081 1559 5135 in
1593 5082 1932 5151 proferendis
1968 5102 2137 5143 sacrre

557 5152 856 5225 Scriptura:
921 5171 975 5216 et
1037 5175 1348 5223 sanctorum
1409 5169 1632 5226 Patrum
1686 5176 2015 5232 testimoniis
2068 5181 2135 5233 ad

556 5245 935 5303 stabiliendum
969 5253 1036 5308 de
1077 5256 1261 5312 valere
1290 5260 1542 5329 baptismi
1586 5271 1641 5317 et
1681 5264 1911 5320 aliorum
1948 5282 2131 5323 sacri;

557 5353 869 5399 mentorum
923 5348 1174 5408 Ecclesia:
1218 5355 1500 5411 catholicae
1539 5359 1901 5414 traditionem.
1936 5361 2133 5416 Verum

557 5436 673 5490 lucc
715 5439 942 5508 epistola
985 5445 1207 5499 omnino
1256 5447 1465 5519 integra
1511 5465 1634 5505 cum
1686 5452 1808 5506 aliis
1853 5455 2133 5522 permultis

556 5536 717 5583 antea
776 5531 971 5600 ignotis
1021 5535 1075 5588 in
1128 5539 1317 5606 pontif.
1364 5542 1524 5612 epist.
1579 5544 1902 5602 collectione
1951 5540 2132 5618 profe-

556 5628 724 5675 τοίην.

637 5710 818 5771 Locus
846 5714 935 5773 hic
978 5728 1123 5777 esset
1170 5721 1399 5787 deyiris
1451 5727 1747 5787 illustribus
1789 5733 2004 5802 agendi,
2042 5734 2133 5803 qui

2246 4563 2363 4602 rum
2410 4548 2698 4603 ordinavit.
2752 4548 2972 4602 Diaconi
3021 4559 3374 4604 recensentur
3424 4552 3522 4612 l3;
3567 4550 3597 4603 ii
3642 4557 3772 4602 sunt:
3864 4566 3865 4573 ι

2241 4636 2594 4704 Bernardus,
2653 4640 2948 4712 Gregorius
3000 4641 3168 4696 abbas
3235 4642 3617 4705 Sublaceusis,
3673 4636 3772 4692 tituli

2241 4728 2455 4786 Sanctae
2490 4731 2671 4787 Lucia:
2721 4733 2787 4787 ad
2838 4742 3043 4800 septem
3075 4733 3239 4801 Solia,
3299 4731 3774 4797 Damianus,-Joan-

2241 4838 2358 4889 nes,
2403 4825 2535 4889 Aso,
2568 4826 2675 4880 Leo
2720 4826 3075 4891 Marsicanus,
3123 4829 3420 4882 monachus
3476 4825 3765 4883 Casincnsis.

2238 4919 2327 4985 qui
2378 4917 2580 4973 Urbani
2633 4920 2851 4972 nomine
2894 4919 3201 4988 complures
3247 4922 3506 4989 epistolas
3539 4918 3771 4988 scripsisse

2239 5006 2464 5072 dicitur;
2508 5010 2574 5063 de
2607 5024 2672 5064 eo
2708 5012 2918 5081 egimus
2948 5011 3057 5081 §5I
3091 5012 3352 5075 ;Jonatas
3397 5014 3538 5069 tituli
3581 5014 3768 5067 Sancto.

2238 5114 2359 5153 rum
2413 5100 2624 5156 Cosmae
2682 5110 2737 5156 et
2790 5102 3071 5168 Damiani;
3147 5103 3458 5162 Theodinus
3507 5098 3769 5161 Casinensis

2239 5192 2560 5255 monachus,
2611 5192 2749 5246 tituli
2784 5193 2997 5249 Sanctae
3022 5194 3204 5250 Maria:
3251 5197 3304 5251 in
3352 5197 3597 5260 Porticu;
3636 5195 3767 5249 Theo-

2242 5279 2432 5335 baldus
2477 5282 2618 5336 tituli
2678 5282 2896 5339 Sancta:
2958 5284 3140 5339 Maria!
3179 5286 3371 5353 Novre;
3445 5303 3621 5343 comes
3662 5279 3764 5337 tituli

2240 5370 2456 5427 Sancta)
2503 5372 2683 5428 Maria:
2734 5376 2785 5428 in
2815 5376 3074 5445 Aquirio;
3109 5377 3407 5450 Gregorius
3454 5380 3584 5435 tituli
3620 5373 3761 5430 Sancti

2238 5461 2447 5531 Angeli,
2479 5464 2569 5533 qui
2594 5473 2777 5533 postea
2804 5467 2905 5520 sub
2929 5468 3147 5521 nomine
3172 5468 3465 5525 Innocentii
3496 5471 3534 5524 ll
3566 5463 3761 5539 pontifex

2239 5553 2445 5617 evasit;
2489 5553 2727 5609 Joannes
2779 5557 2915 5611 tituli
2955 5558 3141 5612 Sancti
3196 5560 3439 5626 Adriani,
3480 5578 3542 5615 ac
3577 5558 3759 5622 denique

2237 5640 2475 5699 Joannes
2525 5644 2816 5715 Cajetanus
2866 5648 3079 5703 Sanctae
3133 5648 3314 5705 Maria:
3360 5652 3414 5705 in
3475 5646 3758 5706 Cosmedin.

2241 5736 2443 5792 Urbani
2497 5738 2871 5806 cancellarius,
2911 5748 2966 5796 et
3023 5742 3239 5798 tandem
3289 5744 3522 5813 pontifex
3562 5737 3757 5798 Gelasius
