3892 6320
56 370 149 428 295

52 572 209 630 elesize
240 559 465 635 episcopi
502 565 555 611 et
597 540 922 615 cardinales,
971 545 1282 602 Porluensis
1316 538 1582 597 videlicet,

54 616 209 630 ...υ-η
244 616 371 635 τη
416 616 426 629 ,
1390 616 1391 619 η

54 657 356 717 διιιὶιιθιιείε,
399 648 761 705 Tusculanus,
819 640 1137 696 Albanensis
1180 644 1233 690 et
1288 630 1583 699 Signensis,

54 768 156 805 cum
186 748 294 801 aliis
321 739 579 812 episcopis
632 748 855 789 numero
893 729 1162 787 sexdecim
1203 735 1258 778 et
1308 721 1587 797 abbatibus

55 850 272 907 quatuor,
302 834 517 900 aliisque
558 821 968 895 quamplurimis
1007 815 1428 883 viris'religiosis
1456 826 1586 863 cett—

53 928 401 983 venientibus;
460 934 580 975 cum
630 913 943 971 Portuensis
1003 910 1285 978 cpiscopus
1351 901 1588 956 omnium

59 1021 385 1071 ltmnanorum
425 1006 738 1061 clericorum
793 998 1073 1054 catholica:
1119 994 1255 1064 parti
1298 990 1589 1046 faventium

55 1124 105 1163 se
133 1102 344 1172 legatum
372 1100 605 1159 diceret,
645 1094 811 1147 abbas
846 1103 972 1143 vero
1017 1082 1322 1140 Casincnsis
1351 1078 1593 1134 cardina-

56 1201 111 1253 lis
154 1199 396 1249 diacmms
446 1199 766 1243 ceterorum
816 1183 1212 1239 diaconornm;
1270 1173 1594 1244 P.'qnoque

56 1287 314 1345 cardinalis
352 1283 488 1335 tituli
520 1280 701 1334 Sancti
741 1273 1035 1329 Clementis
1081 1267 1319 1321 omnium
1350 1262 1595 1316 cardina-

58 1381 200 1437 lium;
236 1373 513 1442 pratl'ectns
558 1376 735 1421 autem
779 1364 935 1419 Urbis
979 1360 1236 1413 luit-orum
1266 1352 1505 1406 onmimn
1540 1363 1597 1401 se

61 1470 180 1523 ferre
206 1462 462 1519 assereret
492 1460 835 1530 legationem,
886 1464 1114 1519 etunque
1140 1454 1261 1515 post
1293 1442 1594 1496 triduanun

58 1557 329 1627 jejunium,
384 1528 865 1618 supplicationilms
928 1540 1109 1593 multis
1161 1532 1475 1602 magnisque
1531 1528 1597 1581 ad

63 1647 204 1698 Deum
249 1643 494 1708 precibus
545 1639 895 1690 vehementer
943 1631 1267 1685 insisterent,
1319 1623 1457 1691 quod
1502 1634 1601 1687 ego

63 1736 249 1802 quidem
293 1732 513 1786 omnino
545 1728 737 1797 dignus
789 1740 893 1778 non
951 1722 1046 1781 fni,
1107 1718 1317 1769 tandem
1368 1727 1450 1766 nte
1499 1710 1598 1762 sibi

62 1832 229 1891 quarto
253 1822 368 1875 ldus
397 1819 577 1873 Martii
610 1817 660 1869 in
694 1813 999 1884 pontiﬁcem
1038 1809 1333 1877 elegerunt.
1375 1802 1601 1868 Quibus,

66 1914 207 1965 Deum
236 1918 413 1973 testor,
446 1923 553 1961 non
583 1903 891 1960 ambitionis
917 1915 1098 1960 causa,
1148 1911 1247 1951 nce
1276 1891 1499 1959 alicujus
1529 1890 1601 1942 di-

64 1997 565 2071 gnitatis'dcsiderio
612 2006 889 2048 assensum
937 1987 1168 2057 praebui;
1223 1983 1314 2037 sed
1359 1982 1483 2050 quia
1535 1988 1611 2031 tot

70 2090 306 2155 tantisque
354 2086 489 2139 viris
552 2082 865 2137 inobediens
931 2091 1049 2131 esse
1094 2073 1356 2135 verebar,
1415 2069 1611 2135 talique

68 2178 190 2245 quali
226 2188 454 2243 tempore
483 2173 533 2227 si
560 2179 818 2240 quantum
849 2168 914 2220 ad
961 2182 1048 2218 me
1073 2159 1401 2233 periclitanti
1431 2155 1614 2209 Eccle-

75 2268 153 2319 sia:
169 2280 263 2320 non
284 2262 650 2322 subvenirem,
678 2258 843 2311 Deum
871 2270 957 2309 me
978 2253 1250 2308 offendere
1275 2246 1611 2306 metuebam;

74 2354 334 2424 prtesertim
383 2366 506 2405 cum
576 2349 996 2419 praedecessores
1055 2355 1204 2394 meos
1270 2337 1414 2389 viros
1468 2333 1614 2385 omni

76 2446 385 2503 veneratione
409 2444 626 2513 dignos,
663 2438 980 2509 Gregorium
1013 2434 1408 2499 scilicetatque
1439 2429 1619 2482 Victo-

77 2538 313 2599 rcm,~boc
337 2534 437 2589 sibi
467 2533 654 2588 divine
683 2527 1004 2599 praecepisse
1034 2532 1299 2577 asserunt.
1332 2520 1483 2586 Rogo
1520 2516 1622 2583 igi-

79 2638 166 2689 tIr,
211 2625 717 2687 desiderantissime,
744 2620 1095 2685 'nimiumtpte
1135 2626 1187 2669 te
1233 2614 1493 2680 deprecor
1541 2618 1620 2672 ut,

81 2721 227 2788 siqua
255 2719 340 2773 tibi
372 2728 498 2772 sunt
536 2714 750 2785 pietatis
774 2712 998 2771 viscera,
1025 2709 1066 2762 si
1090 2722 1195 2775 qua
1226 2704 1317 2758 ﬁlii
1342 2711 1396 2755 et
1421 2699 1621 2753 almnui

84 2812 143 2863 tui
176 2818 248 2863 cst
276 2808 363 2861 tibi
394 2804 681 2870 memoria,
728 2806 813 2855 me
856 2799 1077 2853 multmn
1107 2797 1158 2849 id
1189 2790 1515 2862 cupientem
1535 2797 1623 2841 tua

85 2901 337 2972 prmsentia
396 2896 705 2961 consolari,
770 2902 1121 2958 sanctamque
1191 2894 1414 2938 matrem
1480 2889 1626 2934 tuam

87 2996 347 3048 Romanam
370 2991 692 3050 Ecclesiam,
719 2987 764 3041 si
789 2999 1023 3053 unquam
1053 2977 1303 3050 possibile
1326 2973 1508 3037 fuerit,
1540 2980 1630 3025 tuo

1220 334 1573 395 El‘lSTOLJﬁ
1599 334 1682 389 ΕΤ
1712 331 2116 389 ΡΝῩΙΙᾼΕΟΙᾹ.

53 481 264 537 raclnam
309 460 917 543 Campanizccivitatem
962 464 1160 512 sanctae
1205 452 1457 505 ιὶοιιιιιιιειι
1489 448 1585 500 l-Zc-
1614 449 1656 502 A
1683 443 2174 513 Gratianopolitano

2213 439 2493 510 (linguai),
2541 437 2720 493 Diensi
2761 436 3023 506 (lamioni)
3059 449 3111 491 ct
3146 439 3257 505 Vi-q

1687 536 1915 590 variensi
1944 532 2204 606 (Joanni),
2235 543 2289 586 et
2319 532 2569 586 universo
2609 528 2753 583 clero
2777 537 2830 581 et
2857 527 3049 597 popqu
3078 527 3245 581 Vien-

1688 626 1868 680 nensis
1896 622 2167 687 Ecclesiae,
2208 622 2431 675 salutem
2460 629 2513 674 et
2547 618 2891 689 apostolicam
2923 618 3248 672 benedictio-

1688 733 1829 773 nem.
1851 779 1853 781 ,
2333 781 2335 784 q

1759 808 2015 861 Nolumus
2063 805 2230 867 latere
2278 803 2665 858 fraternitatem
2719 812 2949 858 vestram
2991 816 3088 855 nos
3139 800 3248 853 sola

1689 902 1857 970 gratia
1888 899 2195 964 Dei,_nullis
2230 897 2427 957 nostris
2471 896 2891 972 princedentibus
2928 893 3153 958 meritis,
3187 892 3255 945 de

1691 992 1927 1073 unanimi
1982 1000 2037 1046 et
2092 988 2378 1043 universali
2434 987 2818 1051 catholicorum
2872 1000 3133 1040 consensu
3187 982 3254 1034 ad

1693 1087 1987 1141 Romanam
2018 1082 2309 1137 Ecclesiam
2340 1096 2402 1135 ac
2434 1079 2660 1133 Romani
2700 1076 3018 1145 pontiﬁcalis
3048 1066 3256 1129 enlmeu

1694 1178 1916 1231 electos.
1952 1174 2101 1231 Unde
2126 1171 2401 1243 quoniam,
2438 1178 2497 1223 ut
2524 1169 2798 1237 Scriptura
2825 1175 3070 1227 testatur,
3099 1164 3263 1231 frater

1697 1270 1911 1339 fratrem
1960 1267 2248 1336 adjuvans,
2294 1264 2473 1317 civitas
2524 1263 2725 1314 munita
2771 1269 2816 1312 et
2879 1257 3026 1326 fortis
3081 1252 3261 1322 (Prov.

1698 1378 1851 1424 xuu,
1884 1360 1990 1429 i9),
2030 1374 2280 1428 rogamus
2318 1372 2411 1409 vos
2452 1363 2508 1408 et
2553 1353 2897 1407 obsecranms
2947 1345 3013 1401 in.
3044 1345 3267 1399 Domino

1698 1450 1820 1504 Jesu
1864 1449 2099 1509 Christo,
2149 1454 2207 1499 ιιι
2252 1453 2359 1497 tam
2411 1458 2506 1512 pro
2550 1442 2699 1494 nobis
2736 1454 2897 1505 quam
2948 1450 3042 1503 pro
3083 1440 3268 1485 sancta

1702 1550 1872 1594 matre
1920 1546 2095 1590 vestra
2132 1535 2373 1590 Romana
2427 1529 2663 1585 Ecehsia
2721 1527 3054 1581 incessanter
3093 1520 3270 1575 Domi—

1704 1649 1828 1685 num
1859 1630 2111 1690 camelis,
2138 1635 2401 1695 quatenus
2428 1623 2569 1691 quod
2591 1620 2705 1688 ejus
2737 1627 2864 1671 nutu
2893 1616 3148 1670 inchoare
3180 1626 3275 1679 po-

1706 1725 1923 1787 tuimus,
1962 1719 2226 1774 universis
2273 1716 2609 1769 inimicorum
2655 1707 2947 1764 obstaculis
2990 1706 3273 1773 superatis.

1708 1818 1774 1868 ad
1801 1816 1994 1883 dignos
2040 1811 2249 1878 sibique
2296 1807 2561 1875 placentes
2601 1801 2819 1855 effectus
2852 1795 3147 1866 perducere
3191 1807 3280 1845 va-

1709 1906 1930 1959 leamus.
1986 1901 2093 1955 Nos
2145 1908 2323 1951 autem
2380 1912 2478 1964 pro
2540 1903 2687 1947 certo
2740 1891 2922 1945 sciatis
2985 1884 3279 1940 Ecclesiam

1710 2009 1942 2054 vestram
1995 1992 2216 2045 nmltmn
2276 1988 2536 2054 diligere,
2589 1995 2815 2048 eamque
2864 1981 3003 2031 inter
3057 1983 3283 2029 cazteras

1713 2095 1911 2141 nostra:
1972 2078 2318 2152 providentia:
2383 2071 2697 2128 commissas
2758 2066 3284 2137 Eeclesiasrmagnu

1715 2177 1913 2231 annuis
1952 2185 2075 2227 voto
2107 2183 2302 2239 cupere
2341 2168 2627 2220 honorare.
2659 2157 2920 2225 Quoniam
2959 2155 3120 2223 igitur
3146 2152 3288 2219 jam-

1716 2272 1804 2323 diu
1833 2277 2009 2321 vestra
2046 2260 2353 2330 metmpolis
2392 2265 2602 2325 pastore
2642 2247 2985 2320 cognoscitur
3013 2243 3283 2298 destituta.

1718 2360 2011 2429 apostolica
2064 2355 2214 2408 vobis
2257 2348 2611 2421 przeceptiuue
2663 2341 2979 2394 mandamus
3019 2344 3077 2389 nt
3116 2333 3287 2387 eidem

1718 2410 1780 2429 "l'
1808 2410 1941 2414 """
1959 2410 1974 2414 '
2258 2410 2272 2421 ι
2432 2410 2445 2417 -

1718 2438 2002 2521 Ecclesiae,
2055 2441 2370 2513 quantocius
2419 2424 2680 2506 poteritis,
2726 2438 2904 2497 aptum
2942 2434 2997 2478 et
3040 2410 3287 2477 idoneum

1721 2518 2205 2610 pasturcmcligere
2237 2524 2550 2599 procuretis.
2585 2523 2754 2576 Tanta
2787 2518 2927 2572 enim
2960 2514 3141 2569 dilatio
3180 2525 3293 2563 tua-

1724 2648 1885 2704 guum
1918 2627 2320 2683 detrimentum,
2343 2630 2587 2685 magnam
2614 2612 2913 2665 animarum
2941 2603 3076 2659 solet
3103 2599 3294 2655 alii-rrc

1727 2718 2038 2790 perniciem.
2071 2709 2336 2779 Canonica
2360 2693 2362 2695 1
2384 2707 2545 2761 etiam
2578 2698 2897 2755 auctoritate
2933 2701 3147 2748 cautum
3177 2703 3298 2743 esse

1730 2810 1916 2874 nostis,
1947 2805 2085 2876 quod
2118 2804 2255 2855 ultra
2289 2809 2399 2852 tres
2425 2808 2637 2849 menses
2667 2790 2916 2858 episeopo
2938 2798 3035 2837 suo
3062 2779 3295 2835 Ecclesia

1730 2913 1923 2955 vacare
1952 2912 2055 2951 non
2087 2891 2269 2953 debet;
2298 2894 2501 2958 quanto
2520 2883 2680 2953 igitur
2708 2879 2883 2932 minus
2911 2890 3005 2944 per
3033 2880 3110 2926 tot
3134 2884 3302 2923 anno-

1733 3006 1850 3047 rum
1888 2983 2183 3042 curricula!
2236 2980 2303 3034 Et
2345 2975 2597 3047 quoniam
2636 2970 2850 3025 solitum
2896 2975 2999 3027 est,
3031 2963 3081 3021 in
3124 2959 3300 3029 spatio

89 3086 282 3139 multum
312 3082 460 3137 nobis
482 3078 707 3149 optabili
738 3077 966 3129 adventu
1019 3071 1238 3125 visitare
1267 3063 1521 3135 digneris.
1563 3061 1630 3114 At
1656 3100 1699 3159 Ο
1731 3100 1837 3153 quo
1884 3086 2040 3133 vaca,
2089 3072 2358 3134 Ecclesia,
2399 3084 2428 3123 ε,
2476 3063 2744 3120 nummus
2799 3055 3111 3126 ίηριίείοείς
3167 3054 3303 3105 [mm

90 3191 214 3240 vero,
238 3175 279 3228 si
310 3175 358 3227 id
384 3172 499 3229 ﬁeri
536 3168 739 3240 nequit,
771 3175 827 3219 nt
859 3164 993 3218 tales
1019 3163 1084 3216 de
1114 3161 1236 3213 ﬁliis
1278 3159 1383 3211 tuis
1415 3154 1632 3209 confra-

94 3268 239 3321 tribus
264 3267 391 3319 meis
417 3274 468 3318 te
489 3263 561 3318 ad
594 3276 692 3315 nos
718 3257 972 3313 mandare
1005 3270 1108 3307 non
1134 3253 1327 3322 pigeat,
1359 3249 1410 3302 iu
1442 3242 1635 3315 quibus

97 3368 139 3410 te
163 3357 373 3418 videam,
410 3366 462 3407 te
514 3351 826 3419 suscipiam,
874 3358 975 3399 tum
1009 3340 1391 3399 consolationis
1437 3339 1490 3392 in
1541 3335 1639 3389 im-

98 3449 267 3501 mensis
300 3442 795 3515 perturbationibus
839 3438 1059 3507 positus
1089 3435 1250 3488 verba
1294 3443 1637 3501 cognoscam,

100 3539 173 3604 qui
213 3546 348 3605 tuam
393 3534 717 3593 thas-itarem
779 3540 985 3595 tumque
1041 3522 1341 3579 dilectionis
1393 3514 1641 3573 affectum

100 3624 208 3679 mihi
245 3631 647 3694 repraesentem,
690 3620 780 3688 qui
825 3617 1055 3686 qualiter
1100 3624 1155 3667 et
1206 3624 1259 3665 tu
1300 3610 1645 3674 omniumque

104 3716 300 3771 fratrum
338 3725 649 3770 nostrorum
680 3727 739 3766 se
768 3711 966 3765 habeat
1003 3704 1347 3775 congregatio
1386 3700 1513 3753 mihi
1558 3699 1646 3750 dc-

105 3805 339 3859 tnmtient.
374 3803 577 3858 PI‘CCOI'
628 3809 805 3853 autem
845 3807 903 3851 111.
944 3809 1158 3851 omnem
1204 3799 1511 3845 εειηειοῑιιιιι
1545 3785 1650 3839 “'3-

108 3902 225 3945 trum
263 3890 732 3961 congregationem
786 3897 1127 3941 commonere
1178 3880 1366 3943 facias,
1411 3887 1470 3930 ut
1512 3874 1649 3944 apud

104 3982 459 4051 omnipotentis
492 3979 588 4035 Dei
614 3976 952 4037 clementiam
993 3987 1180 4043 preces
1202 3968 1496 4025 ell'undant.
1519 3980 1649 4032 qua-

109 4079 243 4126 tenus
264 4082 313 4127 et
341 4088 436 4126 nos
463 4079 525 4127 et
550 4069 840 4125 Ecclesiam
876 4080 1027 4120 suam
1053 4072 1317 4126 sanctam,
1346 4074 1465 4129 quae
1491 4056 1655 4111 tantis

110 4161 293 4215 videtur
326 4160 611 4229 subiacere
648 4156 919 4225 periculis,
960 4155 1013 4209 in
1035 4153 1319 4221 pristinum
1352 4158 1656 4202 restaurare

113 4259 284 4303 statum
309 4251 575 4320 dignetur.
626 4246 853 4300 Noveris
897 4242 1040 4297 enim
1087 4238 1333 4294 omnibus
1376 4232 1659 4305 specialius

116 4339 199 4391 hoc
226 4342 493 4409 negotium,
520 4353 679 4407 super
706 4346 758 4390 te
780 4334 1030 4403 pendere.
1058 4330 1207 4385 Vale.

174 4432 347 4486 Datum
372 4448 431 4487 ιιι
460 4432 587 4486 ldus
616 4428 737 4483 Maii
765 4426 902 4496 apud
933 4422 1276 4479 Terracinam
1304 4418 1425 4490 (δ’).

839 4558 925 4613 lll.

123 4673 295 4731 Urbani
340 4677 396 4732 11
442 4693 592 4745 papa:
616 4673 832 4744 cpistola
868 4672 936 4745 ad
961 4635 1466 4745 eiiiscopos,_clerttni
1497 4672 1542 4715 et
1571 4678 1664 4742 po:

180 4746 340 4812 palum
412 4731 717 4800 Viennensis
780 4731 1079 4812 provincias
1126 4731 1197 4789 '-.-
1247 4736 1320 4788 De
1393 4731 1667 4793 Viennensi

181 4801 548 4894 archiepiscopo
594 4801 845 4894 eligendo.
895 4825 1011 4863 cum
1060 4809 1169 4861 lucc
1218 4803 1512 4873 metropolis
1552 4801 1667 4869 jam

182 4884 264 4936 diu
286 4882 489 4955 pastore
505 4894 634 4939 esset
659 4882 923 4935 destituta.

689 4970 866 5040 (Anno
899 4967 1080 5036 1088.)
1642 4992 1647 4997 α

132 5058 206 5131 [θα
245 5062 509 5129 Βοῦοιιετ,
557 5062 788 5125 Recueil,
838 5069 966 5114 tom.
1012 5058 1151 5120 XIV,
1179 5072 1310 5131 pag:
1328 5053 1454 5131 889,
1495 5066 1558 5105 ex
1584 5049 1647 5104 Bi

385 5122 564 5188 olioilt.
601 5122 862 5195 Florida,
892 5138 1044 5199 parte
1075 5143 1157 5192 ιιι,
1184 5122 1395 5195 ἰ).⁷74.]

193 5242 428 5302 Unssaus
455 5247 760 5315 episcopus,
790 5257 977 5299 servus
1007 5253 1283 5294 servorum
1317 5235 1429 5295 Dei,
1457 5244 1678 5286 venera-

138 5330 309 5390 bilibus
344 5337 608 5408 episcopis
662 5345 717 5389 et
760 5332 1141 5392 confratribns,
1188 5325 1470 5381 Valentino
1514 5319 1674 5391 (Gon-

142 5426 311 5495 ἀτάο).
341 5428 634 5486 Genevensi
663 5424 960 5498 (Guidoni),
986 5419 1339 5479 Maurianensi
1372 5413 1682 5485 (Conradol,

204 5578 290 5650 (δ’)
307 5577 425 5637 Haec
446 5581 670 5650 epistola
697 5580 894 5646 scripta
922 5577 1131 5650 videtur
1159 5571 1413 5650 postridie
1436 5568 1551 5650 ejus
1580 5567 1687 5648 elet-

151 5646 337 5723 θὲίοηίεν
364 5636 606 5723 adeoque
636 5636 1078 5723 forteiegcndnm
1114 5636 1173 5700 ιιὶ
1204 5643 1322 5722 ldus
1339 5639 1554 5723 "lllartii,
1586 5636 1683 5688 nisi

154 5714 189 5768 εἰ
213 5728 317 5785 post
346 5708 726 5777 dedicationem
757 5708 967 5773 Batitini
1004 5712 1309 5769 monasterii
1339 5708 1684 5765 Terracinam

1735 3172 1851 3240 ejus
1891 3186 1952 3221 ac
1990 3164 2246 3221 beneﬁcia
2292 3158 2469 3227 diripi,
2519 3152 2810 3224 apostolica
2856 3149 2957 3202 hoc
3002 3140 3309 3199 omnimodo

1738 3265 2054 3321 auctoritate
2098 3253 2521 3313 interdicendum
2559 3246 2906 3305 mandamus;
2954 3239 3054 3292 huc
3091 3246 3304 3306 quoque

1739 3356 2042 3429 specialiter
2071 3348 2441 3420 praecipientes
2478 3350 2531 3395 ut
2582 3334 2819 3392 Ecclesia
2852 3326 3204 3385 Romancnsis
3250 3330 3304 3373 et

1745 3450 1977 3505 lieelesia
2001 3446 2058 3497 Β.
2078 3441 2219 3496 Petri
2236 3439 2299 3493 de
2325 3430 2769 3501 Campania,qn:e
2790 3421 3016 3487 subjure
3041 3413 3313 3468 acditiouc

1736 3539 1842 3591 ’\'ie
1885 3534 2066 3589 ncnsis
2135 3526 2385 3582 Ecclesia:
2428 3516 2721 3585 antiquitus
2784 3509 2945 3563 fuisse
2997 3508 3313 3561 noscuntur,

1745 3630 1917 3683 cidem
1968 3621 2218 3677 Ecclesia!
2266 3614 2445 3684 quiete
2485 3609 2849 3679 permaneant,
2903 3606 2954 3651 et
2998 3592 3138 3647 nulla
3195 3604 3315 3670 nta-

1748 3734 1846 3790 gna
1875 3726 2141 3785 parvaque
2167 3720 2395 3778 persona
2426 3700 2508 3754 vel
2532 3698 2674 3766 ipsas
2708 3689 2996 3747 Ecclesias,
3024 3682 3105 3737 vel
3133 3693 3317 3734 earnm

1750 3814 1884 3865 bona
1937 3806 2153 3859 \‘ieuna:
2209 3794 2486 3857 Ecclesiae,
2543 3775 2743 3856 absque
2806 3777 3031 3847 alicujus
3081 3785 3323 3853 personae

1753 3878 2123 3958 molestatione
2153 3908 2245 3948 seu
2285 3884 2655 3942 dimimttione,
2683 3874 2862 3944 quieta
2892 3879 2945 3923 et
2974 3866 3179 3945 illibata
3209 3876 3325 3940 per-

1755 4006 1969 4047 manere
2001 3988 2099 4042 sub
2130 3983 2210 4039 sui
2242 3977 2509 4050 pontiﬁcis
2552 3966 2841 4041 apostolica
2874 3958 3195 4025 auctoritate
3234 3953 3328 4004 de—

1754 4082 2046 4139 cernimus.
2100 4076 2545 4141 Obtemperantes
2598 4078 2693 4117 vos
2748 4052 3076 4128 jnssionibus
3128 4043 3327 4099 nostris

1758 4174 2097 4243 omnipotens
2126 4168 2267 4221 Deus
2295 4160 2597 4218 benedicat.

2419 4332 2422 4336 λ
2498 4293 2587 4349 IV.

1690 4438 1735 4496 ι)
1768 4422 1963 4479 Urbani
1996 4418 2056 4473 II
2097 4430 2244 4485 papa’
2265 4409 2481 4481 epistola
2508 4408 2575 4459 ad
2607 4402 2956 4496 Lanfranrmn
2990 4388 3335 4496 Cantuarios;

2071 4490 2081 4496 ·
2105 4490 2114 4496 '
2188 4487 2196 4496 '
2554 4477 2619 4496 ηρ
2677 4474 2747 4496 *η
2778 4471 2889 4496 με..
2913 4481 3073 4496 mm...
3099 4477 3161 4496 η.
3184 4474 3244 4496 η,-

1846 4456 1962 4476 υηι..
1996 4456 2046 4473 ι,
2132 4456 2158 4468 ..
2266 4456 2287 4466 ν
2330 4456 2479 4465 .-.νη
2607 4456 2641 4458 η

1836 4510 1938 4547 sem
1971 4456 2434 4553 arclti’eiiiscopnm.
2453 4508 2522 4518 ——
2544 4477 2619 4530 De
2644 4456 2889 4527 Ecclesia:
2910 4462 3161 4536 angustiis
3184 4474 3244 4512 ac
3272 4456 3337 4509 de

1833 4568 2070 4630 suscepto
2089 4554 2417 4627 pontiﬁcatu.

2360 4641 2537 4712 (Anno
2575 4635 2753 4699 1088.)

1876 4738 2081 4814 [suam
2108 4708 2437 4793 Τιιιεικειιιιε,
2467 4726 2738 4798 nimim.
2776 4720 2966 4780 critic.,
2997 4731 3049 4786 ρ.
3086 4708 3235 4780 207.]

1832 4848 2395 4919 UttBANUSCpiSCOptIS,
2409 4856 2597 4897 servus
2611 4848 2887 4893 servorum
2903 4826 3015 4889 Dei,
3029 4826 3345 4880 Lsarnsaco

1774 4952 1973 4999 sanctae
1995 4938 2411 4999 Cantuariorum
2426 4930 2678 4987 Ecclesia:
2700 4916 3150 4978 reverendissimo
3173 4909 3347 4966 arcbiv

1776 5038 2029 5108 cpisc0po
2057 5034 2282 5088 salutem
2315 5036 2371 5084 et
2401 5023 2747 5097 apostolicam
2779 5004 3226 5069 benedictionem.

1850 5129 1964 5185 Non
1993 5128 2159 5180 latere
2182 5121 2450 5178 credimus
2479 5110 2813 5184 prudentiam
2843 5104 3010 5166 tuam,
3034 5092 3350 5153 charissitne

1772 5222 1958 5283 Pater,
1989 5226 2120 5288 quot
2161 5211 2431 5285 procellis,
2475 5213 2606 5275 quot
2654 5193 3060 5267 tempestatibus
3097 5204 3160 5242 ex
3192 5186 3349 5251 longo

1776 5312 1889 5381 jam
1920 5273 2389 5377 temporapatitur
2431 5273 2585 5351 navis
2622 5290 2768 5346 Petri
2808 5288 3003 5356 iactata
3050 5294 3143 5334 seu
3187 5273 3351 5344 negli—

1785 5410 1940 5474 gente
1968 5364 2071 5454 illo
2106 5364 2202 5452 seti
2245 5392 2424 5464 potius
2461 5384 2759 5442 dormiente
2790 5378 3052 5446 adipsam
3084 5371 3193 5425 fere
3226 5364 3353 5422 sub.

1788 5560 2029 5622 revertit,
2054 5554 2195 5609 unde
2241 5554 2292 5607 in
2338 5547 2573 5622 Siciliam
2624 5535 3000 5598 transmiserit.
3040 5530 3352 5622 Quanquam

1792 5597 2007 5618 mm...

1792 5631 1932 5688 haud
1962 5599 2250 5684 verisimile
2282 5630 2365 5677 est
2413 5619 2827 5688 Urbanum_tam
2878 5620 3000 5661 sero
3039 5597 3354 5656 electionem

1793 5683 1940 5755 suam
1974 5693 2345 5752 amantissimo
2370 5688 2513 5745 Patri
2552 5683 2902 5754 significasse.
