3892 6320
495 264 604 323 287.

1803 244 1862 299 B.
1902 238 2106 298 URBAl

2216 238 2234 292 ι
2275 235 2474 291 eam
2711 204 2738 209 ’”
2834 197 2854 209 ”
3662 244 3749 299 ω

500 373 825 432 mersioncm
864 369 1117 439 perducta
1153 363 1241 418 sit.
1273 359 1595 417 Pervenisse
1626 357 1789 413 etiam
1815 358 1889 409 ad.
1919 369 2078 408 aures
2107 377 2153 433 Α
2184 365 2326 413 ntus,
2358 359 2421 402 ut
2448 355 2502 402 et
2542 347 2591 404 ei
2637 348 2689 402 in
2728 349 2949 403 servitio
2977 350 3119 416 beati
3154 350 3300 409 Petri
3350 358 3407 407 et
3445 352 3743 423 adiutorium

500 462 778 534 religionis
812 472 914 525 tuae
948 454 1418 517 non'dubitamus,
1462 450 1605 521 quod
1648 456 1932 517 expetente
1982 461 2079 499 nos

504 566 666 624 atque
687 562 908 622 cogente
930 548 1178 603 universa
1202 542 1590 603 catholicorum
1619 541 1877 594 duntaxat
1898 536 2080 591 Eccle-

505 649 611 713 sia,
638 643 976 716 praecedente
1008 651 1224 709 quoque
1256 636 1468 705 gemina
1498 633 1836 687 dominorum
1873 628 2078 698 prande-

505 751 779 794 eessorum
801 741 1109 794 nostrorum
1131 726 1377 799 Gregorii
1399 732 1558 793 atque
1573 722 1772 777 Vitellii
1792 717 2081 775 inevitabili

502 827 885 900 praeceptione,
917 820 1176 893 temporis
1207 820 1371 875 etiam
1400 815 1722 872 necessitate
1754 812 2085 883 permaxima

502 920 926 988 constringente,
961 912 1031 968 ad
1058 924 1327 967 summum
1366 907 1621 962 Romana:
1649 904 1792 959 sedis
1831 901 2091 957 sacerdu-.

509 1013 643 1067 tium
676 1007 880 1078 ἰάᾱίεηί
910 1005 1132 1061 omnino
1158 1010 1211 1057 ct
1235 1014 1455 1072 prorsus
1481 1007 1629 1052 tanto
1650 996 1822 1050 ofﬁcio
1857 995 2096 1062 impares

508 1116 617 1171 quo
640 1098 824 1154 nescio
849 1096 914 1151 de
939 1094 1141 1167 judicio
1162 1090 1401 1160 provecti
1429 1104 1634 1144 sumus.
1660 1086 1810 1152 Quod
1842 1083 2091 1138 videlicet

512 1187 784 1259 quomodo
806 1194 861 1241 et
881 1183 1112 1254 qualiter
1135 1188 1342 1250 gestum
1368 1178 1457 1243 sit,
1484 1177 1528 1231 si
1552 1192 1656 1230 non
1690 1174 1913 1237 forsitan
1938 1171 2099 1241 plene.

510 1277 757 1337 addicisti
780 1317 793 1339 ,
827 1272 1206 1328 dilectissimus
1241 1269 1380 1323 ﬁlius
1409 1276 1591 1321 noster
1623 1264 1880 1332 Rogerus,
1912 1261 2092 1315 cardi-

511 1368 650 1424 nalis
665 1366 919 1421 Ecclesia:
945 1370 1141 1419 nostra:
1161 1360 1539 1437 subdiaconus,
1560 1356 1747 1411 ordine
1768 1363 1880 1409 toto
1896 1351 2095 1407 referre

512 1458 735 1514 valebit.
771 1456 922 1510 Nunc
957 1456 1159 1524 itaque,
1186 1452 1439 1522 quoniam
1472 1460 1671 1505 sanctze
1706 1446 1966 1504 Romanae
1996 1447 2094 1500 Ec-

516 1548 693 1603 clesiae
723 1546 911 1601 matris
944 1544 1194 1599 videlicet
1228 1552 1327 1596 tuae
1355 1557 1519 1596 unum
1552 1551 1601 1594 te
1628 1530 1732 1593 hoc
1765 1549 2013 1607 tempore
2031 1537 2094 1591 de

515 1640 850 1712 primoribus
884 1638 1050 1693 ﬁlium
1088 1636 1477 1693 nobilissimtnn
1519 1642 1573 1685 ct
1612 1629 1950 1685 verissimum
1992 1627 2097 1694 sei-7

2184 442 2237 493 in
2262 438 2535 500 omnibus,
2562 438 2758 507 quibus
2786 439 3100 508 indiguerit,
3134 441 3345 498 tribuas
3366 456 3666 497 exoramus.

2256 528 2388 580 Data
2431 526 2573 595 apud
2608 527 2960 597 Terracinam
2989 538 3183 597 quarta
3216 528 3346 583 Idus
3378 530 3597 600 Aprilis.

2943 618 3005 673 ν.

2195 686 2455 761 Primam:
2486 702 2736 759 Ecclesia:
2772 703 3035 759 Toletana:
3060 707 3113 758 in
3151 706 3428 774 Hispaniis
3466 708 3753 760 restituitur.

2782 798 2961 867 (Anno
3000 799 3183 865 1088.)

2246 936 2247 939 η
2298 911 2593 984 [Mutuom
2623 923 2678 968 et
2707 914 2978 980 Rursanr,
3005 915 3165 968 Ouur.
3202 919 3375 983 posth.
3405 915 3493 977 lll,
3526 914 3674 984 3H.)

2263 1004 2514 1059 Unaauus
2554 1005 2863 1074 episcopus,
2903 1021 3103 1058 servus
3133 1010 3420 1061 Serrorum
3467 1004 3598 1065 Dei,
3638 1020 3760 1058 rere

2196 1095 2517 1151 Munitissimo
2534 1094 2685 1147 fratri
2713 1094 3035 1158 Bsnssnno,
3056 1095 3473 1163 archiepiscopo
3498 1092 3761 1155 Toletano,

2195 1184 2419 1254 ejusque
2454 1185 2857 1240 successoribus
2890 1186 2942 1239 in
2980 1194 3316 1254 perpetuum.

2266 1276 2489 1331 Cunctis
2526 1286 2837 1331 sanctorum
2885 1274 3209 1331 ιῐρενριειιρετ
3227 1275 3533 1330 scientibus
3579 1275 3765 1327 institu-

2198 1368 2399 1422 tiones
2440 1366 2617 1435 liquet-
2655 1376 2883 1434 quantm
2910 1366 3184 1421 'Toletana
3231 1366 3472 1421 Ecclesia
3514 1366 3767 1435 dignitatis

2198 1454 2364 1509 fuerit
2391 1470 2457 1508 ex
2483 1455 2708 1524 antiquo
2736 1464 2795 1508 et
2816 1467 3045 1523 quantm
3072 1455 3125 1509 in
3157 1453 3464 1525 ilispanieis
3484 1462 3552 1509 "et
3576 1454 3769 1509 Gallius

2200 1544 2507 1614 regionibus
2530 1539 2607 1613 (ιι)
2626 1544 2971 1598 auctoritatis
2990 1544 3294 1611 exstiterit,
3311 1526 3650 1613 quantaeque
3696 1558 3775 1611 per

2202 1650 2324 1692 eam
2356 1636 2409 1690 in
2430 1635 3093 1705 ecclesiasticisnegotiis
3134 1636 3397 1690 utilitates
3431 1635 3771 1695 accreverunt,

515 1749 659 1795 mus,
689 1733 755 1787 ad
777 1732 892 1801 ejus
917 1730 1216 1792 servitium,
1241 1727 1307 1780 ad
1335 1726 1451 1794 ejus
1472 1723 1857 1789 defensionem,
1885 1720 1952 1775 ad
1975 1719 2101 1789 ejus.
2120 1735 2164 1792 Β
2193 1728 2287 1782 sed
2310 1736 2543 1796 peccato
2588 1726 2780 1795 populi
2823 1724 3162 1795 promereate
3200 1744 3228 1779 a
3278 1727 3582 1782 Saracenis
3611 1726 3777 1781 eadm

518 1824 754 1892 denique
798 1821 1034 1876 debitam
1094 1818 1455 1874 obedientiam
1508 1813 1916 1876 fraternitatem
1946 1820 2098 1883 tuam

516 1914 713 1967 litteris
741 1913 1099 1982 presentibus
1128 1911 1449 1974 invitamus,
1476 1916 1531 1963 et
1562 1916 1619 1961 ut
1645 1906 1692 1960 ei
1728 1905 1778 1958 in
1809 1903 1971 1957 tantis
2003 1918 2099 1957 ne-

516 2004 860 2060 cessitatibus
897 2004 1165 2072 tantisque
1201 2000 1453 2072 periculis
1483 2008 1539 2055 et
1567 1996 1776 2067 consilii
1818 2004 1873 2049 et
1914 1994 2101 2049 auxilii

518 2098 593 2150 tui
638 2098 913 2152 dexteram
954 2096 1239 2164 porrigas,
1273 2092 1486 2147 enixius
1524 2088 1849 2160 flagitamus.
1893 2085 2117 2155 Religio,

520 2188 783 2256 siquidem
815 2187 1099 2256 prudentia
1129 2194 1182 2238 et
1215 2184 1347 2238 ﬁdes
1380 2180 1595 2252 egregia
1636 2189 1727 2233 tua
1769 2177 1966 2250 ubique
1997 2184 2105 2230 ter-

524 2292 709 2331 rarum
758 2277 851 2330 Dei
894 2275 1061 2346 gratia
1108 2273 1314 2329 famosa
1358 2281 1413 2325 et
1456 2270 1683 2325 celebris
1719 2277 1823 2323 est.
1865 2266 2104 2322 Ecclesia

520 2381 671 2429 vero,
720 2365 803 2420 cui
836 2365 1112 2434 priesides,
1154 2377 1315 2432 quam
1360 2360 1659 2431 specialius
1686 2373 1806 2414 esse
1847 2357 2118 2413 Romamn

522 2457 716 2510 debeat
746 2454 999 2510 Ecclesia:
1026 2453 1285 2508 obediens
1311 2468 1375 2508 ac
1404 2452 1618 2514 devota,
1649 2465 1745 2519 per
1772 2464 1934 2519 quam
1963 2447 2117 2503 scili-i

525 2556 614 2603 cet
648 2546 935 2603 catholicae
962 2546 1082 2601 ﬁdei
1118 2545 1417 2600 rudimenta
1444 2542 1744 2613 suscipiens
1779 2556 1810 2595 a
1845 2540 2106 2596 servitute

524 2648 606 2695 cst
629 2638 959 2694 daemoniaca
990 2639 1239 2702 liberata,
1268 2646 1476 2691 nonest
1502 2634 1853 2705 incognitum.
1883 2631 2108 2688 Studeat

526 2731 688 2797 igitur
714 2746 776 2786 ac
815 2739 1025 2801 satagat
1065 2728 1351 2798 prudentia
1394 2736 1483 2781 tua
1523 2741 1622 2796 pro
1647 2726 1787 2781 scire
1828 2739 1923 2794 pro
1950 2738 2107 2793 posse

527 2822 785 2879 Romanae
812 2822 1063 2883 Ecclesia:
1091 2820 1263 2876 modis
1288 2819 1537 2875 omnibus
1557 2817 1875 2882 subvenire,
1895 2818 2109 2871 studeat

528 2919 743 2963 nostras
793 2909 1062 2964 Ecclesias
1119 2908 1358 2965 locorum
1410 2907 1616 2962 scilicet
1670 2900 1980 2961 diverSitatc
2029 2905 2111 2959 di-

527 3008 757 3064 stantes,
798 2998 1188 3053 catbolicorum
1222 3012 1430 3053 mortnn
1458 2996 1663 3071 unitate
1690 3002 2030 3061 connectere,
2056 3002 2110 3047 ct

2204 1818 2394 1873 civitas
2442 1826 2629 1887 capta,
2675 1826 2731 1871 et
2768 1819 2837 1872 ad
2881 1816 3105 1881 nihilum
3149 1818 3481 1872 ChriStianaa
3525 1818 3775 1887 religionis

2204 1905 2311 1961 illic
2334 1905 2560 1959 libertas
2587 1905 2936 1969 redactaest,
2960 1906 3093 1959 adeo
3116 1912 3183 1959 nt-
3198 1921 3299 1975 per
3316 1921 3499 1960 annos
3532 1915 3783 1961 trecentos

2203 2011 2345 2067 pene
2365 1997 2706 2067 septuaginta
2740 1997 2883 2051 nulla
2916 1997 3281 2065 illicivign’erit
3318 1998 3624 2053 Christiani
3664 2015 3776 2068 [tou-

2208 2088 2359 2143 tiﬁcii
2406 2089 2657 2158 dignitas.
2718 2088 2929 2142 Nostris
2978 2099 3158 2143 autem
3222 2090 3568 2158 temporibus
3621 2090 3779 2143 divina

2208 2177 2464 2247 populant
2487 2190 2641 2233 suum
2663 2179 2980 2248 respiciente
3001 2179 3309 2242 eiementia,
3332 2178 3518 2235 studio
3544 2180 3777 2249 laterum

2206 2268 2578 2338 gloriosissimi
2602 2269 2763 2338 regis,
2794 2268 2967 2322 latore
2990 2268 3504 2339 populiTCbristiani
3534 2270 3773 2325 Sarrace-

2207 2360 2291 2414 nis
2345 2359 2602 2430 expulsis,
2649 2359 3080 2413 Christianorum
3130 2359 3336 2415 viribus
3385 2359 3513 2431 [al.,
3563 2361 3779 2430 juritsus]

2209 2449 2469 2507 Teletana
2491 2451 2684 2505 civitas
2704 2458 2786 2505 est.
2810 2451 3075 2505 restituta.
3102 2451 3274 2521 Igitur,
3286 2451 3576 2510 voluntate
3598 2461 3651 2505 et
3671 2460 3780 2504 cor:-

2209 2555 2372 2595 sensu
2408 2539 2663 2595 unanimi.
2689 2540 3224 2608 comprovincialium
3261 2539 3596 2609 populorum
3617 2579 3631 2601 ,
3662 2554 3779 2606 pou.

2211 2633 2415 2688 t‘ificum
2468 2641 2631 2702 atque
2680 2632 2980 2702 principum
3008 2671 3023 2695 ,
3070 2640 3136 2684 et
3173 2630 3424 2684 lldefonsi
3485 2630 3783 2683 exceltwt’s

2210 2722 2354 2791 regis
2393 2729 2463 2784 te,
2506 2720 2676 2775 frater
2706 2720 3033 2775 eh‘arissime
3061 2718 3626 2787 Bernartle,.primnm
3663 2718 3787 2769 illius

2210 2814 2364 2869 urbis
2418 2822 2538 2883 post
2592 2820 2737 2867 tanta
2790 2821 3034 2881 tempora
3081 2810 3366 2880 przesulem
3414 2810 3547 2881 eligi
3607 2810 3781 2865 divina:

2210 2905 2415 2974 placuit
2438 2904 2679 2960 examini
2724 2902 3040 2973 majestatis.
3074 2902 3141 2955 Et
3170 2917 3269 2956 nos
3301 2917 3435 2972 ergo
3465 2901 3789 2957 miserationi

2213 3010 2458 3065 supernae
2484 2996 2669 3066 gratiae
2700 2995 3116 3063 respondentes,
3142 2995 3268 3064 quia
3305 3009 3404 3057 per
3437 3003 3593 3048 tanta
3627 3004 3779 3048 terra-

527 3091 572 3145 si
604 3091 732 3161 quid
775 3091 825 3143 in
872 3090 1115 3159 partibus
1150 3089 1257 3143 illis
1282 3088 1587 3158 apostolica:
1616 3087 1726 3142 sedi
1752 3086 2104 3151 contrarium,
2135 3075 2178 3135 C
2213 3099 2331 3137 rum
2375 3086 2715 3153 mariumque
2757 3082 3072 3138 discrimina
3119 3084 3375 3137 Romana:
3420 3083 3782 3136 auctoritatem

529 3182 573 3235 si
608 3181 735 3251 quid
784 3180 922 3236 forte
965 3180 1082 3250 ejus
1121 3179 1428 3235 auctoritati
1477 3194 1779 3249 repugnans
1823 3176 2114 3232 invenieris

530 3266 824 3323 secundum
851 3270 1032 3324 datam
1062 3269 1155 3324 tibi
1189 3269 1443 3323 divinitus
1465 3268 1805 3337 sapientiam
1827 3259 2111 3336 redarguo,

527 3360 743 3413 fortiter
785 3360 1039 3429 reprime,
1081 3359 1348 3429 sagaciter
1396 3374 1525 3412 cura
1576 3357 1869 3427 corrigere.
1914 3356 2113 3425 Regem

526 3453 689 3507 etiam
725 3451 898 3521 ipsum
940 3461 1185 3506 nostrum
1226 3452 1603 3505 charissimum
1643 3450 1833 3513 ﬁlium,
1866 3458 2117 3504 auctora-

523 3542 649 3611 bilis
681 3544 990 3605 fraternitas
1040 3554 1129 3599 tua
1157 3545 1464 3608 conveniat,
1515 3545 1759 3599 hortetur
1793 3553 1847 3599 et
1876 3552 2112 3607 moueat,

528 3640 665 3685 utet
692 3633 802 3701 ipse
825 3648 1038 3702 quoque
1064 3650 1163 3702 pro
1192 3635 1347 3689 modo
1368 3651 1466 3690 suo
1494 3650 1589 3702 pro
1611 3634 1784 3689 ofﬁcio
1812 3649 1909 3688 suo
1935 3633 2115 3686 multis

531 3720 786 3791 periculis
823 3731 876 3776 et
904 3724 1153 3777 maximis
1184 3725 1598 3778 necessitatibus
1630 3724 1961 3778 laborantem
2003 3737 2116 3776 ma-

538 3821 675 3862 trem
710 3824 860 3862 suam
895 3810 1194 3864 Romanam
1245 3813 1539 3866 Eeclesiam
1579 3812 1807 3867 consilio
1839 3821 1892 3866 et
1927 3811 2117 3866 solatio

534 3912 634 3951 suo
677 3897 936 3965 adjuvare
965 3907 1019 3952 et
1056 3900 1319 3954 honorare
1361 3900 1592 3955 studeat.
1645 3900 1714 3953 Iit
1757 3902 2031 3969 quoaiam,
2062 3911 2119 3954 ut

536 3985 821 4054 Scriptura
853 3986 1109 4056 loquitur,
1139 3988 1343 4043 amicus
1388 3990 1454 4061 in_
1485 3989 1804 4044 necessitate
1841 3990 2117 4059 probatur,

534 4084 590 4130 et
620 4075 747 4129 item
775 4090 789 4128 :
828 4075 942 4130 Non
984 4078 1325 4148 cognoscitur
1356 4078 1408 4132 in
1438 4078 1595 4133 bonis
1632 4080 1870 4144 anticus,
1898 4094 1996 4133 nec
2028 4094 2119 4134 cc-

536 4165 678 4220 latur
704 4167 757 4220 in
796 4166 951 4242 malis
982 4167 1249 4233 inimicus,
1276 4169 1614 4224 necessitatis
1646 4171 1748 4224 hoc
1780 4179 1987 4242 tempus
2015 4173 2117 4223 mi-

537 4257 684 4310 nime
706 4256 1084 4325 negligendum
1119 4259 1296 4323 ducat,
1324 4261 1412 4314 sed
1439 4260 1482 4314 si
1504 4276 1664 4329 quam
1687 4261 1865 4325 ﬁdem,
1889 4260 1932 4314 si
1957 4275 2117 4329 quam

538 4343 795 4398 Romanae
824 4345 1077 4401 Ecclesiae
1098 4348 1389 4402 amicitiam
1418 4350 1592 4413 debet,
1622 4365 1764 4404 nunc
1785 4366 2118 4421 cumoppor-

2214 3175 2473 3231 Ecclesiae
2493 3175 2810 3245 suppliciter
2828 3174 3107 3244 expetisti,
3132 3173 3519 3228 auctoritatem
3543 3173 3781 3227 Christia-

2215 3283 2339 3321 nam
2394 3267 2666 3323 Tolctana:
2708 3267 2963 3322 Ecclesia:
3015 3266 3302 3321 restituere
3352 3278 3459 3318 non
3521 3278 3781 3336 negamus

2206 3360 2522 3415 .Gaudcmns
2536 3361 2696 3413 etiam
2712 3360 2874 3413 corde
2888 3358 2980 3430 [aL
2992 3400 3005 3423 ,
3022 3358 3314 3427 gaudentes
3325 3372 3457 3427 ergo
3471 3358 3658 3420 corde,
3670 3353 3783 3423 etc}

2220 3449 2517 3513 laetissimo,
2550 3459 2603 3503 et
2633 3465 2874 3519 magnas,
2909 3457 2966 3501 ut
2991 3448 3166 3511 decet,
3206 3446 3315 3501 Deo
3340 3448 3552 3516 gratias
3577 3447 3781 3516 agimus.

2216 3543 2357 3612 quod
2387 3552 2591 3597 tantam
2632 3543 2833 3597 nostris
2862 3542 3216 3610 temporibus,
3256 3540 3514 3610 dignatus
3547 3548 3630 3593 est
3651 3538 3783 3593 Citri-

2216 3635 2392 3689 stiano
2424 3634 2617 3704 populo
2645 3634 2846 3688 donare
2872 3633 3184 3695 victoriam,
3221 3641 3537 3699 statumque
3567 3632 3781 3701 ejusdem

2219 3724 2371 3779 urbis
2402 3722 2575 3792 quoad
2610 3730 2823 3777 nostras
2846 3723 3011 3776 etiam
3050 3721 3330 3776 facultates
3360 3720 3612 3776 stabilire
3644 3730 3782 3787 atque

2219 3828 2438 3882 augere,
2485 3813 2600 3882 ipso
2636 3813 2941 3881 adjuvante,
2978 3822 3358 3881 praeoptamus,
3408 3820 3524 3865 tum
3568 3812 3781 3866 benevo-

2219 3902 2381 3956 lentia
2410 3903 2670 3958 Ecolesize
2702 3902 2957 3957 Romana;
2996 3903 3151 3956 solita
3174 3942 3189 3966 ,
3230 3911 3283 3956 et
3318 3902 3479 3971 digna
3533 3902 3779 3957 Toletanm

2222 3993 2473 4047 Ecelesite
2496 3992 2822 4055 reverentia,
2858 4000 2968 4045 tum
3000 3992 3304 4046 charissimi
3344 3991 3435 4044 ﬁlii
3465 3993 3639 4047 nostri
3668 4006 3778 4061 pra:-

2219 4083 2540 4138 stantissimi
2582 4083 2722 4152 regis
2752 4082 3002 4136 lldefonsi
3036 4084 3286 4152 precibus
3314 4084 3558 4147 invitati,
3586 4084 3785 4153 pallium

2224 4174 2343 4236 tibi,
2371 4172 2537 4226 frater
2560 4172 2884 4227 venerabilis
2903 4172 3194 4236 Bernarde,
3219 4188 3283 4227 ex
3309 4174 3676 4243 apostolorum
3701 4174 3778 4227 Pe-

2223 4263 2288 4315 tri
2320 4270 2374 4315 et
2408 4261 2557 4315 Pauli
2590 4262 2965 4316 benedictione
2991 4262 3380 4326 contradimus,
3416 4261 3779 4331 plenitudinem

2221 4352 2426 4406 scilicet
2452 4354 2628 4406 omnis
2658 4352 3013 4407 sacerdotalis
3054 4352 3358 4422 dignitatis,
3391 4362 3586 4423 teque,
3616 4369 3777 4408 secun-

540 4442 730 4488 tunum
760 4438 1157 4505 quummaxime
1184 4447 1287 4505 est,
1328 4440 1565 4495 liberalis
1599 4450 1651 4494 ct
1682 4443 1904 4496 devotus
1932 4451 2116 4497 osten-
2147 4414 2192 4473 D
2220 4441 2345 4495 dum
2371 4441 2514 4510 quod
2535 4441 2771 4525 ejusdem
2796 4442 2946 4496 urbis
2977 4442 3275 4510 antiquitus
3298 4452 3513 4496 constat
3535 4444 3781 4497 exstitisse

541 4527 651 4581 dat.
687 4526 974 4582 Pecuniam
1012 4546 1191 4598 porro,
1226 4548 1385 4599 quam
1414 4533 1479 4586 de
1514 4549 1677 4605 regno
1707 4536 1893 4589 eodem
1924 4538 2115 4591 beatus

540 4617 733 4672 Petrus
764 4620 1280 4675 consuetudinaliter
1304 4623 1509 4676 solebat
1537 4625 1781 4693 accipere
1801 4666 1813 4689 ,
1845 4641 1941 4695 per
1975 4626 2117 4680 hunc

540 4708 911 4784 supradictum
936 4710 1102 4762 ﬁlium
1130 4721 1373 4765 nostrum
1401 4713 1668 4784 Rogerum
1694 4716 1805 4769 sive
1835 4731 1928 4784 per
1952 4715 2115 4769 alium

541 4814 696 4854 suum
747 4800 958 4854 ﬁdelem
998 4800 1232 4871 legatum
1276 4819 1377 4855 una
1418 4820 1538 4856 eum
1571 4819 1635 4857 eo
1667 4805 1749 4858 vel
1788 4820 1955 4873 usque
1991 4804 2119 4858 Clu-

543 4894 757 4947 niacum
793 4895 1112 4961 quantocius
1157 4897 1389 4962 potuerit
1434 4898 1788 4962 transmittat,
1820 4905 1878 4951 ut
1908 4906 1960 4951 et
1999 4912 2120 4967 gra-

548 4980 674 5033 tiam
705 4980 940 5048 ejusdem
976 4981 1116 5037 beati
1149 4982 1292 5039 Pctri
1320 4984 1544 5052 adipisci
1576 4985 1772 5049 valeat,
1811 4996 1865 5040 et
1896 5001 1993 5041 nos
2019 5001 2117 5040 su-

545 5084 643 5139 per
670 5073 1109 5139 augmentatione
1131 5074 1527 5130 etexaltatione
1556 5078 1701 5146 regni
1728 5078 1809 5130 sui
1843 5086 2119 5147 promptos

542 5177 763 5231 semper
808 5175 861 5220 et
906 5175 1124 5237 paratos
1166 5166 1426 5220 inveniat.
1476 5164 1742 5221 Praeterea
1784 5167 2120 5223 orationibus

544 5254 850 5309 sanctitatis
877 5265 981 5311 tua:
1008 5273 1106 5312 nos
1144 5258 1491 5313 devotissime
1525 5258 1943 5322 committentes,
1980 5272 2117 5326 pra:-

544 5344 778 5399 sentium
800 5344 1025 5400 latorem
1055 5346 1317 5412 Rogeruin
1342 5348 1434 5403 tibi
1458 5346 1746 5405 nlurimum
1774 5346 2120 5402 commcnda-

2221 4533 2524 4604 pontiﬁces,
2554 4533 2608 4587 in
2643 4533 2769 4587 totis
2798 4532 3177 4601 Hispaniarum
3206 4532 3349 4602 regis
3379 4534 3666 4601 primatem
3697 4534 3778 4602 pri-

2223 4622 2403 4693 vilegii
2437 4623 2605 4677 nostri
2638 4624 2919 4677 sanctione
2948 4624 3251 4677 statuimus.
3282 4622 3579 4677 Primatem
3606 4634 3655 4678 te
3682 4623 3775 4676 uni.

2223 4713 2366 4778 versi
2398 4712 2662 4781 praesules
2691 4712 3067 4782 Hispaniarum
3112 4713 3424 4783 respiciant,
3464 4722 3519 4768 et
3555 4714 3623 4768 ad
3654 4723 3721 4774 te,
3746 4710 3776 4763 si

2225 4804 2351 4872 quid
2403 4803 2544 4858 inter
2589 4818 2683 4859 eos
2720 4804 3019 4872 quaestione
3063 4804 3284 4874 dignum
3324 4814 3576 4857 exortum)
3624 4803 3774 4860 fuerit,

2226 4890 2485 4957 referent,
2512 4892 2664 4947 salva
2697 4901 2875 4946 tamen
2904 4892 3159 4947 Romanae
3184 4892 3437 4947 Ecclesia:
3458 4893 3775 4953 auctoritate,

2225 4992 2282 5037 et
2331 4984 2866 5054 metropolitanorum
2912 4984 3207 5054 privilegiis
3249 4984 3604 5053 singulormn.
3649 4982 3773 5036 Tole-

2227 5087 2408 5131 tanam
2438 5091 2566 5145 ergo
2591 5076 2874 5132 ecclesiam
2901 5079 3022 5148 jure
3056 5082 3316 5145 perpetuo
3354 5077 3450 5132 tibi
3496 5078 3713 5146 tuisque,
3739 5072 3773 5125 si

2226 5169 2404 5223 divina
2453 5169 2764 5238 praestiterit
2807 5170 2979 5240 gratia
3006 5208 3020 5231 ,
3072 5168 3481 5223 successoribus
3529 5163 3769 5223 canonicis

2228 5268 2412 5314 tenore
2439 5258 2595 5328 hujus
2620 5260 2886 5331 privilegii
2913 5259 3316 5325 confirmamus,
3340 5268 3447 5314 etc.

2301 5351 2491 5404 Datum
2518 5351 2777 5416 Anagnia:
2799 5367 2896 5422 per
2926 5367 3115 5407 manus
3140 5351 3363 5407 Joannis
3404 5352 3460 5407 S.
3496 5350 3559 5406 R.
3599 5350 3655 5405 Ε.
3679 5347 3764 5403 dia-

615 5604 692 5681 (1)
725 5609 779 5665 ld
809 5612 873 5666 de
901 5607 1084 5696 Gallizr
1128 5616 1281 5680 parte
1324 5606 1723 5682 intelligemlum
1775 5626 1892 5681 quae
1948 5608 2295 5681 Wcsigottliis
2325 5606 2564 5680 parebat,
2596 5628 2792 5682 nempe
2835 5612 3168 5685 Narbonensi
3199 5612 3495 5683 provincia.

3889 5400 3892 5499 ι

3889 5566 3892 5693 ι
