3892 6320
486 319 590 376 2M

1786 308 1845 363 Β.
1879 306 2129 365 L‘RBANI
2160 307 2199 362 ΙΙ
2231 306 2426 363 ΙἈΡΑΞΣ

3678 311 3781 367 m

490 428 808 491 recurretis,
857 426 1080 496 ejusque
1121 423 1325 493 judicio
1362 437 1483 493 qua:
1520 420 1671 475 vobis
1712 430 1835 475 sunt
1878 422 2062 492 gravia
2089 426 2137 484 Α
2168 421 2472 490 apostolicae
2518 420 2903 487 familiaritate,
2933 436 3093 491 quam
3143 437 3207 479 ev
3259 423 3615 480 nobilissima
3674 435 3781 480 tu;

494 517 869 575 terminabitis.
905 516 1055 583 Quod
1091 516 1133 570 si
1161 515 1289 585 quid
1318 513 1457 568 forte
1490 511 1657 581 ipsius
1689 527 1900 581 quoque
1926 512 2064 581 judi-

491 614 579 666 cio
630 610 932 679 nequiverit
974 608 1221 673 deﬁniri,
1261 608 1327 660 ad
1368 605 1713 675 apostolicam
1762 605 1962 669 sedem,
2008 613 2064 656 ut

490 702 706 764 dignum
741 706 853 762 est,
889 697 1032 750 velut
1076 695 1314 755 ninnium
1356 695 1557 748 sediqu
1600 692 1890 761 principem
1932 692 2065 746 refe.

492 798 661 841 retur.
695 788 794 853 Qui
829 797 1009 840 autem
1040 796 1279 840 vestrum
1315 785 1434 839 sine
1473 784 1899 851 metropolitanis
1944 798 2064 850 pros

488 875 620 943 priis
648 884 793 937 sunt,
825 877 921 944 ipsi
957 875 1169 929 interim
1210 875 1355 929 velut
1393 875 1609 944 proprio
1647 873 1866 928 subesse
1905 873 2064 927 debe-

488 965 641 1017 bunt.
681 963 885 1019 Valete.

1208 1052 1338 1108 VIII.

489 1139 689 1195 Urbani
730 1142 790 1195 11
815 1143 1043 1214 epistola
1078 1145 1147 1197 ad
1175 1144 1224 1197 II
1234 1161 1453 1214 agonem
1485 1145 1721 1198 abbatem
1753 1144 2065 1199 Cluniacen-

655 1229 759 1277 sem
786 1213 850 1266 de
870 1214 1095 1279 primatu
1122 1212 1312 1267 collato
1336 1212 1584 1269 Ecclesia:
1613 1214 1896 1268 Toletanw.

1077 1304 1255 1371 (Anno
1296 1304 1477 1371 I088.)

660 1394 905 1465 [Mantua
936 1406 990 1449 et
1023 1398 1203 1463 Rom,
1235 1396 1397 1449 Ottvr.
1426 1397 1595 1466 pauit.
1629 1396 1711 1459 III,
1741 1395 1888 1466 550.]

567 1484 839 1548 Priamus,
872 1497 1001 1552 ete.,
1039 1486 1264 1551 Nucem,
1290 1484 1856 1545 abbati‘Cluniacensi,
1884 1495 1993 1539 etc.

562 1573 937 1630 Venerabilem
979 1576 1200 1629 fratrem
1238 1585 1483 1629 nostrum
1526 1573 1859 1628 Bernardum
1902 1560 2067 1629 ToIe—b

488 1671 627 1717 taure
671 1664 922 1719 Ecclesize
963 1664 1243 1733 praesulem
1283 1673 1389 1717 tam
1432 1678 1529 1732 pro
1574 1672 1676 1717 tua:
1707 1664 2066 1732 postulatione

2168 509 2349 577 tuique
2389 509 2619 564 cmuobii
2667 511 2940 581 religionis
2988 513 3336 587 reverentia,
3388 515 3711 585 singularis
3750 533 3781 568 δ

2166 602 2321 654 nobis
2348 602 2574 655 debetur
2603 605 2955 673 prmrogativa
2996 604 3321 658 dilectionis.
3364 605 3461 658 Est
3498 615 3780 673 prmia-ea

2165 692 2307 761 quod
2337 706 2437 744 nos
2472 692 2564 745 tibi
2599 710 2703 747 non
2744 695 2948 759 minus,
2982 703 3183 763 tuoque
3220 696 3569 749 mettastcrio
3612 695 3783 747 faciat

2166 783 2456 847 debitores,
2488 784 2741 849 quoniam
2786 799 2883 851 per
2913 792 2965 837 te
2994 784 3311 837 monasticae
3355 784 3658 851 religionis
3690 800 3784 835 ru-

2167 872 2401 937 dimenta
2426 874 2655 941 suscepi.
2684 874 2736 926 ln
2764 883 2853 927 tuo
2875 874 3123 927 emnohio
3146 890 3243 943 per
3258 890 3405 927 seen.
3432 873 3567 927 dant
3595 876 3786 927 sancti

2168 960 2404 1027 Spiritus
2433 963 2664 1029 gratiam
2691 979 2807 1015 sum
2848 974 3086 1025 renatus,
3123 963 3212 1017 cui
3248 962 3535 1016 hactenus
3567 964 3788 1029 IIIka

2166 1049 2295 1103 δῖοι-ἰ
2323 1053 2496 1119 gratia
2520 1050 2761 1103 Romana
2786 1050 3021 1105 Ecclesia
3048 1050 3355 1104 dilectionis
3381 1066 3446 1103 ac
3473 1050 3791 1118 protectio-

2169 1138 2252 1192 nis
2280 1154 2469 1193 curam
2514 1140 2839 1207 impendisSe
2883 1140 3238 1210 dignoscitur.
3277 1138 3573 1208 Quidquid
3622 1138 3791 1206 igitur

2167 1224 2454 1292 libertatis,
2503 1229 2762 1296 quidquid
2801 1228 3484 1299 immunitatis,quidquid
3537 1230 3794 1281 θυρεούς

2172 1315 2297 1369 tatis
2342 1315 2469 1379 tibi,
2500 1316 2715 1384 tuisque
2756 1318 3183 1382 successoribus,
3232 1325 3436 1385 tuoque
3489 1317 3787 1373 coenobio.

2166 1419 2263 1473 per
2308 1415 2711 1458 antecesserunt
2754 1418 3062 1460 nostrorum
3110 1406 3391 1477 privilegia
3434 1420 3791 1461 concessum

2168 1494 2335 1550 fuisse
2358 1506 2594 1562 constat,
2625 1514 2724 1551 nos
2751 1515 2967 1567 quoque
3006 1498 3165 1567 hujus
3200 1498 3374 1552 nostri
3417 1499 3657 1551 decreti
3696 1514 3792 1565 pa-

2168 1586 2289 1653 gina
2308 1586 2658 1652 conferimus,
2679 1589 2961 1652 tradimus,
2979 1588 3385 1643 conﬁrmamus.
3406 1588 3538 1641 Hoc
3560 1588 3795 1653 ἰιιςιιρίει-

2169 1677 2508 1746 adjicicntcs,
2543 1688 2598 1732 ut
2631 1680 3016 1733 monasterium
3049 1678 3265 1733 Sancta:
3295 1679 3489 1732 Maria:
3535 1679 3613 1731 (ὀ
3644 1679 3795 1733 Cha-

487 1752 812 1818 dilcctionis,
846 1769 1007 1822 quam
1048 1768 1145 1821 pro
1169 1751 1337 1821 ipsius
1379 1752 1676 1805 reverentia
1714 1752 1985 1819 religionis
2013 1763 2067 1807 et
2102 1751 2141 1808 Β
2175 1767 2362 1833 τίι;ι;θ’
2420 1772 2807 1821 manuum-iu...
2862 1768 2919 1821 δ,
2972 1769 3183 1823 Martini
3210 1771 3302 1824 »ιιε
3350 1768 3601 1839 Campis
3650 1770 3797 1836 apud

488 1841 760 1909 Toletauae
810 1843 1063 1896 Ecclesia:
1121 1843 1323 1896 honore
1377 1851 1688 1918 reverenter
1735 1844 2064 1912 excepimus.

487 1935 589 2005 Ipsi
621 1935 782 1988 etiam
826 1935 892 1988 ad
922 1934 1066 1989 sedis
1097 1933 1404 2003 apostolica:
1434 1943 1487 1987 et
1534 1934 1787 1986 Romanae
1818 1934 2069 1988 Ecclesia.-

490 2035 549 2079 ut
588 2027 780 2080 matris
825 2026 1064 2080 omnium
1115 2024 1479 2093 majestatem,
1511 2026 1959 2093 quemadmodum
1989 2027 2071 2079 di-

486 2132 649 2186 gnum
686 2126 767 2171 est
796 2117 987 2171 devote
1017 2132 1081 2169 ac
1113 2115 1428 2186 simpliciter
1466 2115 1807 2169 cononrrenti
1847 2116 2067 2183 antiqua

490 2208 745 2262 Ecclesiae
768 2222 879 2261 sua:
905 2215 1064 2274 prout
1091 2207 1289 2275 rogasti
1321 2206 1649 2259 munimenta
1680 2206 2065 2267 concessimus.

488 2308 545 2354 et
584 2298 850 2368 privilegii
878 2297 1058 2352 nostri
1097 2297 1346 2366 paginam
1380 2297 1854 2365 pristinaplcnam
1898 2298 2069 2366 digiti-

490 2399 633 2450 tate,
682 2388 913 2443 libenter
965 2387 1305 2442 indulsimus.
1358 2387 1651 2456 I’rimatent
1698 2388 2068 2457 cpismpnt‘uttt

487 2481 754 2544 omnium,
785 2480 876 2549 qui
904 2480 953 2533 in
984 2479 1257 2548 Hispaniis
1288 2488 1413 2533 sunt
1444 2480 1740 2545 effecimus,
1766 2489 1821 2532 et
1848 2495 2075 2548 quaque

488 2587 651 2640 super
687 2585 753 2625 eo
781 2582 869 2624 tua
912 2586 1010 2625 nos
1045 2570 1280 2625 charitas
1314 2570 1602 2640 ﬂagitavit,
1632 2585 1752 2623 cum
1795 2571 1938 2637 pallii
1973 2573 2071 2624 da-

491 2666 634 2720 tione
660 2663 1112 2719 contradidimus.
1140 2663 1256 2717 Tibi
1285 2677 1415 2729 ergo
1439 2676 1536 2730 par
1562 2670 1646 2715 est
1672 2662 1873 2714 amoris
1902 2663 2069 2717 nostri

489 2756 673 2813 studio
711 2754 1073 2823 reSpondere,
1102 2763 1157 2807 et
1190 2754 1385 2808 nostris
1429 2769 1491 2807 ac
1528 2752 1785 2805 Romanae
1821 2751 2071 2805 Ecclesiae

489 2845 705 2898 auxiliis
742 2843 972 2898 ﬁdeliter
999 2843 1293 2905 deservire.
1323 2841 1431 2895 Nos
1463 2842 1605 2896 enim
1634 2850 1683 2895 et
1716 2841 1983 2910 praecipua
2022 2851 2077 2903 te

490 2949 554 2988 ac
598 2933 796 2988 fratres
833 2943 950 2987 tuos
984 2933 1267 2987 affectione
1302 2933 1601 3003 diligimus,
1644 2944 1699 2987 et
1739 2934 1916 2985 omnia
1955 2948 2069 2985 mn-

490 3024 729 3099 nasterii'
764 3026 924 3079 vestri
972 3024 1117 3087 loca,
1150 3024 1239 3077 ubi
1272 3024 1498 3100 liberum
1551 3023 1732 3089 fuerit,
1772 3023 1823 3076 in
1876 3032 2072 3097 nostrae

489 3115 800 3183 specialiter
836 3131 1027 3170 manus
1064 3116 1452 3183 protectionem
1493 3114 1852 3184 suscipimus;
1901 3114 1973 3167 ita
2014 3124 2073 3166 ut

488 3222 589 3261 nec
618 3207 903 3277 episcopus
929 3206 1172 3277 quilibet,
1208 3223 1307 3261 nec
1338 3208 1560 3278 legatus,
1594 3207 1693 3261 nisi
1727 3207 1811 3261 cui
1852 3223 1881 3259 a
1918 3208 2072 3261 nobis

489 3296 1061 3369 idipsumspeeialiter
1104 3300 1402 3366 injunctqu
1442 3298 1622 3360 fuerit,
1648 3308 1842 3367 prartct‘
1881 3298 2069 3352 veluu—

488 3397 651 3444 tatem
680 3399 827 3443 tuam
854 3391 919 3445 de
940 3392 1136 3445 vestris
1163 3391 1356 3445 audeat
1381 3390 1891 3459 negotiisjudicare.
1922 3390 2070 3444 salvo

487 3481 794 3550 tameujure
806 3481 1202 3551 episeoporum,
1219 3481 1362 3549 quod
1381 3481 1431 3533 in
1447 3481 1526 3534 eis
1542 3472 1805 3536 hactenus
1819 3479 2071 3536 habuisse

486 3581 801 3627 noscuntur.
822 3574 931 3628 Vos
952 3589 1080 3644 ergo
1102 3575 1269 3628 nostri
1293 3587 1506 3642 semper
1526 3573 1579 3626 in
1603 3572 1852 3626 omnibus
1878 3572 2070 3626 vestris

490 3660 555 3712 ad
583 3661 866 3714 Dominum
888 3664 1136 3730 precibus
1165 3677 1437 3716 memores
1459 3662 1606 3725 sitis;
1632 3670 1683 3715 et
1704 3662 1840 3737 sicut
1865 3677 1963 3715 nos
1979 3676 2071 3714 vos

489 3760 546 3805 et
577 3763 751 3806 vestra
797 3753 1104 3821 specialiter
1139 3753 1402 3812 fovemus.
1431 3743 1505 3805 ita
1547 3767 1640 3805 vos
1671 3768 1769 3806 nos
1799 3754 1938 3821 apud
1971 3754 2072 3805 Do-

492 3842 696 3896 minum
722 3844 1077 3913 spiritualiter
1103 3845 1484 3899 commendare
1512 3844 1742 3907 curetis;
1775 3859 1977 3913 nosque
2007 3859 2070 3898 ac

491 3932 789 3987 Romanam
813 3934 1134 3997 Ecclesiam,
1163 3935 1250 3988 tibi
1276 3944 1511 4002 oportet,
1541 3943 1595 3988 et
1617 3934 1706 3988 ubi
1741 3934 1969 3988 facultas
1989 3944 2069 3989 est

490 4022 775 4091 adjuvetis.
800 4024 1057 4078 Dominus
1077 4025 1417 4096 omnipotens
1436 4039 1532 4078 sua
1557 4040 1653 4078 nos
1673 4026 1842 4095 gratia
1866 4024 2067 4092 foveat,

491 4120 775 4166 conservet
804 4126 867 4189 ac
894 4120 1154 4182 protegat.
1186 4114 1379 4166 Amen.
1461 4133 1466 4137 ·
1536 4132 1541 4137 ι

1232 4222 1322 4276 IX.

494 4309 740 4381 Urbanus
781 4309 842 4362 11
884 4313 1186 4364 monasterii
1228 4310 1588 4367 Cluniacensi:
1628 4315 1974 4381 possessiones
2018 4325 2065 4368 et

564 4378 831 4451 privilegia
853 4382 1203 4449 conﬁrntal,el
1221 4381 1270 4434 Η
1279 4385 1435 4451 ugoni
1455 4378 1637 4437 abbati
1653 4385 1843 4448 mitrar,
1862 4385 2067 4437 dalma-

564 4448 683 4502 ticw
706 4448 1139 4514 chirotltecarum,
1174 4448 1534 4506 sandaliorum
1562 4470 1711 4506 nsum
1743 4456 1996 4509 concedit.

1086 4541 1262 4608 (Auno
1300 4540 1480 4611 I088.)
1502 4560 1505 4563 ί

769 4649 1113 4721 [Bibliotheca
1148 4650 1521 4713 Cluniacensis.
1556 4667 1608 4722 p.
1643 4652 1792 4723 SIL]

564 4741 819 4798 Utilitatis
850 4742 1153 4811 episcopus,
1185 4756 1372 4796 servus
1404 4758 1681 4797 servorum
1720 4744 1832 4809 Dei,
1865 4743 2067 4800 Ilucoxt

491 4834 839 4890 sanctissimo
868 4833 1049 4889 abbati
1075 4831 1447 4900 Cluniacensi,
1488 4834 1708 4906 ejusque
1745 4841 2072 4893 successor;-

494 4928 596 4981 bus
621 4927 672 4980 in
695 4928 1037 4997 perpetuum.

565 5016 699 5071 Cum
727 5020 978 5073 omnibus
1006 5028 1211 5072 sancta:
1242 5017 1365 5071 ﬁliis
1394 5017 1648 5073 Ecclesia:
1675 5035 1739 5074 ex
1777 5021 1918 5075 sedis
1946 5022 2091 5091 apo;

496 5106 698 5162 stolica:
730 5111 1071 5173 auctoritate.
1098 5119 1154 5165 et
1180 5109 1552 5164 benevolentia
1585 5110 1854 5165 debitores
1883 5098 2093 5167 existi-3

498 5215 658 5266 mus,
714 5202 1107 5256 venerabilibus
1162 5212 1340 5256 tamen
1398 5204 1641 5271 personis
1690 5214 1852 5273 atque
1904 5206 2068 5270 locis,

498 5290 734 5345 maxime
798 5308 916 5361 quae
978 5293 1282 5362 apostolica:
1342 5294 1453 5348 sedi
1517 5308 1731 5364 semper
1789 5295 2071 5364 specialius

496 5380 840 5435 adlueseruut
866 5398 926 5434 ac
950 5384 1213 5449 devotius,
1247 5399 1475 5453 qumque
1511 5385 1759 5452 ampliori
1801 5384 2071 5455 rel'gionis

495 5474 663 5543 gloria
692 5475 966 5539 eminent,
1000 5478 1330 5545 pr0peusiori
1368 5492 1465 5532 nos
1493 5478 1743 5531 convenit.
1789 5477 2071 5530 charitatis

496 5567 676 5620 sttntio
708 5567 1009 5633 imminere.
1057 5568 1173 5622 Tibi
1210 5585 1357 5640 ergo,
1403 5570 1776 5634 sanctissime,
1820 5583 2071 5623 reveren-

497 5658 704 5715 tissime
731 5674 793 5714 ac
818 5660 1163 5718 dilectissime
1195 5662 1392 5731 frater,
1422 5673 1527 5719 tam
1566 5678 1630 5719 ex
1660 5664 1901 5735 antiqua!
1927 5664 2069 5721 sedis

2174 1855 2444 1919 Parisios,
2480 1858 2867 1911 tuomisteriunt
2920 1859 3107 1913 Sancti
3139 1860 3380 1929 Dionysii
3421 1860 3589 1928 apud
3642 1858 3795 1911 Nun-

2171 1958 2413 2014 gentum,
2447 1945 2504 1999 8.
2540 1947 2721 2001 Maria)
2747 1948 2813 2000 de
2838 1947 3065 2013 Nazara,
3113 1949 3170 2003 S.
3210 1948 3463 2003 Gerdrasii
3515 1949 3596 2001 de
3640 1948 3795 2009 Esis,

2175 2037 2234 2090 S.
2291 2036 2475 2090 Marite
2522 2037 2588 2090 de
2622 2037 2827 2101 Arulis,
2865 2038 2925 2091 S.
2968 2037 3111 2092 Petri
3160 2039 3226 2092 de
3262 2039 3793 2107 Campo-rotunde,

2173 2127 2229 2182 S.
2260 2128 2477 2183 Genesii
2509 2129 2561 2183 in
2609 2129 2823 2183 Elnensi
2861 2131 3203 2200 cpiscnpatu,
3239 2129 3296 2183 8.
3332 2129 3491 2184 Pauli
3546 2131 3611 2182 in
3648 2128 3800 2182 Valte

2172 2222 2295 2286 olei,
2347 2221 2405 2276 S.
2450 2221 2631 2275 Malia:
2676 2223 2742 2276 de
2786 2221 3035 2287 Cubaria,
3088 2221 3146 2275 S.
3196 2221 3378 2274 Maria).
3424 2223 3502 2273 de
3563 2221 3795 2279 Salella,

2173 2310 2231 2365 S.
2282 2310 2465 2366 Marim
2512 2312 2577 2366 de
2609 2311 2826 2373 Tolosa,
2883 2310 2938 2363 S.
2978 2306 3259 2364 Trinitatis
3305 2312 3357 2364 in
3408 2310 3795 2373 Marciaiaco,

2173 2403 2316 2470 quod
2345 2411 2397 2454 tu
2441 2402 2492 2455 in
2530 2401 2708 2456 alodio
2747 2402 2965 2471 proprio
2995 2402 3301 2463 :n.!iticasti,
3332 2408 3651 2470 nunquam
3686 2412 3797 2458 luo.

2176 2501 2497 2561 tuorumque
2547 2508 2921 2546 successorum
2959 2493 3205 2562 regimini
3246 2492 3631 2546 ordinatione
3666 2493 3800 2546 sul;-

2175 2582 2443 2635 trahatur.
2469 2580 2677 2636 Ctetcra
2701 2597 2830 2635 vero
2850 2583 3028 2636 omnia
3052 2598 3171 2651 qua:
3193 2591 3603 2637 antecessores
3622 2584 3797 2635 nostri

2176 2676 2361 2723 vestro
2381 2670 2713 2723 monasterio
2737 2670 3012 2739 privilegia
3038 2671 3394 2734 tradiderunt,
3423 2685 3541 2723 nos
3572 2687 3799 2739 quoque

2174 2762 2548 2814 contradimus
2611 2772 2772 2829 atque
2843 2762 3141 2815 ﬁrmamus.
3204 2760 3595 2815 Moisiacense
3670 2778 3801 2815 sane

2173 2851 2505 2915 cwuobium,
2540 2853 2591 2904 in
2620 2868 2704 2915 ea,
2738 2869 2840 2919 qua
2873 2867 3015 2905 nunc
3040 2860 3122 2906 est
3148 2892 3162 2917 ,
3191 2851 3243 2904 in
3274 2859 3582 2921 posterum
3628 2852 3798 2905 liber-

2178 2950 2284 2995 tate
2337 2952 2685 3010 permaneat,
2743 2943 2842 2995 nisi
2901 2942 3040 2996 forte
3102 2941 3386 3011 episcopus
3440 2941 3799 3005 admiserit,

2178 3043 2395 3100 propter
2425 3034 2567 3101 quod
2597 3032 2714 3097 ejus
2741 3031 2933 3085 debeat
2956 3032 3158 3085 ditione
3184 3030 3409 3100 privari.
3442 3027 3801 3097 Quicunque

2177 3131 2357 3174 autem
2384 3122 2621 3175 melimis
2650 3123 2768 3173 vitae
2796 3122 3055 3190 appetitu,
3080 3130 3316 3175 vestrum
3343 3119 3606 3173 voluerit
3637 3125 3800 3173 sitve-

2177 3210 2291 3263 nire
2329 3211 2668 3275 coenobium,
2720 3210 2883 3263 libera
2931 3210 3045 3274 tibi,
3101 3210 3311 3277 tuisque
3351 3212 3803 3263 successoribus

2180 3298 2413 3352 facultas
2435 3311 2672 3359 maneat,
2695 3302 2986 3351 secundum
3012 3308 3250 3352 tenorem
3277 3299 3478 3367 regula:
3504 3299 3583 3351 S.
3618 3298 3801 3351 Patris

2175 3390 2349 3444 nostri
2376 3389 2650 3443 Benedicti
2684 3404 2777 3441 eos
2806 3390 3099 3458 suseipere.
3129 3388 3391 3441 I’rzeterea
3418 3388 3803 3441 decernimus

2177 3489 2338 3551 atque
2367 3478 2669 3533 stabilimus
2712 3494 2778 3531 ne
2815 3480 2935 3546 quis
2977 3479 3114 3531 ultra
3162 3484 3367 3546 legatus
3399 3476 3668 3530 Rotnani
3708 3496 3802 3530 an-

2178 3569 2363 3623 tistitis
2401 3569 2546 3621 vices
2576 3570 2627 3621 in
2654 3570 2847 3622 vestris
2873 3569 3114 3637 partibus
3145 3583 3331 3636 agens,
3362 3568 3596 3635 absque
3624 3571 3799 3638 ipsius

2172 3659 2390 3715 licentia
2422 3659 2505 3713 vel
2542 3662 2922 3729 praeceptione,
2957 3661 3180 3712 buccam
3225 3660 3277 3711 iu
3315 3674 3428 3719 vos,
3465 3671 3577 3712 aut.
3610 3672 3796 3713 vestra

2175 3754 2508 3808 monasteria
2543 3753 2733 3807 audeat
2764 3752 2996 3819 aperire,
3030 3751 3109 3804 vel
3144 3752 3242 3803 nisi
3274 3750 3340 3803 ad
3373 3750 3639 3818 iuipsnm
3680 3744 3802 3822 sl..-

2173 3846 2387 3900 cialiter
2416 3846 2697 3916 dirigatur.
2725 3844 3002 3913 Episcopis
3028 3858 3180 3907 vero,
3223 3842 3275 3895 in
3302 3857 3542 3910 quorum
3577 3844 3796 3898 dic-tc‘

2172 3936 2322 3990 sibus
2363 3917 2557 3989 vestra:
2586 3946 2711 3988 sunt
2754 3933 3061 3997 facultates,
3094 3933 3314 3985 omnino
3345 3947 3451 3984 non
3503 3931 3702 3986 liceat
3735 3936 3796 3986 de

2174 4025 2372 4081 vestris
2426 4025 2705 4079 monachis
2757 4033 2849 4076 aut
2898 4023 3240 4077 monasteriis
3280 4021 3562 4092 judicare.
3621 4025 3794 4077 Salvo

2169 4115 2435 4169 canonico
2476 4114 2565 4167 illo
2591 4112 2735 4180 jure,
2767 4111 2909 4179 quod
2940 4112 2990 4164 in
3019 4112 3098 4165 eis
3130 4112 3393 4165 hactenus
3424 4112 3791 4165 habuerunt.

2172 4207 2228 4259 Si
2268 4207 2395 4275 quid
2438 4216 2618 4259 autem
2655 4222 2831 4259 causa:
2863 4205 2914 4257 in
2944 4220 3038 4258 eos
3080 4204 3397 4270 habuerint,
3446 4214 3519 4269 te,
3586 4215 3794 4260 luowe

2172 4310 2521 4350 successores
2548 4295 2837 4365 appellent.
2864 4296 3015 4361 Quod
3043 4296 3085 4350 si
3118 4311 3213 4364 per
3240 4310 3335 4350 vos
3357 4295 3421 4348 lis
3449 4298 3794 4364 nequiverit

2095 4410 2145 4469 υ
2174 4389 2411 4451 deﬁniri,
2437 4389 2502 4441 ad
2529 4389 2707 4441 sedem
2734 4388 3083 4456 apostolicam
3114 4386 3399 4451 referatur,
3424 4386 3547 4455 ejus
3576 4391 3792 4453 solius,

2173 4481 2255 4535 vel
2299 4480 2457 4550 legati
2495 4479 2610 4549 ejus
2647 4480 2850 4549 judicio
2888 4480 3274 4534 deﬁniendum.
3309 4480 3427 4532 'libi
3464 4480 3651 4548 plane
3696 4500 3794 4552 pe-

2079 4592 2082 4596 λ
2171 4570 2362 4627 culiari
2408 4570 2693 4624 devotione
2736 4571 3111 4633 concedimus,
3143 4578 3203 4622 ut
3250 4570 3301 4623 in
3345 4574 3787 4639 processionnm

2171 4664 2566 4735 missarumqne
2594 4664 2921 4717 solemnibus
2951 4662 3106 4715 mitra
3135 4662 3306 4715 utaris
3336 4661 3683 4732 episcopali-
3726 4667 3785 4719 lu

2171 4755 2455 4823 pra'cipuis
2480 4772 2605 4808 vero
2636 4752 3038 4815 festivitatibus,
3068 4751 3120 4806 id
3142 4759 3226 4806 est
3250 4752 3303 4806 in
3331 4752 3603 4823 quinque,
3634 4771 3787 4823 quas

2171 4846 2468 4914 praecipuas
2504 4845 2736 4907 habetis,
2763 4853 2817 4897 et
2855 4842 2907 4895 in
2944 4842 2986 4895 Τ
2992 4841 3324 4911 heophania,
3356 4849 3411 4896 et
3456 4843 3510 4895 in
3545 4842 3787 4899 Ascen-

2173 4936 2344 4998 sioue,
2395 4950 2497 4989 nec
2540 4950 2644 4989 non
2676 4943 2727 4987 et
2772 4934 2834 4986 iu.
2871 4932 3216 4987 Dedicatione
3242 4942 3435 4987 vestrae
3472 4931 3781 4999 Ecclesia,

2173 5023 2553 5087 dalmatieam,
2585 5024 2924 5077 chirotl.eeas
2974 5031 3028 5075 et
3075 5021 3315 5075 sandalia
3368 5022 3643 5077 iuduaris.
3708 5026 3781 5079 Et

2175 5116 2274 5170 hoc
2301 5117 2367 5170 ad
2399 5126 2501 5170 tua:
2531 5116 2808 5186 religionis
2829 5116 3156 5170 evidentiam
3186 5124 3350 5185 atque
3383 5114 3777 5171 ostensionetn

2174 5218 2371 5262 nostra:
2403 5208 2692 5276 peculiaris
2728 5207 3051 5269 dilectionis,
3084 5222 3245 5276 quam
3276 5220 3346 5261 ex
3374 5206 3500 5260 sede
3525 5217 3774 5273 apusto-

2174 5297 2275 5351 lica
2310 5298 2483 5369 magis
2514 5298 2722 5352 meritis
2745 5297 3085 5368 exigentibus
3110 5297 3455 5367 promereris.
3487 5295 3675 5351 Tuam
3700 5299 3772 5352 de

2172 5398 2367 5442 caetero
2424 5390 2682 5442 condecet
2745 5388 3123 5452 sanctitatem,
3176 5387 3637 5456 quemadmodum
3697 5390 3772 5442 ab

2173 5480 2411 5533 Romana
2450 5479 2690 5533 Ecclesia
2725 5478 3012 5547 specialius
3049 5480 3373 5544 honoratur,
3402 5479 3471 5531 ita
3505 5476 3767 5544 ejusdem

2173 5569 2426 5625 Ecclesia:
2442 5572 2677 5625 servitiis
2697 5581 2748 5625 et
2765 5569 3090 5625 utilitatibus
3104 5569 3446 5639 singulariter
3467 5568 3761 5639 insudare,

2171 5670 2438 5735 quatenus
2461 5672 2511 5717 et
2536 5663 2797 5720 hactenus
2826 5662 2978 5720 vobis
3002 5662 3070 5717 ab
3104 5661 3292 5717 eadem
3332 5660 3570 5739 Ecclesia
3612 5676 3753 5717 con~
