3892 6320
74 331 176 388 203

1274 326 1629 383 EPISTULA}
1652 326 1738 381 ET
1773 325 2181 391 PBIVILEGIA.

3210 332 3319 391 29$

70 461 214 498 cessa
248 430 427 499 stabili
458 453 640 499 tenore
669 449 1045 513 permaneant,
1081 450 1135 496 et
1167 441 1380 511 dignius
1405 451 1644 498 vestrum
1676 444 1721 503 Λ
1752 441 1915 511 igitttr
1943 444 2289 511 episcopattts
2313 451 2367 497 et
2391 441 2893 499 Substantionensis
2922 442 3211 500 comitatus
3241 446 3324 501 in-

70 539 134 588 sit
159 536 467 590 cmnobium
503 536 555 589 in
595 535 776 588 futuro
804 532 1022 601 majoris
1052 532 1271 602 praemia
1314 533 1497 603 gloria:
1533 534 1647 587 adi-

70 628 215 696 pisci.

138 716 327 768 Datum
362 715 543 769 Roma:
573 730 668 783 per
698 731 889 767 manus
928 714 1154 767 .oannis
1190 713 1400 767 diaconi
1447 721 1646 773 saneta:

70 808 319 859 itotuanze
377 808 649 869 Ecclesite,
701 806 1090 875 prosiguatoris
1130 805 1311 858 doumi
1353 803 1565 863 Urbani
1606 805 1643 857 ll

68 911 230 964 papm.
278 895 400 949 Kal.
455 896 732 969 Noyetnb:,
791 897 974 949 iudict.
1036 911 1112 959 XI,
1167 908 1309 947 anno
1361 894 1647 948 Dominicu:

69 985 275 1037 lucaru.
319 986 484 1049 1088,
516 984 861 1053 pontiﬁcatus
891 999 1016 1037 vero
1048 981 1286 1050 ejusdem
1323 982 1502 1036 domui
1548 981 1649 1038 Ur-

67 1074 180 1127 bani
214 1092 366 1149 papa;
394 1076 591 1146 primo.

816 1188 885 1243 Χ.

67 1295 259 1351 Urbani
293 1297 358 1351 11
389 1314 538 1366 papa:
563 1298 780 1367 epistola
797 1300 864 1351 ad
882 1297 1271 1366 'Gotltofredttm
1300 1294 1646 1367 Maguiotteu;

129 1385 231 1419 rem
268 1366 687 1435 episcopum.-
737 1366 1225 1422 Substantiouensis
1272 1366 1550 1422 comitatus
1595 1379 1643 1421 et

131 1434 539 1507 Magn/oneratis
572 1439 901 1507 episcopatus
956 1436 1318 1507 ittuestituram
1362 1438 1427 1492 de
1481 1454 1643 1491 manu

130 1506 238 1572 ejus
271 1507 476 1577 recipit.
507 1505 839 1577 Quapropter
866 1524 979 1577 eaut
1008 1505 1296 1561 Ecclesiatu
1339 1518 1386 1561 et
1419 1508 1643 1561 comita-

130 1586 234 1627 tum
265 1575 361 1627 sub
382 1577 607 1641 speciali
629 1575 894 1629 Romu‘me
936 1576 1184 1630 Ecclesia:
1210 1578 1526 1645 protectione
1552 1594 1645 1645 pa-

131 1646 239 1715 uit,
294 1653 344 1696 et
391 1659 575 1715 curam
620 1646 938 1715 percipiendi
996 1662 1206 1699 causam
1254 1663 1448 1700 annum
1492 1648 1645 1699 unius

129 1714 292 1767 uncia:
319 1714 444 1766 auri
476 1714 541 1767 de
560 1716 813 1783 praedicto
845 1718 1095 1769 comitatu
1134 1719 1181 1769 ei
1202 1716 1508 1770 demandat.

536 1803 726 1873 (Circa
751 1819 953 1858 annum
986 1804 1165 1872 1088.)

246 1892 651 1974 [ῡηΒουρυε-ιη,
691 1892 927 1957 Recueil,
957 1903 996 1947 ι.
1030 1894 1166 1959 XIV,
1204 1909 1258 1961 p.
1300 1892 1450 1974 699.]

131 1968 377 2038 Uanasus
405 1984 719 2052 episcOpus,
743 1999 933 2038 servus
962 1999 1241 2039 servorum
1275 1968 1397 2046 Dei,
1422 1982 1641 2037 Go'ruo-

68 2090 223 2129 racuo
254 2074 624 2145 Magaloueusi
668 2075 921 2144 episcopo
965 2077 1189 2144 ejusque
1241 2074 1645 2128 successoribus

67 2166 114 2219 in
142 2175 488 2235 perpetuum.
1168 2159 1178 2215 ῗ
1396 2214 1399 2217 .

131 2254 453 2310 Universum
508 2262 712 2308 sancta:
773 2253 1045 2308 Ecclesia:
1090 2266 1286 2323 corpus
1353 2252 1645 2308 miserante

69 2345 185 2410 Deo,
220 2336 315 2415 per
340 2346 610 2413 unigeniti
643 2345 763 2399 Filii
790 2346 871 2400 sui
903 2345 1281 2414 Redemptoris
1321 2345 1488 2399 nostri
1520 2360 1641 2400 sau-

57 2438 267 2505 ‘-guiuem
298 2437 524 2507 propria
572 2446 786 2491 constat
823 2446 874 2491 et
894 2444 1152 2505 perpetua
1198 2436 1449 2491 libertate
1469 2436 1642 2490 dona-

71 2536 196 2588 tum;
225 2528 645 2597 sedpravorum
690 2527 967 2580 hominum
998 2535 1142 2589 astu,
1162 2537 1437 2595 pasmrum
1471 2526 1641 2596 negli-

56 2617 249 2685 Igeutia,
294 2615 547 2686 quietiam
589 2632 685 2685 per
735 2616 920 2671 orbem
968 2617 1231 2672 Ecclesia:
1269 2617 1460 2673 ditioni
1519 2626 1645 2671 sunt

61 2709 387 2762 sreularium
435 2717 773 2779 potestatum
834 2709 1084 2765 addicta»
1137 2709 1399 2777 Supernae
1460 2717 1641 2767 autem

72 2797 410 2853 miserationis
471 2808 717 2867 respectu
766 2799 969 2853 idcirco
1017 2800 1084 2853 ad
1134 2799 1440 2855 universale
1498 2800 1645 2854 sedis

72 2890 359 2956 apostolicae
383 2890 630 2959 regimen
667 2889 900 2957 promoti
933 2905 1140 2954 smnus,
1164 2899 1429 2957 quatenus
1451 2890 1646 2942 debea-

64 2988 176 3031 ‘tuus
195 2979 453 3032 omnibus
477 2979 648 3033 modis
675 2994 797 3048 qua:
827 2980 892 3032 ad
915 2994 1102 3032 earum
1140 2988 1387 3049 spectant
1415 2979 1643 3033 salutem

72 3076 116 3121 et
143 3068 354 3135 gloriam
381 3070 692 3139 providere,
732 3080 810 3136 ttt,
849 3070 916 3123 ab
955 3071 1099 3123 omni
1126 3070 1405 3124 servitutis
1432 3071 1644 3131 vitculo

74 3157 256 3224 lﬂterte,
286 3176 382 3214 sua
404 3176 629 3231 semper
654 3161 901 3215 libertate
922 3161 1211 3231 gaudeant.
1233 3162 1310 3215 Ad
1341 3162 1441 3216 hoc
1464 3171 1643 3216 autent
1674 3146 1713 3200 (ἶ

74 3254 390 3320 Ottzn‘poteus
434 3252 689 3305 Dominus
736 3252 1029 3305 limnanatn
1068 3252 1360 3307 Ecclesium
1388 3253 1651 3307 Ecclesia-

75 3356 178 3393 rmu
225 3354 459 3396 matrem
491 3341 897 3412 principemque
938 3342 1236 3406 constituit,
1276 3352 1333 3395 ttt
1371 3357 1435 3396 ea
1472 3342 1650 3411 dispo-

78 3440 219 3486 nente
269 3435 619 3503 corrigantur
675 3448 796 3501 qua:
830 3433 970 3485 mala
1033 3441 1180 3497 sunt,
1224 3441 1277 3486 et
1334 3448 1453 3501 qtae
1502 3442 1648 3486 recta

77 3532 186 3573 sunt
227 3524 643 3577 conﬁrmentur.
672 3523 789 3576 Tibi
838 3523 1038 3591 itaque,
1099 3522 1265 3576 frater
1316 3522 1650 3577 Gotltoi'rede

79 3611 462 3682 ilagaloneusis
507 3616 778 3684 episcopo,
829 3613 1258 3684 lliagaloncnsent
1326 3613 1647 3678 Ecclesium,

81 3702 270 3770 tuisque
294 3701 706 3754 successoribus
735 3700 1033 3762 canonicis,
1079 3701 1178 3753 sub
1210 3698 1452 3752 [totuaua
1481 3698 1649 3752 liber-

82 3784 174 3845 tate
199 3792 508 3859 speeialiter
538 3806 947 3860 permansurum
978 3791 1101 3858 jure
1144 3796 1402 3858 perpetuo
1432 3787 1642 3842 conﬁr-

83 3896 307 3947 mamus;
360 3897 529 3951 quam
582 3882 833 3935 nimirum
876 3880 1189 3941 Ecclesium,
1230 3889 1503 3948 pastorum
1558 3878 1646 3947 qui

86 3972 129 4025 iu
156 3974 251 4028 illis
283 3974 532 4044 partibus
564 3973 800 4037 fuerant,
824 3958 1173 4041 permittente
1203 3970 1433 4034 incuria,
1466 3970 1650 4025 multis

88 4065 393 4132 temporibus
413 4080 483 4118 ex
499 4064 888 4117 consuetudine
905 4062 1131 4117 ucl'auda
1154 4060 1651 4115 Substantiouensis

88 4152 293 4206 comites
334 4169 448 4206 sua:
490 4151 620 4222 jugo
662 4152 938 4206 servitutis
976 4160 1333 4205 attraxerant.
1381 4151 1452 4205 At
1496 4151 1649 4205 bona:

89 4243 339 4297 tut-moria:
366 4258 553 4297 comes
600 4240 1015 4313 [Melgorieusis]
1060 4241 1276 4305 Petrus,
1321 4240 1412 4295 Dei
1456 4241 1649 4294 timore

91 4344 443 4403 compunctus,
478 4333 539 4388 Β.
588 4333 746 4387 Petro
794 4334 1017 4402 ejusque
1046 4334 1265 4387 vicariis
1300 4347 1365 4385 ex
1397 4340 1507 4384 toto
1536 4332 1650 4400 epi-

92 4436 345 4493 scopatum
406 4426 667 4489 reddidit,
734 4434 788 4478 et
844 4424 1029 4494 scripti
1081 4424 1293 4477 actione
1357 4421 1646 4488 reintavit;

93 4517 385 4571 comitatum
430 4532 668 4587 quoque,
701 4519 792 4586 qui
838 4516 919 4571 sui
956 4515 1096 4583 juris
1138 4523 1280 4579 erat,
1311 4514 1410 4569 sub
1434 4512 1559 4583 jure
1586 4513 1646 4568 Β.

93 4603 216 4660 i‘etri
242 4607 466 4679 ejusque
494 4609 817 4663 vicariorum
832 4624 927 4676 per
952 4604 1255 4660 testamenti
1278 4604 1524 4674 paginam
1553 4603 1650 4658 de-

96 4697 308 4767 reliquit,
337 4716 402 4755 eo
432 4700 683 4755 videlicet
707 4709 894 4753 tenore
937 4707 996 4751 ιιι
1040 4696 1282 4750 lucredes
1308 4696 1388 4749 sui
1418 4694 1649 4749 Romani

98 4789 341 4853 pontiﬁcis
367 4791 568 4845 milites
593 4791 806 4854 ﬁerent,
833 4800 887 4843 et
915 4803 979 4842 ex
1005 4787 1120 4854 ejus
1152 4802 1310 4840 manu
1337 4786 1651 4841 comitatum

98 4879 419 4937 obtinerent:
451 4882 593 4951 quod
620 4882 664 4935 si
715 4880 990 4935 haeredum
1030 4878 1303 4932 successio
1338 4875 1649 4939 destitisset,

102 4971 188 5024 sub
211 4969 432 5028 Romani
475 4971 748 5043 pontiﬁcis
783 4972 1127 5027 ordinatione
1156 4980 1210 5024 et
1261 4967 1654 5039 Magalonensis

103 5074 216 5113 cura
240 5064 471 5132 episcopi
522 5064 839 5125 haberetur;
867 5063 995 5132 quin
1041 5062 1205 5116 etiam
1246 5073 1464 5113 censum
1498 5056 1656 5111 Late—

104 5151 297 5204 rauensi
342 5152 544 5220 palatio
583 5149 993 5225 persolveudum
1028 5150 1097 5203 ob
1127 5148 1365 5217 ejusdem
1430 5144 1656 5200 ita-redi-

106 5236 195 5295 bus
216 5244 325 5296 auri
367 5243 579 5298 unciam
635 5242 926 5311 quotannis
976 5239 1229 5295 instituit.
1263 5233 1669 5306 Magaloncnsis.

172 5372 241 5441 (9)
276 5372 615 5430 Cuculonem
636 5376 937 5429 ltwreticum
971 5374 1151 5444 fuisse.
1173 5369 1338 5444 illanc
1355 5366 1656 5444 epistolam

112 5436 291 5515 Drbani
319 5448 541 5515 secundi
574 5460 739 5515 papa:
796 5461 863 5499 ex
913 5436 1278 5515 manuscripto
1316 5436 1659 5515 bibliotheca:

114 5506 276 5566 Sancti
333 5510 559 5571 Victoris
592 5506 931 5569 'Parisiensis
983 5528 1106 5567 cum
1144 5506 1266 5565 aliis
1302 5508 1567 5578 plurimis.
1594 5507 1661 5560 de

116 5581 286 5655 quibus
334 5600 488 5654 supra
540 5586 863 5655 descriptam
891 5581 1663 5655 _misitexcutiendam“reve-

120 5650 295 5706 teudus
327 5646 572 5708 dominus
611 5646 846 5709 Joannes
890 5653 1151 5706 Picardus
1197 5649 1380 5703 Sancti
1429 5646 1661 5700 Victoris

120 5712 412 5777 l‘arisiensis
434 5724 673 5780 ecclesire
704 5739 843 5793 saepe
865 5725 1019 5778 dicta:
1045 5722 1343 5802 canonicos
1372 5716 1659 5800 regularis.
1700 5793 1710 5799 .

1751 535 2067 588 vestituram
2106 550 2169 588 ex
2213 550 2371 587 mam:
2400 532 2754 589 fraternitatis
2787 545 2890 589 tuae
2930 536 3044 589 vice
3078 538 3323 606 praedicti
3368 548 3371 551 ‘

1748 625 1964 678 comitis
1993 640 2088 693 per
2117 623 2371 677 annulum
2408 625 2748 693 recipientcs,
2793 633 2848 678 et
2876 626 3129 694 ejusdem
3153 632 3325 683 comi-

1751 725 1892 768 tatus
1915 715 2220 768 donationis
2246 715 2537 767 coustituta
2579 715 2826 785 religiosa
2856 717 3151 777 ﬁrmantes.
3182 736 3323 789 pra:-

1748 802 1947 855 dictam
1974 801 2268 856 Ecclesium
2306 810 2465 870 atque
2489 803 2817 858 comitatum
2860 806 2963 860 sub
2994 807 3052 859 Β.
3092 807 3233 861 Petri
3264 818 3321 863 et

1749 893 2003 947 Rotuana:
2035 885 2647 964 Ecclesiae-protectioue
2686 897 2989 965 specialiter
3030 899 3323 954 confoven-

1747 987 1873 1039 dum
1912 986 2257 1056 suscipimus.
2306 987 2451 1039 salva
2504 986 2866 1041 Narbmtettsis
2910 991 3322 1060 [metropolitani

1747 1077 2067 1131 auctoritate
2100 1093 2164 1131 ac
2221 1077 2545 1140 reverentia,
2584 1077 2849 1145 siquidem
2891 1079 3130 1147 legitime
3168 1083 3321 1136 ordi-

1747 1179 1905 1223 natus
1950 1167 2330 1221 l'uerit.-Porro
2380 1169 2547 1236 ipsam
2607 1167 2900 1221 Ecclesium
2962 1169 3054 1223 tibi
3109 1172 3329 1239 tuisque

1745 1258 2149 1314 successoribus
2164 1260 2435 1313 canonice
2468 1259 2775 1312 substitutis
2796 1258 3100 1327 regendam
3132 1274 3321 1329 perpe-

1748 1360 1839 1404 tuo
1867 1351 2272 1413 conﬁrmamus,
2312 1360 2367 1405 et
2418 1365 2752 1420 quaecunque
2785 1352 2851 1403 ad
2891 1349 3321 1420 Magaioncnsem

1746 1442 2109 1511 episcopatum
2134 1442 2323 1496 "vel-ad
2360 1442 2588 1495 fratrum
2634 1440 2704 1495 ibi
2740 1440 3324 1510 degentiumcommu-

1748 1532 1911 1597 niam,
1946 1548 2129 1603 regum
2162 1533 2485 1587 comitumve
2542 1530 2891 1594 liberalitate,
2931 1529 3013 1585 vel
3066 1546 3324 1600 quorum-

1745 1636 1958 1691 cunque
1976 1623 2207 1677 ﬁdelium
2237 1624 2509 1678 oblatione
2538 1622 2683 1689 juste
2714 1622 2973 1676 hactenus
3002 1623 3323 1690 pertinuisse

1749 1725 2067 1780 noscuntur,
2105 1729 2333 1785 qumque
2385 1714 2436 1768 in
2481 1724 2753 1783 posterutn
2795 1715 2939 1785 juste
2979 1716 3176 1785 pulerit
3206 1714 3323 1767 adi-

1676 1795 1717 1854 B
1748 1805 1877 1874 pisci
1911 1806 1962 1859 in
1995 1804 2214 1858 ttrbilnts
2235 1814 2288 1859 et
2307 1805 2697 1873 municipiis,in
2716 1805 2978 1869 ccclesiis,
3001 1822 3052 1857 n2
3073 1806 3120 1858 d.
3140 1804 3317 1867 c'mis,

1744 1895 2063 1964 etrterisque
2111 1895 2403 1949 redditibus
2437 1934 2451 1957 ,
2509 1893 2873 1948 contrasleulo
2931 1894 3319 1955 contradimus,

1743 1995 1798 2041 et
1849 1984 2103 2055 praesenti
2172 1984 2339 2038 nostri
2407 1984 2607 2037 decreti
2672 1982 2864 2052 pagina
2940 1982 3323 2036 constituimus

1744 2088 1905 2147 atque
1929 2077 2491 2144 sancimusqnatenus
2520 2074 2699 2128 nullus
2727 2074 2949 2127 omnino
2978 2073 3319 2127 sacerdotum

1745 2180 1835 2222 aut
1864 2167 2149 2235 cujuslibet
2180 2165 2386 2220 ordinis
2433 2165 2777 2226 clericorum,
2810 2162 2987 2216 nullus
3029 2164 3320 2230 imperato-

1744 2274 1885 2320 rum,
1920 2271 2102 2325 regum
2130 2263 2223 2309 aut
2264 2254 2521 2307 comitum
2556 2254 2622 2306 de
2668 2253 2753 2307 his
2778 2267 2897 2321 qua:
2924 2253 3095 2305 eidem
3138 2250 3323 2318 Maga-

1744 2348 1953 2403 ionensi
1985 2346 2242 2402 Ecclesiae
2264 2344 2656 2414 aquibuslibet
2686 2344 2884 2398 donata
2911 2342 3128 2405 fuerint,
3165 2341 3244 2394 vel
3270 2341 3323 2395 in

1746 2440 1926 2493 futuro
1962 2438 2329 2505 donabantur,
2383 2436 2483 2490 sub
2524 2434 2809 2502 cujuslibet
2855 2448 3033 2487 causa:
3081 2432 3327 2488 occasio-

1745 2530 1897 2583 nisve
1940 2528 2120 2598 specie
2166 2527 2410 2582 minuere
2438 2525 2523 2581 vel
2570 2527 2808 2587 auferre,
2838 2524 2921 2579 vel
2960 2526 3072 2579 suis
3112 2524 3325 2591 juribus

1745 2619 2034 2689 applicare,
2064 2618 2145 2672 vel
2179 2618 2298 2672 aliis
2319 2618 2469 2687 quasi
2500 2618 2604 2686 piis
2631 2618 2807 2671 causis
2830 2631 2926 2685 pro
2950 2631 3061 2669 sua:
3086 2614 3325 2668 avaritize

1745 2710 2096 2763 excusatione
2149 2707 2345 2762 audeat
2377 2708 2700 2762 distrahere.
2748 2706 2883 2773 Quia
2949 2720 3075 2759 vero
3129 2705 3326 2774 Stepius

1746 2799 2058 2868 contingere
2085 2797 2242 2863 solet,
2274 2806 2353 2859 ttt,
2387 2797 2554 2851 invito
2581 2797 2727 2851 clero
2756 2805 2810 2850 et
2846 2795 3059 2864 populo,
3104 2793 3326 2848 secula-

1748 2907 1836 2945 res
1865 2899 2161 2961 potestates
2184 2890 2431 2957 nequiter
2462 2890 2710 2942 nituntur
2740 2888 3111 2942 intbrouizare
3148 2901 3327 2955 persoo

1749 3001 1865 3052 nas,
1914 2984 2256 3039 decernimus
2289 2992 2450 3051 atque
2488 2997 2772 3036 censemus
2804 2990 2858 3034 ιιι
2903 2989 2955 3034 te
2992 2980 3081 3050 qui
3110 2981 3324 3048 episeo-
3378 3052 3381 3055 Α

1749 3094 1845 3146 pus
1891 3092 1971 3139 es,
2003 3074 2086 3129 vel
2134 3083 2343 3130 tuorum
2390 3074 2629 3142 quolibet
2675 3073 2925 3135 obeunte,
2990 3072 3331 3126 institutione

1749 3166 2018 3238 poutiiicis
2045 3165 2246 3219 nullum
2276 3164 2376 3218 sibi
2409 3165 2694 3227 honorum,
2728 3164 2929 3215 nullum
2979 3162 3059 3215 fas
3091 3170 3326 3230 potestas

1747 3258 2001 3327 quaelibet
2022 3266 2237 3327 arroget
2260 3255 2554 3317 smcularis,
2574 3256 2715 3309 sedis
2737 3256 3031 3308 secundum
3055 3268 3330 3309 canonum

1748 3356 1949 3403 statuta
1976 3349 2353 3409 constituatur,
2387 3361 2547 3414 quem
2604 3346 2783 3398 clerus
2814 3353 2867 3396 et
2899 3341 3331 3411 populus'gratis

1749 3436 2024 3491 communi
2055 3435 2280 3491 consilio
2303 3444 2357 3487 et
2387 3436 2505 3487 sine
2534 3432 2801 3501 pravitate
2824 3430 3070 3498 elegerit.
3090 3429 3319 3482 Praeter-

1749 3542 1811 3580 ea
1843 3524 2165 3578 fraternitati
2226 3532 2330 3575 tua:
2370 3522 2582 3589 tuisque
2617 3518 3042 3580 successoribus,
3084 3516 3329 3585 quaudiu

1752 3615 1884 3670 tales
1915 3613 2117 3668 iuerint
2163 3621 2221 3666 ut
2260 3612 2402 3665 sedis
2438 3608 2747 3678 apostolica:
2788 3606 3219 3661 communionem
3270 3616 3329 3659 et

1749 3704 2221 3777 gratiam,itabere
2246 3711 2573 3761 mereantur,
2604 3700 2841 3769 prtcdicti
2874 3697 3333 3753 Substantioueu-

1750 3798 1824 3853 sis
1884 3796 2175 3850 comitatus
2229 3808 2415 3848 curam
2471 3790 2819 3859 injungimus,
2852 3797 2910 3843 ut
2961 3803 3056 3843 vos
3103 3804 3330 3842 censum

1749 3904 1987 3946 annuum
2033 3887 2280 3957 exigatis.
2312 3885 2391 3938 Ad
2439 3884 2801 3937 ostensionem
2854 3881 3328 3951 autemspccialis

1750 3981 1910 4051 hujus
1926 3989 2158 4049 accepta:
2188 3994 2217 4031 a
2254 3978 2493 4031 Romana
2527 3974 2765 4029 Ecclesia
2815 3974 3099 4036 libertatis,
3126 3988 3190 4026 ex
3215 3975 3329 4043 epi-

1750 4081 1972 4142 scopatu
2018 4086 2181 4124 unam
2232 4069 2347 4122 auri
2393 4069 2609 4121 unciam
2639 4067 2931 4135 quotannis
2968 4064 3327 4119 Lateraneusi

1750 4163 1951 4235 palatio
1976 4173 2028 4217 lu
2055 4162 2237 4231 tuique
2267 4174 2605 4217 successores
2634 4158 2971 4227 persolvetis.

1824 4256 2016 4308 Datum
2054 4254 2259 4315 Romae,
2313 4270 2405 4308 xtx
2458 4252 2577 4305 Kal.
2635 4249 2899 4310 Januarii,
2957 4263 3051 4317 per
3108 4263 3327 4301 manum

1751 4343 1975 4399 Joannis
2005 4343 2213 4397 diaconi
2238 4352 2437 4395 sancta:
2466 4342 2725 4393 Romanu:
2756 4338 3005 4392 Ecclesia:
3026 4337 3323 4406 praesigua-

1756 4436 1888 4490 toris
1911 4435 1972 4488 Ι).
2010 4433 2209 4489 Urbani
2254 4432 2314 4495 ll,
2344 4446 2486 4485 anno
2538 4429 2747 4483 Domini
2793 4427 2947 4495 1088,
2981 4427 3332 4496 pontiﬁcatus

1754 4526 1998 4596 ejusdem
2031 4525 2092 4578 D‘.
2135 4522 2335 4579 Urbani
2366 4523 2563 4591 primo.

2496 4628 2585 4683 ΧΙ.

1754 4725 1992 4798 Epistula
2037 4724 2251 4798 _(_Jrlmni
2304 4722 2487 4798 II__ad
2543 4720 2907 4798 Pistoriensem
2949 4728 2997 4798 et
3053 4716 3328 4798 Rusticum

1839 4796 2000 4849 Vallis
2031 4794 2300 4848 Umbram:
2339 4793 2566 4845 obbam.
2592 4821 2661 4830 -—
2692 4792 2763 4843 De
2794 4788 3066 4843 Wczelone
3103 4788 3179 4857 (9)
3212 4785 3334 4840 Μο-

1826 4868 2042 4938 guntina
2072 4866 2453 4933 archiepiscopo
2474 4863 2537 4915 ob
2563 4862 2834 4914 simoniam
2865 4859 3116 4928 deposito.

2288 4954 2478 5025 (Circa
2502 4969 2593 5007 an.
2622 4951 2804 5020 1088.)

2165 5048 2356 5123 [MA-N8!
2383 5045 2583 5101 Concil.
2622 5045 2741 5110 XX,
2768 5042 2917 5115 664.]
3024 5068 3029 5111 ς

1831 5141 2099 5198 Uansuus.
2121 5140 2388 5194 secundus
2439 5153 2572 5205 papa
2629 5134 2941 5191 Pistoriensi
2999 5143 3054 5189 et
3106 5146 3333 5189 uusrtco

1760 5234 1924 5290 Vallis
1962 5232 2236 5288 Umbtosre
2256 5230 2560 5285 abbatibus.

1761 5365 1890 5432 Qua:
1911 5380 2032 5418 cum
2062 5364 2324 5416 hactenus
2343 5360 2527 5432 nullibi
2561 5360 2819 5430 impressa
2846 5359 3024 5432 fuerit,
3057 5368 3111 5412 et
3136 5372 3330 5432 quam-

1761 5426 1883 5489 dam
1911 5434 1979 5488 de
2028 5433 2254 5488 simonia
2288 5431 2609 5488 decretalem
2638 5426 3095 5484 constitutionem
3153 5426 3331 5480 conti.

1763 5514 1909 5563 neat.
1960 5504 2174 5573 dignam
2216 5501 2450 5568 judicavi
2499 5516 2618 5569 qua:
2672 5502 2724 5573 in
2776 5501 2945 5554 lucem
2972 5500 3327 5573 emitteretur.

1765 5574 1860 5627 llic
1884 5565 2289 5637 Guczvrceloﬁut
2345 5573 2478 5625 bene
2510 5565 2799 5625 notandum
2836 5585 2955 5624 esse
3000 5567 3203 5621 monuit
3227 5565 3332 5637 _r_li-

1762 5653 1883 5699 ctus
1931 5634 2486 5715 domittusgl’icardus,
2520 5641 2790 5715 idetn__est
2817 5656 2975 5715 quem
3003 5634 3331 5715 passithr:

1764 5711 2072 5784 spergensis
2116 5711 2282 5769 abbas
2349 5702 2621 5784 nuncupat
2671 5702 3019 5766 Wiccl'onem'
3077 5702 3331 5775 Sigeiridi
