  <div class='ocr_page' id='page_1' title='image "/cluster/home/n/w/nwhite01/storage/ocr_20150623/151/hvd.32044015473796/153.png"; bbox 0 0 3892 6320; ppageno 0'>
   <div class='ocr_carea' id='block_1_1' title="bbox 524 314 633 371">
    <p class='ocr_par' dir='ltr' id='par_1_1' title="bbox 524 314 633 371">
     <span class='ocr_line' id='line_1_1' title="bbox 524 314 633 371; baseline 0.018 -2"><span class='ocrx_word' id='word_1_1' title='bbox 524 314 633 371; x_wconf 75' lang='lat'><strong>295</strong></span> 
     </span>
    </p>
   </div>
   <div class='ocr_carea' id='block_1_2' title="bbox 1791 298 2475 383">
    <p class='ocr_par' dir='ltr' id='par_1_2' title="bbox 1791 298 2475 383">
     <span class='ocr_line' id='line_1_2' title="bbox 1791 298 2475 383; baseline -0.006 -27"><span class='ocrx_word' id='word_1_2' title='bbox 1791 302 1850 355; x_wconf 76' lang='grc' dir='ltr'>ιι.</span> <span class='ocrx_word' id='word_1_3' title='bbox 1894 299 2147 383; x_wconf 64' lang='lat' dir='ltr'><strong>cunam</strong></span> <span class='ocrx_word' id='word_1_4' title='bbox 2194 300 2237 354; x_wconf 94' lang='grc' dir='ltr'><strong>ιι</strong></span> <span class='ocrx_word' id='word_1_5' title='bbox 2278 298 2475 354; x_wconf 63' lang='lat' dir='ltr'><strong>mem</strong></span> 
     </span>
    </p>
   </div>
   <div class='ocr_carea' id='block_1_3' title="bbox 3673 295 3763 356">
    <p class='ocr_par' dir='ltr' id='par_1_3' title="bbox 3673 295 3763 356">
     <span class='ocr_line' id='line_1_3' title="bbox 3673 295 3763 356; baseline 0 -2"><span class='ocrx_word' id='word_1_6' title='bbox 3673 295 3763 356; x_wconf 70' lang='lat'><strong>296</strong></span> 
     </span>
    </p>
   </div>
   <div class='ocr_carea' id='block_1_4' title="bbox 598 408 3761 486">
    <p class='ocr_par' dir='ltr' id='par_1_4' title="bbox 598 408 3761 486">
     <span class='ocr_line' id='line_1_4' title="bbox 598 408 3761 486; baseline -0.002 -12"><span class='ocrx_word' id='word_1_7' title='bbox 598 414 901 486; x_wconf 83' lang='lat' dir='ltr'><strong>Scripsistis</strong></span> <span class='ocrx_word' id='word_1_8' title='bbox 951 414 1107 470; x_wconf 86' lang='lat' dir='ltr'><strong>nobis</strong></span> <span class='ocrx_word' id='word_1_9' title='bbox 1135 410 1428 466; x_wconf 80' lang='lat' dir='ltr'><strong>maximum</strong></span> <span class='ocrx_word' id='word_1_10' title='bbox 1471 408 1611 479; x_wconf 88' lang='lat' dir='ltr'><strong>apud</strong></span> <span class='ocrx_word' id='word_1_11' title='bbox 1664 421 1760 461; x_wconf 91' lang='lat' dir='ltr'><strong>vos</strong></span> <span class='ocrx_word' id='word_1_12' title='bbox 1786 408 2094 462; x_wconf 74' lang='lat' dir='ltr'><strong>scandalum</strong></span> <span class='ocrx_word' id='word_1_13' title='bbox 2126 419 2171 474; x_wconf 70' lang='grc' dir='ltr'><strong>Α</strong></span> <span class='ocrx_word' id='word_1_14' title='bbox 2199 409 2295 463; x_wconf 87' lang='lat' dir='ltr'><strong>siis</strong></span> <span class='ocrx_word' id='word_1_15' title='bbox 2324 408 2390 462; x_wconf 88' lang='lat' dir='ltr'><strong>ad</strong></span> <span class='ocrx_word' id='word_1_16' title='bbox 2413 409 2505 475; x_wconf 86' lang='lat' dir='ltr'><strong>jus</strong></span> <span class='ocrx_word' id='word_1_17' title='bbox 2529 415 2771 463; x_wconf 87' lang='lat' dir='ltr'><strong>vestrum</strong></span> <span class='ocrx_word' id='word_1_18' title='bbox 2799 408 3220 478; x_wconf 84' lang='lat' dir='ltr'><strong>pertinentibus,</strong></span> <span class='ocrx_word' id='word_1_19' title='bbox 3248 416 3451 481; x_wconf 63' lang='lat' dir='ltr'><strong>p‘aater</strong></span> <span class='ocrx_word' id='word_1_20' title='bbox 3471 412 3761 481; x_wconf 69' lang='lat' dir='ltr'><strong>synodales,</strong></span> 
     </span>
    </p>
   </div>
   <div class='ocr_carea' id='block_1_5' title="bbox 524 498 2092 573">
    <p class='ocr_par' dir='ltr' id='par_1_5' title="bbox 524 498 2092 573">
     <span class='ocr_line' id='line_1_5' title="bbox 524 498 2092 573; baseline -0.01 -8"><span class='ocrx_word' id='word_1_21' title='bbox 524 507 833 569; x_wconf 77' lang='lat' dir='ltr'><strong>emersisse,</strong></span> <span class='ocrx_word' id='word_1_22' title='bbox 863 518 983 573; x_wconf 20' lang='lat' dir='ltr'><strong>quo,</strong></span> <span class='ocrx_word' id='word_1_23' title='bbox 1020 502 1271 557; x_wconf 84' lang='lat' dir='ltr'><strong>Pisanum</strong></span> <span class='ocrx_word' id='word_1_24' title='bbox 1320 500 1632 567; x_wconf 84' lang='lat' dir='ltr'><strong>episcopum</strong></span> <span class='ocrx_word' id='word_1_25' title='bbox 1689 498 2092 553; x_wconf 79' lang='lat' dir='ltr'><strong>consecraveri-</strong></span> 
     </span>
    </p>
   </div>
   <div class='ocr_carea' id='block_1_6' title="bbox 524 588 2099 666">
    <p class='ocr_par' dir='ltr' id='par_1_6' title="bbox 524 588 2099 666">
     <span class='ocr_line' id='line_1_6' title="bbox 524 588 2099 666; baseline -0.009 -11"><span class='ocrx_word' id='word_1_26' title='bbox 524 616 670 664; x_wconf 84' lang='lat' dir='ltr'><strong>mus,</strong></span> <span class='ocrx_word' id='word_1_27' title='bbox 700 597 840 666; x_wconf 89' lang='lat' dir='ltr'><strong>quod</strong></span> <span class='ocrx_word' id='word_1_28' title='bbox 870 612 898 647; x_wconf 89' lang='lat' dir='ltr'><strong>a</strong></span> <span class='ocrx_word' id='word_1_29' title='bbox 950 592 1255 649; x_wconf 84' lang='lat' dir='ltr'><strong>Guezelone</strong></span> <span class='ocrx_word' id='word_1_30' title='bbox 1309 590 1563 644; x_wconf 78' lang='lat' dir='ltr'><strong>lucretico</strong></span> <span class='ocrx_word' id='word_1_31' title='bbox 1615 589 1874 644; x_wconf 76' lang='lat' dir='ltr'><strong>diaconus</strong></span> <span class='ocrx_word' id='word_1_32' title='bbox 1925 588 2099 642; x_wconf 85' lang='lat' dir='ltr'><strong>fuerat</strong></span> 
     </span>
    </p>
   </div>
   <div class='ocr_carea' id='block_1_7' title="bbox 522 677 2099 751">
    <p class='ocr_par' dir='ltr' id='par_1_7' title="bbox 522 677 2099 751">
     <span class='ocr_line' id='line_1_7' title="bbox 522 677 2099 751; baseline -0.009 -6"><span class='ocrx_word' id='word_1_33' title='bbox 522 690 816 745; x_wconf 88' lang='lat' dir='ltr'><strong>ordinatus.</strong></span> <span class='ocrx_word' id='word_1_34' title='bbox 862 685 929 737; x_wconf 88' lang='lat' dir='ltr'><strong>Et</strong></span> <span class='ocrx_word' id='word_1_35' title='bbox 958 698 1054 737; x_wconf 91' lang='lat' dir='ltr'><strong>nos</strong></span> <span class='ocrx_word' id='word_1_36' title='bbox 1084 680 1325 751; x_wconf 86' lang='lat' dir='ltr'><strong>profecto</strong></span> <span class='ocrx_word' id='word_1_37' title='bbox 1362 679 1563 733; x_wconf 88' lang='lat' dir='ltr'><strong>scimus</strong></span> <span class='ocrx_word' id='word_1_38' title='bbox 1602 677 1960 732; x_wconf 82' lang='lat' dir='ltr'><strong>Guczelonem</strong></span> <span class='ocrx_word' id='word_1_39' title='bbox 1992 678 2099 731; x_wconf 79' lang='lat' dir='ltr'><strong>ha:-</strong></span> 
     </span>
    </p>
   </div>
   <div class='ocr_carea' id='block_1_8' title="bbox 525 767 2098 841">
    <p class='ocr_par' dir='ltr' id='par_1_8' title="bbox 525 767 2098 841">
     <span class='ocr_line' id='line_1_8' title="bbox 525 767 2098 841; baseline -0.011 -8"><span class='ocrx_word' id='word_1_40' title='bbox 525 779 748 833; x_wconf 86' lang='lat' dir='ltr'><strong>reticum</strong></span> <span class='ocrx_word' id='word_1_41' title='bbox 781 774 966 835; x_wconf 85' lang='lat' dir='ltr'><strong>fuisse,</strong></span> <span class='ocrx_word' id='word_1_42' title='bbox 1002 771 1484 841; x_wconf 77' lang='lat' dir='ltr'><strong>Moguntinutnque</strong></span> <span class='ocrx_word' id='word_1_43' title='bbox 1521 768 1890 837; x_wconf 76' lang='lat' dir='ltr'><strong>episcopatum</strong></span> <span class='ocrx_word' id='word_1_44' title='bbox 1920 767 2098 821; x_wconf 65' lang='lat' dir='ltr'><strong>Simo.</strong></span> 
     </span>
    </p>
   </div>
   <div class='ocr_carea' id='block_1_9' title="bbox 524 850 2101 929">
    <p class='ocr_par' dir='ltr' id='par_1_9' title="bbox 524 850 2101 929">
     <span class='ocr_line' id='line_1_9' title="bbox 524 850 2101 929; baseline -0.006 -7"><span class='ocrx_word' id='word_1_45' title='bbox 524 870 677 922; x_wconf 84' lang='lat' dir='ltr'><strong>niaco</strong></span> <span class='ocrx_word' id='word_1_46' title='bbox 707 866 977 921; x_wconf 80' lang='lat' dir='ltr'><strong>credimus</strong></span> <span class='ocrx_word' id='word_1_47' title='bbox 1014 850 1251 917; x_wconf 77' lang='lat' dir='ltr'><strong>facinore</strong></span> <span class='ocrx_word' id='word_1_48' title='bbox 1288 862 1547 916; x_wconf 90' lang='lat' dir='ltr'><strong>invasisse</strong></span> <span class='ocrx_word' id='word_1_49' title='bbox 1580 868 1799 929; x_wconf 88' lang='lat' dir='ltr'><strong>pr0ptcr</strong></span> <span class='ocrx_word' id='word_1_50' title='bbox 1819 874 1976 927; x_wconf 85' lang='lat' dir='ltr'><strong>quem</strong></span> <span class='ocrx_word' id='word_1_51' title='bbox 2007 868 2101 912; x_wconf 90' lang='lat' dir='ltr'><strong>aut</strong></span> 
     </span>
    </p>
   </div>
   <div class='ocr_carea' id='block_1_10' title="bbox 524 949 2098 1024">
    <p class='ocr_par' dir='ltr' id='par_1_10' title="bbox 524 949 2098 1024">
     <span class='ocr_line' id='line_1_10' title="bbox 524 949 2098 1024; baseline -0.008 -12"><span class='ocrx_word' id='word_1_52' title='bbox 524 960 686 1013; x_wconf 90' lang='lat' dir='ltr'><strong>alium</strong></span> <span class='ocrx_word' id='word_1_53' title='bbox 718 954 1104 1024; x_wconf 79' lang='lat' dir='ltr'><strong>acquiremhnn</strong></span> <span class='ocrx_word' id='word_1_54' title='bbox 1146 952 1255 1021; x_wconf 81' lang='lat' dir='ltr'><strong>regi</strong></span> <span class='ocrx_word' id='word_1_55' title='bbox 1284 953 1383 1005; x_wconf 86' lang='lat' dir='ltr'><strong>sub</strong></span> <span class='ocrx_word' id='word_1_56' title='bbox 1420 951 1763 1003; x_wconf 89' lang='lat' dir='ltr'><strong>anathemate</strong></span> <span class='ocrx_word' id='word_1_57' title='bbox 1796 949 1969 1017; x_wconf 83' lang='lat' dir='ltr'><strong>posito</strong></span> <span class='ocrx_word' id='word_1_58' title='bbox 2009 949 2098 1001; x_wconf 90' lang='lat' dir='ltr'><strong>diu</strong></span> 
     </span>
    </p>
   </div>
   <div class='ocr_carea' id='block_1_11' title="bbox 523 1038 2100 1110">
    <p class='ocr_par' dir='ltr' id='par_1_11' title="bbox 523 1038 2100 1110">
     <span class='ocr_line' id='line_1_11' title="bbox 523 1038 2100 1110; baseline -0.006 -10"><span class='ocrx_word' id='word_1_59' title='bbox 523 1048 808 1105; x_wconf 71' lang='lat' dir='ltr'><strong>servierat,</strong></span> <span class='ocrx_word' id='word_1_60' title='bbox 857 1052 913 1095; x_wconf 83' lang='lat' dir='ltr'><strong>ct</strong></span> <span class='ocrx_word' id='word_1_61' title='bbox 988 1050 1208 1110; x_wconf 85' lang='lat' dir='ltr'><strong>propter</strong></span> <span class='ocrx_word' id='word_1_62' title='bbox 1253 1040 1575 1108; x_wconf 85' lang='lat' dir='ltr'><strong>acquisitum</strong></span> <span class='ocrx_word' id='word_1_63' title='bbox 1624 1039 1767 1092; x_wconf 90' lang='lat' dir='ltr'><strong>omni</strong></span> <span class='ocrx_word' id='word_1_64' title='bbox 1824 1038 1944 1091; x_wconf 78' lang='lat' dir='ltr'><strong>vita:</strong></span> <span class='ocrx_word' id='word_1_65' title='bbox 1991 1050 2100 1090; x_wconf 70' lang='lat' dir='ltr'><strong>suae</strong></span> 
     </span>
    </p>
   </div>
   <div class='ocr_carea' id='block_1_12' title="bbox 524 1129 2098 1204">
    <p class='ocr_par' dir='ltr' id='par_1_12' title="bbox 524 1129 2098 1204">
     <span class='ocr_line' id='line_1_12' title="bbox 524 1129 2098 1204; baseline -0.008 -12"><span class='ocrx_word' id='word_1_66' title='bbox 524 1149 765 1204; x_wconf 84' lang='lat' dir='ltr'><strong>tempore</strong></span> <span class='ocrx_word' id='word_1_67' title='bbox 796 1134 1111 1190; x_wconf 88' lang='lat' dir='ltr'><strong>deservivit.</strong></span> <span class='ocrx_word' id='word_1_68' title='bbox 1142 1132 1400 1185; x_wconf 87' lang='lat' dir='ltr'><strong>Eumdem</strong></span> <span class='ocrx_word' id='word_1_69' title='bbox 1444 1139 1500 1185; x_wconf 89' lang='lat' dir='ltr'><strong>et</strong></span> <span class='ocrx_word' id='word_1_70' title='bbox 1529 1130 1629 1198; x_wconf 88' lang='lat' dir='ltr'><strong>ipsi</strong></span> <span class='ocrx_word' id='word_1_71' title='bbox 1660 1145 1757 1184; x_wconf 90' lang='lat' dir='ltr'><strong>nos</strong></span> <span class='ocrx_word' id='word_1_72' title='bbox 1787 1146 1883 1197; x_wconf 88' lang='lat' dir='ltr'><strong>pro</strong></span> <span class='ocrx_word' id='word_1_73' title='bbox 1912 1129 2098 1183; x_wconf 87' lang='lat' dir='ltr'><strong>eadem</strong></span> 
     </span>
    </p>
   </div>
   <div class='ocr_carea' id='block_1_13' title="bbox 524 1219 2097 1292">
    <p class='ocr_par' dir='ltr' id='par_1_13' title="bbox 524 1219 2097 1292">
     <span class='ocr_line' id='line_1_13' title="bbox 524 1219 2097 1292; baseline -0.006 -13"><span class='ocrx_word' id='word_1_74' title='bbox 524 1241 709 1289; x_wconf 80' lang='lat' dir='ltr'><strong>causa,</strong></span> <span class='ocrx_word' id='word_1_75' title='bbox 742 1224 830 1292; x_wconf 88' lang='lat' dir='ltr'><strong>qui</strong></span> <span class='ocrx_word' id='word_1_76' title='bbox 884 1222 953 1275; x_wconf 89' lang='lat' dir='ltr'><strong>ab</strong></span> <span class='ocrx_word' id='word_1_77' title='bbox 1007 1220 1485 1275; x_wconf 77' lang='lat' dir='ltr'><strong>excommunicatis</strong></span> <span class='ocrx_word' id='word_1_78' title='bbox 1526 1227 1877 1272; x_wconf 86' lang='lat' dir='ltr'><strong>consecratus</strong></span> <span class='ocrx_word' id='word_1_79' title='bbox 1911 1226 2013 1280; x_wconf 88' lang='lat' dir='ltr'><strong>est,</strong></span> <span class='ocrx_word' id='word_1_80' title='bbox 2047 1219 2097 1270; x_wconf 93' lang='lat' dir='ltr'><strong>in</strong></span> 
     </span>
    </p>
   </div>
   <div class='ocr_carea' id='block_1_14' title="bbox 526 1304 2102 1383">
    <p class='ocr_par' dir='ltr' id='par_1_14' title="bbox 526 1304 2102 1383">
     <span class='ocr_line' id='line_1_14' title="bbox 526 1304 2102 1383; baseline -0.005 -16"><span class='ocrx_word' id='word_1_81' title='bbox 526 1314 763 1383; x_wconf 79' lang='lat' dir='ltr'><strong>synodali</strong></span> <span class='ocrx_word' id='word_1_82' title='bbox 803 1312 1031 1366; x_wconf 86' lang='lat' dir='ltr'><strong>concilio</strong></span> <span class='ocrx_word' id='word_1_83' title='bbox 1073 1306 1680 1367; x_wconf 78' lang='lat' dir='ltr'><strong>exconnnnuieavimus,</strong></span> <span class='ocrx_word' id='word_1_84' title='bbox 1720 1304 2102 1359; x_wconf 87' lang='lat' dir='ltr'><strong>condemnavi-</strong></span> 
     </span>
    </p>
   </div>
   <div class='ocr_carea' id='block_1_15' title="bbox 527 1397 2098 1471">
    <p class='ocr_par' dir='ltr' id='par_1_15' title="bbox 527 1397 2098 1471">
     <span class='ocr_line' id='line_1_15' title="bbox 527 1397 2098 1471; baseline -0.006 -11"><span class='ocrx_word' id='word_1_85' title='bbox 527 1423 667 1471; x_wconf 81' lang='lat' dir='ltr'><strong>mus,</strong></span> <span class='ocrx_word' id='word_1_86' title='bbox 698 1416 752 1459; x_wconf 86' lang='lat' dir='ltr'><strong>et</strong></span> <span class='ocrx_word' id='word_1_87' title='bbox 781 1407 848 1460; x_wconf 93' lang='lat' dir='ltr'><strong>ah</strong></span> <span class='ocrx_word' id='word_1_88' title='bbox 877 1405 1021 1459; x_wconf 85' lang='lat' dir='ltr'><strong>onmi</strong></span> <span class='ocrx_word' id='word_1_89' title='bbox 1068 1403 1443 1458; x_wconf 86' lang='lat' dir='ltr'><strong>ecclesiastico</strong></span> <span class='ocrx_word' id='word_1_90' title='bbox 1465 1399 1641 1456; x_wconf 78' lang='lat' dir='ltr'><strong>otiicio</strong></span> <span class='ocrx_word' id='word_1_91' title='bbox 1672 1399 1788 1454; x_wconf 88' lang='lat' dir='ltr'><strong>sine</strong></span> <span class='ocrx_word' id='word_1_92' title='bbox 1818 1412 1912 1468; x_wconf 90' lang='lat' dir='ltr'><strong>spe</strong></span> <span class='ocrx_word' id='word_1_93' title='bbox 1940 1397 2098 1451; x_wconf 86' lang='lat' dir='ltr'><strong>resti-</strong></span> 
     </span>
    </p>
   </div>
   <div class='ocr_carea' id='block_1_16' title="bbox 532 1492 1345 1561">
    <p class='ocr_par' dir='ltr' id='par_1_16' title="bbox 532 1492 1345 1561">
     <span class='ocr_line' id='line_1_16' title="bbox 532 1492 1345 1561; baseline -0.01 -13"><span class='ocrx_word' id='word_1_94' title='bbox 532 1494 753 1548; x_wconf 90' lang='lat' dir='ltr'><strong>tutionis</strong></span> <span class='ocrx_word' id='word_1_95' title='bbox 775 1494 951 1561; x_wconf 86' lang='lat' dir='ltr'><strong>aliqua</strong></span> <span class='ocrx_word' id='word_1_96' title='bbox 979 1492 1345 1560; x_wconf 80' lang='lat' dir='ltr'><strong>deposuimus.</strong></span> 
     </span>
    </p>
   </div>
   <div class='ocr_carea' id='block_1_17' title="bbox 1258 1597 1368 1652">
    <p class='ocr_par' dir='ltr' id='par_1_17' title="bbox 1258 1597 1368 1652">
     <span class='ocr_line' id='line_1_17' title="bbox 1258 1597 1368 1652; baseline -0.018 0"><span class='ocrx_word' id='word_1_97' title='bbox 1258 1597 1368 1652; x_wconf 79' lang='lat' dir='ltr'><strong>XII.</strong></span> 
     </span>
    </p>
   </div>
   <div class='ocr_carea' id='block_1_18' title="bbox 533 1682 2105 1810">
    <p class='ocr_par' dir='ltr' id='par_1_18' title="bbox 533 1682 2105 1810">
     <span class='ocr_line' id='line_1_18' title="bbox 533 1682 2105 1810; baseline -0.008 -61"><span class='ocrx_word' id='word_1_98' title='bbox 533 1692 731 1749; x_wconf 82' lang='lat' dir='ltr'><strong>Urbani</strong></span> <span class='ocrx_word' id='word_1_99' title='bbox 764 1692 825 1745; x_wconf 89' lang='lat' dir='ltr'><strong><em>II</em></strong></span> <span class='ocrx_word' id='word_1_100' title='bbox 866 1706 1016 1761; x_wconf 76' lang='lat' dir='ltr'><strong>papa:</strong></span> <span class='ocrx_word' id='word_1_101' title='bbox 1060 1689 1388 1810; x_wconf 48' lang='lat' dir='ltr'><strong>privillegiitm</strong></span> <span class='ocrx_word' id='word_1_102' title='bbox 1417 1704 1511 1767; x_wconf 75' lang='lat' dir='ltr'><strong>pro</strong></span> <span class='ocrx_word' id='word_1_103' title='bbox 1541 1686 1750 1739; x_wconf 85' lang='lat' dir='ltr'><strong>abbatia</strong></span> <span class='ocrx_word' id='word_1_104' title='bbox 1788 1683 1846 1739; x_wconf 90' lang='lat' dir='ltr'><strong>S.</strong></span> <span class='ocrx_word' id='word_1_105' title='bbox 1878 1682 2105 1737; x_wconf 66' lang='lat' dir='ltr'><strong>Joannis</strong></span> 
     </span>
     <span class='ocr_line' id='line_1_19' title="bbox 1175 1774 2000 1810; baseline -0.005 0"><span class='ocrx_word' id='word_1_106' title='bbox 1175 1776 1238 1810; x_wconf 74' lang='lat' dir='ltr'><strong>re</strong></span> <span class='ocrx_word' id='word_1_107' title='bbox 1302 1774 1474 1809; x_wconf 77' lang='lat' dir='ltr'><strong>&#39;tnets.</strong></span> <span class='ocrx_word' id='word_1_108' title='bbox 1997 1802 2000 1806; x_wconf 90' lang='lat'><strong>.</strong></span> 
     </span>
    </p>
   </div>
   <div class='ocr_carea' id='block_1_19' title="bbox 1175 1774 1474 1812">
    <p class='ocr_par' dir='ltr' id='par_1_19' title="bbox 1175 1774 1474 1812">
     <span class='ocr_line' id='line_1_20' title="bbox 1175 1774 1474 1812; baseline -0.007 -1"><span class='ocrx_word' id='word_1_109' title='bbox 1175 1774 1238 1812; x_wconf 76' lang='lat' dir='ltr'><strong>(te</strong></span> <span class='ocrx_word' id='word_1_110' title='bbox 1284 1774 1307 1810; x_wconf 71' lang='grc' dir='ltr'><em>Υ</em></span> <span class='ocrx_word' id='word_1_111' title='bbox 1324 1774 1474 1809; x_wconf 70' lang='grc' dir='ltr'>ιιιειδ.</span> 
     </span>
    </p>
   </div>
   <div class='ocr_carea' id='block_1_20' title="bbox 1114 1843 1541 1916">
    <p class='ocr_par' dir='ltr' id='par_1_20' title="bbox 1114 1843 1541 1916">
     <span class='ocr_line' id='line_1_21' title="bbox 1114 1843 1541 1916; baseline -0.005 -17"><span class='ocrx_word' id='word_1_112' title='bbox 1114 1849 1132 1916; x_wconf 95' lang='grc'><strong>(</strong></span> <span class='ocrx_word' id='word_1_113' title='bbox 1157 1848 1314 1900; x_wconf 86' lang='lat' dir='ltr'><strong>Anno</strong></span> <span class='ocrx_word' id='word_1_114' title='bbox 1358 1843 1541 1914; x_wconf 81' lang='grc'><strong>1089.)</strong></span> 
     </span>
    </p>
   </div>
   <div class='ocr_carea' id='block_1_21' title="bbox 527 1949 2106 2025">
    <p class='ocr_par' dir='ltr' id='par_1_21' title="bbox 527 1949 2106 2025">
     <span class='ocr_line' id='line_1_22' title="bbox 527 1949 2106 2025; baseline -0.003 -17"><span class='ocrx_word' id='word_1_115' title='bbox 527 1956 645 2025; x_wconf 73' lang='grc' dir='ltr'><strong>[οε</strong></span> <span class='ocrx_word' id='word_1_116' title='bbox 684 1956 901 2019; x_wconf 59' lang='lat' dir='ltr'><strong>Leues,</strong></span> <span class='ocrx_word' id='word_1_117' title='bbox 954 1954 1182 2011; x_wconf 73' lang='lat' dir='ltr'><strong>Histoire</strong></span> <span class='ocrx_word' id='word_1_118' title='bbox 1210 1954 1273 2006; x_wconf 87' lang='lat' dir='ltr'><strong>de</strong></span> <span class='ocrx_word' id='word_1_119' title='bbox 1308 1953 1554 2021; x_wconf 82' lang='lat' dir='ltr'><strong>l’Abbaye</strong></span> <span class='ocrx_word' id='word_1_120' title='bbox 1598 1950 1774 2020; x_wconf 86' lang='lat' dir='ltr'><strong>royale</strong></span> <span class='ocrx_word' id='word_1_121' title='bbox 1824 1950 1887 2003; x_wconf 84' lang='lat' dir='ltr'><strong>de</strong></span> <span class='ocrx_word' id='word_1_122' title='bbox 1929 1949 2106 2003; x_wconf 85' lang='lat' dir='ltr'><strong>Saint-</strong></span> 
     </span>
    </p>
   </div>
   <div class='ocr_carea' id='block_1_22' title="bbox 732 2036 1893 2110">
    <p class='ocr_par' dir='ltr' id='par_1_22' title="bbox 732 2036 1893 2110">
     <span class='ocr_line' id='line_1_23' title="bbox 732 2036 1893 2110; baseline -0.007 -14"><span class='ocrx_word' id='word_1_123' title='bbox 732 2040 1245 2110; x_wconf 79' lang='lat' dir='ltr'><strong>Jean-des-Vignes,</strong></span> <span class='ocrx_word' id='word_1_124' title='bbox 1286 2040 1548 2101; x_wconf 84' lang='lat' dir='ltr'><strong>Preuves,</strong></span> <span class='ocrx_word' id='word_1_125' title='bbox 1590 2053 1709 2107; x_wconf 81' lang='lat' dir='ltr'><strong>pag.</strong></span> <span class='ocrx_word' id='word_1_126' title='bbox 1743 2036 1893 2107; x_wconf 70' lang='lat' dir='ltr'><strong>28L]</strong></span> 
     </span>
    </p>
   </div>
   <div class='ocr_carea' id='block_1_23' title="bbox 596 2129 2101 2201">
    <p class='ocr_par' dir='ltr' id='par_1_23' title="bbox 596 2129 2101 2201">
     <span class='ocr_line' id='line_1_24' title="bbox 596 2129 2101 2201; baseline -0.003 -14"><span class='ocrx_word' id='word_1_127' title='bbox 596 2133 844 2199; x_wconf 67' lang='lat' dir='ltr'><strong>Uaaaaus</strong></span> <span class='ocrx_word' id='word_1_128' title='bbox 873 2132 1177 2201; x_wconf 87' lang='lat' dir='ltr'><strong>episcopus,</strong></span> <span class='ocrx_word' id='word_1_129' title='bbox 1212 2146 1402 2185; x_wconf 88' lang='lat' dir='ltr'><strong>servus</strong></span> <span class='ocrx_word' id='word_1_130' title='bbox 1429 2144 1708 2183; x_wconf 84' lang='lat' dir='ltr'><strong>servorum</strong></span> <span class='ocrx_word' id='word_1_131' title='bbox 1739 2129 1857 2192; x_wconf 86' lang='lat' dir='ltr'><strong>Dei,</strong></span> <span class='ocrx_word' id='word_1_132' title='bbox 1890 2129 2101 2183; x_wconf 76' lang='lat' dir='ltr'><strong>charis-</strong></span> 
     </span>
    </p>
   </div>
   <div class='ocr_carea' id='block_1_24' title="bbox 526 2219 2102 2290">
    <p class='ocr_par' dir='ltr' id='par_1_24' title="bbox 526 2219 2102 2290">
     <span class='ocr_line' id='line_1_25' title="bbox 526 2219 2102 2290; baseline -0.004 -12"><span class='ocrx_word' id='word_1_133' title='bbox 526 2224 664 2278; x_wconf 88' lang='lat' dir='ltr'><strong>simo</strong></span> <span class='ocrx_word' id='word_1_134' title='bbox 692 2224 841 2276; x_wconf 83' lang='lat' dir='ltr'><strong>fratri</strong></span> <span class='ocrx_word' id='word_1_135' title='bbox 870 2223 1109 2287; x_wconf 70' lang='grc' dir='ltr'><strong>Ιὶοςειιο,</strong></span> <span class='ocrx_word' id='word_1_136' title='bbox 1135 2222 1316 2290; x_wconf 78' lang='lat' dir='ltr'><strong>abbati</strong></span> <span class='ocrx_word' id='word_1_137' title='bbox 1345 2220 1618 2274; x_wconf 66' lang='lat' dir='ltr'><strong>canonica:</strong></span> <span class='ocrx_word' id='word_1_138' title='bbox 1647 2220 1830 2274; x_wconf 88' lang='lat' dir='ltr'><strong>Sancti</strong></span> <span class='ocrx_word' id='word_1_139' title='bbox 1860 2219 2102 2287; x_wconf 80' lang='lat' dir='ltr'><strong>Joannis,</strong></span> 
     </span>
    </p>
   </div>
   <div class='ocr_carea' id='block_1_25' title="bbox 523 2308 2105 2387">
    <p class='ocr_par' dir='ltr' id='par_1_25' title="bbox 523 2308 2105 2387">
     <span class='ocr_line' id='line_1_26' title="bbox 523 2308 2105 2387; baseline -0.003 -21"><span class='ocrx_word' id='word_1_140' title='bbox 523 2314 619 2387; x_wconf 70' lang='lat' dir='ltr'><strong>qui</strong></span> <span class='ocrx_word' id='word_1_141' title='bbox 692 2313 1103 2383; x_wconf 81' lang='lat' dir='ltr'><strong>cognominatur</strong></span> <span class='ocrx_word' id='word_1_142' title='bbox 1146 2312 1209 2365; x_wconf 84' lang='lat' dir='ltr'><strong>de</strong></span> <span class='ocrx_word' id='word_1_143' title='bbox 1251 2309 1457 2376; x_wconf 82' lang='lat' dir='ltr'><strong>Vincis,</strong></span> <span class='ocrx_word' id='word_1_144' title='bbox 1528 2308 1683 2376; x_wconf 79' lang='lat' dir='ltr'><strong>juxta</strong></span> <span class='ocrx_word' id='word_1_145' title='bbox 1743 2310 2105 2373; x_wconf 87' lang='lat' dir='ltr'><strong>Suessionem,</strong></span> 
     </span>
    </p>
   </div>
   <div class='ocr_carea' id='block_1_26' title="bbox 532 2400 2107 2472">
    <p class='ocr_par' dir='ltr' id='par_1_26' title="bbox 532 2400 2107 2472">
     <span class='ocr_line' id='line_1_27' title="bbox 532 2400 2107 2472; baseline -0.003 -15"><span class='ocrx_word' id='word_1_146' title='bbox 532 2405 904 2472; x_wconf 85' lang='lat' dir='ltr'><strong>fratribusque</strong></span> <span class='ocrx_word' id='word_1_147' title='bbox 936 2403 1129 2457; x_wconf 85' lang='lat' dir='ltr'><strong>ibidem</strong></span> <span class='ocrx_word' id='word_1_148' title='bbox 1157 2402 1256 2456; x_wconf 88' lang='lat' dir='ltr'><strong>sub</strong></span> <span class='ocrx_word' id='word_1_149' title='bbox 1288 2401 1468 2468; x_wconf 84' lang='lat' dir='ltr'><strong>regula</strong></span> <span class='ocrx_word' id='word_1_150' title='bbox 1500 2401 1639 2455; x_wconf 89' lang='lat' dir='ltr'><strong>beati</strong></span> <span class='ocrx_word' id='word_1_151' title='bbox 1667 2400 1950 2469; x_wconf 80' lang='lat' dir='ltr'><strong>Augustini</strong></span> <span class='ocrx_word' id='word_1_152' title='bbox 1976 2416 2107 2454; x_wconf 90' lang='lat' dir='ltr'><strong>con-</strong></span> 
     </span>
    </p>
   </div>
   <div class='ocr_carea' id='block_1_27' title="bbox 532 2491 2105 2560">
    <p class='ocr_par' dir='ltr' id='par_1_27' title="bbox 532 2491 2105 2560">
     <span class='ocr_line' id='line_1_28' title="bbox 532 2491 2105 2560; baseline -0.002 -13"><span class='ocrx_word' id='word_1_153' title='bbox 532 2494 736 2547; x_wconf 89' lang='lat' dir='ltr'><strong>stitutis</strong></span> <span class='ocrx_word' id='word_1_154' title='bbox 798 2502 854 2547; x_wconf 89' lang='lat' dir='ltr'><strong>et</strong></span> <span class='ocrx_word' id='word_1_155' title='bbox 919 2492 1313 2547; x_wconf 90' lang='lat' dir='ltr'><strong>constituendis</strong></span> <span class='ocrx_word' id='word_1_156' title='bbox 1367 2492 1597 2546; x_wconf 91' lang='lat' dir='ltr'><strong>salutem</strong></span> <span class='ocrx_word' id='word_1_157' title='bbox 1646 2500 1701 2545; x_wconf 93' lang='lat' dir='ltr'><strong>et</strong></span> <span class='ocrx_word' id='word_1_158' title='bbox 1756 2491 2105 2560; x_wconf 88' lang='lat' dir='ltr'><strong>apostolicam</strong></span> 
     </span>
    </p>
   </div>
   <div class='ocr_carea' id='block_1_28' title="bbox 528 2583 1349 2645">
    <p class='ocr_par' dir='ltr' id='par_1_28' title="bbox 528 2583 1349 2645">
     <span class='ocr_line' id='line_1_29' title="bbox 528 2583 1349 2645; baseline -0.002 -9"><span class='ocrx_word' id='word_1_159' title='bbox 528 2583 990 2637; x_wconf 73' lang='lat' dir='ltr'><strong>benedictionem.</strong></span> <span class='ocrx_word' id='word_1_160' title='bbox 1168 2626 1174 2630; x_wconf 39' lang='lat'><strong>.</strong></span> <span class='ocrx_word' id='word_1_161' title='bbox 1346 2644 1349 2645; x_wconf 19' lang='grc' dir='ltr'><em>ν</em></span> 
     </span>
    </p>
   </div>
   <div class='ocr_carea' id='block_1_29' title="bbox 534 2672 2109 2742">
    <p class='ocr_par' dir='ltr' id='par_1_29' title="bbox 534 2672 2109 2742">
     <span class='ocr_line' id='line_1_30' title="bbox 534 2672 2109 2742; baseline -0.003 -13"><span class='ocrx_word' id='word_1_162' title='bbox 534 2714 539 2717; x_wconf 68' lang='grc' dir='ltr'><strong>ι</strong></span> <span class='ocrx_word' id='word_1_163' title='bbox 592 2674 764 2739; x_wconf 79' lang='lat' dir='ltr'><strong>Justis</strong></span> <span class='ocrx_word' id='word_1_164' title='bbox 798 2676 934 2730; x_wconf 90' lang='lat' dir='ltr'><strong>votis</strong></span> <span class='ocrx_word' id='word_1_165' title='bbox 960 2689 1236 2729; x_wconf 87' lang='lat' dir='ltr'><strong>assensum</strong></span> <span class='ocrx_word' id='word_1_166' title='bbox 1268 2674 1509 2742; x_wconf 70' lang='lat' dir='ltr'><strong>praebere</strong></span> <span class='ocrx_word' id='word_1_167' title='bbox 1533 2714 1549 2741; x_wconf 88' lang='lat'><strong>,</strong></span> <span class='ocrx_word' id='word_1_168' title='bbox 1588 2672 1858 2740; x_wconf 86' lang='lat' dir='ltr'><strong>justisque</strong></span> <span class='ocrx_word' id='word_1_169' title='bbox 1895 2673 2109 2741; x_wconf 86' lang='lat' dir='ltr'><strong>petitio-</strong></span> 
     </span>
    </p>
   </div>
   <div class='ocr_carea' id='block_1_30' title="bbox 527 2762 2109 2829">
    <p class='ocr_par' dir='ltr' id='par_1_30' title="bbox 527 2762 2109 2829">
     <span class='ocr_line' id='line_1_31' title="bbox 527 2762 2109 2829; baseline -0.001 -13"><span class='ocrx_word' id='word_1_170' title='bbox 527 2762 687 2816; x_wconf 85' lang='lat' dir='ltr'><strong>nibus</strong></span> <span class='ocrx_word' id='word_1_171' title='bbox 716 2777 877 2815; x_wconf 89' lang='lat' dir='ltr'><strong>anres</strong></span> <span class='ocrx_word' id='word_1_172' title='bbox 907 2763 1320 2816; x_wconf 82' lang='lat' dir='ltr'><strong>accommodare</strong></span> <span class='ocrx_word' id='word_1_173' title='bbox 1364 2777 1463 2815; x_wconf 91' lang='lat' dir='ltr'><strong>nos</strong></span> <span class='ocrx_word' id='word_1_174' title='bbox 1503 2763 1774 2827; x_wconf 78' lang='lat' dir='ltr'><strong>convenit,</strong></span> <span class='ocrx_word' id='word_1_175' title='bbox 1809 2762 1935 2829; x_wconf 90' lang='lat' dir='ltr'><strong>qui,</strong></span> <span class='ocrx_word' id='word_1_176' title='bbox 1985 2762 2109 2815; x_wconf 88' lang='lat' dir='ltr'><strong>licet</strong></span> 
     </span>
    </p>
   </div>
   <div class='ocr_carea' id='block_1_31' title="bbox 528 2850 2109 2922">
    <p class='ocr_par' dir='ltr' id='par_1_31' title="bbox 528 2850 2109 2922">
     <span class='ocr_line' id='line_1_32' title="bbox 528 2850 2109 2922; baseline -0.001 -18"><span class='ocrx_word' id='word_1_177' title='bbox 528 2851 756 2922; x_wconf 79' lang='lat' dir='ltr'><strong>indigni,</strong></span> <span class='ocrx_word' id='word_1_178' title='bbox 803 2850 1026 2918; x_wconf 75' lang='lat' dir='ltr'><strong>iustitiae</strong></span> <span class='ocrx_word' id='word_1_179' title='bbox 1077 2866 1375 2922; x_wconf 75' lang='lat' dir='ltr'><strong>przeconcs,</strong></span> <span class='ocrx_word' id='word_1_180' title='bbox 1410 2860 1572 2919; x_wconf 88' lang='lat' dir='ltr'><strong>atque</strong></span> <span class='ocrx_word' id='word_1_181' title='bbox 1614 2852 1864 2911; x_wconf 86' lang='lat' dir='ltr'><strong>custodes</strong></span> <span class='ocrx_word' id='word_1_182' title='bbox 1910 2850 1963 2903; x_wconf 91' lang='lat' dir='ltr'><strong>in</strong></span> <span class='ocrx_word' id='word_1_183' title='bbox 2013 2864 2109 2902; x_wconf 81' lang='lat' dir='ltr'><strong>ex-</strong></span> 
     </span>
    </p>
   </div>
   <div class='ocr_carea' id='block_1_32' title="bbox 530 2939 2110 3009">
    <p class='ocr_par' dir='ltr' id='par_1_32' title="bbox 530 2939 2110 3009">
     <span class='ocr_line' id='line_1_33' title="bbox 530 2939 2110 3009; baseline -0.001 -15"><span class='ocrx_word' id='word_1_184' title='bbox 530 2940 674 2994; x_wconf 84' lang='lat' dir='ltr'><strong>celsa</strong></span> <span class='ocrx_word' id='word_1_185' title='bbox 728 2941 1095 3008; x_wconf 88' lang='lat' dir='ltr'><strong>apostolorum</strong></span> <span class='ocrx_word' id='word_1_186' title='bbox 1129 2940 1273 2995; x_wconf 80' lang='lat' dir='ltr'><strong>Petri</strong></span> <span class='ocrx_word' id='word_1_187' title='bbox 1321 2950 1374 2996; x_wconf 90' lang='lat' dir='ltr'><strong>et</strong></span> <span class='ocrx_word' id='word_1_188' title='bbox 1411 2940 1561 2993; x_wconf 86' lang='lat' dir='ltr'><strong>Pauli</strong></span> <span class='ocrx_word' id='word_1_189' title='bbox 1611 2939 1851 3008; x_wconf 86' lang='lat' dir='ltr'><strong>specula,</strong></span> <span class='ocrx_word' id='word_1_190' title='bbox 1897 2941 2110 3009; x_wconf 86' lang='lat' dir='ltr'><strong>dispen-</strong></span> 
     </span>
    </p>
   </div>
   <div class='ocr_carea' id='block_1_33' title="bbox 526 3030 2107 3101">
    <p class='ocr_par' dir='ltr' id='par_1_33' title="bbox 526 3030 2107 3101">
     <span class='ocr_line' id='line_1_34' title="bbox 526 3030 2107 3101; baseline 0.001 -20"><span class='ocrx_word' id='word_1_191' title='bbox 526 3030 741 3093; x_wconf 80' lang='lat' dir='ltr'><strong>satione</strong></span> <span class='ocrx_word' id='word_1_192' title='bbox 790 3045 975 3084; x_wconf 90' lang='lat' dir='ltr'><strong>sumus</strong></span> <span class='ocrx_word' id='word_1_193' title='bbox 1012 3031 1189 3084; x_wconf 86' lang='lat' dir='ltr'><strong>divina</strong></span> <span class='ocrx_word' id='word_1_194' title='bbox 1229 3032 1531 3085; x_wconf 76' lang='lat' dir='ltr'><strong>constituti.</strong></span> <span class='ocrx_word' id='word_1_195' title='bbox 1560 3030 1696 3096; x_wconf 82' lang='lat' dir='ltr'><strong>Quia</strong></span> <span class='ocrx_word' id='word_1_196' title='bbox 1743 3031 1903 3101; x_wconf 86' lang='lat' dir='ltr'><strong>igitur</strong></span> <span class='ocrx_word' id='word_1_197' title='bbox 1936 3032 2107 3100; x_wconf 80' lang='lat' dir='ltr'><strong>inSpi-</strong></span> 
     </span>
    </p>
   </div>
   <div class='ocr_carea' id='block_1_34' title="bbox 529 3119 2105 3193">
    <p class='ocr_par' dir='ltr' id='par_1_34' title="bbox 529 3119 2105 3193">
     <span class='ocr_line' id='line_1_35' title="bbox 529 3119 2105 3193; baseline 0.001 -22"><span class='ocrx_word' id='word_1_198' title='bbox 529 3127 685 3172; x_wconf 85' lang='lat' dir='ltr'><strong>rante</strong></span> <span class='ocrx_word' id='word_1_199' title='bbox 728 3119 967 3184; x_wconf 89' lang='lat' dir='ltr'><strong>domino,</strong></span> <span class='ocrx_word' id='word_1_200' title='bbox 1014 3120 1214 3174; x_wconf 81' lang='lat' dir='ltr'><strong>dictant</strong></span> <span class='ocrx_word' id='word_1_201' title='bbox 1264 3121 1583 3176; x_wconf 86' lang='lat' dir='ltr'><strong>canonicam</strong></span> <span class='ocrx_word' id='word_1_202' title='bbox 1618 3122 1911 3193; x_wconf 80' lang='lat' dir='ltr'><strong>secundum</strong></span> <span class='ocrx_word' id='word_1_203' title='bbox 1963 3120 2105 3174; x_wconf 86' lang='lat' dir='ltr'><strong>beati</strong></span> 
     </span>
    </p>
   </div>
   <div class='ocr_carea' id='block_1_35' title="bbox 526 3208 2105 3279">
    <p class='ocr_par' dir='ltr' id='par_1_35' title="bbox 526 3208 2105 3279">
     <span class='ocr_line' id='line_1_36' title="bbox 526 3208 2105 3279; baseline 0.004 -20"><span class='ocrx_word' id='word_1_204' title='bbox 526 3208 814 3278; x_wconf 79' lang='lat' dir='ltr'><strong>Augustini</strong></span> <span class='ocrx_word' id='word_1_205' title='bbox 851 3211 1085 3279; x_wconf 86' lang='lat' dir='ltr'><strong>regulam</strong></span> <span class='ocrx_word' id='word_1_206' title='bbox 1117 3211 1409 3279; x_wconf 77' lang='lat' dir='ltr'><strong>delegistis,</strong></span> <span class='ocrx_word' id='word_1_207' title='bbox 1444 3213 1581 3267; x_wconf 86' lang='lat' dir='ltr'><strong>bono</strong></span> <span class='ocrx_word' id='word_1_208' title='bbox 1612 3228 1675 3265; x_wconf 89' lang='lat' dir='ltr'><strong>ac</strong></span> <span class='ocrx_word' id='word_1_209' title='bbox 1702 3211 1955 3264; x_wconf 87' lang='lat' dir='ltr'><strong>laudabili</strong></span> <span class='ocrx_word' id='word_1_210' title='bbox 1984 3222 2105 3266; x_wconf 90' lang='lat' dir='ltr'><strong>voto</strong></span> 
     </span>
    </p>
   </div>
   <div class='ocr_carea' id='block_1_36' title="bbox 526 3296 2104 3371">
    <p class='ocr_par' dir='ltr' id='par_1_36' title="bbox 526 3296 2104 3371">
     <span class='ocr_line' id='line_1_37' title="bbox 526 3296 2104 3371; baseline 0.003 -20"><span class='ocrx_word' id='word_1_211' title='bbox 526 3296 812 3351; x_wconf 86' lang='lat' dir='ltr'><strong>devotione</strong></span> <span class='ocrx_word' id='word_1_212' title='bbox 841 3300 1015 3354; x_wconf 87' lang='lat' dir='ltr'><strong>debita</strong></span> <span class='ocrx_word' id='word_1_213' title='bbox 1048 3302 1480 3369; x_wconf 81' lang='lat' dir='ltr'><strong>congaudemus,</strong></span> <span class='ocrx_word' id='word_1_214' title='bbox 1519 3312 1571 3355; x_wconf 89' lang='lat' dir='ltr'><strong>et</strong></span> <span class='ocrx_word' id='word_1_215' title='bbox 1601 3310 1658 3354; x_wconf 91' lang='lat' dir='ltr'><strong>ut</strong></span> <span class='ocrx_word' id='word_1_216' title='bbox 1684 3300 1950 3355; x_wconf 78' lang='lat' dir='ltr'><strong>laudabile</strong></span> <span class='ocrx_word' id='word_1_217' title='bbox 1978 3317 2104 3371; x_wconf 88' lang='lat' dir='ltr'><strong>pro-</strong></span> 
     </span>
    </p>
   </div>
   <div class='ocr_carea' id='block_1_37' title="bbox 522 3386 2108 3467">
    <p class='ocr_par' dir='ltr' id='par_1_37' title="bbox 522 3386 2108 3467">
     <span class='ocr_line' id='line_1_38' title="bbox 522 3386 2108 3467; baseline 0.003 -26"><span class='ocrx_word' id='word_1_218' title='bbox 522 3391 757 3457; x_wconf 88' lang='lat' dir='ltr'><strong>positmn</strong></span> <span class='ocrx_word' id='word_1_219' title='bbox 799 3386 1154 3449; x_wconf 78' lang='lat' dir='ltr'><strong>laudabiliora</strong></span> <span class='ocrx_word' id='word_1_220' title='bbox 1195 3393 1594 3467; x_wconf 77' lang='lat' dir='ltr'><strong>subsequantur</strong></span> <span class='ocrx_word' id='word_1_221' title='bbox 1642 3393 1981 3447; x_wconf 88' lang='lat' dir='ltr'><strong>incrementa</strong></span> <span class='ocrx_word' id='word_1_222' title='bbox 2012 3409 2108 3462; x_wconf 85' lang='lat' dir='ltr'><strong>pa-</strong></span> 
     </span>
    </p>
   </div>
   <div class='ocr_carea' id='block_1_38' title="bbox 526 3482 2104 3547">
    <p class='ocr_par' dir='ltr' id='par_1_38' title="bbox 526 3482 2104 3547">
     <span class='ocr_line' id='line_1_39' title="bbox 526 3482 2104 3547; baseline 0.001 -14"><span class='ocrx_word' id='word_1_223' title='bbox 526 3490 677 3534; x_wconf 88' lang='lat' dir='ltr'><strong>terna</strong></span> <span class='ocrx_word' id='word_1_224' title='bbox 728 3496 825 3541; x_wconf 88' lang='lat' dir='ltr'><strong>vos</strong></span> <span class='ocrx_word' id='word_1_225' title='bbox 877 3482 1201 3547; x_wconf 75' lang='lat' dir='ltr'><strong>affectione,</strong></span> <span class='ocrx_word' id='word_1_226' title='bbox 1243 3492 1301 3535; x_wconf 93' lang='lat' dir='ltr'><strong>ut</strong></span> <span class='ocrx_word' id='word_1_227' title='bbox 1360 3483 1497 3537; x_wconf 83' lang='lat' dir='ltr'><strong>filios</strong></span> <span class='ocrx_word' id='word_1_228' title='bbox 1548 3483 1943 3547; x_wconf 86' lang='lat' dir='ltr'><strong>charissimos,</strong></span> <span class='ocrx_word' id='word_1_229' title='bbox 1982 3499 2104 3537; x_wconf 92' lang='lat' dir='ltr'><strong>cum</strong></span> 
     </span>
    </p>
   </div>
   <div class='ocr_carea' id='block_1_39' title="bbox 522 3572 2107 3644">
    <p class='ocr_par' dir='ltr' id='par_1_39' title="bbox 522 3572 2107 3644">
     <span class='ocr_line' id='line_1_40' title="bbox 522 3572 2107 3644; baseline 0.002 -18"><span class='ocrx_word' id='word_1_230' title='bbox 522 3572 776 3626; x_wconf 76' lang='lat' dir='ltr'><strong>clunibus</strong></span> <span class='ocrx_word' id='word_1_231' title='bbox 802 3575 1136 3642; x_wconf 87' lang='lat' dir='ltr'><strong>appendieiis</strong></span> <span class='ocrx_word' id='word_1_232' title='bbox 1177 3575 1373 3628; x_wconf 86' lang='lat' dir='ltr'><strong>vestris</strong></span> <span class='ocrx_word' id='word_1_233' title='bbox 1399 3614 1412 3638; x_wconf 90' lang='lat'><strong>,</strong></span> <span class='ocrx_word' id='word_1_234' title='bbox 1456 3576 1557 3629; x_wconf 88' lang='lat' dir='ltr'><strong>sub</strong></span> <span class='ocrx_word' id='word_1_235' title='bbox 1598 3576 1933 3644; x_wconf 87' lang='lat' dir='ltr'><strong>protectione</strong></span> <span class='ocrx_word' id='word_1_236' title='bbox 1963 3576 2107 3629; x_wconf 89' lang='lat' dir='ltr'><strong>sedis</strong></span> 
     </span>
    </p>
   </div>
   <div class='ocr_carea' id='block_1_40' title="bbox 524 3660 2106 3734">
    <p class='ocr_par' dir='ltr' id='par_1_40' title="bbox 524 3660 2106 3734">
     <span class='ocr_line' id='line_1_41' title="bbox 524 3660 2106 3734; baseline 0.006 -25"><span class='ocrx_word' id='word_1_237' title='bbox 524 3660 835 3727; x_wconf 77' lang='lat' dir='ltr'><strong>apostolica:</strong></span> <span class='ocrx_word' id='word_1_238' title='bbox 869 3664 1192 3731; x_wconf 77' lang='lat' dir='ltr'><strong>suscipimus</strong></span> <span class='ocrx_word' id='word_1_239' title='bbox 1217 3704 1231 3727; x_wconf 94' lang='lat'><strong>,</strong></span> <span class='ocrx_word' id='word_1_240' title='bbox 1281 3674 1335 3719; x_wconf 92' lang='lat' dir='ltr'><strong>et</strong></span> <span class='ocrx_word' id='word_1_241' title='bbox 1384 3666 1570 3734; x_wconf 88' lang='lat' dir='ltr'><strong>scripti</strong></span> <span class='ocrx_word' id='word_1_242' title='bbox 1604 3666 1774 3719; x_wconf 87' lang='lat' dir='ltr'><strong>nostri</strong></span> <span class='ocrx_word' id='word_1_243' title='bbox 1798 3667 2106 3734; x_wconf 78' lang='lat' dir='ltr'><strong>privilegio</strong></span> 
     </span>
    </p>
   </div>
   <div class='ocr_carea' id='block_1_41' title="bbox 493 3750 2107 3824">
    <p class='ocr_par' dir='ltr' id='par_1_41' title="bbox 493 3750 2107 3824">
     <span class='ocr_line' id='line_1_42' title="bbox 493 3750 2107 3824; baseline 0.006 -24"><span class='ocrx_word' id='word_1_244' title='bbox 493 3750 922 3806; x_wconf 44' lang='lat' dir='ltr'><strong>‘eotnmunimus</strong></span> <span class='ocrx_word' id='word_1_245' title='bbox 961 3768 977 3819; x_wconf 70' lang='grc' dir='ltr'><strong>ς</strong></span> <span class='ocrx_word' id='word_1_246' title='bbox 1033 3762 1331 3808; x_wconf 88' lang='lat' dir='ltr'><strong>statuentes</strong></span> <span class='ocrx_word' id='word_1_247' title='bbox 1383 3755 1646 3823; x_wconf 82' lang='lat' dir='ltr'><strong>siquidem</strong></span> <span class='ocrx_word' id='word_1_248' title='bbox 1694 3756 1747 3808; x_wconf 90' lang='lat' dir='ltr'><strong>in</strong></span> <span class='ocrx_word' id='word_1_249' title='bbox 1785 3754 2003 3824; x_wconf 82' lang='lat' dir='ltr'><strong>primis,‘</strong></span> <span class='ocrx_word' id='word_1_250' title='bbox 2049 3768 2107 3809; x_wconf 89' lang='lat' dir='ltr'><strong>ut</strong></span> 
     </span>
    </p>
   </div>
   <div class='ocr_carea' id='block_1_42' title="bbox 526 3838 2105 3901">
    <p class='ocr_par' dir='ltr' id='par_1_42' title="bbox 526 3838 2105 3901">
     <span class='ocr_line' id='line_1_43' title="bbox 526 3838 2105 3901; baseline 0.006 -9"><span class='ocrx_word' id='word_1_251' title='bbox 526 3838 739 3893; x_wconf 86' lang='lat' dir='ltr'><strong>ordinis</strong></span> <span class='ocrx_word' id='word_1_252' title='bbox 796 3842 962 3895; x_wconf 80' lang='lat' dir='ltr'><strong>vestri</strong></span> <span class='ocrx_word' id='word_1_253' title='bbox 1033 3844 1309 3898; x_wconf 69' lang='lat' dir='ltr'><strong>canonica:</strong></span> <span class='ocrx_word' id='word_1_254' title='bbox 1379 3846 1747 3900; x_wconf 85' lang='lat' dir='ltr'><strong>institutiones</strong></span> <span class='ocrx_word' id='word_1_255' title='bbox 1809 3848 2105 3901; x_wconf 86' lang='lat' dir='ltr'><strong>secundum</strong></span> 
     </span>
    </p>
   </div>
   <div class='ocr_carea' id='block_1_43' title="bbox 531 3927 2104 4005">
    <p class='ocr_par' dir='ltr' id='par_1_43' title="bbox 531 3927 2104 4005">
     <span class='ocr_line' id='line_1_44' title="bbox 531 3927 2104 4005; baseline 0.006 -24"><span class='ocrx_word' id='word_1_256' title='bbox 531 3927 700 3981; x_wconf 89' lang='lat' dir='ltr'><strong>Deum</strong></span> <span class='ocrx_word' id='word_1_257' title='bbox 750 3939 804 3985; x_wconf 89' lang='lat' dir='ltr'><strong>et</strong></span> <span class='ocrx_word' id='word_1_258' title='bbox 851 3930 992 3986; x_wconf 87' lang='lat' dir='ltr'><strong>beati</strong></span> <span class='ocrx_word' id='word_1_259' title='bbox 1045 3935 1328 4004; x_wconf 74' lang='lat' dir='ltr'><strong>Augustini</strong></span> <span class='ocrx_word' id='word_1_260' title='bbox 1379 3936 1663 4003; x_wconf 84' lang='lat' dir='ltr'><strong>regulam,</strong></span> <span class='ocrx_word' id='word_1_261' title='bbox 1722 3939 1994 4005; x_wconf 82' lang='lat' dir='ltr'><strong>perpetuis</strong></span> <span class='ocrx_word' id='word_1_262' title='bbox 2055 3940 2104 3992; x_wconf 90' lang='lat' dir='ltr'><strong>in</strong></span> 
     </span>
    </p>
   </div>
   <div class='ocr_carea' id='block_1_44' title="bbox 532 4008 2108 4092">
    <p class='ocr_par' dir='ltr' id='par_1_44' title="bbox 532 4008 2108 4092">
     <span class='ocr_line' id='line_1_45' title="bbox 532 4008 2108 4092; baseline 0.005 -20"><span class='ocrx_word' id='word_1_263' title='bbox 532 4014 764 4073; x_wconf 85' lang='lat' dir='ltr'><strong>ecclesia</strong></span> <span class='ocrx_word' id='word_1_264' title='bbox 795 4029 972 4075; x_wconf 89' lang='lat' dir='ltr'><strong>vestra</strong></span> <span class='ocrx_word' id='word_1_265' title='bbox 1003 4008 1367 4092; x_wconf 81' lang='lat' dir='ltr'><strong>temporibus,</strong></span> <span class='ocrx_word' id='word_1_266' title='bbox 1403 4025 1787 4080; x_wconf 80' lang='lat' dir='ltr'><strong>inviolabiliter</strong></span> <span class='ocrx_word' id='word_1_267' title='bbox 1815 4028 2108 4082; x_wconf 85' lang='lat' dir='ltr'><strong>observen-</strong></span> 
     </span>
    </p>
   </div>
   <div class='ocr_carea' id='block_1_45' title="bbox 530 4105 2108 4186">
    <p class='ocr_par' dir='ltr' id='par_1_45' title="bbox 530 4105 2108 4186">
     <span class='ocr_line' id='line_1_46' title="bbox 530 4105 2108 4186; baseline 0.005 -26"><span class='ocrx_word' id='word_1_268' title='bbox 530 4117 619 4160; x_wconf 88' lang='lat' dir='ltr'><strong>tur</strong></span> <span class='ocrx_word' id='word_1_269' title='bbox 658 4123 675 4162; x_wconf 88' lang='lat'><strong>:</strong></span> <span class='ocrx_word' id='word_1_270' title='bbox 716 4105 972 4179; x_wconf 60' lang='lat' dir='ltr'><strong>praeterea</strong></span> <span class='ocrx_word' id='word_1_271' title='bbox 1023 4129 1370 4182; x_wconf 85' lang='lat' dir='ltr'><strong>quascunque</strong></span> <span class='ocrx_word' id='word_1_272' title='bbox 1429 4115 1813 4186; x_wconf 79' lang='lat' dir='ltr'><strong>possessiones,</strong></span> <span class='ocrx_word' id='word_1_273' title='bbox 1857 4130 2108 4182; x_wconf 77' lang='lat' dir='ltr'><strong>qiuccun-</strong></span> 
     </span>
    </p>
   </div>
   <div class='ocr_carea' id='block_1_46' title="bbox 529 4198 2104 4272">
    <p class='ocr_par' dir='ltr' id='par_1_46' title="bbox 529 4198 2104 4272">
     <span class='ocr_line' id='line_1_47' title="bbox 529 4198 2104 4272; baseline 0.005 -23"><span class='ocrx_word' id='word_1_274' title='bbox 529 4211 632 4265; x_wconf 89' lang='lat' dir='ltr'><strong>que</strong></span> <span class='ocrx_word' id='word_1_275' title='bbox 672 4198 831 4263; x_wconf 85' lang='lat' dir='ltr'><strong>bona,</strong></span> <span class='ocrx_word' id='word_1_276' title='bbox 867 4201 917 4253; x_wconf 92' lang='lat' dir='ltr'><strong>in</strong></span> <span class='ocrx_word' id='word_1_277' title='bbox 955 4198 1193 4255; x_wconf 91' lang='lat' dir='ltr'><strong>futurum</strong></span> <span class='ocrx_word' id='word_1_278' title='bbox 1230 4204 1311 4255; x_wconf 94' lang='lat' dir='ltr'><strong>vel</strong></span> <span class='ocrx_word' id='word_1_279' title='bbox 1352 4218 1556 4272; x_wconf 82' lang='lat' dir='ltr'><strong>regum,</strong></span> <span class='ocrx_word' id='word_1_280' title='bbox 1592 4213 1752 4271; x_wconf 89' lang='lat' dir='ltr'><strong>atque</strong></span> <span class='ocrx_word' id='word_1_281' title='bbox 1790 4204 2104 4272; x_wconf 76' lang='lat' dir='ltr'><strong>pontificum</strong></span> 
     </span>
    </p>
   </div>
   <div class='ocr_carea' id='block_1_47' title="bbox 528 4287 2104 4364">
    <p class='ocr_par' dir='ltr' id='par_1_47' title="bbox 528 4287 2104 4364">
     <span class='ocr_line' id='line_1_48' title="bbox 528 4287 2104 4364; baseline 0.006 -23"><span class='ocrx_word' id='word_1_282' title='bbox 528 4287 875 4353; x_wconf 84' lang='lat' dir='ltr'><strong>liberalitate;</strong></span> <span class='ocrx_word' id='word_1_283' title='bbox 900 4292 981 4345; x_wconf 90' lang='lat' dir='ltr'><strong>vel</strong></span> <span class='ocrx_word' id='word_1_284' title='bbox 1017 4293 1285 4351; x_wconf 88' lang='lat' dir='ltr'><strong>oblatione</strong></span> <span class='ocrx_word' id='word_1_285' title='bbox 1314 4293 1549 4348; x_wconf 83' lang='lat' dir='ltr'><strong>fidelium</strong></span> <span class='ocrx_word' id='word_1_286' title='bbox 1596 4294 1842 4363; x_wconf 85' lang='lat' dir='ltr'><strong>poteritis</strong></span> <span class='ocrx_word' id='word_1_287' title='bbox 1882 4296 2104 4364; x_wconf 88' lang='lat' dir='ltr'><strong>adipisci</strong></span> 
     </span>
    </p>
   </div>
   <div class='ocr_carea' id='block_1_48' title="bbox 2197 500 3765 572">
    <p class='ocr_par' dir='ltr' id='par_1_48' title="bbox 2197 500 3765 572">
     <span class='ocr_line' id='line_1_49' title="bbox 2197 500 3765 572; baseline 0.004 -19"><span class='ocrx_word' id='word_1_288' title='bbox 2197 501 2356 554; x_wconf 84' lang='lat' dir='ltr'><strong>liceat</strong></span> <span class='ocrx_word' id='word_1_289' title='bbox 2399 501 2600 568; x_wconf 86' lang='lat' dir='ltr'><strong>aliquid</strong></span> <span class='ocrx_word' id='word_1_290' title='bbox 2650 502 2891 571; x_wconf 75' lang='lat' dir='ltr'><strong>exigere,</strong></span> <span class='ocrx_word' id='word_1_291' title='bbox 2923 502 3164 572; x_wconf 85' lang='lat' dir='ltr'><strong>nullique</strong></span> <span class='ocrx_word' id='word_1_292' title='bbox 3189 500 3353 556; x_wconf 90' lang='lat' dir='ltr'><strong>liceat</strong></span> <span class='ocrx_word' id='word_1_293' title='bbox 3383 518 3584 557; x_wconf 78' lang='lat' dir='ltr'><strong>novam</strong></span> <span class='ocrx_word' id='word_1_294' title='bbox 3611 506 3765 559; x_wconf 77' lang='lat' dir='ltr'><strong>eccle-</strong></span> 
     </span>
    </p>
   </div>
   <div class='ocr_carea' id='block_1_49' title="bbox 2197 589 3764 659">
    <p class='ocr_par' dir='ltr' id='par_1_49' title="bbox 2197 589 3764 659">
     <span class='ocr_line' id='line_1_50' title="bbox 2197 589 3764 659; baseline 0.003 -17"><span class='ocrx_word' id='word_1_295' title='bbox 2197 589 2332 643; x_wconf 87' lang='lat' dir='ltr'><strong>siam</strong></span> <span class='ocrx_word' id='word_1_296' title='bbox 2367 589 2451 643; x_wconf 90' lang='lat' dir='ltr'><strong>vel</strong></span> <span class='ocrx_word' id='word_1_297' title='bbox 2482 590 2679 643; x_wconf 91' lang='lat' dir='ltr'><strong>atrium</strong></span> <span class='ocrx_word' id='word_1_298' title='bbox 2707 590 2849 643; x_wconf 89' lang='lat' dir='ltr'><strong>intra</strong></span> <span class='ocrx_word' id='word_1_299' title='bbox 2876 591 3135 644; x_wconf 88' lang='lat' dir='ltr'><strong>terminos</strong></span> <span class='ocrx_word' id='word_1_300' title='bbox 3162 591 3554 659; x_wconf 81' lang='lat' dir='ltr'><strong>paroeliiarum</strong></span> <span class='ocrx_word' id='word_1_301' title='bbox 3580 603 3764 646; x_wconf 82' lang='lat' dir='ltr'><strong>vestra-</strong></span> 
     </span>
    </p>
   </div>
   <div class='ocr_carea' id='block_1_50' title="bbox 2196 680 3766 750">
    <p class='ocr_par' dir='ltr' id='par_1_50' title="bbox 2196 680 3766 750">
     <span class='ocr_line' id='line_1_51' title="bbox 2196 680 3766 750; baseline 0.002 -16"><span class='ocrx_word' id='word_1_302' title='bbox 2196 696 2339 745; x_wconf 90' lang='lat' dir='ltr'><strong>rum,</strong></span> <span class='ocrx_word' id='word_1_303' title='bbox 2372 680 2488 735; x_wconf 89' lang='lat' dir='ltr'><strong>sine</strong></span> <span class='ocrx_word' id='word_1_304' title='bbox 2522 688 2703 735; x_wconf 87' lang='lat' dir='ltr'><strong>vestro</strong></span> <span class='ocrx_word' id='word_1_305' title='bbox 2742 691 2796 735; x_wconf 91' lang='lat' dir='ltr'><strong>et</strong></span> <span class='ocrx_word' id='word_1_306' title='bbox 2826 682 3065 750; x_wconf 80' lang='lat' dir='ltr'><strong>episeOpi</strong></span> <span class='ocrx_word' id='word_1_307' title='bbox 3113 682 3283 736; x_wconf 81' lang='lat' dir='ltr'><strong>vestri</strong></span> <span class='ocrx_word' id='word_1_308' title='bbox 3330 696 3626 749; x_wconf 84' lang='lat' dir='ltr'><strong>consensu,</strong></span> <span class='ocrx_word' id='word_1_309' title='bbox 3653 699 3766 737; x_wconf 73' lang='lat' dir='ltr'><strong>eoa-</strong></span> 
     </span>
    </p>
   </div>
   <div class='ocr_carea' id='block_1_51' title="bbox 2197 770 3767 842">
    <p class='ocr_par' dir='ltr' id='par_1_51' title="bbox 2197 770 3767 842">
     <span class='ocr_line' id='line_1_52' title="bbox 2197 770 3767 842; baseline 0.003 -17"><span class='ocrx_word' id='word_1_310' title='bbox 2197 772 2442 825; x_wconf 89' lang='lat' dir='ltr'><strong>stituerc.</strong></span> <span class='ocrx_word' id='word_1_311' title='bbox 2479 770 2782 825; x_wconf 86' lang='lat' dir='ltr'><strong>Statuimus</strong></span> <span class='ocrx_word' id='word_1_312' title='bbox 2822 772 2985 825; x_wconf 89' lang='lat' dir='ltr'><strong>etiam</strong></span> <span class='ocrx_word' id='word_1_313' title='bbox 3030 773 3173 840; x_wconf 89' lang='lat' dir='ltr'><strong>quod</strong></span> <span class='ocrx_word' id='word_1_314' title='bbox 3217 773 3585 842; x_wconf 87' lang='lat' dir='ltr'><strong>parochianos</strong></span> <span class='ocrx_word' id='word_1_315' title='bbox 3615 776 3767 829; x_wconf 70' lang='lat' dir='ltr'><strong>eccle-</strong></span> 
     </span>
    </p>
   </div>
   <div class='ocr_carea' id='block_1_52' title="bbox 2198 862 3766 931">
    <p class='ocr_par' dir='ltr' id='par_1_52' title="bbox 2198 862 3766 931">
     <span class='ocr_line' id='line_1_53' title="bbox 2198 862 3766 931; baseline 0.001 -16"><span class='ocrx_word' id='word_1_316' title='bbox 2198 862 2399 915; x_wconf 87' lang='lat' dir='ltr'><strong>siarum</strong></span> <span class='ocrx_word' id='word_1_317' title='bbox 2448 868 2747 915; x_wconf 85' lang='lat' dir='ltr'><strong>vestrarum</strong></span> <span class='ocrx_word' id='word_1_318' title='bbox 2806 862 2923 915; x_wconf 89' lang='lat' dir='ltr'><strong>sine</strong></span> <span class='ocrx_word' id='word_1_319' title='bbox 2989 863 3380 931; x_wconf 80' lang='lat' dir='ltr'><strong>parochiaiium</strong></span> <span class='ocrx_word' id='word_1_320' title='bbox 3438 864 3766 919; x_wconf 84' lang='lat' dir='ltr'><strong>sacerdotum</strong></span> 
     </span>
    </p>
   </div>
   <div class='ocr_carea' id='block_1_53' title="bbox 2200 952 3767 1022">
    <p class='ocr_par' dir='ltr' id='par_1_53' title="bbox 2200 952 3767 1022">
     <span class='ocr_line' id='line_1_54' title="bbox 2200 952 3767 1022; baseline 0.003 -16"><span class='ocrx_word' id='word_1_321' title='bbox 2200 966 2490 1014; x_wconf 91' lang='lat' dir='ltr'><strong>consensu,</strong></span> <span class='ocrx_word' id='word_1_322' title='bbox 2539 952 2669 1005; x_wconf 92' lang='lat' dir='ltr'><strong>nulli</strong></span> <span class='ocrx_word' id='word_1_323' title='bbox 2719 952 2879 1006; x_wconf 88' lang='lat' dir='ltr'><strong>liceat</strong></span> <span class='ocrx_word' id='word_1_324' title='bbox 2912 954 3164 1022; x_wconf 88' lang='lat' dir='ltr'><strong>sepelire,</strong></span> <span class='ocrx_word' id='word_1_325' title='bbox 3216 954 3301 1008; x_wconf 81' lang='lat' dir='ltr'><strong>vel</strong></span> <span class='ocrx_word' id='word_1_326' title='bbox 3344 970 3537 1010; x_wconf 88' lang='lat' dir='ltr'><strong>servos</strong></span> <span class='ocrx_word' id='word_1_327' title='bbox 3578 965 3767 1010; x_wconf 83' lang='lat' dir='ltr'><strong>vestros</strong></span> 
     </span>
    </p>
   </div>
   <div class='ocr_carea' id='block_1_54' title="bbox 2200 1042 3769 1114">
    <p class='ocr_par' dir='ltr' id='par_1_54' title="bbox 2200 1042 3769 1114">
     <span class='ocr_line' id='line_1_55' title="bbox 2200 1042 3769 1114; baseline 0.003 -21"><span class='ocrx_word' id='word_1_328' title='bbox 2200 1042 2317 1095; x_wconf 82' lang='lat' dir='ltr'><strong>sine</strong></span> <span class='ocrx_word' id='word_1_329' title='bbox 2348 1056 2615 1095; x_wconf 88' lang='lat' dir='ltr'><strong>consensu</strong></span> <span class='ocrx_word' id='word_1_330' title='bbox 2669 1052 2853 1097; x_wconf 80' lang='lat' dir='ltr'><strong>vestro</strong></span> <span class='ocrx_word' id='word_1_331' title='bbox 2896 1044 2950 1096; x_wconf 91' lang='lat' dir='ltr'><strong>in</strong></span> <span class='ocrx_word' id='word_1_332' title='bbox 3003 1042 3228 1097; x_wconf 82' lang='lat' dir='ltr'><strong>fratrem</strong></span> <span class='ocrx_word' id='word_1_333' title='bbox 3257 1045 3524 1114; x_wconf 86' lang='lat' dir='ltr'><strong>recipere.</strong></span> <span class='ocrx_word' id='word_1_334' title='bbox 3563 1045 3769 1100; x_wconf 74' lang='lat' dir='ltr'><strong>Interdi—</strong></span> 
     </span>
    </p>
   </div>
   <div class='ocr_carea' id='block_1_55' title="bbox 2200 1132 3768 1205">
    <p class='ocr_par' dir='ltr' id='par_1_55' title="bbox 2200 1132 3768 1205">
     <span class='ocr_line' id='line_1_56' title="bbox 2200 1132 3768 1205; baseline 0.004 -20"><span class='ocrx_word' id='word_1_335' title='bbox 2200 1135 2373 1185; x_wconf 89' lang='lat' dir='ltr'><strong>cimus</strong></span> <span class='ocrx_word' id='word_1_336' title='bbox 2415 1132 2578 1187; x_wconf 90' lang='lat' dir='ltr'><strong>etiam</strong></span> <span class='ocrx_word' id='word_1_337' title='bbox 2624 1148 2689 1186; x_wconf 92' lang='lat' dir='ltr'><strong>ne</strong></span> <span class='ocrx_word' id='word_1_338' title='bbox 2735 1132 2931 1201; x_wconf 88' lang='lat' dir='ltr'><strong>aliquis</strong></span> <span class='ocrx_word' id='word_1_339' title='bbox 2983 1135 3243 1189; x_wconf 90' lang='lat' dir='ltr'><strong>terminos</strong></span> <span class='ocrx_word' id='word_1_340' title='bbox 3286 1137 3676 1205; x_wconf 86' lang='lat' dir='ltr'><strong>parochiamm</strong></span> <span class='ocrx_word' id='word_1_341' title='bbox 3716 1141 3768 1192; x_wconf 80' lang='lat' dir='ltr'><strong>dc</strong></span> 
     </span>
    </p>
   </div>
   <div class='ocr_carea' id='block_1_56' title="bbox 2199 1223 3770 1289">
    <p class='ocr_par' dir='ltr' id='par_1_56' title="bbox 2199 1223 3770 1289">
     <span class='ocr_line' id='line_1_57' title="bbox 2199 1223 3770 1289; baseline 0.003 -12"><span class='ocrx_word' id='word_1_342' title='bbox 2199 1223 2339 1278; x_wconf 87' lang='lat' dir='ltr'><strong>laica</strong></span> <span class='ocrx_word' id='word_1_343' title='bbox 2378 1223 2461 1277; x_wconf 92' lang='lat' dir='ltr'><strong>vel</strong></span> <span class='ocrx_word' id='word_1_344' title='bbox 2504 1223 2868 1278; x_wconf 78' lang='lat' dir='ltr'><strong>ecclesiastica</strong></span> <span class='ocrx_word' id='word_1_345' title='bbox 2901 1239 3090 1289; x_wconf 87' lang='lat' dir='ltr'><strong>manu,</strong></span> <span class='ocrx_word' id='word_1_346' title='bbox 3124 1224 3241 1279; x_wconf 91' lang='lat' dir='ltr'><strong>sine</strong></span> <span class='ocrx_word' id='word_1_347' title='bbox 3281 1240 3558 1281; x_wconf 87' lang='lat' dir='ltr'><strong>consensu</strong></span> <span class='ocrx_word' id='word_1_348' title='bbox 3607 1239 3770 1282; x_wconf 81' lang='lat' dir='ltr'><strong>vestro</strong></span> 
     </span>
    </p>
   </div>
   <div class='ocr_carea' id='block_1_57' title="bbox 2203 1314 3769 1387">
    <p class='ocr_par' dir='ltr' id='par_1_57' title="bbox 2203 1314 3769 1387">
     <span class='ocr_line' id='line_1_58' title="bbox 2203 1314 3769 1387; baseline 0.002 -17"><span class='ocrx_word' id='word_1_349' title='bbox 2203 1316 2447 1383; x_wconf 84' lang='lat' dir='ltr'><strong>recipiat.</strong></span> <span class='ocrx_word' id='word_1_350' title='bbox 2487 1314 2543 1369; x_wconf 83' lang='lat' dir='ltr'><strong>Si</strong></span> <span class='ocrx_word' id='word_1_351' title='bbox 2586 1331 2746 1384; x_wconf 90' lang='lat' dir='ltr'><strong>quam</strong></span> <span class='ocrx_word' id='word_1_352' title='bbox 2780 1317 2945 1370; x_wconf 89' lang='lat' dir='ltr'><strong>etiam</strong></span> <span class='ocrx_word' id='word_1_353' title='bbox 2994 1326 3193 1370; x_wconf 88' lang='lat' dir='ltr'><strong>terram</strong></span> <span class='ocrx_word' id='word_1_354' title='bbox 3241 1318 3309 1372; x_wconf 89' lang='lat' dir='ltr'><strong>de</strong></span> <span class='ocrx_word' id='word_1_355' title='bbox 3339 1334 3449 1387; x_wconf 86' lang='lat' dir='ltr'><strong>qua</strong></span> <span class='ocrx_word' id='word_1_356' title='bbox 3486 1320 3651 1373; x_wconf 83' lang='lat' dir='ltr'><strong>vobis</strong></span> <span class='ocrx_word' id='word_1_357' title='bbox 3694 1322 3769 1373; x_wconf 57' lang='lat' dir='ltr'><strong>de</strong></span> 
     </span>
    </p>
   </div>
   <div class='ocr_carea' id='block_1_58' title="bbox 2201 1407 3771 1477">
    <p class='ocr_par' dir='ltr' id='par_1_58' title="bbox 2201 1407 3771 1477">
     <span class='ocr_line' id='line_1_59' title="bbox 2201 1407 3771 1477; baseline 0.003 -15"><span class='ocrx_word' id='word_1_358' title='bbox 2201 1407 2339 1462; x_wconf 84' lang='lat' dir='ltr'><strong>cima</strong></span> <span class='ocrx_word' id='word_1_359' title='bbox 2368 1407 2655 1461; x_wconf 84' lang='lat' dir='ltr'><strong>consuevit</strong></span> <span class='ocrx_word' id='word_1_360' title='bbox 2680 1408 2916 1470; x_wconf 80' lang='lat' dir='ltr'><strong>exsolvi,</strong></span> <span class='ocrx_word' id='word_1_361' title='bbox 2943 1409 3009 1461; x_wconf 90' lang='lat' dir='ltr'><strong>ad</strong></span> <span class='ocrx_word' id='word_1_362' title='bbox 3040 1408 3200 1462; x_wconf 86' lang='lat' dir='ltr'><strong>aliam</strong></span> <span class='ocrx_word' id='word_1_363' title='bbox 3233 1425 3453 1463; x_wconf 90' lang='lat' dir='ltr'><strong>manum</strong></span> <span class='ocrx_word' id='word_1_364' title='bbox 3489 1411 3771 1477; x_wconf 76' lang='lat' dir='ltr'><strong>transferre</strong></span> 
     </span>
    </p>
   </div>
   <div class='ocr_carea' id='block_1_59' title="bbox 2202 1495 3771 1573">
    <p class='ocr_par' dir='ltr' id='par_1_59' title="bbox 2202 1495 3771 1573">
     <span class='ocr_line' id='line_1_60' title="bbox 2202 1495 3771 1573; baseline 0.003 -24"><span class='ocrx_word' id='word_1_365' title='bbox 2202 1495 2521 1567; x_wconf 80' lang='lat' dir='ltr'><strong>contigerit;</strong></span> <span class='ocrx_word' id='word_1_366' title='bbox 2591 1496 2942 1573; x_wconf 83' lang='lat' dir='ltr'><strong>nihilominus</strong></span> <span class='ocrx_word' id='word_1_367' title='bbox 3013 1498 3145 1553; x_wconf 29' lang='lat' dir='ltr'><strong>inde.</strong></span> <span class='ocrx_word' id='word_1_368' title='bbox 3214 1499 3369 1553; x_wconf 85' lang='lat' dir='ltr'><strong>vobis</strong></span> <span class='ocrx_word' id='word_1_369' title='bbox 3420 1500 3641 1555; x_wconf 81' lang='lat' dir='ltr'><strong>decima</strong></span> <span class='ocrx_word' id='word_1_370' title='bbox 3695 1504 3771 1554; x_wconf 84' lang='lat' dir='ltr'><strong>tri-</strong></span> 
     </span>
    </p>
   </div>
   <div class='ocr_carea' id='block_1_60' title="bbox 2202 1582 3772 1659">
    <p class='ocr_par' dir='ltr' id='par_1_60' title="bbox 2202 1582 3772 1659">
     <span class='ocr_line' id='line_1_61' title="bbox 2202 1582 3772 1659; baseline 0.005 -24"><span class='ocrx_word' id='word_1_371' title='bbox 2202 1582 2420 1636; x_wconf 91' lang='lat' dir='ltr'><strong>buatur.</strong></span> <span class='ocrx_word' id='word_1_372' title='bbox 2472 1582 2614 1637; x_wconf 84' lang='lat' dir='ltr'><strong>Sane</strong></span> <span class='ocrx_word' id='word_1_373' title='bbox 2668 1586 2940 1645; x_wconf 85' lang='lat' dir='ltr'><strong>novalium</strong></span> <span class='ocrx_word' id='word_1_374' title='bbox 2991 1596 3294 1642; x_wconf 90' lang='lat' dir='ltr'><strong>vestrorum</strong></span> <span class='ocrx_word' id='word_1_375' title='bbox 3355 1603 3495 1657; x_wconf 89' lang='lat' dir='ltr'><strong>quos</strong></span> <span class='ocrx_word' id='word_1_376' title='bbox 3557 1592 3772 1659; x_wconf 62' lang='lat' dir='ltr'><strong>propriis</strong></span> 
     </span>
    </p>
   </div>
   <div class='ocr_carea' id='block_1_61' title="bbox 2205 1672 3773 1746">
    <p class='ocr_par' dir='ltr' id='par_1_61' title="bbox 2205 1672 3773 1746">
     <span class='ocr_line' id='line_1_62' title="bbox 2205 1672 3773 1746; baseline 0.005 -23"><span class='ocrx_word' id='word_1_377' title='bbox 2205 1672 2455 1725; x_wconf 88' lang='lat' dir='ltr'><strong>manibus</strong></span> <span class='ocrx_word' id='word_1_378' title='bbox 2482 1672 2562 1725; x_wconf 88' lang='lat' dir='ltr'><strong>vel</strong></span> <span class='ocrx_word' id='word_1_379' title='bbox 2609 1673 2909 1741; x_wconf 89' lang='lat' dir='ltr'><strong>sumptibus</strong></span> <span class='ocrx_word' id='word_1_380' title='bbox 2953 1674 3152 1739; x_wconf 88' lang='lat' dir='ltr'><strong>colitis,</strong></span> <span class='ocrx_word' id='word_1_381' title='bbox 3182 1675 3424 1729; x_wconf 90' lang='lat' dir='ltr'><strong>decimas</strong></span> <span class='ocrx_word' id='word_1_382' title='bbox 3458 1690 3629 1731; x_wconf 88' lang='lat' dir='ltr'><strong>nemo</strong></span> <span class='ocrx_word' id='word_1_383' title='bbox 3653 1693 3773 1746; x_wconf 77' lang='lat' dir='ltr'><strong>pra:-</strong></span> 
     </span>
    </p>
   </div>
   <div class='ocr_carea' id='block_1_62' title="bbox 2135 1747 3774 1835">
    <p class='ocr_par' dir='ltr' id='par_1_62' title="bbox 2135 1747 3774 1835">
     <span class='ocr_line' id='line_1_63' title="bbox 2135 1747 3774 1835; baseline 0.003 -18"><span class='ocrx_word' id='word_1_384' title='bbox 2135 1747 2181 1806; x_wconf 76' lang='grc' dir='ltr'><strong>Β</strong></span> <span class='ocrx_word' id='word_1_385' title='bbox 2209 1772 2395 1817; x_wconf 81' lang='lat' dir='ltr'><strong>sumat</strong></span> <span class='ocrx_word' id='word_1_386' title='bbox 2431 1764 2665 1833; x_wconf 81' lang='lat' dir='ltr'><strong>exigere.</strong></span> <span class='ocrx_word' id='word_1_387' title='bbox 2704 1765 3050 1821; x_wconf 88' lang='lat' dir='ltr'><strong>Deccrnimus</strong></span> <span class='ocrx_word' id='word_1_388' title='bbox 3095 1766 3256 1835; x_wconf 82' lang='lat' dir='ltr'><strong>igitur</strong></span> <span class='ocrx_word' id='word_1_389' title='bbox 3287 1775 3346 1820; x_wconf 88' lang='lat' dir='ltr'><strong>ut</strong></span> <span class='ocrx_word' id='word_1_390' title='bbox 3390 1766 3526 1821; x_wconf 92' lang='lat' dir='ltr'><strong>nulli</strong></span> <span class='ocrx_word' id='word_1_391' title='bbox 3572 1770 3774 1823; x_wconf 77' lang='lat' dir='ltr'><strong>omnino</strong></span> 
     </span>
    </p>
   </div>
   <div class='ocr_carea' id='block_1_63' title="bbox 2206 1852 3775 1927">
    <p class='ocr_par' dir='ltr' id='par_1_63' title="bbox 2206 1852 3775 1927">
     <span class='ocr_line' id='line_1_64' title="bbox 2206 1852 3775 1927; baseline 0.005 -22"><span class='ocrx_word' id='word_1_392' title='bbox 2206 1852 2368 1906; x_wconf 88' lang='lat' dir='ltr'><strong>liceat</strong></span> <span class='ocrx_word' id='word_1_393' title='bbox 2407 1863 2583 1927; x_wconf 80' lang='lat' dir='ltr'><strong>vestra</strong></span> <span class='ocrx_word' id='word_1_394' title='bbox 2615 1854 2703 1909; x_wconf 62' lang='lat' dir='ltr'><strong>vel,</strong></span> <span class='ocrx_word' id='word_1_395' title='bbox 2724 1853 2962 1918; x_wconf 88' lang='lat' dir='ltr'><strong>auferre,</strong></span> <span class='ocrx_word' id='word_1_396' title='bbox 2996 1855 3078 1908; x_wconf 82' lang='lat' dir='ltr'><strong>vel</strong></span> <span class='ocrx_word' id='word_1_397' title='bbox 3107 1855 3380 1924; x_wconf 82' lang='lat' dir='ltr'><strong>aliquibus</strong></span> <span class='ocrx_word' id='word_1_398' title='bbox 3408 1859 3775 1913; x_wconf 77' lang='lat' dir='ltr'><strong>exactionibus</strong></span> 
     </span>
    </p>
   </div>
   <div class='ocr_carea' id='block_1_64' title="bbox 2208 1942 3776 2015">
    <p class='ocr_par' dir='ltr' id='par_1_64' title="bbox 2208 1942 3776 2015">
     <span class='ocr_line' id='line_1_65' title="bbox 2208 1942 3776 2015; baseline 0.003 -19"><span class='ocrx_word' id='word_1_399' title='bbox 2208 1942 2490 2006; x_wconf 77' lang='lat' dir='ltr'><strong>infestare.</strong></span> <span class='ocrx_word' id='word_1_400' title='bbox 2555 1942 2724 1998; x_wconf 89' lang='lat' dir='ltr'><strong>Porro</strong></span> <span class='ocrx_word' id='word_1_401' title='bbox 2780 1944 2825 1999; x_wconf 88' lang='lat' dir='ltr'><strong>si</strong></span> <span class='ocrx_word' id='word_1_402' title='bbox 2874 1946 2994 2012; x_wconf 86' lang='lat' dir='ltr'><strong>quis</strong></span> <span class='ocrx_word' id='word_1_403' title='bbox 3042 1946 3145 2000; x_wconf 91' lang='lat' dir='ltr'><strong>hoc</strong></span> <span class='ocrx_word' id='word_1_404' title='bbox 3200 1946 3547 2015; x_wconf 83' lang='lat' dir='ltr'><strong>privilegium</strong></span> <span class='ocrx_word' id='word_1_405' title='bbox 3599 1959 3776 2002; x_wconf 80' lang='lat' dir='ltr'><strong>nostra:</strong></span> 
     </span>
    </p>
   </div>
   <div class='ocr_carea' id='block_1_65' title="bbox 2207 2033 3775 2107">
    <p class='ocr_par' dir='ltr' id='par_1_65' title="bbox 2207 2033 3775 2107">
     <span class='ocr_line' id='line_1_66' title="bbox 2207 2033 3775 2107; baseline 0.003 -20"><span class='ocrx_word' id='word_1_406' title='bbox 2207 2033 2505 2088; x_wconf 88' lang='lat' dir='ltr'><strong>sanctionis</strong></span> <span class='ocrx_word' id='word_1_407' title='bbox 2538 2034 2829 2089; x_wconf 87' lang='lat' dir='ltr'><strong>temerario</strong></span> <span class='ocrx_word' id='word_1_408' title='bbox 2859 2050 2993 2089; x_wconf 86' lang='lat' dir='ltr'><strong>ausu</strong></span> <span class='ocrx_word' id='word_1_409' title='bbox 3025 2035 3321 2105; x_wconf 79' lang='lat' dir='ltr'><strong>infringere</strong></span> <span class='ocrx_word' id='word_1_410' title='bbox 3360 2040 3775 2107; x_wconf 74' lang='lat' dir='ltr'><strong>przesumpserit,</strong></span> 
     </span>
    </p>
   </div>
   <div class='ocr_carea' id='block_1_66' title="bbox 2208 2116 3777 2199">
    <p class='ocr_par' dir='ltr' id='par_1_66' title="bbox 2208 2116 3777 2199">
     <span class='ocr_line' id='line_1_67' title="bbox 2208 2116 3777 2199; baseline 0.002 -19"><span class='ocrx_word' id='word_1_411' title='bbox 2208 2143 2238 2180; x_wconf 88' lang='lat' dir='ltr'><strong>a</strong></span> <span class='ocrx_word' id='word_1_412' title='bbox 2282 2126 2483 2181; x_wconf 87' lang='lat' dir='ltr'><strong>Christi</strong></span> <span class='ocrx_word' id='word_1_413' title='bbox 2516 2142 2638 2180; x_wconf 91' lang='lat' dir='ltr'><strong>cum</strong></span> <span class='ocrx_word' id='word_1_414' title='bbox 2670 2116 2725 2181; x_wconf 87' lang='lat' dir='ltr'><strong>et</strong></span> <span class='ocrx_word' id='word_1_415' title='bbox 2755 2126 3009 2182; x_wconf 67' lang='lat' dir='ltr'><strong>Ecclesia:</strong></span> <span class='ocrx_word' id='word_1_416' title='bbox 3033 2142 3260 2198; x_wconf 87' lang='lat' dir='ltr'><strong>corpore</strong></span> <span class='ocrx_word' id='word_1_417' title='bbox 3301 2142 3659 2199; x_wconf 82' lang='lat' dir='ltr'><strong>segregamus</strong></span> <span class='ocrx_word' id='word_1_418' title='bbox 3697 2146 3777 2184; x_wconf 81' lang='lat' dir='ltr'><strong>au-</strong></span> 
     </span>
    </p>
   </div>
   <div class='ocr_carea' id='block_1_67' title="bbox 2208 2218 3774 2291">
    <p class='ocr_par' dir='ltr' id='par_1_67' title="bbox 2208 2218 3774 2291">
     <span class='ocr_line' id='line_1_68' title="bbox 2208 2218 3774 2291; baseline 0.002 -18"><span class='ocrx_word' id='word_1_419' title='bbox 2208 2219 2462 2273; x_wconf 89' lang='lat' dir='ltr'><strong>ctoritate</strong></span> <span class='ocrx_word' id='word_1_420' title='bbox 2511 2218 2839 2287; x_wconf 90' lang='lat' dir='ltr'><strong>apostolica;</strong></span> <span class='ocrx_word' id='word_1_421' title='bbox 2895 2220 3343 2274; x_wconf 89' lang='lat' dir='ltr'><strong>conservautibus</strong></span> <span class='ocrx_word' id='word_1_422' title='bbox 3378 2230 3566 2275; x_wconf 91' lang='lat' dir='ltr'><strong>autem</strong></span> <span class='ocrx_word' id='word_1_423' title='bbox 3617 2238 3717 2291; x_wconf 76' lang='lat' dir='ltr'><strong>pax</strong></span> <span class='ocrx_word' id='word_1_424' title='bbox 3750 2238 3774 2275; x_wconf 74' lang='grc' dir='ltr'><strong>ι</strong></span> 
     </span>
    </p>
   </div>
   <div class='ocr_carea' id='block_1_68' title="bbox 2210 2310 3773 2378">
    <p class='ocr_par' dir='ltr' id='par_1_68' title="bbox 2210 2310 3773 2378">
     <span class='ocr_line' id='line_1_69' title="bbox 2210 2310 3773 2378; baseline 0.003 -15"><span class='ocrx_word' id='word_1_425' title='bbox 2210 2310 2437 2365; x_wconf 90' lang='lat' dir='ltr'><strong>Domino</strong></span> <span class='ocrx_word' id='word_1_426' title='bbox 2463 2319 2519 2364; x_wconf 90' lang='lat' dir='ltr'><strong>et</strong></span> <span class='ocrx_word' id='word_1_427' title='bbox 2544 2310 2911 2364; x_wconf 84' lang='lat' dir='ltr'><strong>misericordia</strong></span> <span class='ocrx_word' id='word_1_428' title='bbox 2941 2319 3350 2365; x_wconf 90' lang='lat' dir='ltr'><strong>conserventur.</strong></span> <span class='ocrx_word' id='word_1_429' title='bbox 3378 2311 3581 2378; x_wconf 81' lang='lat' dir='ltr'><strong>Amen,</strong></span> <span class='ocrx_word' id='word_1_430' title='bbox 3614 2328 3773 2377; x_wconf 74' lang='lat' dir='ltr'><strong>einen,</strong></span> 
     </span>
    </p>
   </div>
   <div class='ocr_carea' id='block_1_69' title="bbox 2209 2414 2387 2455">
    <p class='ocr_par' dir='ltr' id='par_1_69' title="bbox 2209 2414 2387 2455">
     <span class='ocr_line' id='line_1_70' title="bbox 2209 2414 2387 2455; baseline -0.011 -2"><span class='ocrx_word' id='word_1_431' title='bbox 2209 2414 2387 2455; x_wconf 87' lang='lat' dir='ltr'><strong>amen.</strong></span> 
     </span>
    </p>
   </div>
   <div class='ocr_carea' id='block_1_70' title="bbox 2278 2488 3779 2558">
    <p class='ocr_par' dir='ltr' id='par_1_70' title="bbox 2278 2488 3779 2558">
     <span class='ocr_line' id='line_1_71' title="bbox 2278 2488 3779 2558; baseline 0.003 -17"><span class='ocrx_word' id='word_1_432' title='bbox 2278 2488 2472 2542; x_wconf 90' lang='lat' dir='ltr'><strong>Datum</strong></span> <span class='ocrx_word' id='word_1_433' title='bbox 2523 2488 2708 2543; x_wconf 63' lang='lat' dir='ltr'><strong>Romae</strong></span> <span class='ocrx_word' id='word_1_434' title='bbox 2753 2504 2849 2558; x_wconf 88' lang='lat' dir='ltr'><strong>per</strong></span> <span class='ocrx_word' id='word_1_435' title='bbox 2892 2504 3082 2544; x_wconf 89' lang='lat' dir='ltr'><strong>manus</strong></span> <span class='ocrx_word' id='word_1_436' title='bbox 3129 2489 3394 2553; x_wconf 86' lang='lat' dir='ltr'><strong>Joannis,</strong></span> <span class='ocrx_word' id='word_1_437' title='bbox 3448 2501 3651 2547; x_wconf 78' lang='lat' dir='ltr'><strong>sancta:</strong></span> <span class='ocrx_word' id='word_1_438' title='bbox 3688 2492 3779 2545; x_wconf 81' lang='lat' dir='ltr'><strong>Ro-</strong></span> 
     </span>
    </p>
   </div>
   <div class='ocr_carea' id='block_1_71' title="bbox 2210 2579 3775 2653">
    <p class='ocr_par' dir='ltr' id='par_1_71' title="bbox 2210 2579 3775 2653">
     <span class='ocr_line' id='line_1_72' title="bbox 2210 2579 3775 2653; baseline 0.003 -21"><span class='ocrx_word' id='word_1_439' title='bbox 2210 2594 2382 2634; x_wconf 81' lang='lat' dir='ltr'><strong>manae</strong></span> <span class='ocrx_word' id='word_1_440' title='bbox 2414 2579 2668 2634; x_wconf 77' lang='lat' dir='ltr'><strong>Ecclesia:</strong></span> <span class='ocrx_word' id='word_1_441' title='bbox 2691 2580 2905 2635; x_wconf 82' lang='lat' dir='ltr'><strong>diaconi</strong></span> <span class='ocrx_word' id='word_1_442' title='bbox 2934 2582 3225 2635; x_wconf 87' lang='lat' dir='ltr'><strong>cardinalis</strong></span> <span class='ocrx_word' id='word_1_443' title='bbox 3266 2593 3320 2635; x_wconf 90' lang='lat' dir='ltr'><strong>et</strong></span> <span class='ocrx_word' id='word_1_444' title='bbox 3373 2583 3775 2653; x_wconf 81' lang='lat' dir='ltr'><strong>prosignatoris,</strong></span> 
     </span>
    </p>
   </div>
   <div class='ocr_carea' id='block_1_72' title="bbox 2210 2668 3774 2741">
    <p class='ocr_par' dir='ltr' id='par_1_72' title="bbox 2210 2668 3774 2741">
     <span class='ocr_line' id='line_1_73' title="bbox 2210 2668 3774 2741; baseline 0.001 -19"><span class='ocrx_word' id='word_1_445' title='bbox 2210 2668 2503 2724; x_wconf 71' lang='lat' dir='ltr'><strong>Dominica:</strong></span> <span class='ocrx_word' id='word_1_446' title='bbox 2546 2669 2820 2724; x_wconf 88' lang='lat' dir='ltr'><strong>lncarnat.</strong></span> <span class='ocrx_word' id='word_1_447' title='bbox 2864 2670 3153 2725; x_wconf 87' lang='lat' dir='ltr'><strong>millesimo</strong></span> <span class='ocrx_word' id='word_1_448' title='bbox 3198 2673 3576 2741; x_wconf 87' lang='lat' dir='ltr'><strong>octuagesimo</strong></span> <span class='ocrx_word' id='word_1_449' title='bbox 3629 2688 3774 2734; x_wconf 89' lang='lat' dir='ltr'><strong>nono,</strong></span> 
     </span>
    </p>
   </div>
   <div class='ocr_carea' id='block_1_73' title="bbox 2211 2760 3775 2833">
    <p class='ocr_par' dir='ltr' id='par_1_73' title="bbox 2211 2760 3775 2833">
     <span class='ocr_line' id='line_1_74' title="bbox 2211 2760 3775 2833; baseline 0.001 -18"><span class='ocrx_word' id='word_1_450' title='bbox 2211 2762 2397 2816; x_wconf 89' lang='lat' dir='ltr'><strong>indict.</strong></span> <span class='ocrx_word' id='word_1_451' title='bbox 2427 2777 2525 2826; x_wconf 81' lang='lat' dir='ltr'><strong>xu,</strong></span> <span class='ocrx_word' id='word_1_452' title='bbox 2557 2776 2616 2816; x_wconf 90' lang='grc' dir='ltr'><strong>ιιι</strong></span> <span class='ocrx_word' id='word_1_453' title='bbox 2652 2760 2831 2816; x_wconf 91' lang='lat' dir='ltr'><strong>Idibus</strong></span> <span class='ocrx_word' id='word_1_454' title='bbox 2857 2761 3003 2828; x_wconf 83' lang='lat' dir='ltr'><strong>Jan.,</strong></span> <span class='ocrx_word' id='word_1_455' title='bbox 3064 2778 3207 2817; x_wconf 89' lang='lat' dir='ltr'><strong>anno</strong></span> <span class='ocrx_word' id='word_1_456' title='bbox 3229 2763 3586 2833; x_wconf 84' lang='lat' dir='ltr'><strong>pontificatus</strong></span> <span class='ocrx_word' id='word_1_457' title='bbox 3613 2764 3775 2819; x_wconf 86' lang='lat' dir='ltr'><strong>domui</strong></span> 
     </span>
    </p>
   </div>
   <div class='ocr_carea' id='block_1_74' title="bbox 2210 2852 2639 2921">
    <p class='ocr_par' dir='ltr' id='par_1_74' title="bbox 2210 2852 2639 2921">
     <span class='ocr_line' id='line_1_75' title="bbox 2210 2852 2639 2921; baseline -0.005 -14"><span class='ocrx_word' id='word_1_458' title='bbox 2210 2853 2415 2907; x_wconf 86' lang='lat' dir='ltr'><strong>Urbani</strong></span> <span class='ocrx_word' id='word_1_459' title='bbox 2445 2852 2639 2921; x_wconf 91' lang='lat' dir='ltr'><strong>primo.</strong></span> 
     </span>
    </p>
   </div>
   <div class='ocr_carea' id='block_1_75' title="bbox 2933 2966 3068 3020">
    <p class='ocr_par' dir='ltr' id='par_1_75' title="bbox 2933 2966 3068 3020">
     <span class='ocr_line' id='line_1_76' title="bbox 2933 2966 3068 3020; baseline -0.007 0"><span class='ocrx_word' id='word_1_460' title='bbox 2933 2966 3068 3020; x_wconf 80' lang='lat' dir='ltr'><strong>Xlll.</strong></span> 
     </span>
    </p>
   </div>
   <div class='ocr_carea' id='block_1_76' title="bbox 2135 3075 3774 3145">
    <p class='ocr_par' dir='ltr' id='par_1_76' title="bbox 2135 3075 3774 3145">
     <span class='ocr_line' id='line_1_77' title="bbox 2135 3075 3774 3145; baseline 0.002 -15"><span class='ocrx_word' id='word_1_461' title='bbox 2135 3075 2175 3130; x_wconf 93' lang='lat' dir='ltr'>C</span> <span class='ocrx_word' id='word_1_462' title='bbox 2211 3082 2227 3101; x_wconf 79' lang='grc'><strong>⁸</strong></span> <span class='ocrx_word' id='word_1_463' title='bbox 2270 3078 2511 3133; x_wconf 77' lang='lat' dir='ltr'><strong>Urbanus</strong></span> <span class='ocrx_word' id='word_1_464' title='bbox 2548 3079 2609 3133; x_wconf 84' lang='lat' dir='ltr'><strong>Il</strong></span> <span class='ocrx_word' id='word_1_465' title='bbox 2633 3119 2648 3145; x_wconf 95' lang='lat'><strong>,</strong></span> <span class='ocrx_word' id='word_1_466' title='bbox 2717 3083 3031 3135; x_wconf 69' lang='lat' dir='ltr'><strong>monasterio</strong></span> <span class='ocrx_word' id='word_1_467' title='bbox 3092 3080 3150 3134; x_wconf 89' lang='lat' dir='ltr'><strong>S.</strong></span> <span class='ocrx_word' id='word_1_468' title='bbox 3200 3079 3426 3135; x_wconf 74' lang='lat' dir='ltr'><strong>Victoris</strong></span> <span class='ocrx_word' id='word_1_469' title='bbox 3471 3081 3774 3136; x_wconf 70' lang='lat' dir='ltr'><strong>Massiliemi</strong></span> 
     </span>
    </p>
   </div>
   <div class='ocr_carea' id='block_1_77' title="bbox 2778 3150 3209 3203">
    <p class='ocr_par' dir='ltr' id='par_1_77' title="bbox 2778 3150 3209 3203">
     <span class='ocr_line' id='line_1_78' title="bbox 2778 3150 3209 3203; baseline 0 -1"><span class='ocrx_word' id='word_1_470' title='bbox 2778 3150 2971 3203; x_wconf 65' lang='lat' dir='ltr'><strong>bullam</strong></span> <span class='ocrx_word' id='word_1_471' title='bbox 3009 3151 3209 3203; x_wconf 83' lang='lat' dir='ltr'><strong>tribuit.</strong></span> 
     </span>
    </p>
   </div>
   <div class='ocr_carea' id='block_1_78' title="bbox 2721 3241 3207 3310">
    <p class='ocr_par' dir='ltr' id='par_1_78' title="bbox 2721 3241 3207 3310">
     <span class='ocr_line' id='line_1_79' title="bbox 2721 3241 3207 3310; baseline 0 -15"><span class='ocrx_word' id='word_1_472' title='bbox 2721 3273 2723 3276; x_wconf 59' lang='grc'>‹</span> <span class='ocrx_word' id='word_1_473' title='bbox 2777 3242 2975 3300; x_wconf 81' lang='lat' dir='ltr'><strong>(Anno</strong></span> <span class='ocrx_word' id='word_1_474' title='bbox 3012 3241 3207 3310; x_wconf 85' lang='lat' dir='ltr'><strong>l089.)</strong></span> 
     </span>
    </p>
   </div>
   <div class='ocr_carea' id='block_1_79' title="bbox 2207 3328 3768 3400">
    <p class='ocr_par' dir='ltr' id='par_1_79' title="bbox 2207 3328 3768 3400">
     <span class='ocr_line' id='line_1_80' title="bbox 2207 3328 3768 3400; baseline 0 -17"><span class='ocrx_word' id='word_1_475' title='bbox 2207 3328 2381 3399; x_wconf 91' lang='lat' dir='ltr'><strong>[Vide</strong></span> <span class='ocrx_word' id='word_1_476' title='bbox 2418 3329 2693 3386; x_wconf 77' lang='lat' dir='ltr'><strong>MARILLON</strong></span> <span class='ocrx_word' id='word_1_477' title='bbox 2739 3340 2793 3386; x_wconf 87' lang='lat' dir='ltr'><strong>et</strong></span> <span class='ocrx_word' id='word_1_478' title='bbox 2831 3330 3115 3393; x_wconf 61' lang='lat' dir='ltr'><strong>notatam,</strong></span> <span class='ocrx_word' id='word_1_479' title='bbox 3158 3330 3426 3400; x_wconf 75' lang='lat' dir='ltr'><strong>Ouvrages</strong></span> <span class='ocrx_word' id='word_1_480' title='bbox 3468 3332 3768 3400; x_wconf 74' lang='lat' dir='ltr'><strong>postlmum,</strong></span> 
     </span>
    </p>
   </div>
   <div class='ocr_carea' id='block_1_80' title="bbox 2844 3400 3126 3471">
    <p class='ocr_par' dir='ltr' id='par_1_80' title="bbox 2844 3400 3126 3471">
     <span class='ocr_line' id='line_1_81' title="bbox 2844 3400 3126 3471; baseline -0.007 -16"><span class='ocrx_word' id='word_1_481' title='bbox 2844 3402 2937 3464; x_wconf 86' lang='lat' dir='ltr'><strong>ut,</strong></span> <span class='ocrx_word' id='word_1_482' title='bbox 2996 3400 3126 3471; x_wconf 65' lang='grc' dir='ltr'><strong>δι]</strong></span> 
     </span>
    </p>
   </div>
   <div class='ocr_carea' id='block_1_81' title="bbox 2928 3512 3066 3567">
    <p class='ocr_par' dir='ltr' id='par_1_81' title="bbox 2928 3512 3066 3567">
     <span class='ocr_line' id='line_1_82' title="bbox 2928 3512 3066 3567; baseline -0.014 -1"><span class='ocrx_word' id='word_1_483' title='bbox 2928 3512 3066 3567; x_wconf 81' lang='lat' dir='ltr'><strong>XIV.</strong></span> 
     </span>
    </p>
   </div>
   <div class='ocr_carea' id='block_1_82' title="bbox 2207 3598 3767 3673">
    <p class='ocr_par' dir='ltr' id='par_1_82' title="bbox 2207 3598 3767 3673">
     <span class='ocr_line' id='line_1_83' title="bbox 2207 3598 3767 3673; baseline -0.003 -17"><span class='ocrx_word' id='word_1_484' title='bbox 2207 3601 2408 3657; x_wconf 81' lang='lat' dir='ltr'><strong>Urbani</strong></span> <span class='ocrx_word' id='word_1_485' title='bbox 2455 3602 2516 3657; x_wconf 88' lang='lat' dir='ltr'><strong><em>II</em></strong></span> <span class='ocrx_word' id='word_1_486' title='bbox 2573 3603 2789 3673; x_wconf 81' lang='lat' dir='ltr'><strong>epistola</strong></span> <span class='ocrx_word' id='word_1_487' title='bbox 2841 3604 2909 3655; x_wconf 89' lang='lat' dir='ltr'><strong>ad</strong></span> <span class='ocrx_word' id='word_1_488' title='bbox 2974 3601 3290 3671; x_wconf 69' lang='lat' dir='ltr'><strong>Eanfridum</strong></span> <span class='ocrx_word' id='word_1_489' title='bbox 3336 3598 3767 3656; x_wconf 73' lang='lat' dir='ltr'><strong>Constantiensem</strong></span> 
     </span>
    </p>
   </div>
   <div class='ocr_carea' id='block_1_83' title="bbox 2277 3672 3765 3743">
    <p class='ocr_par' dir='ltr' id='par_1_83' title="bbox 2277 3672 3765 3743">
     <span class='ocr_line' id='line_1_84' title="bbox 2277 3672 3765 3743; baseline -0.002 -18"><span class='ocrx_word' id='word_1_490' title='bbox 2277 3672 2690 3741; x_wconf 71' lang='lat' dir='ltr'><strong>epist&#39;Opunt.--</strong></span> <span class='ocrx_word' id='word_1_491' title='bbox 2739 3673 3020 3743; x_wconf 80' lang='lat' dir='ltr'><strong>Perfugam</strong></span> <span class='ocrx_word' id='word_1_492' title='bbox 3071 3690 3098 3725; x_wconf 87' lang='lat' dir='ltr'><strong>e</strong></span> <span class='ocrx_word' id='word_1_493' title='bbox 3152 3673 3473 3725; x_wconf 79' lang='lat' dir='ltr'><strong>monasterio</strong></span> <span class='ocrx_word' id='word_1_494' title='bbox 3520 3672 3765 3740; x_wconf 71' lang='lat' dir='ltr'><strong>Srlmﬂm—</strong></span> 
     </span>
    </p>
   </div>
   <div class='ocr_carea' id='block_1_84' title="bbox 2276 3743 3765 3811">
    <p class='ocr_par' dir='ltr' id='par_1_84' title="bbox 2276 3743 3765 3811">
     <span class='ocr_line' id='line_1_85' title="bbox 2276 3743 3765 3811; baseline -0.001 -16"><span class='ocrx_word' id='word_1_495' title='bbox 2276 3744 2411 3795; x_wconf 75' lang='lat' dir='ltr'><strong>sensi</strong></span> <span class='ocrx_word' id='word_1_496' title='bbox 2438 3744 2589 3795; x_wconf 88' lang='lat' dir='ltr'><strong>tertio</strong></span> <span class='ocrx_word' id='word_1_497' title='bbox 2620 3745 2847 3795; x_wconf 82' lang='lat' dir='ltr'><strong>revocari</strong></span> <span class='ocrx_word' id='word_1_498' title='bbox 2884 3743 3127 3807; x_wconf 83' lang='lat' dir='ltr'><strong>mandat,</strong></span> <span class='ocrx_word' id='word_1_499' title='bbox 3169 3752 3216 3795; x_wconf 86' lang='lat' dir='ltr'><strong>et</strong></span> <span class='ocrx_word' id='word_1_500' title='bbox 3243 3759 3429 3811; x_wconf 81' lang='lat' dir='ltr'><strong>parere</strong></span> <span class='ocrx_word' id='word_1_501' title='bbox 3461 3756 3765 3801; x_wconf 69' lang='lat' dir='ltr'><strong>recusantem</strong></span> 
     </span>
    </p>
   </div>
   <div class='ocr_carea' id='block_1_85' title="bbox 2276 3813 2818 3865">
    <p class='ocr_par' dir='ltr' id='par_1_85' title="bbox 2276 3813 2818 3865">
     <span class='ocr_line' id='line_1_86' title="bbox 2276 3813 2818 3865; baseline 0 -1"><span class='ocrx_word' id='word_1_502' title='bbox 2276 3813 2597 3865; x_wconf 77' lang='lat' dir='ltr'><strong>anet/tentati</strong></span> <span class='ocrx_word' id='word_1_503' title='bbox 2636 3814 2818 3864; x_wconf 84' lang='lat' dir='ltr'><strong>tradit.</strong></span> 
     </span>
    </p>
   </div>
   <div class='ocr_carea' id='block_1_86' title="bbox 2777 3901 3207 3970">
    <p class='ocr_par' dir='ltr' id='par_1_86' title="bbox 2777 3901 3207 3970">
     <span class='ocr_line' id='line_1_87' title="bbox 2777 3901 3207 3970; baseline -0.002 -16"><span class='ocrx_word' id='word_1_504' title='bbox 2777 3902 2972 3970; x_wconf 84' lang='lat' dir='ltr'><strong>(Anno</strong></span> <span class='ocrx_word' id='word_1_505' title='bbox 3005 3901 3157 3956; x_wconf 85' lang='lat' dir='ltr'><strong>l089.</strong></span> <span class='ocrx_word' id='word_1_506' title='bbox 3188 3901 3207 3970; x_wconf 90' lang='lat'><strong>)</strong></span> 
     </span>
    </p>
   </div>
   <div class='ocr_carea' id='block_1_87' title="bbox 2589 3992 3407 4065">
    <p class='ocr_par' dir='ltr' id='par_1_87' title="bbox 2589 3992 3407 4065">
     <span class='ocr_line' id='line_1_88' title="bbox 2589 3992 3407 4065; baseline 0.001 -19"><span class='ocrx_word' id='word_1_507' title='bbox 2589 3993 2823 4065; x_wconf 56' lang='grc' dir='ltr'><strong>[ιιηεη</strong></span> <span class='ocrx_word' id='word_1_508' title='bbox 2853 3994 3053 4047; x_wconf 84' lang='lat' dir='ltr'><strong>Concil.</strong></span> <span class='ocrx_word' id='word_1_509' title='bbox 3091 3993 3206 4059; x_wconf 81' lang='lat' dir='ltr'><strong>xx,</strong></span> <span class='ocrx_word' id='word_1_510' title='bbox 3246 3992 3407 4065; x_wconf 54' lang='grc' dir='ltr'><strong>τοι]</strong></span> 
     </span>
    </p>
   </div>
   <div class='ocr_carea' id='block_1_88' title="bbox 2279 4103 3764 4173">
    <p class='ocr_par' dir='ltr' id='par_1_88' title="bbox 2279 4103 3764 4173">
     <span class='ocr_line' id='line_1_89' title="bbox 2279 4103 3764 4173; baseline -0.004 -14"><span class='ocrx_word' id='word_1_511' title='bbox 2279 4104 2532 4160; x_wconf 67' lang='lat' dir='ltr'><strong>Uunasus</strong></span> <span class='ocrx_word' id='word_1_512' title='bbox 2555 4105 2859 4173; x_wconf 87' lang='lat' dir='ltr'><strong>episcopus,</strong></span> <span class='ocrx_word' id='word_1_513' title='bbox 2902 4118 3095 4158; x_wconf 88' lang='lat' dir='ltr'><strong>servus</strong></span> <span class='ocrx_word' id='word_1_514' title='bbox 3122 4118 3401 4157; x_wconf 88' lang='lat' dir='ltr'><strong>servorum</strong></span> <span class='ocrx_word' id='word_1_515' title='bbox 3442 4104 3562 4167; x_wconf 91' lang='lat' dir='ltr'><strong>Dei,</strong></span> <span class='ocrx_word' id='word_1_516' title='bbox 3590 4103 3764 4157; x_wconf 84' lang='lat' dir='ltr'><strong>dilecto</strong></span> 
     </span>
    </p>
   </div>
   <div class='ocr_carea' id='block_1_89' title="bbox 2211 4193 3761 4264">
    <p class='ocr_par' dir='ltr' id='par_1_89' title="bbox 2211 4193 3761 4264">
     <span class='ocr_line' id='line_1_90' title="bbox 2211 4193 3761 4264; baseline -0.003 -15"><span class='ocrx_word' id='word_1_517' title='bbox 2211 4196 2365 4250; x_wconf 84' lang='lat' dir='ltr'><strong>fratri</strong></span> <span class='ocrx_word' id='word_1_518' title='bbox 2393 4206 2448 4249; x_wconf 92' lang='lat' dir='ltr'><strong>ct</strong></span> <span class='ocrx_word' id='word_1_519' title='bbox 2473 4195 2792 4264; x_wconf 85' lang='lat' dir='ltr'><strong>coepiscopo</strong></span> <span class='ocrx_word' id='word_1_520' title='bbox 2821 4193 3099 4249; x_wconf 73' lang='lat' dir='ltr'><strong>GAUFRIDO</strong></span> <span class='ocrx_word' id='word_1_521' title='bbox 3129 4193 3527 4248; x_wconf 89' lang='lat' dir='ltr'><strong>Constantiensi</strong></span> <span class='ocrx_word' id='word_1_522' title='bbox 3557 4193 3761 4248; x_wconf 83' lang='lat' dir='ltr'><strong>salutem</strong></span> 
     </span>
    </p>
   </div>
   <div class='ocr_carea' id='block_1_90' title="bbox 2209 4286 3134 4355">
    <p class='ocr_par' dir='ltr' id='par_1_90' title="bbox 2209 4286 3134 4355">
     <span class='ocr_line' id='line_1_91' title="bbox 2209 4286 3134 4355; baseline -0.003 -14"><span class='ocrx_word' id='word_1_523' title='bbox 2209 4296 2263 4341; x_wconf 89' lang='lat' dir='ltr'><strong>et</strong></span> <span class='ocrx_word' id='word_1_524' title='bbox 2300 4287 2646 4355; x_wconf 85' lang='lat' dir='ltr'><strong>apostolicam</strong></span> <span class='ocrx_word' id='word_1_525' title='bbox 2688 4286 3134 4340; x_wconf 88' lang='lat' dir='ltr'><strong>benedictionem.</strong></span> 
     </span>
    </p>
   </div>
   <div class='ocr_carea' id='block_1_91' title="bbox 528 4376 3759 4460">
    <p class='ocr_par' dir='ltr' id='par_1_91' title="bbox 528 4376 3759 4460">
     <span class='ocr_line' id='line_1_92' title="bbox 528 4376 3759 4460; baseline -0.002 -27"><span class='ocrx_word' id='word_1_526' title='bbox 528 4378 724 4457; x_wconf 78' lang='lat' dir='ltr'><strong>(salva</strong></span> <span class='ocrx_word' id='word_1_527' title='bbox 783 4384 1213 4437; x_wconf 73' lang='lat' dir='ltr'><strong>dimcesanorum</strong></span> <span class='ocrx_word' id='word_1_528' title='bbox 1265 4384 1444 4439; x_wconf 88' lang='lat' dir='ltr'><strong>debita</strong></span> <span class='ocrx_word' id='word_1_529' title='bbox 1504 4385 1850 4455; x_wconf 87' lang='lat' dir='ltr'><strong>reverentia)</strong></span> <span class='ocrx_word' id='word_1_530' title='bbox 1899 4386 2103 4456; x_wconf 86' lang='lat' dir='ltr'><strong>integra</strong></span> <span class='ocrx_word' id='word_1_531' title='bbox 2138 4408 2180 4460; x_wconf 72' lang='grc' dir='ltr'>υ</span> <span class='ocrx_word' id='word_1_532' title='bbox 2281 4379 2671 4433; x_wconf 88' lang='lat' dir='ltr'><strong>Dilectissimus</strong></span> <span class='ocrx_word' id='word_1_533' title='bbox 2710 4378 2852 4432; x_wconf 84' lang='lat' dir='ltr'><strong>filius</strong></span> <span class='ocrx_word' id='word_1_534' title='bbox 2889 4386 3074 4431; x_wconf 90' lang='lat' dir='ltr'><strong>noster</strong></span> <span class='ocrx_word' id='word_1_535' title='bbox 3116 4376 3181 4429; x_wconf 89' lang='lat' dir='ltr'><strong>N.</strong></span> <span class='ocrx_word' id='word_1_536' title='bbox 3213 4385 3544 4444; x_wconf 86' lang='lat' dir='ltr'><strong>conquestus</strong></span> <span class='ocrx_word' id='word_1_537' title='bbox 3578 4386 3657 4430; x_wconf 79' lang='lat' dir='ltr'><strong>est</strong></span> <span class='ocrx_word' id='word_1_538' title='bbox 3682 4391 3759 4428; x_wconf 82' lang='lat' dir='ltr'><strong>no-</strong></span> 
     </span>
    </p>
   </div>
   <div class='ocr_carea' id='block_1_92' title="bbox 527 4475 2104 4545">
    <p class='ocr_par' dir='ltr' id='par_1_92' title="bbox 527 4475 2104 4545">
     <span class='ocr_line' id='line_1_93' title="bbox 527 4475 2104 4545; baseline 0.003 -22"><span class='ocrx_word' id='word_1_539' title='bbox 527 4475 679 4527; x_wconf 86' lang='lat' dir='ltr'><strong>vobis</strong></span> <span class='ocrx_word' id='word_1_540' title='bbox 713 4475 1017 4543; x_wconf 85' lang='lat' dir='ltr'><strong>vestrisque</strong></span> <span class='ocrx_word' id='word_1_541' title='bbox 1072 4478 1499 4543; x_wconf 87' lang='lat' dir='ltr'><strong>possessoribus,</strong></span> <span class='ocrx_word' id='word_1_542' title='bbox 1551 4487 1604 4530; x_wconf 87' lang='lat' dir='ltr'><strong>et</strong></span> <span class='ocrx_word' id='word_1_543' title='bbox 1650 4477 1852 4530; x_wconf 86' lang='lat' dir='ltr'><strong>illibata</strong></span> <span class='ocrx_word' id='word_1_544' title='bbox 1893 4492 2104 4545; x_wconf 86' lang='lat' dir='ltr'><strong>perma-</strong></span> 
     </span>
    </p>
   </div>
   <div class='ocr_carea' id='block_1_93' title="bbox 526 4565 2103 4637">
    <p class='ocr_par' dir='ltr' id='par_1_93' title="bbox 526 4565 2103 4637">
     <span class='ocr_line' id='line_1_94' title="bbox 526 4565 2103 4637; baseline -0.001 -15"><span class='ocrx_word' id='word_1_545' title='bbox 526 4577 709 4622; x_wconf 83' lang='lat' dir='ltr'><strong>neant.</strong></span> <span class='ocrx_word' id='word_1_546' title='bbox 737 4565 1066 4635; x_wconf 83' lang='lat' dir='ltr'><strong>Adjicientes</strong></span> <span class='ocrx_word' id='word_1_547' title='bbox 1097 4577 1354 4635; x_wconf 65' lang='lat' dir='ltr'><strong>praeterea</strong></span> <span class='ocrx_word' id='word_1_548' title='bbox 1388 4570 1759 4624; x_wconf 85' lang='lat' dir='ltr'><strong>interdicimus</strong></span> <span class='ocrx_word' id='word_1_549' title='bbox 1798 4586 1865 4623; x_wconf 89' lang='lat' dir='ltr'><strong>ne</strong></span> <span class='ocrx_word' id='word_1_550' title='bbox 1910 4570 2103 4637; x_wconf 87' lang='lat' dir='ltr'><strong>aliquis</strong></span> 
     </span>
    </p>
   </div>
   <div class='ocr_carea' id='block_1_94' title="bbox 525 4656 2104 4733">
    <p class='ocr_par' dir='ltr' id='par_1_94' title="bbox 525 4656 2104 4733">
     <span class='ocr_line' id='line_1_95' title="bbox 525 4656 2104 4733; baseline 0.003 -25"><span class='ocrx_word' id='word_1_551' title='bbox 525 4656 800 4733; x_wconf 68' lang='lat' dir='ltr'><strong>smcularis</strong></span> <span class='ocrx_word' id='word_1_552' title='bbox 842 4657 891 4710; x_wconf 89' lang='lat' dir='ltr'><strong>in</strong></span> <span class='ocrx_word' id='word_1_553' title='bbox 931 4658 1330 4728; x_wconf 80' lang='lat' dir='ltr'><strong>parechialibus</strong></span> <span class='ocrx_word' id='word_1_554' title='bbox 1371 4660 1612 4714; x_wconf 87' lang='lat' dir='ltr'><strong>ecclesiis</strong></span> <span class='ocrx_word' id='word_1_555' title='bbox 1666 4661 1861 4714; x_wconf 84' lang='lat' dir='ltr'><strong>vestris</strong></span> <span class='ocrx_word' id='word_1_556' title='bbox 1908 4663 2104 4715; x_wconf 77' lang='lat' dir='ltr'><strong>subs:‘-</strong></span> 
     </span>
    </p>
   </div>
   <div class='ocr_carea' id='block_1_95' title="bbox 528 4747 2099 4817">
    <p class='ocr_par' dir='ltr' id='par_1_95' title="bbox 528 4747 2099 4817">
     <span class='ocr_line' id='line_1_96' title="bbox 528 4747 2099 4817; baseline 0.004 -21"><span class='ocrx_word' id='word_1_557' title='bbox 528 4752 708 4798; x_wconf 88' lang='lat' dir='ltr'><strong>tuatur</strong></span> <span class='ocrx_word' id='word_1_558' title='bbox 741 4747 1044 4817; x_wconf 86' lang='lat' dir='ltr'><strong>presbyter,</strong></span> <span class='ocrx_word' id='word_1_559' title='bbox 1097 4748 1197 4801; x_wconf 83' lang='lat' dir='ltr'><strong>nisi</strong></span> <span class='ocrx_word' id='word_1_560' title='bbox 1244 4749 1334 4817; x_wconf 90' lang='lat' dir='ltr'><strong>qui</strong></span> <span class='ocrx_word' id='word_1_561' title='bbox 1383 4750 1450 4802; x_wconf 87' lang='lat' dir='ltr'><strong>ab</strong></span> <span class='ocrx_word' id='word_1_562' title='bbox 1478 4748 1670 4805; x_wconf 88' lang='lat' dir='ltr'><strong>abbate</strong></span> <span class='ocrx_word' id='word_1_563' title='bbox 1717 4759 1928 4812; x_wconf 88' lang='lat' dir='ltr'><strong>vestro,</strong></span> <span class='ocrx_word' id='word_1_564' title='bbox 1980 4767 2099 4804; x_wconf 90' lang='lat' dir='ltr'><strong>cum</strong></span> 
     </span>
    </p>
   </div>
   <div class='ocr_carea' id='block_1_96' title="bbox 526 4828 2098 4909">
    <p class='ocr_par' dir='ltr' id='par_1_96' title="bbox 526 4828 2098 4909">
     <span class='ocr_line' id='line_1_97' title="bbox 526 4828 2098 4909; baseline 0.004 -22"><span class='ocrx_word' id='word_1_565' title='bbox 526 4848 790 4891; x_wconf 72' lang='lat' dir='ltr'><strong>COIISBIISII</strong></span> <span class='ocrx_word' id='word_1_566' title='bbox 820 4828 1039 4907; x_wconf 88' lang='lat' dir='ltr'><strong>capituli</strong></span> <span class='ocrx_word' id='word_1_567' title='bbox 1070 4840 1232 4893; x_wconf 86' lang='lat' dir='ltr'><strong>vestri</strong></span> <span class='ocrx_word' id='word_1_568' title='bbox 1263 4881 1277 4903; x_wconf 89' lang='lat'><strong>,</strong></span> <span class='ocrx_word' id='word_1_569' title='bbox 1310 4840 1617 4895; x_wconf 75' lang='lat' dir='ltr'><strong>ditecesano</strong></span> <span class='ocrx_word' id='word_1_570' title='bbox 1663 4840 1826 4894; x_wconf 89' lang='lat' dir='ltr'><strong>fuerit</strong></span> <span class='ocrx_word' id='word_1_571' title='bbox 1870 4856 2098 4909; x_wconf 82' lang='lat' dir='ltr'><strong>praesen-</strong></span> 
     </span>
    </p>
   </div>
   <div class='ocr_carea' id='block_1_97' title="bbox 486 4928 2101 4998">
    <p class='ocr_par' dir='ltr' id='par_1_97' title="bbox 486 4928 2101 4998">
     <span class='ocr_line' id='line_1_98' title="bbox 486 4928 2101 4998; baseline 0.005 -22"><span class='ocrx_word' id='word_1_572' title='bbox 486 4948 493 4953; x_wconf 60' lang='grc' dir='ltr'><strong><em>λ</em></strong></span> <span class='ocrx_word' id='word_1_573' title='bbox 530 4931 670 4979; x_wconf 91' lang='lat' dir='ltr'><strong>tatus</strong></span> <span class='ocrx_word' id='word_1_574' title='bbox 704 4928 977 4998; x_wconf 89' lang='lat' dir='ltr'><strong>episcopo.</strong></span> <span class='ocrx_word' id='word_1_575' title='bbox 1017 4930 1182 4983; x_wconf 84' lang='lat' dir='ltr'><strong>Vobis</strong></span> <span class='ocrx_word' id='word_1_576' title='bbox 1226 4940 1403 4983; x_wconf 86' lang='lat' dir='ltr'><strong>autem</strong></span> <span class='ocrx_word' id='word_1_577' title='bbox 1456 4930 1676 4983; x_wconf 79' lang='lat' dir='ltr'><strong>claustri</strong></span> <span class='ocrx_word' id='word_1_578' title='bbox 1727 4930 1889 4984; x_wconf 87' lang='lat' dir='ltr'><strong>vestri</strong></span> <span class='ocrx_word' id='word_1_579' title='bbox 1940 4946 2101 4985; x_wconf 86' lang='lat' dir='ltr'><strong>cano-</strong></span> 
     </span>
    </p>
   </div>
   <div class='ocr_carea' id='block_1_98' title="bbox 528 5010 2099 5085">
    <p class='ocr_par' dir='ltr' id='par_1_98' title="bbox 528 5010 2099 5085">
     <span class='ocr_line' id='line_1_99' title="bbox 528 5010 2099 5085; baseline 0.006 -22"><span class='ocrx_word' id='word_1_580' title='bbox 528 5012 678 5066; x_wconf 89' lang='lat' dir='ltr'><strong>nicos</strong></span> <span class='ocrx_word' id='word_1_581' title='bbox 704 5029 798 5081; x_wconf 88' lang='lat' dir='ltr'><strong>per</strong></span> <span class='ocrx_word' id='word_1_582' title='bbox 837 5010 1177 5085; x_wconf 82' lang='lat' dir='ltr'><strong>parechiales</strong></span> <span class='ocrx_word' id='word_1_583' title='bbox 1209 5020 1468 5074; x_wconf 81' lang='lat' dir='ltr'><strong>ecclesias</strong></span> <span class='ocrx_word' id='word_1_584' title='bbox 1504 5027 1714 5074; x_wconf 87' lang='lat' dir='ltr'><strong>vestras</strong></span> <span class='ocrx_word' id='word_1_585' title='bbox 1762 5019 1918 5073; x_wconf 87' lang='lat' dir='ltr'><strong>liccat</strong></span> <span class='ocrx_word' id='word_1_586' title='bbox 1955 5021 2099 5073; x_wconf 91' lang='lat' dir='ltr'><strong>ordi-</strong></span> 
     </span>
    </p>
   </div>
   <div class='ocr_carea' id='block_1_99' title="bbox 528 5104 2100 5166">
    <p class='ocr_par' dir='ltr' id='par_1_99' title="bbox 528 5104 2100 5166">
     <span class='ocr_line' id='line_1_100' title="bbox 528 5104 2100 5166; baseline 0.007 -12"><span class='ocrx_word' id='word_1_587' title='bbox 528 5118 680 5157; x_wconf 89' lang='lat' dir='ltr'><strong>nare.</strong></span> <span class='ocrx_word' id='word_1_588' title='bbox 717 5104 971 5163; x_wconf 63' lang='lat' dir='ltr'><strong>Praesenti</strong></span> <span class='ocrx_word' id='word_1_589' title='bbox 1002 5112 1163 5165; x_wconf 87' lang='lat' dir='ltr'><strong>etiam</strong></span> <span class='ocrx_word' id='word_1_590' title='bbox 1197 5114 1415 5166; x_wconf 87' lang='lat' dir='ltr'><strong>decreto</strong></span> <span class='ocrx_word' id='word_1_591' title='bbox 1443 5112 1732 5165; x_wconf 85' lang='lat' dir='ltr'><strong>statuimus</strong></span> <span class='ocrx_word' id='word_1_592' title='bbox 1764 5121 1821 5164; x_wconf 84' lang='lat' dir='ltr'><strong>ut</strong></span> <span class='ocrx_word' id='word_1_593' title='bbox 1857 5111 1981 5164; x_wconf 90' lang='lat' dir='ltr'><strong>nulli</strong></span> <span class='ocrx_word' id='word_1_594' title='bbox 2011 5127 2100 5165; x_wconf 85' lang='lat' dir='ltr'><strong>ec-</strong></span> 
     </span>
    </p>
   </div>
   <div class='ocr_carea' id='block_1_100' title="bbox 527 5189 2099 5267">
    <p class='ocr_par' dir='ltr' id='par_1_100' title="bbox 527 5189 2099 5267">
     <span class='ocr_line' id='line_1_101' title="bbox 527 5189 2099 5267; baseline 0.008 -25"><span class='ocrx_word' id='word_1_595' title='bbox 527 5189 813 5245; x_wconf 88' lang='lat' dir='ltr'><strong>clesiastici</strong></span> <span class='ocrx_word' id='word_1_596' title='bbox 841 5197 1045 5252; x_wconf 88' lang='lat' dir='ltr'><strong>ordinis</strong></span> <span class='ocrx_word' id='word_1_597' title='bbox 1071 5215 1339 5267; x_wconf 81' lang='lat' dir='ltr'><strong>personae,</strong></span> <span class='ocrx_word' id='word_1_598' title='bbox 1372 5200 1453 5253; x_wconf 91' lang='lat' dir='ltr'><strong>vel</strong></span> <span class='ocrx_word' id='word_1_599' title='bbox 1487 5215 1515 5253; x_wconf 87' lang='lat' dir='ltr'><strong>a</strong></span> <span class='ocrx_word' id='word_1_600' title='bbox 1545 5200 1713 5263; x_wconf 87' lang='lat' dir='ltr'><strong>vobis,</strong></span> <span class='ocrx_word' id='word_1_601' title='bbox 1742 5198 1905 5253; x_wconf 76' lang='lat' dir='ltr'><strong>vclab</strong></span> <span class='ocrx_word' id='word_1_602' title='bbox 1925 5200 2099 5254; x_wconf 89' lang='lat' dir='ltr'><strong>eccle-</strong></span> 
     </span>
    </p>
   </div>
   <div class='ocr_carea' id='block_1_101' title="bbox 528 5320 2094 5401">
    <p class='ocr_par' dir='ltr' id='par_1_101' title="bbox 528 5320 2094 5401">
     <span class='ocr_line' id='line_1_102' title="bbox 528 5320 2094 5401; baseline 0.007 -28"><span class='ocrx_word' id='word_1_603' title='bbox 528 5320 819 5401; x_wconf 79' lang='lat' dir='ltr'><strong>Mngunt_i_ni</strong></span> <span class='ocrx_word' id='word_1_604' title='bbox 853 5327 1235 5401; x_wconf 74' lang='lat' dir='ltr'><strong>archicpiscom</strong></span> <span class='ocrx_word' id='word_1_605' title='bbox 1266 5332 1531 5386; x_wconf 89' lang='lat' dir='ltr'><strong>demortm</strong></span> <span class='ocrx_word' id='word_1_606' title='bbox 1582 5347 1971 5396; x_wconf 83' lang='lat' dir='ltr'><strong>successorem,</strong></span> <span class='ocrx_word' id='word_1_607' title='bbox 2002 5346 2094 5386; x_wconf 90' lang='lat' dir='ltr'><strong>seu</strong></span> 
     </span>
    </p>
   </div>
   <div class='ocr_carea' id='block_1_102' title="bbox 523 5391 2095 5473">
    <p class='ocr_par' dir='ltr' id='par_1_102' title="bbox 523 5391 2095 5473">
     <span class='ocr_line' id='line_1_103' title="bbox 523 5391 2095 5473; baseline 0.009 -31"><span class='ocrx_word' id='word_1_608' title='bbox 523 5394 703 5473; x_wconf 73' lang='lat' dir='ltr'><strong>potius</strong></span> <span class='ocrx_word' id='word_1_609' title='bbox 734 5391 1053 5473; x_wconf 67' lang='lat' dir='ltr'><strong>Moguntinae</strong></span> <span class='ocrx_word' id='word_1_610' title='bbox 1094 5391 1337 5455; x_wconf 73' lang='lat' dir='ltr'><strong>ecclesia?</strong></span> <span class='ocrx_word' id='word_1_611' title='bbox 1390 5405 1689 5455; x_wconf 86' lang='lat' dir='ltr'><strong>invasorem</strong></span> <span class='ocrx_word' id='word_1_612' title='bbox 1739 5403 1805 5454; x_wconf 90' lang='lat' dir='ltr'><strong>ab</strong></span> <span class='ocrx_word' id='word_1_613' title='bbox 1860 5391 2095 5456; x_wconf 86' lang='lat' dir='ltr'><strong>llenrico</strong></span> 
     </span>
    </p>
   </div>
   <div class='ocr_carea' id='block_1_103' title="bbox 527 5470 2095 5543">
    <p class='ocr_par' dir='ltr' id='par_1_103' title="bbox 527 5470 2095 5543">
     <span class='ocr_line' id='line_1_104' title="bbox 527 5470 2095 5543; baseline 0.006 -29"><span class='ocrx_word' id='word_1_614' title='bbox 527 5476 654 5542; x_wconf 69' lang='lat' dir='ltr'><strong>rege</strong></span> <span class='ocrx_word' id='word_1_615' title='bbox 686 5470 1236 5543; x_wconf 55' lang='lat' dir='ltr'><strong>introsum,nt__patct</strong></span> <span class='ocrx_word' id='word_1_616' title='bbox 1257 5488 1319 5525; x_wconf 81' lang='lat' dir='ltr'><strong>ex</strong></span> <span class='ocrx_word' id='word_1_617' title='bbox 1352 5472 1425 5543; x_wconf 85' lang='lat' dir='ltr'><strong>iis</strong></span> <span class='ocrx_word' id='word_1_618' title='bbox 1455 5487 1574 5540; x_wconf 71' lang='lat' dir='ltr'><strong>qua:</strong></span> <span class='ocrx_word' id='word_1_619' title='bbox 1600 5487 1760 5543; x_wconf 87' lang='lat' dir='ltr'><strong>supra</strong></span> <span class='ocrx_word' id='word_1_620' title='bbox 1801 5472 1943 5525; x_wconf 86' lang='lat' dir='ltr'><strong>dicta</strong></span> <span class='ocrx_word' id='word_1_621' title='bbox 1970 5481 2095 5543; x_wconf 90' lang='lat' dir='ltr'><strong>sunt</strong></span> 
     </span>
    </p>
   </div>
   <div class='ocr_carea' id='block_1_104' title="bbox 527 5534 2095 5611">
    <p class='ocr_par' dir='ltr' id='par_1_104' title="bbox 527 5534 2095 5611">
     <span class='ocr_line' id='line_1_105' title="bbox 527 5534 2095 5611; baseline 0.008 -28"><span class='ocrx_word' id='word_1_622' title='bbox 527 5534 583 5583; x_wconf 85' lang='lat' dir='ltr'><strong>in</strong></span> <span class='ocrx_word' id='word_1_623' title='bbox 611 5534 841 5611; x_wconf 62' lang='lat' dir='ltr'><strong>concilio</strong></span> <span class='ocrx_word' id='word_1_624' title='bbox 870 5534 1451 5611; x_wconf 71' lang='lat' dir='ltr'><strong>_Quintilineburgensi</strong></span> <span class='ocrx_word' id='word_1_625' title='bbox 1473 5534 1586 5595; x_wconf 50' lang='lat' dir='ltr'><strong>&#39;sub</strong></span> <span class='ocrx_word' id='word_1_626' title='bbox 1631 5534 1893 5611; x_wconf 69' lang='lat' dir='ltr'><strong>Gregorio</strong></span> <span class='ocrx_word' id='word_1_627' title='bbox 1918 5542 2095 5611; x_wconf 80' lang='lat' dir='ltr'><strong>septi—</strong></span> 
     </span>
    </p>
   </div>
   <div class='ocr_carea' id='block_1_105' title="bbox 527 5600 2095 5681">
    <p class='ocr_par' dir='ltr' id='par_1_105' title="bbox 527 5600 2095 5681">
     <span class='ocr_line' id='line_1_106' title="bbox 527 5600 2095 5681; baseline 0.008 -31"><span class='ocrx_word' id='word_1_628' title='bbox 527 5600 781 5681; x_wconf 49' lang='lat' dir='ltr'><strong>&quot;NL-N90</strong></span> <span class='ocrx_word' id='word_1_629' title='bbox 832 5606 1010 5659; x_wconf 81' lang='lat' dir='ltr'><strong>obstat</strong></span> <span class='ocrx_word' id='word_1_630' title='bbox 1044 5600 1366 5681; x_wconf 49' lang='lat' dir='ltr'><strong>quodap‘itd</strong></span> <span class='ocrx_word' id='word_1_631' title='bbox 1416 5600 1837 5681; x_wconf 59' lang='lat' dir='ltr'><strong>Urspergenscm</strong></span> <span class='ocrx_word' id='word_1_632' title='bbox 1888 5600 2095 5665; x_wconf 79' lang='lat' dir='ltr'><strong>Wecilo</strong></span> 
     </span>
    </p>
   </div>
   <div class='ocr_carea' id='block_1_106' title="bbox 525 5677 2093 5750">
    <p class='ocr_par' dir='ltr' id='par_1_106' title="bbox 525 5677 2093 5750">
     <span class='ocr_line' id='line_1_107' title="bbox 525 5677 2093 5750; baseline 0.008 -27"><span class='ocrx_word' id='word_1_633' title='bbox 525 5677 854 5739; x_wconf 86' lang='lat' dir='ltr'><strong>nominetur,</strong></span> <span class='ocrx_word' id='word_1_634' title='bbox 903 5677 1367 5748; x_wconf 26' lang='lat' dir='ltr'><strong>quemgUrbanus</strong></span> <span class='ocrx_word' id='word_1_635' title='bbox 1418 5677 1552 5750; x_wconf 81' lang='lat' dir='ltr'><strong>papa</strong></span> <span class='ocrx_word' id='word_1_636' title='bbox 1607 5677 1691 5735; x_wconf 76' lang='lat' dir='ltr'><strong>hic</strong></span> <span class='ocrx_word' id='word_1_637' title='bbox 1732 5680 2093 5737; x_wconf 88' lang='lat' dir='ltr'><strong>Guezelonem</strong></span> 
     </span>
    </p>
   </div>
   <div class='ocr_carea' id='block_1_107' title="bbox 2208 4469 3758 4540">
    <p class='ocr_par' dir='ltr' id='par_1_107' title="bbox 2208 4469 3758 4540">
     <span class='ocr_line' id='line_1_108' title="bbox 2208 4469 3758 4540; baseline -0.003 -16"><span class='ocrx_word' id='word_1_638' title='bbox 2208 4472 2288 4525; x_wconf 90' lang='lat' dir='ltr'><strong>bis</strong></span> <span class='ocrx_word' id='word_1_639' title='bbox 2317 4472 2460 4540; x_wconf 90' lang='lat' dir='ltr'><strong>quod</strong></span> <span class='ocrx_word' id='word_1_640' title='bbox 2498 4472 2715 4539; x_wconf 88' lang='lat' dir='ltr'><strong>quidam</strong></span> <span class='ocrx_word' id='word_1_641' title='bbox 2747 4471 2844 4533; x_wconf 88' lang='lat' dir='ltr'><strong>vir,</strong></span> <span class='ocrx_word' id='word_1_642' title='bbox 2879 4471 3096 4524; x_wconf 91' lang='lat' dir='ltr'><strong>nomine</strong></span> <span class='ocrx_word' id='word_1_643' title='bbox 3126 4469 3214 4533; x_wconf 86' lang='lat' dir='ltr'><strong>N.,</strong></span> <span class='ocrx_word' id='word_1_644' title='bbox 3247 4479 3532 4538; x_wconf 85' lang='lat' dir='ltr'><strong>postquam</strong></span> <span class='ocrx_word' id='word_1_645' title='bbox 3567 4485 3623 4523; x_wconf 88' lang='lat' dir='ltr'><strong>se</strong></span> <span class='ocrx_word' id='word_1_646' title='bbox 3656 4484 3758 4521; x_wconf 77' lang='lat' dir='ltr'><strong>sua-</strong></span> 
     </span>
    </p>
   </div>
   <div class='ocr_carea' id='block_1_108' title="bbox 2204 4558 3756 4630">
    <p class='ocr_par' dir='ltr' id='par_1_108' title="bbox 2204 4558 3756 4630">
     <span class='ocr_line' id='line_1_109' title="bbox 2204 4558 3756 4630; baseline -0.003 -17"><span class='ocrx_word' id='word_1_647' title='bbox 2204 4575 2309 4630; x_wconf 88' lang='lat' dir='ltr'><strong>que</strong></span> <span class='ocrx_word' id='word_1_648' title='bbox 2357 4561 2539 4615; x_wconf 89' lang='lat' dir='ltr'><strong>omnia</strong></span> <span class='ocrx_word' id='word_1_649' title='bbox 2571 4576 2733 4628; x_wconf 91' lang='lat' dir='ltr'><strong>super</strong></span> <span class='ocrx_word' id='word_1_650' title='bbox 2776 4560 2946 4613; x_wconf 86' lang='lat' dir='ltr'><strong>altare</strong></span> <span class='ocrx_word' id='word_1_651' title='bbox 2988 4559 3198 4612; x_wconf 87' lang='lat' dir='ltr'><strong>Domini</strong></span> <span class='ocrx_word' id='word_1_652' title='bbox 3250 4558 3550 4613; x_wconf 88' lang='lat' dir='ltr'><strong>Salvatoris</strong></span> <span class='ocrx_word' id='word_1_653' title='bbox 3584 4568 3635 4613; x_wconf 93' lang='lat' dir='ltr'><strong>et</strong></span> <span class='ocrx_word' id='word_1_654' title='bbox 3662 4574 3756 4611; x_wconf 79' lang='lat' dir='ltr'><strong>oin-</strong></span> 
     </span>
    </p>
   </div>
   <div class='ocr_carea' id='block_1_109' title="bbox 2206 4635 3754 4717">
    <p class='ocr_par' dir='ltr' id='par_1_109' title="bbox 2206 4635 3754 4717">
     <span class='ocr_line' id='line_1_110' title="bbox 2206 4635 3754 4717; baseline -0.005 -11"><span class='ocrx_word' id='word_1_655' title='bbox 2206 4635 2350 4707; x_wconf 90' lang='lat' dir='ltr'><strong>nium</strong></span> <span class='ocrx_word' id='word_1_656' title='bbox 2380 4663 2688 4707; x_wconf 83' lang='lat' dir='ltr'><strong>sanctorum</strong></span> <span class='ocrx_word' id='word_1_657' title='bbox 2724 4653 2775 4704; x_wconf 92' lang='lat' dir='ltr'><strong>in</strong></span> <span class='ocrx_word' id='word_1_658' title='bbox 2811 4651 3153 4705; x_wconf 81' lang='lat' dir='ltr'><strong>Sehallinsen</strong></span> <span class='ocrx_word' id='word_1_659' title='bbox 3182 4649 3485 4717; x_wconf 86' lang='lat' dir='ltr'><strong>obtulerat,</strong></span> <span class='ocrx_word' id='word_1_660' title='bbox 3522 4651 3754 4703; x_wconf 85' lang='lat' dir='ltr'><strong>instinctu</strong></span> 
     </span>
    </p>
   </div>
   <div class='ocr_carea' id='block_1_110' title="bbox 2203 4738 3755 4813">
    <p class='ocr_par' dir='ltr' id='par_1_110' title="bbox 2203 4738 3755 4813">
     <span class='ocr_line' id='line_1_111' title="bbox 2203 4738 3755 4813; baseline -0.005 -16"><span class='ocrx_word' id='word_1_661' title='bbox 2203 4743 2402 4798; x_wconf 87' lang='lat' dir='ltr'><strong>diaboli</strong></span> <span class='ocrx_word' id='word_1_662' title='bbox 2435 4744 2790 4813; x_wconf 86' lang='lat' dir='ltr'><strong>apostatando</strong></span> <span class='ocrx_word' id='word_1_663' title='bbox 2815 4757 2871 4796; x_wconf 91' lang='lat' dir='ltr'><strong>se</strong></span> <span class='ocrx_word' id='word_1_664' title='bbox 2900 4756 3105 4809; x_wconf 87' lang='lat' dir='ltr'><strong>suaque</strong></span> <span class='ocrx_word' id='word_1_665' title='bbox 3138 4741 3206 4794; x_wconf 90' lang='lat' dir='ltr'><strong>ab</strong></span> <span class='ocrx_word' id='word_1_666' title='bbox 3232 4741 3420 4794; x_wconf 86' lang='lat' dir='ltr'><strong>eodem</strong></span> <span class='ocrx_word' id='word_1_667' title='bbox 3451 4738 3755 4794; x_wconf 83' lang='lat' dir='ltr'><strong>monasterio</strong></span> 
     </span>
    </p>
   </div>
   <div class='ocr_carea' id='block_1_111' title="bbox 2203 4818 3753 4903">
    <p class='ocr_par' dir='ltr' id='par_1_111' title="bbox 2203 4818 3753 4903">
     <span class='ocr_line' id='line_1_112' title="bbox 2203 4818 3753 4903; baseline -0.004 -15"><span class='ocrx_word' id='word_1_668' title='bbox 2203 4818 2446 4888; x_wconf 85' lang='lat' dir='ltr'><strong>alienare</strong></span> <span class='ocrx_word' id='word_1_669' title='bbox 2476 4834 2895 4903; x_wconf 67' lang='lat' dir='ltr'><strong>praesumpserit.</strong></span> <span class='ocrx_word' id='word_1_670' title='bbox 2929 4831 3186 4886; x_wconf 83' lang='lat' dir='ltr'><strong>Volumus</strong></span> <span class='ocrx_word' id='word_1_671' title='bbox 3219 4846 3367 4900; x_wconf 80' lang='lat' dir='ltr'><strong>ergo,</strong></span> <span class='ocrx_word' id='word_1_672' title='bbox 3405 4840 3618 4900; x_wconf 67' lang='lat' dir='ltr'><strong>tuaeque</strong></span> <span class='ocrx_word' id='word_1_673' title='bbox 3648 4830 3753 4884; x_wconf 86' lang='lat' dir='ltr'><strong>cha-</strong></span> 
     </span>
    </p>
   </div>
   <div class='ocr_carea' id='block_1_112' title="bbox 2205 4912 3749 4992">
    <p class='ocr_par' dir='ltr' id='par_1_112' title="bbox 2205 4912 3749 4992">
     <span class='ocr_line' id='line_1_113' title="bbox 2205 4912 3749 4992; baseline -0.005 -15"><span class='ocrx_word' id='word_1_674' title='bbox 2205 4912 2353 4977; x_wconf 89' lang='lat' dir='ltr'><strong>ritati</strong></span> <span class='ocrx_word' id='word_1_675' title='bbox 2398 4922 2722 4992; x_wconf 85' lang='lat' dir='ltr'><strong>injuugimus</strong></span> <span class='ocrx_word' id='word_1_676' title='bbox 2754 4963 2768 4988; x_wconf 91' lang='lat'><strong>,</strong></span> <span class='ocrx_word' id='word_1_677' title='bbox 2830 4930 2888 4974; x_wconf 90' lang='lat' dir='ltr'><strong>ut</strong></span> <span class='ocrx_word' id='word_1_678' title='bbox 2941 4921 3186 4976; x_wconf 90' lang='lat' dir='ltr'><strong>eumdem</strong></span> <span class='ocrx_word' id='word_1_679' title='bbox 3251 4921 3428 4973; x_wconf 91' lang='lat' dir='ltr'><strong>virum</strong></span> <span class='ocrx_word' id='word_1_680' title='bbox 3480 4919 3749 4974; x_wconf 88' lang='lat' dir='ltr'><strong>secundum</strong></span> 
     </span>
    </p>
   </div>
   <div class='ocr_carea' id='block_1_113' title="bbox 2200 5015 3750 5086">
    <p class='ocr_par' dir='ltr' id='par_1_113' title="bbox 2200 5015 3750 5086">
     <span class='ocr_line' id='line_1_114' title="bbox 2200 5015 3750 5086; baseline -0.005 -15"><span class='ocrx_word' id='word_1_681' title='bbox 2200 5017 2565 5086; x_wconf 86' lang='lat' dir='ltr'><strong>evangelicam</strong></span> <span class='ocrx_word' id='word_1_682' title='bbox 2596 5017 2972 5071; x_wconf 88' lang='lat' dir='ltr'><strong>auctoritatem</strong></span> <span class='ocrx_word' id='word_1_683' title='bbox 3021 5015 3256 5070; x_wconf 87' lang='lat' dir='ltr'><strong>secundo</strong></span> <span class='ocrx_word' id='word_1_684' title='bbox 3301 5021 3356 5068; x_wconf 91' lang='lat' dir='ltr'><strong>et</strong></span> <span class='ocrx_word' id='word_1_685' title='bbox 3406 5016 3566 5068; x_wconf 90' lang='lat' dir='ltr'><strong>tertio</strong></span> <span class='ocrx_word' id='word_1_686' title='bbox 3601 5021 3750 5067; x_wconf 86' lang='lat' dir='ltr'><strong>cano-</strong></span> 
     </span>
    </p>
   </div>
   <div class='ocr_carea' id='block_1_114' title="bbox 2202 5101 3746 5173">
    <p class='ocr_par' dir='ltr' id='par_1_114' title="bbox 2202 5101 3746 5173">
     <span class='ocr_line' id='line_1_115' title="bbox 2202 5101 3746 5173; baseline -0.006 -13"><span class='ocrx_word' id='word_1_687' title='bbox 2202 5107 2320 5161; x_wconf 90' lang='lat' dir='ltr'><strong>nice</strong></span> <span class='ocrx_word' id='word_1_688' title='bbox 2342 5117 2401 5161; x_wconf 89' lang='lat' dir='ltr'><strong>ut</strong></span> <span class='ocrx_word' id='word_1_689' title='bbox 2434 5116 2736 5162; x_wconf 87' lang='lat' dir='ltr'><strong>revertatur</strong></span> <span class='ocrx_word' id='word_1_690' title='bbox 2762 5120 3129 5161; x_wconf 83' lang='lat' dir='ltr'><strong>cetnmoneas.</strong></span> <span class='ocrx_word' id='word_1_691' title='bbox 3164 5105 3220 5158; x_wconf 91' lang='lat' dir='ltr'><strong>Si</strong></span> <span class='ocrx_word' id='word_1_692' title='bbox 3263 5118 3415 5169; x_wconf 84' lang='lat' dir='ltr'><strong>vero,</strong></span> <span class='ocrx_word' id='word_1_693' title='bbox 3444 5105 3585 5173; x_wconf 87' lang='lat' dir='ltr'><strong>quod</strong></span> <span class='ocrx_word' id='word_1_694' title='bbox 3610 5101 3746 5161; x_wconf 81' lang='lat' dir='ltr'><strong>absit,</strong></span> 
     </span>
    </p>
   </div>
   <div class='ocr_carea' id='block_1_115' title="bbox 2200 5188 3744 5268">
    <p class='ocr_par' dir='ltr' id='par_1_115' title="bbox 2200 5188 3744 5268">
     <span class='ocr_line' id='line_1_116' title="bbox 2200 5188 3744 5268; baseline -0.008 -13"><span class='ocrx_word' id='word_1_695' title='bbox 2200 5202 2252 5255; x_wconf 92' lang='lat' dir='ltr'><strong>in</strong></span> <span class='ocrx_word' id='word_1_696' title='bbox 2285 5201 2551 5257; x_wconf 80' lang='lat' dir='ltr'><strong>pravitate</strong></span> <span class='ocrx_word' id='word_1_697' title='bbox 2590 5215 2683 5253; x_wconf 88' lang='lat' dir='ltr'><strong>sua</strong></span> <span class='ocrx_word' id='word_1_698' title='bbox 2717 5198 3011 5268; x_wconf 71' lang='lat' dir='ltr'><strong>persdterit</strong></span> <span class='ocrx_word' id='word_1_699' title='bbox 3037 5237 3051 5262; x_wconf 93' lang='lat'><strong>,</strong></span> <span class='ocrx_word' id='word_1_700' title='bbox 3102 5206 3157 5251; x_wconf 94' lang='lat' dir='ltr'><strong>tu</strong></span> <span class='ocrx_word' id='word_1_701' title='bbox 3201 5197 3253 5251; x_wconf 92' lang='lat' dir='ltr'><strong>in</strong></span> <span class='ocrx_word' id='word_1_702' title='bbox 3299 5205 3551 5265; x_wconf 88' lang='lat' dir='ltr'><strong>promptu</strong></span> <span class='ocrx_word' id='word_1_703' title='bbox 3587 5188 3744 5247; x_wconf 84' lang='lat' dir='ltr'><strong>ulcisci</strong></span> 
     </span>
    </p>
   </div>
   <div class='ocr_carea' id='block_1_116' title="bbox 2198 5322 3741 5401">
    <p class='ocr_par' dir='ltr' id='par_1_116' title="bbox 2198 5322 3741 5401">
     <span class='ocr_line' id='line_1_117' title="bbox 2198 5322 3741 5401; baseline -0.008 -15"><span class='ocrx_word' id='word_1_704' title='bbox 2198 5331 2431 5401; x_wconf 82' lang='lat' dir='ltr'><strong>appellat</strong></span> <span class='ocrx_word' id='word_1_705' title='bbox 2462 5349 2473 5383; x_wconf 94' lang='lat'><strong>:</strong></span> <span class='ocrx_word' id='word_1_706' title='bbox 2508 5345 2630 5383; x_wconf 89' lang='lat' dir='ltr'><strong>nam</strong></span> <span class='ocrx_word' id='word_1_707' title='bbox 2683 5329 2948 5383; x_wconf 88' lang='lat' dir='ltr'><strong>familiare</strong></span> <span class='ocrx_word' id='word_1_708' title='bbox 2985 5338 3069 5401; x_wconf 85' lang='lat' dir='ltr'><strong>est</strong></span> <span class='ocrx_word' id='word_1_709' title='bbox 3093 5328 3261 5383; x_wconf 86' lang='lat' dir='ltr'><strong>Gallis</strong></span> <span class='ocrx_word' id='word_1_710' title='bbox 3291 5327 3517 5401; x_wconf 76' lang='lat' dir='ltr'><strong>aliisque</strong></span> <span class='ocrx_word' id='word_1_711' title='bbox 3540 5322 3741 5379; x_wconf 89' lang='lat' dir='ltr'><strong>nationi-</strong></span> 
     </span>
    </p>
   </div>
   <div class='ocr_carea' id='block_1_117' title="bbox 2199 5397 3740 5470">
    <p class='ocr_par' dir='ltr' id='par_1_117' title="bbox 2199 5397 3740 5470">
     <span class='ocr_line' id='line_1_118' title="bbox 2199 5397 3740 5470; baseline -0.011 -13"><span class='ocrx_word' id='word_1_712' title='bbox 2199 5397 2299 5457; x_wconf 73' lang='lat' dir='ltr'><strong>bus</strong></span> <span class='ocrx_word' id='word_1_713' title='bbox 2331 5412 2386 5455; x_wconf 89' lang='lat' dir='ltr'><strong>ut</strong></span> <span class='ocrx_word' id='word_1_714' title='bbox 2420 5402 2633 5455; x_wconf 87' lang='lat' dir='ltr'><strong>nomina</strong></span> <span class='ocrx_word' id='word_1_715' title='bbox 2674 5401 2853 5453; x_wconf 89' lang='lat' dir='ltr'><strong>omnia</strong></span> <span class='ocrx_word' id='word_1_716' title='bbox 2888 5400 3123 5468; x_wconf 86' lang='lat' dir='ltr'><strong>propria,</strong></span> <span class='ocrx_word' id='word_1_717' title='bbox 3148 5414 3267 5470; x_wconf 77' lang='lat' dir='ltr'><strong>qua:</strong></span> <span class='ocrx_word' id='word_1_718' title='bbox 3297 5397 3740 5470; x_wconf 44' lang='lat' dir='ltr'><strong>apudnGermanos</strong></span> 
     </span>
    </p>
   </div>
   <div class='ocr_carea' id='block_1_118' title="bbox 2197 5466 3740 5540">
    <p class='ocr_par' dir='ltr' id='par_1_118' title="bbox 2197 5466 3740 5540">
     <span class='ocr_line' id='line_1_119' title="bbox 2197 5466 3740 5540; baseline -0.008 -14"><span class='ocrx_word' id='word_1_719' title='bbox 2197 5472 2505 5526; x_wconf 89' lang='lat' dir='ltr'><strong>scribuntur</strong></span> <span class='ocrx_word' id='word_1_720' title='bbox 2538 5472 2588 5525; x_wconf 89' lang='lat' dir='ltr'><strong>in</strong></span> <span class='ocrx_word' id='word_1_721' title='bbox 2628 5466 2899 5540; x_wconf 64' lang='lat' dir='ltr'><strong>principio</strong></span> <span class='ocrx_word' id='word_1_722' title='bbox 2950 5466 3045 5537; x_wconf 82' lang='lat' dir='ltr'><strong>per</strong></span> <span class='ocrx_word' id='word_1_723' title='bbox 3084 5466 3356 5540; x_wconf 87' lang='lat' dir='ltr'><strong>geminum</strong></span> <span class='ocrx_word' id='word_1_724' title='bbox 3407 5466 3495 5529; x_wconf 83' lang='lat' dir='ltr'><strong>W,</strong></span> <span class='ocrx_word' id='word_1_725' title='bbox 3524 5467 3616 5534; x_wconf 89' lang='lat' dir='ltr'><strong>ipsi</strong></span> <span class='ocrx_word' id='word_1_726' title='bbox 3638 5466 3740 5540; x_wconf 70' lang='lat' dir='ltr'><strong>pri-</strong></span> 
     </span>
    </p>
   </div>
   <div class='ocr_carea' id='block_1_119' title="bbox 2197 5533 3737 5606">
    <p class='ocr_par' dir='ltr' id='par_1_119' title="bbox 2197 5533 3737 5606">
     <span class='ocr_line' id='line_1_120' title="bbox 2197 5533 3737 5606; baseline -0.008 -11"><span class='ocrx_word' id='word_1_727' title='bbox 2197 5557 2338 5595; x_wconf 88' lang='lat' dir='ltr'><strong>mam</strong></span> <span class='ocrx_word' id='word_1_728' title='bbox 2371 5541 2603 5594; x_wconf 81' lang='lat' dir='ltr'><strong>litteram</strong></span> <span class='ocrx_word' id='word_1_729' title='bbox 2629 5533 2691 5593; x_wconf 75' lang='grc' dir='ltr'><strong>’ν</strong></span> <span class='ocrx_word' id='word_1_730' title='bbox 2728 5540 2779 5592; x_wconf 80' lang='grc' dir='ltr'><strong>ιιι</strong></span> <span class='ocrx_word' id='word_1_731' title='bbox 2807 5533 2859 5592; x_wconf 69' lang='grc' dir='ltr'><strong>Ὀ</strong></span> <span class='ocrx_word' id='word_1_732' title='bbox 2891 5533 3229 5596; x_wconf 70' lang='grc' dir='ltr'><strong>σοιινθιοῖειιιῑ,</strong></span> <span class='ocrx_word' id='word_1_733' title='bbox 3253 5539 3493 5605; x_wconf 84' lang='lat' dir='ltr'><strong>adeoque</strong></span> <span class='ocrx_word' id='word_1_734' title='bbox 3518 5533 3610 5606; x_wconf 83' lang='lat' dir='ltr'><strong>pro</strong></span> <span class='ocrx_word' id='word_1_735' title='bbox 3638 5533 3737 5585; x_wconf 70' lang='grc' dir='ltr'>ιιεο</span> 
     </span>
    </p>
   </div>
   <div class='ocr_carea' id='block_1_120' title="bbox 2196 5606 3443 5681">
    <p class='ocr_par' dir='ltr' id='par_1_120' title="bbox 2196 5606 3443 5681">
     <span class='ocr_line' id='line_1_121' title="bbox 2196 5606 3443 5681; baseline -0.005 -17"><span class='ocrx_word' id='word_1_736' title='bbox 2196 5611 2383 5667; x_wconf 80' lang='lat' dir='ltr'><strong>zelone</strong></span> <span class='ocrx_word' id='word_1_737' title='bbox 2414 5612 2670 5681; x_wconf 86' lang='lat' dir='ltr'><strong>scriptum</strong></span> <span class='ocrx_word' id='word_1_738' title='bbox 2696 5610 2856 5665; x_wconf 81' lang='lat' dir='ltr'><strong>fuerit</strong></span> <span class='ocrx_word' id='word_1_739' title='bbox 2884 5608 3136 5665; x_wconf 81' lang='lat' dir='ltr'><strong>Guezelo.</strong></span> <span class='ocrx_word' id='word_1_740' title='bbox 3166 5608 3291 5661; x_wconf 65' lang='grc' dir='ltr'><strong>δεῖν.</strong></span> <span class='ocrx_word' id='word_1_741' title='bbox 3324 5606 3443 5659; x_wconf 72' lang='lat' dir='ltr'><strong>BIN.</strong></span> 
     </span>
    </p>
   </div>
  </div>
