3892 6320
564 330 671 385 299

566 452 837 500 annuente
895 441 1141 505 Domino,
1171 440 1402 510 legatum
1453 441 1599 497 sedis
1630 441 1942 525 apostolica:
1975 441 2146 497 susci-
2174 448 2223 501 Α

564 552 696 607 pere
731 533 974 588 valeatis.
1008 531 1116 587 Vos
1163 531 1253 599 qui
1294 530 1386 586 Dei
1417 531 1534 587 zelo
1587 531 1823 598 fervetis,
1849 541 1903 587 et
1930 532 2154 587 scicntia

567 628 921 695 doctrinaque
956 622 1287 694 prmcellitis,
1338 624 1487 679 onrni
1517 640 1648 679 cura
1698 633 1861 694 atque
1890 624 2154 680 sollicitu-

566 720 692 773 dine
742 714 1065 769 utilitatibus
1136 713 1527 771 ecclesiasticis
1576 715 1867 780 insudate,
1919 716 2157 770 scientes

565 809 819 880 quoniam
851 816 905 861 et
943 821 1043 860 nos
1074 805 1126 859 in
1154 805 1284 875 ipsis
1311 808 1507 861 vestris
1554 806 1882 861 utilitatibus
1913 805 2156 859 libentis-

564 902 699 955 sime
738 914 1042 954 arrnuemus
1074 915 1087 950 :
1120 897 1331 953 labores
1378 908 1560 953 autem
1611 898 1867 954 Romana:
1896 897 2156 952 Ecclesia:

563 992 989 1056 communicare,
1018 1006 1218 1060 eosque
1245 993 1366 1061 opis
1405 1000 1599 1046 vestra:
1638 991 1838 1045 auxilio
1866 991 2155 1045 sublevare

565 1076 711 1137 nullo
743 1085 904 1136 modo
959 1082 1097 1153 pigri
1136 1083 1273 1137 sitis.
1328 1082 1768 1139 Benedictionum
1804 1098 2026 1138 suarrrrn
2059 1098 2155 1138 vos

562 1176 907 1244 omnipotens
959 1173 1099 1229 Deus
1166 1176 1413 1229 ubertate
1469 1174 1790 1244 perfundat,
1857 1174 2154 1229 incolumes

565 1267 860 1328 custodiat,
892 1277 945 1321 et
974 1269 1039 1320 ad
1072 1268 1233 1321 vitam
1263 1268 1521 1337 perducat
1558 1277 1835 1323 aeternam.

642 1357 760 1409 Dat.
811 1357 995 1411 Roma:
1026 1373 1112 1410 xrv
1146 1357 1375 1411 Kalend.
1424 1358 1569 1423 Maii,
1594 1374 1734 1415 anno
1774 1360 1841 1413 ab
1880 1359 2149 1413 Incarrrat.

565 1446 779 1501 Domini
814 1446 987 1500 nostri
1027 1446 1151 1501 .Iesu
1191 1445 1392 1503 Christi
1428 1448 1580 1504 1089.

1294 1558 1432 1615 XVI.

564 1647 767 1703 Urbani
812 1648 866 1701 Il
901 1649 1119 1714 cpistola
1165 1650 1234 1702 ad
1277 1650 1541 1719 episcenos
1585 1648 1993 1704 Cerumuirc.—-
2036 1648 2149 1704 Illis

634 1721 830 1799 indicat
879 1736 973 1790 pro
1023 1722 1489 1774 excommunicatis
1526 1722 1613 1792 qui
1641 1724 1874 1776 homines
1927 1722 2152 1776 habendi

634 1801 759 1843 ειιιι.

1153 1883 1334 1953 (Anno
1368 1882 1555 1953 1089.)

961 1972 1187 2045 {Maxsn
1222 1974 1423 2029 Concil.
1459 1975 1576 2041 XX,
1612 1978 1752 2049 7I9.)

620 2065 887 2122 'Unsasus
910 2067 1219 2135 episcopus,
1248 2081 1443 2121 servus
1472 2083 1752 2123 servorum
1794 2068 1904 2123 Dei.
1939 2069 2147 2137 episco-

560 2157 645 2228 pis
672 2156 980 2211 Germaniae
1022 2160 1074 2209 in
1111 2158 1322 2213 unitate
1365 2158 1619 2214 Ecclesiae
1668 2160 1975 2215 constitutis
2000 2161 2147 2216 salu-

563 2258 670 2303 tem
697 2258 753 2301 et
778 2247 1127 2317 apostolicam
1148 2247 1611 2303 benedictionem.

624 2338 886 2395 Fratrum
920 2348 1225 2392 nostrorum
1258 2341 1657 2395 mrrrrutrnicato
1683 2342 2151 2414 concilio,diuque

560 2430 1141 2485 excomnnmicationis
1185 2431 1483 2499 quaestione
1518 2441 1777 2493 tractata.
1812 2434 1983 2488 sancti
2016 2449 2152 2504 pra:-

561 2526 868 2582 deeessoris
905 2526 1072 2579 nostri
1104 2524 1351 2596 Gregorii
1383 2527 1710 2580 sententiam
1744 2527 2148 2592 ronﬁrmantes,

564 2621 637 2675 ita
687 2635 808 2674 eam
838 2618 1067 2674 Domino
1108 2619 1404 2690 inspirante
1429 2619 1935 2674 determinavimus.
1964 2620 2150 2675 Primo

559 2711 823 2782 siquidem
886 2709 1054 2778 gradu
1104 2709 1472 2765 Ravennatem
1532 2710 1995 2775 bzeresiarcbam,
2043 2709 2151 2763 Ro-

563 2817 739 2855 mana:
769 2799 1021 2854 Ecclesiae
1074 2799 1404 2864 inrasorem,
1448 2814 1573 2853 (rum
1604 2800 1847 2870 ejusdem
1874 2801 2149 2869 perversi-

561 2893 689 2946 tatis
720 2891 895 2961 rapite
924 2892 992 2945 ab
1010 2890 1262 2945 omnibus
1292 2889 1548 2944 Ecclesia:
1575 2890 1858 2945 Catholica:
1890 2891 2152 2947 membris

559 2982 793 3037 alienum
848 2991 900 3035 et
946 2982 1476 3036 excornnmnieatunr
1524 2998 1645 3039 esse
1702 2998 2020 3049 censemus;
2059 3000 2149 3039 se-

560 3076 741 3129 cundo
792 3074 883 3143 qui
934 3074 1123 3135 armis,
1185 3074 1432 3144 pecrmia,
1459 3075 1691 3130 consilio
1719 3088 1814 3132 aut
1840 3077 2147 3132 obedientia

558 3166 964 3220 ecclesiasticos
1001 3172 1234 3219 maxime
1287 3166 1508 3220 ordines
1558 3176 1651 3220 aut
1694 3167 1933 3221 honores
1967 3167 2044 3221 ab
2070 3167 2149 3221 eis
2177 3161 2218 3219 C

559 3268 652 3312 aut
709 3273 898 3313 eorrrnr
936 3257 1243 3311 fautoribus
1292 3258 1609 3328 accipiendo
1659 3274 1844 3312 corrrrrr
1893 3259 2150 3328 nequitia:

556 3346 947 3401 adminiculum
983 3346 1395 3401 subministrant
1425 3365 1438 3401 :
1466 3348 1564 3403 Iros
1591 3348 1755 3419 igitur
1784 3349 2153 3419 principaliter

554 3438 922 3492 anatlrematis
959 3436 1189 3491 vinculis
1239 3438 1623 3507 astrirrgentes,
1678 3437 1730 3494 in
1786 3441 1945 3495 tertio
1976 3444 2149 3510 gradu

550 3528 1023 3584 communicantes
1046 3530 1127 3582 eis
1158 3543 1255 3583 nos
1297 3529 1517 3598 quidem
1558 3545 1664 3584 non
1697 3531 2145 3588 excommunicao

551 3635 698 3684 ntus,
744 3621 838 3674 sed
885 3622 976 3691 qui
1016 3635 1073 3674 se
1099 3636 1288 3675 eorunr
1320 3624 1705 3677 communione
1752 3626 2149 3680 tonrmacula'ut

549 3724 900 3780 nequaquam
943 3712 995 3765 in
1049 3722 1291 3773 nostram
1334 3714 1647 3768 societaterrr
1674 3715 2148 3785 sinepmnitentim

554 3797 763 3852 ultione
814 3809 870 3854 et
920 3800 1264 3855 absolutione
1320 3803 1633 3871 recipimus.
1692 3804 1909 3860 Sanctis
1949 3808 2147 3877 quippe

552 3892 862 3946 canonibns
903 3894 1173 3947 sancitum
1214 3905 1431 3949 constat
1462 3905 1520 3949 ut
1542 3899 1630 3966 qui
1662 3902 2146 3957 exeomrnuaicatis

552 3985 1077 4049 eorrrmmricaverit,
1137 3988 1661 4043 evcommuuicetur.
1727 3990 1900 4060 Ipsius
1966 4003 2144 4048 tarncu

555 4074 888 4144 poenitentiae
936 4086 989 4130 et
1041 4076 1399 4133 absolutionis
1446 4080 1633 4134 modos
1679 4096 1742 4134 ea
1775 4082 2145 4138 moderatio..e

556 4166 932 4231 discrevimus,
968 4177 1019 4222 ut
1044 4170 1288 4238 quisquis
1319 4187 1412 4224 seu
1450 4171 1772 4240 ignorantia,
1805 4190 1899 4229 seu
1929 4176 2142 4239 timore.

555 4271 651 4310 seu
683 4259 1008 4313 necessitate
1037 4261 1236 4330 negotii
1279 4260 1541 4332 cujusque
1580 4264 1801 4319 maximi
1828 4276 1880 4320 et
1910 4269 2143 4322 maxime

554 4347 850 4402 necessarii
877 4363 1064 4402 eorum
1100 4365 1159 4403 se
1205 4353 1483 4417 convictu,
1520 4353 1865 4419 salutatione,
1896 4358 2143 4412 oratione

555 4441 636 4494 vel
668 4439 857 4495 osculo
887 4443 1359 4508 contaminavcrit,
1399 4462 1523 4500 cum
1554 4448 1779 4503 minoris
1808 4450 2141 4519 paenitentia:

551 4533 1022 4603 absolutionisque
1051 4537 1316 4590 medicina
1365 4549 1565 4593 nostra:
1606 4541 1881 4596 societatis
1920 4545 2092 4611 partic
2116 4565 2141 4585 ‘-
2175 4524 2217 4581 D

551 4625 701 4693 pium
753 4626 1035 4679 sortiatur.
1087 4625 1191 4679 Eos
1227 4642 1355 4682 vero
1393 4629 1482 4697 qui
1526 4641 1825 4699 spontanee
1856 4643 1943 4686 aut
1978 4634 2138 4702 negli-

551 4725 742 4784 genter
784 4716 1033 4771 inciderit
1074 4717 1174 4771 sub
1202 4734 1289 4782 ea,
1324 4718 1573 4774 nolumus
1605 4721 1903 4790 disciplina:
1929 4724 2134 4778 merci-

552 4809 700 4863 tione
726 4810 927 4881 suscipi
954 4819 1008 4865 ut
1035 4811 1245 4865 ca'tcris
1268 4822 1443 4867 metus
1478 4815 1597 4868 iucu
1628 4815 1789 4870 iatur.

1268 4904 1428 4960 XVII.

552 4986 753 5068 Urbani
791 4994 1049 5068 popae"
1103 4995 1246 5068 bulla
1274 5012 1368 5068 pro
1408 4999 1673 5068 canonicis
1714 5000 2037 5068 regularibus
2074 5000 2131 5056 S.

620 5062 906 5139 {Iugustini
949 5066 1002 5119 in
1052 5062 1282 5139 εωιιυριό
1323 5066 1380 5120 S.
1421 5067 1645 5122 .Iommis
1703 5062 2061 5139 ΙῖἱῦἰροιΙειιδὶδ
2102 5092 2133 5126 ιι

620 5131 938 5203 Bcrengorio
961 5136 1187 5206 pra'sule
1213 5136 1485 5191 imlilttlis.

1146 5229 1324 5299 (Auno
1366 5230 1545 5298 I089.)

647 5312 906 5391 thensa,
936 5314 1153 5391 Εειιαῇα
1180 5320 1446 5391 ᾅιιθιγιιιη.
1477 5329 1515 5386 l,
1555 5320 1783 5385 XXVIII,
1817 5338 1866 5391 p.
1893 5324 2017 5387 29:2,

726 5399 790 5438 ex
819 5386 1146 5442 clrartulario
1176 5389 1231 5441 S.
1262 5386 1489 5445 Joannis
1525 5386 1948 5467 Ilivipollen'sis.]

620 5476 871 5532 llnnrsus
895 5479 1206 5547 episeoprrs.
1236 5496 1426 5536 servus
1471 5499 1749 5538 servorum
1784 5486 1896 5551 Dei,
1923 5489 2131 5542 charis-

548 5566 687 5620 simo
715 5566 866 5620 fratri
896 5566 1241 5620 Bsnsaoamo
1276 5572 1573 5626 Ausorrensi
1621 5575 1874 5645 episcopo
1909 5577 2130 5635 futuris-

548 5676 652 5729 que
678 5671 798 5730 post
826 5675 949 5715 eum
1001 5663 1305 5717 rectoribus
1338 5665 1389 5717 in
1422 5667 1639 5723 abbatia
1687 5669 1873 5727 Sancti
1905 5672 2131 5731 Joannis

534 5753 903 5824 .Itivipullensi
932 5756 984 5809 in
1017 5764 1358 5828 perpetuum.

1820 330 1876 383 Β.
1915 326 2165 384 ΙῘΒΒᾹΝΙ
2189 327 2227 380 II
2269 328 2470 382 ΡᾹΡᾹΞ
3685 341 3757 397 δυο

2321 440 2490 495 Justis
2519 442 2872 510 petitionibus
2898 458 3085 498 aurem
3114 446 3537 511 accommodare,
3564 449 3758 519 justisque

2260 533 2405 588 votis
2457 548 2740 589 assensum
2785 536 3026 604 praebere
3075 551 3175 592 nos
3198 540 3470 602 convenit,
3497 543 3577 609 qui
3605 556 3759 600 auctum

2258 624 2522 690 Donrino,
2569 624 2695 681 licet
2752 626 2979 697 iudigrri,
3022 637 3190 698 utque
3234 646 3500 699 pnecones
3525 634 3571 687 in
3610 640 3759 690 emta

2267 717 2633 786 apostolorum
2663 718 2971 789 principum
3004 718 3146 774 Petri
3186 730 3241 775 et
3267 720 3416 774 Pauli
3438 725 3629 790 specula
3654 730 3759 794 positi

2262 824 2468 864 sumus.
2491 810 2627 876 Quia
2658 811 2840 879 igitur,
2888 812 3190 881 inspirante
3234 814 3365 875 Deo,
3396 815 3761 873 cbarissinrelra-

2256 909 2361 967 ter,
2395 903 2456 956 Β.
2496 903 2720 958 Joannis
2743 904 3016 959 abbatiatn
3041 919 3205 959 secus
3224 904 3481 961 Teserenr
3506 906 3760 979 ﬂuviumque

2255 991 2638 1062 Rivipollcnsis
2676 1008 2707 1047 a
2752 994 2997 1048 szeculari
3039 996 3412 1051 dominatione
3462 998 3684 1066 eripiens,
3701 1019 3762 1055 ca-

2256 1085 2485 1140 rrorricos
2528 1086 2602 1140 ibi
2638 1087 2936 1140 secundmu
2995 1086 3055 1141 Β.
3106 1087 3396 1159 Augustini
3444 1090 3655 1159 regulam
3691 1105 3764 1145 sta.

2258 1180 2408 1234 tuisti
2442 1197 2455 1233 :
2483 1195 2601 1246 nos,
2632 1196 2819 1235 eorum
2845 1181 3181 1251 professione
3204 1184 3478 1254 religionis
3504 1204 3549 1256 pr
3561 1189 3766 1243 «ιι-ἰάνθης

2255 1280 2570 1341 augmenta,
2600 1272 2846 1341 petitioni
2879 1282 2982 1326 tua:
3010 1273 3239 1328 libenter
3269 1278 3575 1341 annuimus,
3597 1289 3641 1340 et
3665 1296 3764 1331 erui.

2253 1364 2376 1417 dem
2402 1362 2695 1418 ecclesiam
2740 1366 3053 1433 specialiter
3087 1367 3139 1419 in
3181 1369 3326 1421 sedis
3358 1371 3646 1437 apostolica:
3676 1384 3765 1424 tetr-

2256 1453 2360 1507 lam
2385 1455 2856 1525 protectionesque
2899 1458 3267 1526 suscepimus;
3299 1476 3463 1529 quam
3487 1462 3697 1515 videlicet
3717 1479 3769 1515 re

2254 1543 2476 1599 clesiarn
2533 1545 2843 1600 Bernardus
2875 1546 3283 1603 Disulnunensis
3320 1564 3506 1603 cernes
3531 1566 3617 1618 per
3640 1569 3769 1605 urarms

2255 1637 2527 1707 proposita
2587 1636 2841 1693 cautione
2888 1652 2984 1691 sua
3011 1648 3281 1707 potestate
3322 1651 3540 1703 curtus,
3562 1657 3642 1694 sua
3660 1643 3771 1695 etiam

2256 1725 2587 1782 liberalitate
2639 1730 2916 1794 donatam,
2972 1729 3076 1783 tuis
3118 1730 3169 1783 in
3222 1732 3472 1785 manibus
3516 1732 3771 1787 Dominore-

2250 1819 2485 1884 cusavit,
2519 1829 2774 1890 tuamque
2812 1830 2865 1875 tu
2930 1823 3201 1891 praedictis
3232 1825 3511 1880 canonicis
3546 1827 3604 1879 ad
3633 1838 3772 1879 sancte

2250 1910 2378 1964 vita:
2430 1911 2902 1966 conversationem
2965 1912 3253 1968 conferens
3298 1914 3590 1968 alodiornra
3624 1926 3770 1968 tuorum

2251 2001 2536 2057 collatione
2564 2003 2768 2057 ditasti.
2800 2003 3049 2070 Quamlia
3080 2004 3245 2075 igitur
3272 2005 3546 2076 t‘cl.gio;.is
3574 2007 3770 2060 tramitem

2250 2096 2549 2149 secundum
2604 2097 2953 2165 apostolicam
3004 2097 3347 2168 disciplinam
3373 2099 3473 2169 ipsi
3501 2099 3769 2168 ipsorumque

2251 2202 2598 2243 successores
2620 2189 2977 2254 servaverint,
3030 2192 3343 2259 praedictam
3374 2192 3455 2244 eis
3475 2191 3715 2245 ecclesiam
3732 2192 3773 2241 ad

2254 2280 2516 2334 bonorerrr
2573 2282 2717 2336 sedis
2763 2283 3074 2351 apostolicae
3124 2283 3532 2349 conﬁrmamus,
3579 2294 3626 2338 et
3669 2283 3769 2336 ιιιιιι

2251 2382 2469 2423 onmem
2515 2370 2833 2425 saecularem
2884 2373 3313 2427 dominationem
3348 2374 3771 2431 t'xcltttlinttts,rir-

2255 2470 2369 2515 tute
2423 2462 2597 2517 sancti
2651 2462 2892 2531 Spiritus
2920 2475 2971 2519 et
3023 2465 3391 2535 apostolorum
3431 2465 3569 2521 Petri
3595 2478 3640 2520 et
3673 2463 3770 2517 Pauli

2253 2552 2575 2608 auctoritate
2620 2556 2948 2620 sancientes,
2983 2565 3252 2625 quatemts
3296 2558 3481 2611 omnia
3526 2568 3630 2627 qua:
3669 2557 3773 2609 [regie

2252 2660 2348 2715 per
2376 2653 2522 2699 tuam
2565 2646 2972 2701 conCessionem
3015 2648 3098 2702 vel
3131 2664 3226 2718 per
3284 2649 3575 2719 supradicti
3623 2647 3771 2703 comitr

2254 2737 2626 2805 donationem,
2681 2738 2766 2792 vel
2814 2754 2909 2810 per
2940 2740 3171 2794 aliorum
3218 2741 3546 2796 oblationem
3602 2740 3770 2794 ﬁdelium

2252 2825 2641 2894 possitlet,sive
2674 2845 2793 2898 qua!
2822 2830 2873 2882 itt
2907 2828 3144 2884 futurum
3170 2828 3318 2898 juste
3337 2833 3557 2902 poterit,
3581 2831 3771 2901 largienfr

2253 2916 2505 2982 Domino,
2533 2919 2784 2989 adipisci,
2821 2921 3026 2991 integra
3059 2922 3139 2976 eis
3168 2933 3221 2976 et
3250 2921 3452 2977 illibata
3478 2931 3770 2995 permaneant.

2255 3009 2358 3063 Eos
2407 3018 2587 3063 atttem
2635 3010 2727 3081 qui
2784 3012 2921 3066 bona
2956 3013 3022 3066 ad
3077 3013 3254 3067 locum
3304 3015 3482 3085 ipsuru
3517 3014 3767 3085 pertinenti:

2252 3098 2493 3154 volentes
2519 3101 2775 3167 retinent,
2804 3103 2986 3173 agnito
3018 3106 3307 3172 praesentis
3345 3115 3533 3161 tenore
3556 3102 3770 3176 privilegii.

2252 3191 2490 3245 secrmdo
2542 3193 2773 3246 tertiove
2833 3195 3173 3261 commoniti,
3228 3197 3330 3251 nisi
3374 3198 3512 3252 intra
3544 3212 3604 3249 ιι.
3629 3195 3770 3249 diem

2253 3281 2613 3349 restituerint,
2642 3293 2915 3354 arrtpacto
2961 3300 3204 3356 congruo
3256 3286 3773 3353 satisfecerirrt,alrer-

2250 3376 2541 3433 elesi'arum
2594 3391 2689 3432 eos
2725 3376 3002 3432 liminibus
3050 3391 3390 3435 coercemus.
3419 3380 3497 3434 'I'u
3524 3381 3773 3449 itaqueve-

2250 3469 2509 3524 nerabilis
2537 3469 2704 3525 frater
2728 3468 2867 3541 B.q.
2911 3510 2927 3525 .
2972 3511 2985 3526 .
3028 3510 3043 3525 .
3090 3512 3128 3538 .,
3163 3475 3414 3528 eannlem
3441 3474 3770 3529 ecclesiarum:

2250 3559 2516 3614 industria
2550 3598 2564 3613 .
2606 3600 2619 3615 .
2668 3599 2682 3613 .
2724 3598 2738 3614 .
2783 3597 2799 3616 .
2844 3600 2858 3614 .
2893 3563 2999 3616 tuis
3019 3563 3183 3617 etiam
3212 3564 3585 3619 collationibus
3605 3560 3772 3628 locuple-

2252 3662 2396 3708 tasse
2422 3653 2783 3723 dignosceris,
2810 3655 2926 3710 vice
2948 3666 3132 3709 nostra
3160 3657 3242 3710 eis
3262 3660 3410 3712 onrni
3436 3659 3552 3712 vita:
3573 3666 3661 3708 true
3682 3664 3771 3705 tear

2248 3760 2399 3815 pore,
2432 3747 2788 3815 patrocinium
2818 3757 2872 3800 et
2892 3746 3191 3802 dominium
3215 3750 3517 3805 exlribebis.
3539 3749 3649 3802 Post
3670 3754 3770 3798 tuum

2250 3836 2539 3892 transitum
2584 3838 2762 3892 nullus
2808 3838 2890 3892 eis
2920 3838 2972 3892 in
3001 3838 3250 3894 abbatem
3299 3842 3663 3910 pra‘stituatur,
3702 3834 3769 3887 nisi

2248 3941 2409 3996 quem
2462 3929 2561 4000 ipsi
2620 3945 2886 3984 consensu
2935 3931 3233 3997 comnrurri,
3289 3943 3386 3986 aut
3441 3934 3653 4003 ipsorum
3688 3939 3770 3995 pars

2250 4023 2614 4091 prmstantior,
2652 4025 2719 4077 ad
2757 4025 3020 4079 honorem
3049 4027 3196 4082 sedis
3230 4029 3535 4097 apostolica:
3560 4040 3663 4080 cum
3681 4037 3767 4076 corr

2247 4128 2407 4169 sensu
2438 4112 2700 4170 Berrrardi
2727 4116 2944 4171 comitis
2964 4117 3394 4181 Bisuldrmcnsis,
3424 4118 3686 4173 secundum
3708 4110 3767 4164 Dei

2248 4205 2521 4274 timorem,
2540 4205 2829 4276 elegerint;
2860 4208 3006 4262 salva
3032 4219 3208 4264 tamen
3236 4210 3613 4266 Ausoneusium
3640 4201 3765 4274 ponti-

2248 4296 2407 4351 licurn
2437 4298 2697 4354 canonica
2733 4301 3060 4369 reverentia,
3111 4302 3351 4371 quaudiu
3404 4293 3766 4373 prcdietanrab-

2244 4387 2447 4443 batiarn
2497 4390 2727 4461 benigne
2765 4395 3138 4449 tractaveriut.
3169 4393 3276 4450 Vos
3318 4395 3501 4466 igitur,
3527 4384 3763 4448 charissinti

2247 4481 2367 4544 lilii,
2416 4491 2631 4553 oportet
2670 4483 2935 4554 regularis
2985 4486 3192 4540 ordinis
3243 4489 3516 4542 tramitem
3561 4485 3765 4538 fer-venter

2245 4575 2518 4643 insistere,
2564 4586 2619 4631 ut
2647 4588 2907 4649 quantum
2938 4581 3005 4635 ab
3045 4582 3398 4638 saecularibus
3428 4580 3703 4637 tumultibus
3720 4572 3761 4624 li-

2242 4663 2486 4720 beriores
2516 4666 2670 4733 estis,
2726 4677 2878 4722 tanto
2908 4669 3106 4725 divinis
3153 4672 3451 4726 studiosius
3480 4668 3683 4726 servitiis
3707 4664 3761 4714 in-

2240 4758 2463 4812 sudetis.
2518 4758 2600 4813 Ad
2647 4760 2903 4815 indiciuru
2951 4771 3129 4817 autem
3173 4774 3440 4834 percepta:
3475 4762 3660 4831 lmjusa
3691 4756 3761 4807 llo-

2249 4862 2423 4902 mana:
2470 4847 2728 4904 Ecclesia:
2782 4850 3071 4916 libertatis,
3102 4852 3374 4908 dilectioni
3398 4864 3580 4909 vestra:
3597 4849 3759 4918 dignum

2246 4950 2329 4995 est
2360 4956 2645 4997 rrancnsos
2675 4959 2733 4998 ιιι
2763 4943 3095 4999 Valentinum
3119 4957 3344 5002 moneta:
3366 4940 3680 5001 Lateranensi
3698 4952 3760 5005 p1-

2240 5033 2370 5087 latio
2398 5036 2691 5103 quotannis
2716 5035 2997 5091 exsolvere
3028 5048 3081 5092 et
3113 5037 3480 5094 Romanorum
3512 5032 3756 5109 pontiﬁcum

2238 5125 2547 5196 diligentius
2575 5128 2797 5183 decreta
2830 5142 3074 5185 servare.
3128 5130 3270 5185 Sane.
3316 5134 3417 5187 lroc
3441 5141 3617 5185 nostne
3639 5118 3757 5193 priri-

2238 5215 2432 5284 legium
2465 5219 2761 5274 sanctionis
2809 5221 2854 5275 si
2892 5222 3013 5290 quis
3037 5223 3089 5275 in
3122 5224 3417 5277 crastinum
3458 5216 3666 5285 arclricpi
3690 5224 3754 5264 (θ’

2238 5324 2357 5376 [Hist
2395 5318 2488 5363 aut
2539 5313 2847 5380 episcopus,
2891 5329 3004 5377 rex,
3057 5315 3331 5384 princeps,
3382 5318 3506 5378 dux,
3550 5304 3750 5365 manilio.

2235 5417 2419 5456 comes
2448 5413 2542 5457 aut
2592 5404 2915 5468 vicecomes,
2949 5416 3044 5461 aut
3072 5423 3298 5475 persona
3326 5408 3564 5478 quaslibet
3593 5408 3748 5467 rnagua.

2237 5494 2317 5547 vel
2342 5510 2526 5563 parva,
2565 5507 2759 5565 potens
2812 5507 2906 5552 aut
2934 5501 3220 5569 impotens,
3265 5502 3493 5555 scienter
3522 5494 3750 5558 inirillﬁore

2233 5596 2328 5639 aut
2377 5595 2583 5642 temere
2642 5590 2847 5645 violare
2897 5593 3340 5661 praasunrpserit,
3383 5604 3437 5647 et
3463 5586 3747 5647 constitutum

2233 5677 2500 5746 pnedicta:
2551 5679 2781 5737 abbatia:
2808 5685 3054 5738 ordinem
3084 5694 3349 5750 evertere,
3394 5684 3473 5740 vel
3514 5679 3615 5749 ejus
3647 5675 3746 5727 ιιοηι

2236 5767 2512 5829 invadere.
2564 5771 2871 5840 molestare,
2907 5785 2995 5829 aut
3021 5776 3133 5831 suis
3162 5777 3347 5833 usibus
3368 5775 3599 5849 nequiter
3620 5760 3745 5834 δίψη·
