3892 6320
100 362 189 418 SOI
216 394 219 397 ν

1256 346 1615 406 ΕΡΙΞΤΟῙ.;Ε
1659 344 1743 401 ET
1785 338 2199 396 PRlVlLEGlA.

3255 335 3365 395 502
3386 388 3387 393 η

104 490 227 530 care
255 476 568 529 tentarent,
591 464 830 521 secundo
852 462 1079 519 tertiove
1101 459 1546 523 commonitus,si
1578 473 1680 511 non
1714 459 1759 515 Α
1784 450 2215 520 Pampiloncnsis
2267 463 2355 503 rex
2378 488 2391 513 ,
2442 447 2730 503 ecclesiam
2783 456 3017 503 vestram
3066 448 3116 502 in
3162 447 3366 503 domini

99 564 467 621 satisfactione
480 574 715 631 cottgrua
743 555 1131 618 emendaverit,
1151 572 1180 607 ει
1197 554 1397 608 Christi
1420 562 1476 608 et
1499 550 1681 606 Eccle~

100 660 188 712 sia:
209 668 440 723 corpore
472 649 795 705 auctoritate
826 645 1119 717 apostolica
1145 658 1511 714 segregamus.
1542 641 1682 696 Cou-

99 747 434 805 servant-ibus
452 759 550 814 pax
570 758 599 795 a
617 741 750 805 Deo,
772 748 827 794 et
855 757 885 791 ιι
907 737 1153 792 ercedcm
1169 735 1285 807 (sic)
1305 732 1679 805 praesentibus,

98 853 145 897 et
174 840 367 894 futuris
399 835 610 891 smculis
635 840 1007 890 conservetur.
1025 829 1411 883 Amen.Amen.
1436 826 1630 879 Amen.

162 931 357 984 Datum
392 926 575 982 Bonae
597 940 692 995 per
735 938 929 977 manus
954 919 1184 975 Joannis
1211 918 1426 987 Sancta.-
1455 915 1551 972 Dei
1582 915 1681 970 Ec-

98 1024 269 1078 clesia:
296 1022 561 1075 diaconus
591 1015 886 1073 cardinalis
930 1023 986 1067 et
1032 1010 1427 1082 prosignatoris
1477 1006 1680 1062 domini

101 1114 297 1171 Urbani
327 1127 481 1183 papze
517 1110 585 1176 ll,
626 1125 715 1165 an.
761 1106 1060 1163 Dominica:
1109 1104 1379 1159 lncarnat.
1415 1099 1571 1163 1089,
1604 1100 1682 1154 itt-

106 1213 226 1264 dict.
256 1225 356 1268 ιιι.
390 1222 478 1260 nv
512 1204 628 1258 Kal.
683 1201 851 1265 Junii,
888 1214 1032 1254 anno
1066 1197 1413 1268 pontiﬁcatus
1440 1193 1682 1264 ejusdem

98 1303 289 1359 domini
324 1299 527 1356 Urbani
557 1299 618 1352 ll.

118 1444 123 1448 .
162 1393 241 1445 Ad
262 1390 461 1444 calcent
494 1387 742 1457 leguntur
761 1383 1050 1454 sequentia.

164 1484 218 1538 ln
240 1480 478 1537 etincilio
505 1475 936 1548 apud-Tolosam
975 1473 1185 1537 habito,
1211 1471 1297 1527 cui
1326 1467 1687 1525 interfuerunt

100 1591 166 1629 xx
192 1571 432 1641 episcopi
492 1580 548 1624 et
593 1567 818 1622 abbates
847 1562 1210 1633 complurimi,
1245 1560 1534 1623 Renerius,
1567 1572 1689 1612 ear-

101 1666 285 1722 diualis
308 1673 366 1719 et
393 1664 602 1733 legatus
623 1671 825 1716 sancta:
849 1657 1106 1713 Romamn
1137 1653 1413 1717 Ecclesiae,
1444 1659 1497 1706 et
1525 1650 1689 1704 Ama-

106 1772 187 1816 tus
206 1756 654 1825 archiepiscopus
674 1762 725 1807 et
758 1750 967 1822 legatus
996 1746 1196 1804 Urbani
1227 1760 1400 1816 papae,
1433 1759 1554 1797 cum
1577 1757 1656 1798 cae
1674 1767 1689 1781 ι

1786 544 1954 599 nostri
2007 540 2133 597 Jesu
2196 538 2394 594 Christi
2443 537 2707 593 Nazareni
2760 539 2977 593 nomine
3033 553 3129 607 per
3193 539 3366 610 ipsum

1782 635 2140 698 aediﬁcatam,
2189 631 2242 686 in
2280 629 2536 685 Romana:
2587 628 2839 685 Ecclesia:
2888 629 3108 684 tutelam
3160 629 3365 699 specia-

1784 728 1906 782 liter
1949 725 2149 795 suscipi
2197 722 2520 793 postulavit,
2587 731 2692 776 etc.
2745 721 2786 775 Y
2831 723 3070 793 prosigne
3113 720 3164 775 la
3212 721 3389 781 (licita.

1784 819 1949 883 bulla,
1983 818 2034 872 la
2068 815 2193 888 qual
2238 827 2381 871 enzre
2411 824 2554 868 atras
2590 814 2854 868 clausulas
2900 831 2997 885 que
3040 814 3174 867 liene
3218 814 3373 883 faro-

1784 911 1955 965 rables
1982 926 2010 964 ο
2042 919 2152 965 csta
2183 925 2329 973 casa,
2367 924 2461 961 son
2491 906 2571 960 las
2637 908 2918 976 signantes.
2980 906 3371 961 Constituimus

1784 1005 1929 1060 enim
1985 989 2041 1058 et
2089 1001 2383 1072 apostolica
2438 1000 2762 1054 auctoritate
2808 999 3149 1054 decernimus
3198 1008 3256 1054 ut
3302 1002 3370 1053 ab

1784 1098 2024 1152 omnium
2068 1096 2289 1152 omnino
2344 1095 2621 1149 hominum
2665 1092 3035 1162 cujuscunque
3066 1095 3136 1147 sit
3164 1094 3372 1150 ordinis

1780 1188 1911 1260 jugo
1949 1189 2101 1245 liberi
2137 1188 2438 1250 maneatis,
2479 1187 2686 1256 solique
2716 1194 2916 1241 sancta!
2959 1194 3014 1239 et
3060 1186 3372 1255 apostolica:

1789 1282 2046 1337 lietttanze
2078 1282 2334 1337 Ecclesim
2362 1280 2588 1344 subditi,
2619 1278 2903 1347 tranquille
2950 1289 3005 1332 et
3045 1280 3227 1348 quiete
3268 1279 3372 1334 Do-

1789 1376 1937 1430 mino
1966 1373 2324 1445 omnipotenti
2362 1373 2635 1436 serviatis,
2658 1381 2765 1426 etc.
2797 1370 3214 1433 Conlirmamus,
3239 1380 3373 1436 etc.,

1788 1468 1968 1522 omnia
2000 1484 2119 1537 quae
2152 1467 2291 1523 idem
2321 1482 2414 1521 rex
2447 1467 2616 1527 vobis,
2649 1463 2736 1518 vel
2784 1464 3091 1534 quicunque
3137 1462 3373 1517 fidelium

1791 1560 1856 1613 de
1885 1559 2001 1614 suis
2029 1558 2461 1629 possessionibus
2490 1557 2860 1621 contulerunt,
2888 1565 2982 1610 aut
3003 1571 3122 1625 quae
3165 1554 3229 1609 de
3253 1556 3377 1625 jure

1792 1666 1891 1706 suo
1939 1651 2254 1722 pontiﬁcum
2299 1650 2527 1721 quilibet
2571 1659 2985 1716 concesserunt,
3040 1663 3267 1720 quaeque
3321 1649 3377 1704 in

1798 1744 2061 1809 futurum,
2098 1752 2369 1797 annuente
2402 1742 2650 1807 Domino,
2674 1743 2820 1811 juste
2850 1756 2915 1796 ac
2959 1741 3196 1811 legitime
3227 1749 3379 1811 pote-

107 1855 229 1910 teris
255 1851 558 1922 episcopis,
604 1845 984 1915 iudicaverunt
1012 1841 1079 1896 de
1103 1839 1316 1911 negotio
1340 1847 1395 1892 et
1422 1835 1693 1908 querimo-
1724 1818 1767 1878 Β
1802 1833 1918 1889 ritis
1944 1832 2191 1903 adipisci,
2227 1842 2332 1888 etc.
2373 1832 2540 1889 Porro
2573 1833 2701 1888 nulli
2734 1834 2987 1903 episc0po
3027 1833 3186 1887 liceat
3233 1830 3378 1900 ejus-

107 1947 204 1999 niis
224 1958 341 2012 qua:
369 1939 561 1996 clerici
588 1938 646 1993 8.
671 1934 897 1990 Joannis
923 1932 1285 2003 deposuerant
1319 1942 1503 1984 coram
1527 1925 1607 1980 eis
1628 1924 1695 1979 de

112 2031 335 2089 Iticardo
365 2029 570 2085 abbate
609 2036 663 2082 et
688 2024 810 2096 ejus
835 2018 1262 2078 Massiliensibus
1304 2016 1606 2081 monachis,
1638 2024 1699 2069 ut

114 2125 243 2179 idem
300 2120 576 2177 Ricardus
620 2127 677 2174 et
727 2114 979 2171 monachi
1028 2112 1146 2183 ejus
1189 2111 1480 2167 redderent
1538 2110 1698 2165 beato

114 2214 293 2272 Joanni
316 2225 367 2269 et
393 2213 536 2283 ipsis
558 2209 775 2266 clericis
794 2207 977 2262 omnia
1007 2203 1206 2275 praedia
1231 2210 1286 2257 et
1306 2199 1697 2272 possessiones,

116 2319 165 2366 et
186 2316 524 2369 ornamenta,
575 2312 630 2357 et
674 2310 873 2356 caetera
913 2297 1133 2354 mobilia
1180 2310 1301 2364 qua:
1344 2292 1444 2364 ipsi
1475 2306 1540 2373 eo
1567 2300 1698 2345 tem-

117 2416 237 2473 pore
265 2417 371 2470 quo
412 2398 681 2453 tenebant
732 2393 1019 2449 ecclesiam
1063 2389 1306 2460 ejusdem
1344 2386 1402 2442 8.
1450 2384 1695 2447 Joannis,

116 2492 459 2557 abstulerunt,
506 2501 563 2544 et
609 2489 964 2549 donaverunt,
1002 2492 1060 2540 et
1101 2483 1304 2538 donare
1346 2479 1614 2541 fecerunt,
1647 2486 1702 2532 et

114 2586 407 2655 raptoribus
438 2588 796 2640 censuerunt.

182 2678 245 2731 Et
272 2677 438 2746 infra.

180 2769 459 2832 Reuen’us,
490 2763 789 2821 eardiualis
818 2762 876 2817 S.
910 2760 976 2814 Β.
1008 2760 1069 2815 Ε.
1102 2767 1157 2814 et
1192 2757 1402 2828 legatus
1429 2753 1699 2824 ejusdem,

119 2859 518 2917 venerabilibus
573 2854 842 2927 episcopis
893 2854 952 2907 Β.
1005 2850 1343 2911 (Eorundem,
1379 2848 1438 2901 Β.
1472 2847 1702 2911 Ausou.,

119 2966 266 3024 atque
291 2954 352 3008 Β.
373 2950 681 3024 Urgellen.,
709 2949 822 3003 sive
837 2948 903 3000 A.
928 2944 1241 3009 Eluensi,et
1266 2943 1323 2996 B.
1349 2941 1704 3007 Barchinon.,

120 3047 351 3102 salutem.
384 3043 655 3100 Volumus
676 3055 796 3097 esse
845 3047 1034 3093 notum
1063 3034 1313 3106 dignitati
1340 3042 1558 3095 vestrm,
1588 3032 1703 3087 cle—

122 3140 313 3195 ricosB.
326 3136 560 3193 Joannis
586 3132 963 3206 Rivipollensis
975 3128 1288 3199 deposuisse
1304 3126 1701 3197 querimoniam

127 3234 174 3287 in
202 3232 423 3288 concilio
455 3229 729 3284 Tolosano
769 3239 933 3296 super
960 3220 1302 3294 parochiauis
1336 3219 1555 3283 vestris,
1587 3219 1700 3289 qui,

124 3326 256 3379 omni
308 3322 623 3380 reverentia
654 3318 979 3391 postposita,
1009 3314 1264 3371 auferunt
1293 3312 1354 3366 Β.
1386 3310 1580 3367 Joauni
1611 3326 1698 3366 ec-

126 3418 298 3474 clesias
320 3428 373 3473 et
404 3414 673 3471 nonnulla
698 3409 1066 3468 ecclesiastica
1095 3407 1319 3476 przedia.
1348 3404 1501 3461 Unde
1530 3416 1708 3457 mone-

129 3527 256 3576 mus,
279 3521 330 3566 et
351 3508 688 3565 auctoritate
715 3501 1011 3575 apostolica
1035 3497 1403 3571 pra-cipimus,
1433 3503 1492 3550 ut
1520 3509 1614 3549 eos
1639 3494 1707 3548 ab

130 3600 220 3654 hac
250 3601 432 3670 rapina
470 3611 690 3654 cessare
712 3590 1071 3654 admonentis,
1097 3587 1231 3643 etB.
1262 3585 1457 3642 Joauui
1483 3600 1603 3654 qua:
1625 3583 1705 3638 sui

126 3693 249 3760 juris
266 3702 389 3748 sunt
409 3687 808 3762 przedicatione
827 3695 883 3740 et
905 3678 1468 3740 excetmtumicatimte
1486 3675 1709 3730 reddere

132 3783 343 3839 faciatis.
359 3782 518 3851 Quod
548 3781 593 3836 si
619 3775 1103 3842 uoluerint,sciant
1133 3788 1191 3826 se
1215 3767 1710 3851 exeommunicatos

130 3886 177 3931 et
201 3878 263 3932 ab
283 3877 427 3932 omni
480 3873 793 3930 Christiana
833 3865 1330 3926 communicatione
1367 3860 1572 3928 eiectos
1612 3874 1709 3913 au-

132 3970 364 4024 ctoritate.
415 3968 527 4023 BB.
584 3963 950 4033 apostolorum
1006 3958 1148 4015 Petri
1177 3965 1229 4012 et
1260 3953 1436 4020 Pauli,
1473 3962 1528 4008 et
1557 3967 1712 4007 reve-

135 4062 407 4117 reutissitni
464 4075 620 4131 papre
653 4056 861 4113 Urbani
888 4063 943 4110 et
967 4059 1261 4108 conventus
1294 4048 1457 4103 totius
1497 4043 1710 4101 concilii

134 4149 395 4219 Tolosani,
450 4150 812 4222 quoadusque
868 4145 1447 4214 resipiscant,etqtne
1496 4137 1710 4192 invase-

137 4253 249 4299 runt
272 4246 572 4307 dimittant,
603 4257 739 4313 quos
764 4241 954 4296 eodem
986 4239 1142 4291 modo
1165 4250 1195 4289 a
1224 4232 1375 4288 vobis
1402 4244 1712 4286 etttzommu-

137 4337 289 4393 nirari
323 4339 379 4395 8.
410 4340 477 4393 Β.
514 4335 771 4392 Ecclesiae
794 4330 1120 4388 auctoritate
1151 4324 1511 4396 priccipimus,
1542 4323 1713 4377 donec

136 4432 197 4485 ad
220 4433 428 4503 dignam
458 4429 889 4487 satisfactionem
912 4424 1154 4479 veniant.

820 4517 1003 4573 XVIII.

171 4614 359 4672 Urbani
398 4617 461 4671 ιι
506 4631 655 4685 papa:
699 4612 1165 4733 prii‘v‘izlcgimmpro
1200 4605 1515 4660 monasterio
1550 4601 1677 4655 Jesu

786 4708 803 4733 λ
841 4698 1073 4733 uzarem.

786 4698 830 4735 λγ
841 4698 1073 4735 (ιιιινεηι.

723 4773 902 4843 (Anno
950 4769 1123 4831 ltlSD.)

146 4867 382 4941 [Μῆτις.
416 4867 724 4941 Fundacion
746 4908 760 4927 ,
799 4862 1148 4941 excelencias,
1181 4857 1471 4941 quamde/3a.".
1499 4874 1529 4926 υ
1568 4874 1714 4909 (οενιε

210 4927 541 4996 utetnorables
573 4940 634 4991 de
667 4935 897 4990 Iluescu.
928 4933 1159 4995 lluesca,
1196 4927 1331 4984 1619
1383 4928 1473 4981 fol.
1514 4933 1560 4992 l,
1590 4943 1711 4997 pag.

208 5012 353 5089 ιδιιιι

212 5088 455 5159 υιιιιλκυδ
484 5101 789 5171 episcopus,
816 5109 1005 5151 servus
1035 5104 1314 5147 servorum
1347 5087 1461 5151 Dei,
1487 5086 1717 5141 dilectis-

150 5194 288 5249 simis
317 5196 367 5248 in
396 5195 615 5251 Christo
647 5191 769 5245 tiliis
806 5186 1143 5255 regularibus
1179 5180 1440 5236 fratribus
1478 5177 1720 5232 ecclesia:

154 5302 259 5353 qua:
293 5286 486 5343 dicitur
514 5285 641 5341 Jesu
666 5280 956 5343 Nazareni,
982 5288 1282 5344 eorumque
1306 5269 1719 5326 successoribus

157 5379 460 5447 regulariter
486 5376 710 5432 victuris
749 5374 801 5428 in
827 5378 1165 5442 perpetuum.

219 5468 358 5524 Justa
412 5470 649 5524 ﬁdelium
699 5464 890 5536 petitio
929 5460 1127 5516 eli‘ectu
1168 5456 1330 5513 debet
1366 5459 1724 5525 prosequente

159 5561 423 5631 compleri,
470 5571 531 5615 ut
575 5569 633 5615 et
689 5554 1053 5612 laborantium
1103 5551 1156 5604 in
1209 5546 1449 5603 Ecclesia
1512 5541 1725 5598 devotio

162 5666 332 5708 sancta
376 5656 669 5721 clarescat,
722 5662 777 5708 et
830 5649 1035 5705 utilitas
1084 5642 1449 5703 ecclesiastica
1499 5636 1727 5692 Domino

165 5758 361 5814 semper
403 5748 662 5819 largiente
694 5743 960 5817 proﬁciat.
992 5740 1131 5808 Quia
1173 5738 1334 5809 igitur
1370 5729 1726 5790 charissimus

170 5848 337 5892 uoster
382 5841 434 5896 iu
480 5841 699 5898 Christo
753 5838 893 5891 lilins
937 5843 1158 5887 sanctus
1205 5823 1572 5898 Aragoncnsis
1612 5819 1727 5875 sive

1796 1926 1919 1981 dem
1975 1924 2228 1981 Ecclesia:
2274 1927 2474 1982 fratres
2517 1942 2653 1995 quos
2707 1926 2763 1981 in
2821 1925 3077 1980 Romanae
3125 1924 3380 1982 Ecclesiae

1800 2018 1939 2073 ﬁlios
1970 2017 2190 2088 speciali
2230 2018 2499 2073 electione
2548 2017 2966 2086 assumpsimus,
3005 2018 3381 2073 excommuni-

1799 2126 1945 2175 care,
1979 2119 2073 2165 aut
2114 2112 2355 2165 divinum
2390 2111 2470 2165 eis
2511 2109 2743 2165 olﬁcium
2774 2111 3117 2174 interdicere,
3154 2110 3246 2165 sed
3282 2112 3382 2165 sub

1800 2202 1912 2257 sola
1956 2203 2100 2258 sedis
2150 2202 2459 2274 apostolicm
2505 2203 2838 2271 protectione
2869 2200 3184 2272 judicioque
3230 2203 3382 2259 liberi

1800 2304 2071 2350 annuente
2104 2295 2332 2349 Domino
2358 2293 2646 2364 securique
2675 2302 3049 2363 permaneant,
3085 2303 3190 2348 etc.
3223 2294 3385 2365 (Con-

1801 2386 1955 2457 cluyc
1998 2396 2114 2443 esta
2164 2386 2345 2450 bulla,
2388 2400 2512 2441 cum
2565 2396 2711 2441 cStas
2755 2385 2988 2455 palbras)
3022 2404 3035 2440 :
3070 2385 3183 2441 lloc
3226 2387 3387 2457 igitur

1803 2481 1974 2536 nostri
2018 2480 2282 2551 privilegii
2328 2480 2666 2543 sanctiouis,
2714 2479 2757 2533 si
2809 2479 2930 2549 quis
2982 2480 3035 2533 in
3089 2480 3386 2535 crastinum

1801 2588 2106 2645 agnoscens
2132 2572 2595 2643 archiepiscopus,
2630 2583 2724 2626 aut
2758 2570 3064 2641 episcopus,
3092 2572 3387 2641 imperator

1804 2676 1899 2722 aut
1927 2683 2044 2729 rex,
2070 2667 2342 2737 princeps,
2370 2667 2497 2727 dux,
2522 2664 2607 2720 vel
2633 2665 2896 2731 marchio,
2923 2680 3106 2720 comes
3126 2674 3223 2719 aut
3248 2666 3390 2720 vice-

1805 2774 2010 2824 comes,
2037 2757 2223 2827 iudex,
2249 2756 2532 2821 castaldio,
2557 2755 2638 2811 vel
2667 2770 2895 2825 persona
2922 2755 3173 2826 qu:elibet
3195 2771 3388 2825 magna

1806 2849 1889 2906 vel
1918 2866 2105 2921 parva,
2137 2859 2329 2920 potens
2359 2856 2453 2903 aut
2491 2848 2790 2919 impotens,
2821 2855 3008 2901 contra
3038 2860 3158 2900 cam
3186 2854 3391 2901 temere

1808 2945 1993 3001 venire
2017 2941 2450 3015 praesumpserit,
2480 2950 2545 3023 et‘
2576 2938 2813 3009 ejusdem
2845 2938 3089 2994 ecclesiae
3129 2938 3266 2994 bona
3307 2954 3393 2993 ιιι-

1809 3037 2030 3103 vadere,
2070 3034 2378 3101 molestare,
2406 3033 2490 3088 vel
2521 3034 2632 3089 suis
2678 3032 2864 3087 usibus
2904 3030 3178 3102 applicare
3219 3040 3393 3085 tenta-

1811 3130 1969 3195 verit,
1998 3129 2234 3185 secundo
2269 3127 2493 3182 tertiove
2529 3124 2924 3189 commonitus,
2959 3124 3001 3178 si
3041 3139 3144 3178 lion
3177 3123 3393 3179 satisfa-

1809 3222 1988 3276 ctione
2033 3233 2270 3289 congrua
2333 3217 2735 3281 emendaverit,
2796 3229 2828 3269 a
2893 3214 3092 3270 Christi
3157 3231 3280 3271 eum
3339 3225 3394 3270 et

1808 3312 2068 3369 Ecclesiae
2111 3324 2341 3380 corpore
2385 3308 2727 3364 auctoritatis
2773 3307 3084 3378 apostolicze
3126 3316 3395 3376 potestate

1807 3420 2176 3479 segregamus,
2222 3412 2274 3459 et
2301 3403 2523 3457 honoris
2553 3402 2634 3457 sui
2668 3399 2879 3470 piaculo
2909 3398 3189 3465 subiacere
3216 3399 3395 3453 decer-

1809 3501 1988 3555 niums
2017 3518 2031 3554 ε
2057 3495 2507 3553 conservantibus
2544 3504 2724 3547 autem
2769 3508 2868 3562 pax
2904 3506 2933 3544 a
2977 3493 3083 3547 Deo
3128 3476 3184 3546 et
3234 3492 3396 3545 mise-

1812 3591 2043 3647 ricordia
2072 3589 2429 3661 praesentibus
2450 3602 2515 3642 ac
2566 3586 2758 3640 luunt-is
2787 3583 2996 3640 seculis
3024 3592 3395 3640 conservetur.

1810 3685 2009 3749 Anien,
2033 3698 2214 3751 amen,
2252 3696 2433 3735 auten.

1885 3780 2015 3834 Data
2068 3778 2251 3831 Ronue
2301 3773 2557 3829 Kalendis
2597 3770 2723 3826 Julii
2781 3787 2878 3841 per
2933 3786 3126 3826 manus
3172 3771 3398 3828 Joannis

1810 3881 2011 3927 sauctze
2040 3868 2298 3923 Romana:
2341 3864 2599 3921 Ecclesia:
2638 3863 2847 3919 diaconi
2897 3863 3193 3919 eardinalis
3223 3866 3399 3935 prosi-

1809 3964 2055 4036 guatoris
2106 3963 2287 4017 domui
2344 3959 2543 4017 Urbani
2590 3973 2742 4028 papae
2791 3956 2867 4022 ll;
2916 3973 3060 4012 anno
3107 3958 3400 4013 Dominicte

1811 4052 2205 4109 lncarnationis
2236 4051 2403 4114 1089,
2451 4047 2743 4102 indictione
2780 4062 2889 4111 xu,
2917 4062 3058 4102 anno
3107 4062 3148 4100 tt
3188 4050 3402 4115 pontili-

1763 4210 1767 4215 ,
1811 4154 1968 4202 catus
1996 4143 2236 4213 ejusdem
2267 4139 2471 4196 domini
2504 4136 2702 4193 Urbani
2729 4152 2900 4206 papae.

2535 4229 2675 4285 XIX.

1815 4331 2059 4386 Urbanus
2098 4328 2157 4382 11
2190 4325 2485 4386 Frotardo.
2518 4323 2695 4376 abbati
2722 4321 2780 4376 S.
2827 4319 3006 4375 Potitii
3038 4320 3400 4374 Tomeriarum

1882 4401 2206 4468 privilegium
2242 4396 2472 4450 concedit
2503 4411 2604 4468 quo
2636 4393 2805 4468 locum
2835 4411 2864 4445 a
2906 4393 3263 4468 cujuscunque
3288 4395 3367 4461 cpi
3379 4423 3399 4432 -

1885 4462 2024 4539 sc0pi
2044 4462 2419 4538 iurisdictione
2441 4465 2617 4518 eximit
2646 4463 2865 4532 aliisque
2890 4462 3241 4533 cuvnplnribus
3267 4478 3403 4531 pric-

1888 4542 2133 4611 rogntiris
2168 4546 2407 4593 exornat.

2412 4628 2589 4699 (Anno
2631 4626 2811 4692 1089.)

1818 4726 2112 4799 [Βωκιιι-ικ
2157 4721 2273 4776 Vita
2305 4719 2587 4799 Urbani‘in
2618 4716 2844 4799 Manna:
2872 4727 2924 4769 et
2964 4716 3210 4772 RUINART
3236 4716 3400 4772 Ourr.

2396 4791 2563 4859 postlt.
2599 4805 2677 4854 nt,
2711 4786 2825 4858 57.]

2556 4902 2672 4957 XX.

1825 4988 2057 5070 Epistula
2092 4999 2290 5054 Urbani
2323 4997 2383 5052 11
2413 5012 2564 5070 papre
2600 4996 2668 5049 ad
2702 4993 3243 5070 proce_res_prorinrim
3275 4993 3407 5070 Tar-

1857 5064 2155 5128 raconensis
2177 5071 2242 5125 de
2268 5064 2648 5124 restauratione
2679 5065 2910 5118 ecclesia:
2937 5064 3365 5119 Tarraconensis.

2413 5157 2592 5229 (Anno
2632 5154 2815 5224 1089.)

1825 5279 2043 5345 Hlanst,
2084 5274 2289 5332 Concil.
2333 5271 2436 5345 Χζῖ
2457 5311 2473 5337 ,
2516 5269 2609 5323 701
2634 5310 2650 5333 ,
2694 5282 2765 5345 ex_
2796 5266 3131 5345 chartutario
3168 5268 3408 5321 ecclesim

2375 5336 2846 5410 Tarraconensis.]

1900 5444 2150 5500 URBANUS
2175 5440 2479 5510 episcopus,
2513 5448 2702 5490 servus
2735 5448 3017 5488 servorum
3062 5432 3178 5495 Dei,
3204 5431 3411 5486 charis-

1828 5540 1980 5597 simis
2007 5536 2132 5591 ﬁliis
2168 5534 2510 5587 BERENGARIO
2555 5524 2979 5581 Barchinonensi
3028 5522 3210 5578 comiti
3267 5537 3415 5576 mar-

1828 5631 2007 5690 cbioni
2028 5671 2043 5695 ,
2071 5628 2435 5683 Euueacauno
2475 5620 2802 5694 Urgellensi,
2829 5620 3119 5673 Benmnoo
3162 5616 3412 5671 Bisuldu-

1830 5722 1984 5779 nensi
2050 5718 2376 5782 comitibus,
2436 5714 2796 5783 omnibusque
2858 5707 3287 5762 Tarraconensis
3360 5713 3414 5759 et

1831 5812 2287 5873 Barchinoncnsis
2317 5808 2609 5882 provinciae
2645 5801 2913 5875 episcopis
2933 5842 2947 5867 ,
2980 5797 3415 5863 vicecomitibus,
