3892 6320
529 366 635 424 sua

526 495 582 538 et
614 476 825 537 crateris
863 477 1128 534 nobilibus
1157 480 1211 531 et
1240 473 1572 545 potentibus,
1605 473 1715 528 sive
1744 472 1960 527 clericis
1994 473 2107 527 sive
2136 477 2180 537 Λ

528 576 704 641 laicis,
734 574 960 629 salutem
985 582 1037 624 et
1065 566 1413 640 apostolicam
1440 562 1892 620 benedictiOnem.

562 658 993 735 ,Dilectissimus
1049 673 1104 715 ct
1152 654 1639 715 reveretulissimus
1693 655 1862 709 frater
1929 665 2114 708 noster

528 752 881 828 Berengarius
923 742 1255 808 Ausoneusis
1300 751 1587 820 episcopus
1619 746 1903 801 devotione
1939 755 1993 799 et
2031 735 2110 796 la-

528 855 657 905 bore
706 848 942 904 maximo
985 845 1052 899 ad
1096 842 1463 914 apostolorum
1502 834 1687 894 limina
1730 837 1984 897 veniens,
2022 834 2110 888 diu

528 932 807 997 nobiscum
842 946 1085 993 moratus
1116 944 1227 997 cst;
1262 931 1415 1000 cujus
1445 938 1542 985 nes
1568 927 1850 1000 prudentia
1882 936 1935 979 et
1962 924 2115 979 bonis

529 1023 792 1095 moribus,
826 1037 883 1081 ut
919 1026 1138 1097 dignum
1170 1032 1274 1089 est,
1308 1018 1579 1085 delectati,
1617 1014 1893 1089 privilegia
1921 1012 2116 1084 quibus

527 1120 647 1187 sua,
673 1118 926 1176 videlicet
952 1116 1380 1173 TarraconenSis
1406 1113 1657 1167 Ecclesia'
1687 1124 1784 1181 per
1817 1108 2114 1163 Romanam

530 1214 824 1272 Ecclesium
852 1214 1050 1269 donata
1082 1221 1164 1266 cst
1194 1211 1478 1282 diligenter
1505 1206 1858 1278 inspeximus,
1891 1213 1945 1258 et
1974 1202 2116 1272 quod

529 1302 595 1362 ad
629 1324 726 1362 nos
753 1316 856 1370 est,
892 1304 1137 1359 eamdem
1172 1302 1471 1358 Ecclesium
1513 1308 1626 1354 tum
1666 1313 1761 1368 pro
1801 1305 2115 1352 sanctorum

530 1399 859 1463 reverentia,
887 1407 996 1449 tum
1022 1400 1118 1464 pro
1145 1394 1381 1464 praedicti
1411 1391 1593 1447 fratris
1618 1387 1787 1444 nostri
1811 1386 2116 1451 dilectione,

531 1490 689 1561 prout
718 1488 926 1558 jn‘s:ilia
960 1488 1233 1556 exegerit,
1266 1470 1537 1539 honorare
1577 1490 1629 1536 et
1678 1479 1919 1535 exaltare
1966 1488 2119 1547 opta-

533 1599 672 1637 mus.
715 1583 848 1649 Quia
904 1581 1069 1651 igitur
1106 1577 1405 1649 corpOralia
1460 1573 1866 1646 Spiritualibus,
1912 1582 2120 1640 tempo-

536 1666 664 1730 ralia
706 1675 1070 1739 arternalihus,
1101 1667 1412 1728 cmlestib‘us
1451 1671 1670 1741 dignum
1712 1676 1796 1723 ‘est
1839 1666 2116 1721 terrestria

534 1769 803 1836 famulari,
838 1771 1119 1823 hortamur
1156 1778 1210 1821 et
1242 1762 1593 1821 obsecramus
1640 1764 1691 1818 itt
1735 1762 1960 1816 Domino
1991 1770 2118 1829 pru-

1848 357 1908 412 Β.
1947 354 2120 411 URBA

2239 354 2279 409 ιι
2317 352 2517 410 PAF/li
3660 372 3735 427 3,3,

2927 466 3088 527 XXII.

2216 558 2417 616 Urbani
2431 561 2488 615 ΙΙ
2500 563 2823 634 privilegium
2840 580 2936 635 pro
2950 565 3153 621 clericis
3167 572 3211 621 ct
3229 566 3379 622 laici:
3395 565 3533 622 Vrl‘lit
3541 573 3739 629 rentibus.

2815 655 3001 726 (Anno
3030 654 3210 730 1089.)

2217 743 2464 817 [Bencttt,
2483 742 2679 799 Istoria
2701 744 2839 817 delia
2864 743 3054 802 Chiesa
3077 765 3105 802 e
3125 750 3248 802 citta
3274 750 3331 804 di
3356 748 3575 816 Velletri,
3590 751 3741 811 Nocet:

2743 816 2906 883 1723,
2929 818 3014 885 4°,
3038 834 3091 889 ι).
3125 820 3281 893 204.}

2290 902 2542 962 (Inuisus
2562 908 2867 979 cpiscopus,
2899 923 3089 966 servus
3116 926 3399 973 servorum
3422 914 3531 979 Del.
3552 919 3746 972 omnibus

2220 994 2632 1053 Yellitrensibus
2653 998 2888 1067 clericis,
2909 1010 2965 1056 et
2990 1001 3145 1058 laicis
3168 1004 3332 1059 beato
3358 1007 3517 1062 Petro
3537 1009 3735 1064 ﬁdelibus

2218 1089 2448 1144 salutem
2472 1100 2529 1144 et
2548 1091 2902 1161 apostolicam
2924 1094 3384 1152 benedictionem.
3514 1154 3517 1157 λ

2292 1182 2401 1238 Nec
2424 1186 2687 1255 ignotum,
2722 1186 3060 1243 dilectissimi
3115 1188 3337 1257 fratres,
3381 1191 3532 1246 vobis
3557 1208 3661 1248 esse
3686 1210 3749 1248 cu-

2221 1279 2531 1347 gnoscimus
2561 1293 2665 1347 qua
2693 1279 2914 1334 immani
2950 1282 3272 1338 crudelitate
3300 1284 3606 1341 Guilbertus
3628 1288 3749 1341 luere

2221 1370 2438 1424 siarcba
2487 1370 2633 1425 sedis
2686 1372 3001 1440 apostolica:
3041 1375 3277 1440 invasor,
3322 1380 3573 1447 antiquus
3607 1379 3751 1444 hostis,

2225 1462 2426 1518 nostris
2453 1465 2788 1532 temporibus
2816 1480 2913 1535 per
2938 1476 3216 1536 apostatas
3242 1477 3298 1523 et
3332 1478 3585 1540 tyrannos
3604 1483 3752 1526 sancta

2223 1552 2480 1608 Ecclesia:
2522 1553 2801 1625 llugonem
2841 1556 3062 1623 Album,
3089 1570 3142 1614 et
3169 1558 3436 1616 lcattnetn
3464 1562 3753 1618 Purtuensent

2221 1646 2645 1717 antiepiscopos,
2688 1657 2746 1703 et
2813 1648 3031 1705 Petrum
3081 1654 3356 1721 quondam
3408 1654 3753 1721 cariccllarinm,

2223 1737 2604 1805 Uvezelonem,
2637 1750 2692 1795 et
2721 1734 2978 1798 Ottonent
3010 1751 3298 1813 tyrannum
3350 1748 3583 1801 membra
3604 1747 3754 1800 diaboli

532 1850 767 1917 dentiam
792 1830 1044 1915 'vestram
1083 1870 1139 1913 ut
1177 1864 1387 1913 summa
1433 1872 1534 1927 ope
1574 1849 1819 1910 ni‘tantini
1852 1853 2117 1907 Tarra'co-
2152 1830 2196 1892 Β
2225 1832 2501 1927 seduxerit
2530 1833 2809 1927 1³³ίοξοοῆ
2840 1834 3088 1927 cogitatis
3113 1851 3209 1892 eos
3239 1837 3516 1892 blanditiis
3535 1848 3586 1892 et
3608 1841 3753 1891 atroci-

533 1954 714 2009 nensis
740 1955 888 2008 urbis
920 1956 1119 2007 statum
1151 1961 1375 2006 mtenus
1425 1964 1713 2019 reparare,
1744 1957 2011 2015 quatenus
2044 1942 2116 1998 ibi

529 2044 790 2100 cathedra
840 2043 1027 2099 haberi
1076 2043 1242 2113 possit
1287 2040 1632 2112 episc0palis.
1686 2037 1849 2093 Vobis
1896 2051 2024 2107 ergo
2068 2036 2117 2089 in

532 2138 901 2205 ιιαειιὶιυιιιὶίιιιι
929 2140 1380 2206 peccatorumque
1405 2131 1777 2187 remissionem
1800 2129 2121 2183 "mantlamtts

532 2236 591 2282 ut
623 2227 862 2298 potentia
893 2237 946 2282 et
973 2227 1175 2282 divitiis
1204 2226 1402 2280 vestris
1443 2226 1495 2279 in
1542 2216 1937 2278 restitutionem
1980 2218 2121 2289 ejus-

534 2314 656 2372 dem
686 2318 933 2373 ecclesia:
962 2316 1308 2372 devotissime
1340 2325 1394 2369 et
1432 2313 1794 2368 intentissime
1826 2311 2117 2365 desudetis.

536 2410 627 2464 liis
657 2416 836 2462 autem
865 2407 953 2477 qui
988 2406 1066 2461 vel
1107 2407 1158 2460 in
1206 2394 1538 2460 Iliet‘usalem
1576 2403 1656 2457 vel
1685 2403 1737 2456 in
1779 2411 1960 2473 partes
1990 2400 2123 2456 alias

534 2499 868 2567 pm'nitentiae
895 2498 1084 2568 spiritu
1115 2496 1193 2549 vel
1230 2495 1533 2549 devotionis
1572 2493 1697 2547 ituri
1730 2501 1887 2556 sunt,
1929 2493 2124 2546 suade-

537 2596 657 2642 mus
688 2597 851 2641 totam
886 2588 1028 2641 illam
1061 2587 1158 2641 via:
1186 2596 1241 2641 et
1267 2594 1515 2656 sumptus
1544 2599 1761 2655 cperam
1795 2580 2119 2637 restitutioni

534 2680 774 2735 ecclesire
819 2674 1245 2733 TarraCouensis
1282 2677 1614 2747 impendere,
1646 2685 1915 2746 quatenus
1964 2673 2119 2728 auxi-

536 2772 702 2826 liante
727 2771 954 2825 Domino
978 2781 1028 2825 et
1078 2769 1337 2825 eathedra
1378 2769 1510 2823 inibi
1546 2777 1662 2823 tuto
1712 2769 1977 2822 habeatur
2004 2767 2120 2838 epi-

537 2862 802 2934 Seopalis,
841 2870 896 2919 et
943 2862 1137 2918 civitas
1188 2863 1376 2918 eadem
1422 2860 1825 2918 Saracenorum
1874 2862 2120 2932 opposita

538 2944 749 3023 |:opnI.s
781 2955 832 3007 iu
879 2964 1091 3007 murum
1135 2964 1188 3007 et
1216 2952 1550 3007 anteinurale
1577 2952 1915 3008 Christicola‘:
1944 2948 2121 3021 populi

536 3040 863 3111 celebretur,
892 3046 1089 3115 quibus
1131 3046 1377 3100 eamdem
1400 3050 1469 3100 ex
1508 3034 1606 3100 Dei
1651 3046 2019 3100 misericordia
2051 3045 2125 3099 in-

537 3142 869 3211 dulgentiam
923 3141 1240 3212 pollicemur
1285 3156 1448 3211 quam
1491 3152 1930 3211 promererentur
1965 3142 2009 3197 si
2044 3143 2125 3195 in-

538 3230 694 3284 ttlctze
725 3226 824 3286 via:
862 3222 1229 3301 prolixitatem
1261 3229 1558 3301 explerent.
1598 3230 1706 3284 Nos
1750 3230 2037 3299 siquidem,
2072 3231 2122 3285 si

536 3316 731 3375 vcstrre
779 3322 931 3376 home
975 3320 1271 3375 voluntatis
1298 3319 1549 3375 effectum
1590 3322 1645 3375 et
1674 3317 1934 3374 ferventis
1962 3321 2124 3375 studii

533 3410 954 3465 sollicitudinem
984 3410 1429 3480 cognoverimus,
1463 3400 1723 3479 prazdic‘to
1752 3408 1906 3463 fratri
1938 3418 2127 3464 nostro

534 3509 597 3557 'et
646 3493 1037 3559 Tarraconensi
1091 3502 1333 3559 ecclesia:
1392 3519 1511 3573 qua:
1568 3502 1635 3556 ad
1683 3503 1961 3572 antiquam
2008 3501 2128 3572 'ejus

533 3596 853 3667 dignitatem
902 3606 1151 3668 spectant
1197 3595 1552 3652 libentissime
1608 3596 2020 3665 impendentes,
2072 3605 2125 3649 et

534 3689 833 3758 corporalia
864 3701 1042 3743 vestra
1074 3688 1444 3758 spiritualibus
1484 3686 1668 3742 infulis
1710 3701 2124 3758 prosequemur,

536 3776 686 3832 salva
720 3789 899 3833 tamen
934 3776 1302 3832 Narbonensis
1334 3778 1594 3833 Ecclesiae
1633 3776 1865 3846 jutstitia.
1895 3777 1954 3833 Si
1979 3777 2123 3832 enim

534 3870 764 3927 Romani
813 3866 1143 3923 auctoritate
1186 3868 1450 3939 privilegii
1499 3868 1961 3924 'l‘arraeonensem
2004 3882 2127 3937 pro-

536 3963 774 4017 vinciam
816 3962 1080 4017 cauouice
1140 3962 1415 4015 vindicare
1478 3960 1842 4015 Narbonensis
1902 3960 2128 4014 antistes

537 4054 864 4123 nequiverit,
912 4070 1011 4106 nos
1059 4050 1206 4106 omni
1253 4051 1470 4121 querela
1523 4052 1674 4106 liberi
1727 4052 2123 4106 Tarraconensi

536 4144 793 4198 Ecclesiae
820 4143 910 4209 jus
939 4160 1093 4197 suum
1129 4143 1411 4196 restituere
1437 4153 1489 4197 et
1518 4142 1674 4196 fratri
1710 4155 1895 4197 nostro
1920 4142 2125 4197 Beren-

536 4236 689 4305 garin
712 4235 857 4304 pallii
882 4234 1204 4305 dignitatem
1223 4234 1471 4288 cmtfcrre
1500 4251 1603 4287 non
1628 4234 2124 4303 prtetenuittcmus,

534 4326 698 4394 prout
749 4327 944 4380 mereri
994 4326 1171 4379 studia
1220 4332 1401 4379 vestra
1436 4312 1758 4379 videbimus.
1796 4324 1993 4379 lterum
2026 4327 2124 4380 itc-

541 4432 768 4484 rmnque
799 4430 912 4479 vos,
942 4414 1244 4469 charissimi
1283 4415 1400 4483 lilii,
1432 4416 1785 4471 admonemus
1816 4426 1873 4469 ιιι
1902 4415 2121 4471 fratrem

2227 1931 2338 1978 tate
2390 1925 2509 1979 suis
2558 1922 2787 1994 pedibus
2824 1922 2988 1995 posse
3031 1930 3380 1984 submittere.
3430 1926 3624 1986 luetati
3656 1948 3756 1985 vero

2224 2026 2504 2083 sperantes
2530 2016 2620 2087 qui
2660 2024 2788 2073 Suos
2819 2030 2926 2074 non
2950 2022 3201 2091 despicit,
3244 2026 3562 2079 «nistanter
3597 2040 3676 2094 per
3694 2040 3757 2078 vos

2224 2117 2279 2162 et
2294 2107 2436 2163 alios
2453 2108 2598 2164 tilios
2610 2119 2828 2166 nostros
2850 2111 3006 2167 illurn
3015 2128 3064 2166 ιιι
3079 2114 3358 2171 incursum
3374 2119 3754 2187 eotnprimemus.

2225 2200 2565 2270 Quapropter
2590 2204 2657 2257 de
2683 2206 2939 2271 praesenti
2972 2194 3203 2263 dilectos
3247 2209 3561 2265 ltaiuerimu
3586 2210 3755 2284 presby-

2228 2300 2426 2358 terum,
2454 2294 2771 2351 Formosum
2807 2308 3050 2353 nostrum
3082 2302 3413 2370 dapif'erum,
3454 2315 3509 2359 et
3529 2304 3755 2358 Foruiccm

2227 2397 2471 2442 nostrum
2500 2390 2840 2445 emissarium
2868 2406 2989 2446 cum
3022 2396 3387 2462 prteseutibus
3427 2398 3629 2467 scriptis
3652 2396 3758 2449 vobis

2226 2479 2566 2545 mandamus,
2597 2497 2626 2534 a
2652 2483 2849 2549 quibus
2888 2484 3035 2539 velut
3077 2501 3107 2540 a
3154 2488 3316 2543 nobis
3358 2491 3581 2546 audietis
3608 2501 3755 2558 quam:

2227 2572 2407 2642 pra-lia
2432 2574 2601 2628 nostri
2622 2574 2806 2630 fideles
2820 2585 3044 2632 strenue
3064 2583 3450 2646 commiscere,
3472 2594 3527 2635 et
3548 2585 3757 2652 quomodo

2226 2666 2292 2720 ad
2316 2666 2517 2721 Christi
2546 2683 2759 2736 sponsa:
2786 2669 3075 2726 utilitatem
3104 2672 3244 2726 ultra
3275 2687 3493 2730 montes
3514 2676 3757 2731 accelerare

2226 2758 2610 2828 disposuimus.
2648 2760 2754 2818 Nos
2776 2762 2988 2833 itaque,
3006 2765 3139 2835 quia
3164 2780 3263 2835 pro
3288 2767 3534 2823 Ecclesia
3560 2752 3752 2824 ludibria.

2226 2852 2477 2917 verbera,
2532 2855 2771 2921 vincula,
2810 2872 3079 2913 carceres.
3108 2898 3120 2912 .
3149 2896 3162 2911 .
3192 2900 3205 2913 .
3239 2900 3252 2915 .
3281 2861 3398 2931 (qui
3426 2862 3465 2914 ιι
3508 2874 3756 2932 purgantem;

2223 2942 2469 3016 eltccro)
2506 2946 2750 3003 diversas
2798 2958 2999 3004 mortes
3039 2953 3243 3021 experti
3295 2955 3458 3018 estis,
3498 2955 3757 3009 auctoritate

2227 3036 2522 3105 apostolica
2567 3038 2625 3093 et
2668 3040 3111 3097 currobomtione
3134 3045 3541 3114 episcoporum,
3578 3045 3755 3100 etnobi-

2178 3174 2196 3203 ί
2228 3129 2362 3183 lium
2392 3130 2761 3187 Romanorum
2800 3137 3015 3203 penitus
3035 3139 3260 3191 remotis
3293 3151 3323 3191 a
3375 3139 3526 3195 Vobis
3565 3139 3757 3192 onmilvus

2227 3236 2349 3290 qua:
2406 3218 2751 3293 aliquomodo
2807 3227 3054 3296 impediri
3111 3236 3374 3299 possunt;
3437 3234 3756 3287 confirmamus

2229 3316 2383 3372 vobis
2408 3322 2599 3374 Omnes
2644 3324 2854 3375 vestros
2879 3332 3028 3389 ttstts,
3080 3334 3136 3377 et
3184 3322 3477 3380 diuturnos
3522 3326 3673 3380 mores
3689 3337 3757 3391 pro

2230 3408 2382 3465 vobis
2428 3426 2458 3466 ιι
2491 3412 2730 3482 quolibet
2762 3413 3099 3472 introductos
3137 3419 3188 3472 in
3234 3433 3575 3490 perpetuum.
3620 3416 3755 3474 Liceat

2224 3513 2409 3558 autem
2441 3504 2594 3561 vobis
2618 3502 2804 3562 facere
2833 3506 3158 3564 court-mum
3212 3516 3416 3569 vestris
3447 3515 3697 3584 episcopis,
3718 3519 3756 3563 cl

2224 3593 2344 3648 sine
2373 3595 2663 3651 verberant
2689 3598 3018 3670 Obligationc
3040 3602 3273 3657 reddere
3296 3605 3588 3673 apostolica
3611 3602 3756 3657 vestris

2229 3687 2520 3758 episcopis,
2549 3688 2632 3744 vel
2658 3690 2779 3746 suis
2812 3693 3097 3757 ordinatis,
3130 3696 3339 3752 seil'eet
3372 3700 3577 3753 tertiam
3596 3708 3754 3766 partem

2230 3785 2700 3847 testamentorum,
2736 3786 2955 3837 tertiam
2978 3780 3275 3843 ebla‘tiOnis
3314 3791 3476 3860 panis
3504 3798 3697 3849 tantum,
3720 3795 3756 3837 ct

2220 3874 2367 3923 certe
2418 3870 2486 3924 de
2529 3870 2700 3926 tribus
2752 3873 2957 3940 nrissis,
2996 3878 3248 3946 quartam
3299 3875 3755 3940 decimam-metu

2229 3971 2409 4018 vestra
2439 3961 2683 4018 Ecclesia
2717 3968 2936 4036 proprio
2971 3981 3120 4024 caret
3163 3971 3439 4042 episcopo,
3470 3967 3754 4042 jusepiscopi

2229 4052 2436 4111 Ecclesi
2455 4073 2511 4121 ι),
2532 4065 2586 4111 et
2613 4058 2825 4112 clericis
2848 4071 3145 4116 accrescat.
3196 4063 3467 4119 Viaticunt
3498 4074 3548 4119 ct
3574 4062 3755 4117 electae-

2228 4164 2392 4219 synas
2417 4151 2725 4221 Specialiter
2752 4153 2904 4207 vobis
2930 4154 3225 4211 attributas
3262 4158 3422 4213 uritis
3448 4154 3752 4213 concertantis.

2230 4240 2295 4294 Et
2324 4240 2474 4296 salvo
2503 4252 2563 4295 ut
2601 4258 2696 4298 vos
2723 4244 2907 4299 clerici
2930 4261 3055 4300 eum
3095 4247 3350 4317 episeopo
3383 4249 3520 4302 sicut
3563 4247 3610 4300 in
3646 4256 3757 4297 more

2229 4337 2461 4400 habetis,
2520 4347 2573 4394 et
2631 4350 2841 4395 mecum
2895 4341 3084 4411 egistis
3139 4343 3581 4411 compendiosum
3640 4334 3755 4389 unius

2227 4430 2573 4486 comestionis
2608 4432 2945 4500 dispendium
2986 4441 3181 4485 liOSll‘iP.
3222 4432 3390 4487 curia:
3427 4430 3653 4491 solvatis;
3689 4437 3755 4476 vos

538 4519 786 4562 nostrum
847 4507 1229 4576 Berengarimn
1291 4508 1343 4562 in
1404 4508 1802 4563 restitutionem
1860 4506 2120 4563 Tarraco-

2229 4539 2381 4588 vero,
2416 4524 2559 4589 laici,
2607 4527 2972 4579 cotmnuuiter
3019 4526 3328 4580 exbibealis
3379 4526 3529 4578 uoltis
3580 4516 3755 4574 alterius

535 4596 722 4651 neusis
750 4597 992 4651 ecclesiae
1034 4596 1335 4664 adjuvetis,
1381 4606 1649 4667 quatenus
1694 4608 1749 4651 et
1784 4598 1834 4653 in
1868 4602 2117 4667 praesenti

528 4690 764 4760 gloriam
805 4698 864 4744 et
923 4692 973 4744 in
1025 4689 1208 4743 futuro
1255 4690 1421 4743 vitam
1474 4690 1785 4759 percipiatis
1835 4701 2120 4746 adernam.

535 4779 705 4835 Porro
736 4795 782 4835 sn
827 4789 1013 4835 noster
1061 4779 1127 4835 ad
1173 4795 1267 4835 vos
1314 4780 1525 4849 legatus
1576 4779 1806 4835 Domino
1851 4793 2125 4836 annuente

538 4874 870 4941 pervenerit,
896 4875 945 4929 ei
978 4889 1077 4945 pro
1120 4874 1265 4930 sedis
1302 4874 1612 4945 apostolica:
1640 4877 1943 4932 reverentia
1975 4877 2122 4931 debi-

539 4972 647 5017 tam
678 4962 1043 5020 obedientiam
1071 4965 1331 5021 eshiberc
1356 4978 1563 5021 curate.

611 5053 807 5108 Datum
860 5055 1046 5111 Roma:
1094 5055 1319 5112 Kalend.
1359 5054 1487 5111 Julii
1529 5068 1630 5127 per
1677 5073 1870 5113 manus
1897 5057 2123 5113 Joannis

533 5152 741 5199 sanctte
802 5144 1058 5201 Romana:
1120 5146 1377 5203 Ecclesia:
1436 5144 1654 5202 diaconi
1720 5147 2010 5202 cardiualis
2071 5159 2123 5203 et

534 5236 873 5301 cancellarii,
921 5254 1066 5293 anno
1110 5240 1348 5294 secundo
1392 5240 1577 5294 doumi
1621 5238 1823 5296 Urbani
1867 5256 2017 5313 papa:
2049 5242 2119 5307 ll;

533 5328 831 5385 indictione
863 5326 1196 5386 duodecima.

1260 5423 1401 5479 XXl.

528 5528 779 5590 Urbanus
810 5528 870 5588 11
905 5537 1217 5590 utorutsterio
1252 5532 1353 5592 SS.
1396 5538 1588 5591 Antoni
1620 5550 1665 5592 rt
1709 5537 1976 5592 Laurentii
2008 5539 2122 5593 ινιιι-

1156 5630 1259 5683 iam
1304 5631 1504 5684 tribuit.

1129 5718 1307 5785 (Anno
1349 5720 1527 5790 1039.)

634 5810 715 5886 [In
748 5812 975 5869 tabular.
1010 5814 1181 5869 Vatie.
1220 5815 1279 5869 V.
1304 5814 1482 5870 Pcu'rz
1512 5818 1718 5870 Archiv.
1743 5816 1831 5872 VH
1851 5856 1864 5882 ,
1895 5817 2012 5888 2L]

2227 4617 2576 4671 cotncstionis
2598 4617 2961 4686 dispendium,
2992 4626 3041 4670 et
3072 4618 3303 4682 hostem,
3326 4617 3752 4686 utpar-laureatum.

2226 4706 2437 4761 hostem
2487 4724 2583 4778 per
2633 4710 2957 4763 maritimam
3004 4719 3058 4763 et
3110 4710 3487 4779 Campaniam.
3539 4706 3751 4760 Pneterrn

2230 4798 2621 4855 confirmamus
2652 4810 2709 4854 ut
2736 4803 2852 4855 sine
2894 4802 2997 4854 ulla
3036 4801 3466 4855 contradictione
3489 4789 3753 4871 possidentis

2228 4899 2401 4945 terras
2423 4891 2596 4947 cultas
2622 4903 2673 4946 et
2710 4893 2961 4958 incultas,
2990 4893 3175 4958 silvas,
3216 4905 3449 4957 montes,
3481 4888 3645 4947 colleS.
3671 4884 3752 4952 Ρ¹³⁹

2228 4983 2408 5047 nitics,
2460 4984 2706 5050 paludes,
2755 4994 2806 5040 et
2839 4987 3020 5040 omnia
3052 5002 3172 5055 quae
3212 4987 3553 5040 continentur
3581 4980 3624 5032 in
3649 4971 3751 5027 auli-

2226 5077 2348 5144 quis
2372 5072 2669 5147 privilegiis
2703 5088 2894 5132 vestrre
2931 5079 3170 5133 civitatis
3198 5078 3359 5133 nobis
3409 5072 3641 5145 cognitis.
3667 5063 3749 5119 Ha-

2225 5169 2401 5223 neatis
2438 5170 2548 5226 sub
2585 5171 2789 5241 quiete,
2830 5186 2964 5239 pace
3000 5186 3066 5227 ac
3113 5181 3298 5225 vestro
3340 5170 3463 5238 jure
3500 5168 3549 5221 in
3596 5167 3743 5231 Pell‘e‘

2224 5272 2398 5315 tuum.
2430 5261 2751 5332 Quicunque
2779 5272 2985 5326 autem,
3021 5262 3163 5331 quod
3207 5260 3348 5316 Deus
3375 5265 3593 5319 avertat,
3630 5246 3744 5314 Ιιυὶυε

2227 5354 2394 5407 nostri
2420 5354 2583 5408 edicti
2637 5353 2869 5409 violator
2898 5354 3171 5408 exstiterit
3207 5363 3299 5407 :mt
3339 5350 3558 5417 alicujus
3603 5334 3742 5395 condi-

2221 5447 2388 5501 tionis
2426 5446 2601 5501 ‘forma
2630 5462 2792 5516 super
2834 5448 2937 5501 hoc
2973 5448 3227 5500 inducere
3258 5442 3549 5502 tentaverit,
3570 5430 3737 5489 anatlte

2224 5540 2384 5594 matis
2422 5538 2635 5594 vinculo
2675 5540 2948 5609 religetur.
2981 5540 3081 5606 Qui
3116 5546 3241 5593 vero
3283 5548 3459 5591 custos
3506 5539 3556 5584 et
3602 5523 3744 5579 0W“

2225 5642 2397 5697 valor,
2451 5630 2846 5688 benedictionis
2886 5636 3113 5703 gratiam
3158 5641 3530 5700 ctutsequautr,
3573 5627 3619 5674 cl
3650 5622 3743 5681 ³1³⁸⁸

2227 5724 2398 5779 riente
2420 5725 2691 5796 clavigero
2723 5725 2907 5793 Petro,
2939 5728 3089 5793 cujus
3122 5726 3308 5781 vicarii
3340 5736 3534 5782 sumus,
3572 5709 3740 5769 cultura

2225 5817 2345 5871 caeli
2372 5812 2720 5873 Conscendat.
