3892 6320
125 374 220 430 505

1258 369 1613 428 lil’lSTOLJ‘Z
1648 370 1692 424 E
1709 370 1735 422 Γ
1777 370 2159 428 Ριιιιίιμιειςιλ
2172 413 2187 426 .

3284 384 3391 451 396

190 483 466 556 Scriptum
521 500 613 553 per
671 500 890 538 manum
937 484 1151 538 Girardi
1200 495 1402 539 sanctte
1449 484 1705 537 Romante
1740 475 1778 524 Α
1813 478 2011 520 ⁸³¹¹⁰¹ί⁰
2043 469 2312 520 ¹¹¹θ¹¹¹⁰νίί¹²
2339 470 2600 541 (ἶνθῧθιδυ
2641 471 2960 542 ίνξέίηῖθῖιίηη
3012 474 3060 527 Ῐη
3094 473 3386 546 λιι3¹οιίιιιι

121 576 366 632 Ecclesim
419 574 722 639 scriniarii,
779 590 921 628 anno
977 574 1266 630 Dominica:
1316 573 1707 629 lncarnationis

119 668 401 721 millesimo
422 668 791 737 octuagesinto
824 683 989 729 nouo,
1014 668 1122 721 ind.
1156 684 1252 722 χιι.

184 759 222 829 -ξ-
254 758 366 827 Ego
388 757 583 812 l'etrus
624 757 716 812 Dei
746 759 921 829 gratia
952 756 1278 813 Albanensis
1334 757 1500 836 episc.
1535 755 1705 827 inter-

120 848 189 902 fui
216 861 267 903 ct
290 848 617 919 subscripsi.

188 943 219 1012 ἦ·
249 942 357 1011 Ego
387 941 581 995 Minut.
614 942 704 995 lict
738 941 911 1013 gratia
941 939 1325 996 Lavicanensis
1352 940 1591 1017 episeop.

179 1032 217 1101 -ι-
252 1032 362 1097 Ego
407 1031 587 1085 llr-uno
616 1030 899 1101 Signcusis
920 1030 1088 1101 cpisc.
1122 1045 1402 1086 assensum
1444 1046 1539 1103 per
1559 1030 1701 1083 hunc

117 1125 434 1193 trianO-ulunt
467 1123 671 1195 prwbni

650 1264 873 1334 Magnus
905 1265 1163 1320 Dominus

735 1366 921 1413 noster
946 1399 961 1421 ,
1019 1368 1076 1412 et

812 1470 1006 1524 magna

756 1550 787 1602 \
815 1550 984 1602 virtus
1018 1550 1061 1602 /'

841 1629 997 1697 cjns/

597 1246 626 1327 ἶ
650 1264 883 1343 Magnus
905 1265 1163 1320 Dominus

735 1366 921 1413 noster
946 1399 961 1421 ,
1019 1368 1076 1412 et

663 1387 758 1551 \
812 1470 1006 1524 magna
1047 1244 1234 1551 /

748 1551 1061 1731 \W

841 1644 958 1697 ctus
994 1668 997 1671 .

851 1731 949 1820 \/

179 1877 293 1931 Dat.
342 1877 539 1937 Romae
591 1891 685 1928 VIII
715 1873 790 1929 id.
840 1872 965 1939 Julii
1016 1877 1112 1941 pet“
1157 1888 1346 1927 manus
1383 1868 1605 1935 Joannis
1638 1870 1693 1924 5'.

119 1971 355 2025 [lautianm
386 1970 650 2027 Ecclesiae
679 1969 827 2025 card.
858 1976 908 2021 et
939 1965 1268 2031 cancellarii.

124 2170 305 2226 Urbani
333 2171 391 2229 11
419 2170 649 2238 epistola
678 2170 748 2225 ad
774 2169 1078 2235 Anselmum
1105 2167 1341 2233 abbatem
1371 2165 1699 2238 Becceusun.

188 2272 248 2283 --
281 2241 339 2296 Ut
381 2244 632 2309 episcopo
667 2256 833 2293 rerum
878 2238 1347 2309 ecclesiasticarum
1396 2237 1702 2309 imperitiori

184 2314 325 2366 nihil.
354 2308 423 2366 l't
452 2330 569 2366 non
594 2312 802 2379 ili/ferat
830 2310 1002 2363 sedem
1030 2308 1371 2379 «posto/icturi
1400 2308 1700 2379 visiture.pet

181 2385 243 2435 ad
284 2400 394 2436 eum
452 2377 802 2450 mittet-equm
861 2379 1142 2450 "uberius
1175 2378 1530 2432 subdiaconus
1588 2377 1703 2446 ejus

182 2452 369 2523 legtttus
406 2448 704 2522 collegerat
740 2466 805 2506 ea:
828 2465 985 2504 censu
1011 2448 1076 2503 Β.
1109 2448 1275 2503 Petrt.

717 2560 899 2633 (Anno
933 2560 1119 2630 loss.)

496 2651 658 2724 [0pp.
699 2653 762 2706 S.
797 2652 1047 2716 Anselmi,
1081 2667 1132 2720 p.
1162 2649 1313 2722 555.]

194 2765 430 2820 Uneaxus
451 2766 769 2839 cpiscopus,
802 2779 994 2819 servus
1018 2778 1297 2818 servorum
1324 2762 1438 2826 Dei,
1456 2761 1707 2818 Ausum)

133 2857 402 2911 venerabili
435 2867 502 2912 el
527 2856 878 2913 dilectissimo
905 2855 1111 2923 abbati,
1148 2855 1377 2915 salutent
1404 2864 1459 2911 et
1487 2864 1703 2927 aposto-

133 2944 271 2997 laam
301 2943 759 2998 benedicionetn.

191 3033 473 3104 Religionis
511 3049 575 3087 ac
606 3033 847 3088 scientiae
877 3042 979 3099 tua:
1007 3032 1419 3103 prmrogativam
1450 3031 1704 3097 scientes,

124 3125 410 3181 llelvaceusi
448 3125 714 3196 episcopo
738 3142 858 3195 qum
903 3127 953 3179 in
983 3124 1098 3192 ejus
1138 3124 1478 3177 ordinatione
1504 3123 1700 3194 injus.a

124 3216 440 3283 \itlcbantur,
502 3216 844 3277 indulsimus,
892 3224 947 3268 et
996 3216 1047 3268 in
1080 3226 1182 3267 lttzc
1204 3214 1382 3268 studio
1428 3214 1703 3268 industria:

125 3310 434 3373 eonfnlentcs
461 3324 658 3362 curant
694 3307 742 3360 ei
767 3307 1107 3375 episcopatus
1131 3306 1301 3359 invito
1335 3305 1698 3372 renitentique

128 3398 456 3469 iniunximus.
536 3398 689 3452 Nunc
745 3413 875 3468 ergo
928 3397 1020 3451 tibi
1083 3411 1206 3451 eum
1261 3396 1703 3450 commendamus

129 3494 385 3560 attentius,
414 3501 694 3562 quatenus
720 3491 768 3545 ci
798 3491 851 3544 in
888 3491 1139 3545 omnibus
1170 3499 1226 3543 ιιι
1261 3489 1371 3542 lilio
1416 3498 1508 3543 tuo
1550 3487 1703 3557 adju»

132 3590 220 3645 tor,
246 3584 503 3650 monitor,
538 3589 815 3636 corrector
855 3593 1019 3650 atque
1060 3579 1336 3635 consultor
1363 3578 1615 3644 assistas;
1650 3589 1705 3633 ct

132 3690 237 3728 cum
265 3677 375 3744 ipse
415 3677 618 3729 achse
673 3674 1002 3743 nequiveris,
1034 3671 1330 3743 quemlibet
1380 3672 1429 3725 ei
1476 3670 1703 3724 fratrum

134 3772 324 3818 tuorum
370 3766 487 3835 (qui
522 3779 685 3834 super
737 3764 910 3833 ipsum
959 3761 1227 3833 spiritttali
1275 3761 1393 3815 zelo
1443 3760 1705 3816 sollicitus

134 3852 213 3923 sit)
238 3868 557 3925 przesentem
606 3870 725 3910 esse
764 3854 1072 3917 mandabis,
1107 3861 1165 3907 ut
1190 3853 1333 3922 quod
1368 3852 1419 3906 in
1456 3850 1573 3919 ejus
1605 3851 1707 3905 ini-

138 3945 214 3995 tiis
248 3945 419 4001 minus
448 3944 773 4000 canonicum
804 3942 1065 4009 cernitur,
1114 3942 1269 3996 bonis
1320 3942 1370 3995 itt
1432 3954 1704 4012 posterum

138 4036 449 4105 profectibus
482 4038 661 4092 valeat
681 4036 919 4107 operari.
948 4036 1003 4090 Si
1031 4035 1158 4105 quid
1181 4044 1361 4088 autem
1386 4035 1479 4090 ti2.i
1508 4035 1587 4091 vel
1613 4051 1708 4105 per

136 4130 362 4184 eumdem
430 4130 812 4185 Belvaccnsent
858 4130 1194 4200 episcopum,
1251 4129 1332 4182 vel
1398 4146 1493 4200 per
1538 4131 1703 4185 filium

142 4230 360 4275 nostrum
394 4224 666 4293 Rogerum
712 4221 779 4277 de
817 4224 1041 4276 servitio
1072 4222 1130 4277 S.
1168 4223 1421 4276 ﬂontatue
1456 4222 1708 4277 E.cle.~i:‘e

142 4312 525 4377 mandabimus,
552 4323 611 4368 ιιι
644 4313 808 4369 talem
848 4315 1021 4367 virum
1069 4314 1237 4375 decet,
1270 4314 1499 4389 impiger
1530 4324 1582 4367 et
1612 4331 1707 4383 pa-

142 4405 428 4462 ratissimus
453 4407 795 4475 exsequeris.
829 4407 972 4461 Sane
1002 4407 1327 4459 monachum
1357 4417 1504 4459 tuum
1545 4404 1710 4459 Joan-

1812 571 1978 625 regno
2008 560 2301 629 aet-cperit,
2356 562 2517 615 tnnlta
2548 579 2611 616 ex
2642 580 2803 618 censu
2846 564 2985 619 beati
3017 565 3159 620 Petri
3192 568 3392 623 dicitur

1807 648 2112 719 collegisse;
2147 667 2265 719 qua:
2296 653 2340 707 si
2369 654 2509 724 apud
2551 670 2644 708 vos
2668 665 2816 721 snttt,
2850 657 3011 711 citius
3068 656 3134 711 ad
3168 676 3266 711 nos
3296 676 3388 714 vo-

1806 740 1985 796 lumus
2000 741 2259 797 destinari
2280 745 2586 799 necessitati
2611 756 2812 802 sancta:
2826 747 3077 803 Ecclesiae
3090 747 3388 819 profutura.

1876 833 2010 889 Data
2037 834 2235 905 Capua:
2265 836 2384 891 Kal.
2421 840 2649 904 August.

2502 925 2690 981 XXIV.

1806 1012 2004 1069 Urbani
2033 1014 2091 1069 11
2114 1015 2331 1086 epistola
2361 1017 2429 1070 ad
2470 1015 2717 1071 Pibonem
2745 1017 3037 1074 Tulleusem
3072 1022 3387 1093 episcopum.

2272 1144 2275 1145 ν
2421 1110 2599 1179 (Anno
2636 1110 2816 1179 l089.)

2208 1199 2400 1272 [aL-mm
2435 1200 2633 1255 Concil.
2683 1200 2801 1267 XX,
2824 1201 2988 1273 £376.]

1874 1294 2124 1351 Utmaaus
2159 1297 2461 1365 episcopus,
2496 1312 2685 1349 servus
2720 1312 2997 1349 servorum
3029 1297 3143 1362 Dei,
3195 1296 3393 1351 dilecto

1802 1387 1955 1439 fratri
1991 1385 2171 1439 Piens:
2215 1386 2455 1440 Tullensi
2481 1386 2755 1456 episcopo,
2789 1387 3015 1442 salutem
3049 1400 3101 1442 et
3135 1388 3393 1458 apostoli-

1801 1492 1922 1530 (‘atn
1954 1476 2407 1530 benedictionem.

1870 1565 2045 1635 Super
2068 1567 2453 1635 qumstionibus
2482 1582 2616 1636 quas
2648 1568 2712 1619 ad
2745 1584 2842 1621 nos
2882 1568 3169 1636 Adalbero,
3200 1578 3394 1624 vestra:

1799 1654 2058 1709 Ecclesia:
2090 1657 2249 1720 filius,
2284 1656 2494 1723 detulit,
2531 1658 2644 1711 bare
2666 1678 2694 1711 a
2722 1659 2879 1713 nobis
2912 1670 3040 1713 sunt
3070 1660 3122 1714 in
3152 1660 3389 1731 synoda-

1799 1749 1865 1804 lis
1909 1764 2133 1807 assensu
2160 1751 2377 1806 concilii
2425 1751 2658 1821 capitula
2693 1766 2787 1820 per
2817 1752 2909 1808 Dei
2937 1753 3168 1823 gratiam
3197 1753 3394 1809 contir-

1728 1819 1773 1877 Β
1801 1851 1967 1896 mala.

1871 1934 1999 1988 Car.
2042 1932 2081 1988 l.
2126 1934 2422 2003 Episcopus
2444 1935 2622 1989 omnia
2647 1935 2728 1989 sui
2751 1935 3094 2007 episcopatus
3124 1937 3387 2003 membra,

1802 2024 2052 2079 videlicet
2102 2022 2595 2091 arcbidiaconatus,
2653 2026 3244 2096 arebipresbyteratus,
3292 2026 3387 2080 de—

1803 2116 2007 2180 cauias,
2041 2116 2121 2170 vel
2162 2116 2369 2186 aliquas
2390 2116 2772 2188 praeposituras
2800 2114 3053 2171 Ecclesia:
3077 2133 3187 2171 sum
3228 2132 3393 2171 cano-

1805 2206 1993 2274 nicas,
2063 2208 2231 2278 gratis
2281 2208 2483 2276 absque
2527 2206 2673 2261 omni
2736 2206 3029 2261 venalitate
3075 2207 3387 2261 distribuat.

1803 2297 2058 2366 Quisquis
2088 2307 2267 2352 autent
2298 2313 2360 2352 ea
2408 2296 2581 2355 nretio
2627 2295 2859 2356 dederit.
2910 2290 3231 2366 depositioni
3262 2296 3391 2351 sub-

1798 2387 1997 2457 jaceat.

1872 2478 1999 2532 (ΞΜ).
2037 2477 2097 2531 ll.
2143 2477 2248 2532 Eos
2270 2476 2359 2546 qui
2390 2492 2418 2531 a
2452 2476 2840 2533 subdiaConatn
2873 2476 3129 2532 uxoribus
3161 2491 3389 2530 vacare-

1806 2570 1915 2624 rint
1945 2572 2013 2624 ab
2061 2571 2208 2622 otntti
2260 2585 2418 2623 sacro
2460 2570 2652 2623 ordine
2694 2584 3056 2633 remorennts,
3107 2567 3390 2637 ofﬁcioque

1806 2654 1969 2733 atque
1996 2662 2257 2716 benelicio
2286 2661 2540 2715 Ecclesim
2562 2677 2750 2717 carere
2776 2661 3137 2717 decernimus.
3179 2661 3235 2714 Si
3264 2676 3390 2713 w-ro

1805 2755 2040 2825 episcopi
2078 2754 2453 2808 consenserint
2498 2769 2684 2808 earum
2716 2755 3092 2824 pravitatibus,
3138 2771 3165 2808 a
3195 2754 3307 2810 suis
3333 2770 3391 2808 se

1809 2848 2053 2902 noverint
2086 2846 2273 2898 olliciis
2304 2845 2639 2900 interdictos.

1876 2943 2004 2997 Car.
2037 2940 2117 2993 Ill.
2162 2940 2226 3009 (Ι)
2280 2956 2385 3004 LVI,
2432 2938 2910 3009 l’rcsbyh'mrunt.)
2942 2938 3389 3010 Presltytcrorum

1798 3034 1946 3087 illius
1980 3050 2004 3084 ιι
2034 3033 2172 3086 sacri
2203 3033 2390 3086 altaris
2420 3031 2737 3086 ministeriis
2769 3032 3120 3085 removendos
3148 3029 3395 3084 decerni—

1812 3142 1951 3187 mus.
1989 3126 2087 3178 nisi
2128 3134 2221 3178 aut
2244 3125 2294 3177 in
2330 3124 2613 3187 coenobiis,
2644 3135 2735 3176 aut
2766 3123 2817 3176 in
2842 3124 3118 3178 canonicis
3149 3122 3393 3191 religiose

1808 3220 2016 3289 probati
2041 3217 2242 3270 fuerint
2266 3217 2599 3271 conversati.
2634 3216 2851 3285 Absque
2872 3214 3182 3285 prtejudicio
3213 3225 3397 3272 tamen

1803 3310 2161 3381 capitulorum
2216 3309 2469 3372 istorum,
2525 3308 2607 3362 eis
2653 3308 2744 3378 qui
2802 3293 3119 3377 praebendas
3151 3317 3243 3360 aut
3293 3307 3394 3374 ipsi

1805 3412 1931 3456 ante
1965 3402 2101 3456 hanc
2130 3399 2276 3455 sedis
2321 3398 2630 3469 apostolica:
2660 3398 3094 3451 interdictionem
3122 3402 3384 3459 emerunt

1806 3502 1899 3548 aut
1926 3501 2138 3561 emptas
2177 3506 2235 3546 se
2287 3489 2657 3545 nescientibus
2701 3488 3068 3558 posside-runt,
3120 3484 3394 3539 habendas

1806 3598 1903 3638 eas
1947 3582 2334 3651 permittimus,
2386 3579 2431 3633 si
2469 3594 2659 3633 eorum
2712 3593 2958 3649 persona:
3005 3586 3096 3631 tuo
3124 3575 3393 3630 arbitratu

1806 3674 1934 3727 vise
1962 3673 2166 3727 fuerint
2188 3668 2503 3741 promereri.
2538 3669 2629 3723 Eis
2654 3680 2833 3723 autem
2862 3669 2953 3735 qui
2982 3667 3142 3723 fidem
3174 3682 3389 3736 posses-

1807 3764 1977 3819 sionis
2022 3778 2132 3817 sua:
2190 3761 2399 3816 irritam
2470 3760 2754 3828 facientes,
2798 3768 2921 3828 post
2975 3759 3400 3819 subdiacrnatus

1807 3854 2175 3924 acceptionent
2233 3869 2429 3907 vacare
2480 3852 2739 3911 uxoribus
2793 3851 3273 3921 prmsntnpserint,
3331 3855 3392 3901 ct

1806 3947 2039 4002 ollicitnn
2087 3956 2142 4001 et
2172 3944 2479 4014 conjugium
2511 3944 2724 4014 penitus
2764 3943 3158 4007 interdicitnus,
3208 3944 3398 4011 eisque

1809 4041 2063 4113 quoniam
2117 4040 2328 4110 seipsos
2377 4040 2737 4106 apostatando
2786 4038 3189 4099 destrttxcrunt,
3219 4045 3364 4090 etro

1809 4133 2069 4201 lnptatetu
2125 4130 2370 4201 corporis
2418 4129 2647 4187 Domino
2684 4128 3056 4196 ptmtulerunl,
3087 4127 3231 4183 omni
3275 4125 3395 4178 vitae

1810 4242 1920 4281 sua:
1948 4236 2189 4293 tempore
2218 4231 2312 4279 aut
2335 4222 2386 4276 in
2413 4221 2699 4285 cmnobiis,
2724 4229 2811 4274 aut
2866 4221 2917 4272 in
2944 4220 3218 4273 canonicis
3242 4234 3398 4285 regu-

1812 4318 2014 4371 laribus
2039 4313 2411 4384 paenitentiam
2458 4311 2800 4366 decernimus
2827 4308 3230 4377 iniungendum.
3266 4307 3395 4359 l’re-

1810 4410 2150 4479 sbyterorutn
2184 4422 2313 4460 vero
2339 4405 2496 4470 lilios,
2513 4404 2604 4473 qui
2626 4404 2921 4458 secundum
2948 4402 3199 4471 prarcepti
3224 4400 3396 4454 nostri

142 4509 249 4549 nem
272 4507 466 4552 nostra:
497 4497 750 4553 Ecclesi:e
781 4499 947 4552 lilium
988 4498 1128 4567 apud
1160 4514 1257 4552 nos
1286 4499 1517 4553 retinere
1543 4498 1709 4552 volui-
1740 4524 1787 4582 υ
1813 4498 2176 4554 conditionem
2228 4505 2320 4549 aut
2368 4495 2420 4549 in
2471 4494 2737 4549 etenobiis
2766 4504 2858 4547 aut
2890 4494 2941 4546 in
2971 4492 3246 4547 canonicis
3274 4491 3393 4543 ηιξ-

144 4600 250 4643 mus
294 4607 306 4643 :
358 4605 524 4661 sopor
577 4606 683 4659 quo
716 4593 766 4644 in
819 4608 911 4646 \OS
938 4591 1152 4660 querela
1210 4590 1468 4645 Romana:
1517 4591 1713 4661 pendet

146 4674 399 4749 Ecclesiae,
424 4681 568 4752 quod
603 4680 770 4749 ipsius
800 4681 1055 4735 clericum
1089 4682 1439 4747 monacharc,
1476 4689 1531 4735 et
1552 4680 1709 4733 altio-

148 4764 282 4843 ribus
321 4771 576 4839 gradil.us
627 4770 924 4840 provehere
968 4770 1379 4839 prmsumpsisti.
1433 4771 1712 4825 Verumta-

149 4869 257 4909 men
286 4856 630 4915 Belvacensis
659 4859 893 4929 cpiscogti
918 4860 1172 4929 precibus
1200 4860 1468 4926 inclinati,
1500 4877 1623 4915 cunt
1646 4862 1711 4914 ad

149 4949 304 5003 tesub
350 4951 452 5006 hoc
504 4962 690 5006 tenore
739 4953 1088 5017 remittimus,
1132 4964 1189 5007 nt
1223 4963 1348 5011 ante
1394 4966 1640 5009 exactum
1682 4972 1709 5006 a

151 5042 381 5105 praest'nti
410 5043 833 5114 Quadragesima
878 5060 1079 5097 annum
1110 5055 1203 5098 aut
1240 5046 1386 5099 illmn
1410 5047 1473 5099 ad
1507 5063 1603 5100 nos
1632 5062 1714 5099 rc-

152 5130 340 5199 tnittas,
393 5142 484 5189 aut
518 5135 632 5205 ipse
676 5135 895 5190 veniens
943 5147 1117 5189 tecum
1169 5138 1358 5201 ducas,
1394 5147 1446 5191 et
1480 5139 1524 5190 si
1554 5154 1637 5205 qu.
1662 5153 1713 5189 nt

152 5222 298 5276 alium
325 5227 390 5280 de
420 5235 600 5282 vestra
630 5227 1050 5296 congregatione
1078 5228 1232 5281 nobis
1260 5227 1446 5281 utilem
1478 5228 1714 5283 noveris.

154 5309 304 5366 l’orro
337 5326 536 5384 quanto
577 5319 692 5388 ipse
737 5319 895 5374 citius
945 5320 1205 5389 potueris,
1237 5320 1419 5373 sedem
1465 5318 1716 5388 apostoli-

154 5418 260 5459 Cant
290 5408 506 5466 visitare
548 5426 615 5468 ne
643 5410 881 5478 differas,
925 5421 984 5466 ut
1024 5410 1330 5467 dilectionis
1362 5423 1561 5466 mutuae
1585 5427 1718 5481 prm-

157 5499 311 5551 scnlia
356 5500 643 5558 devotione
691 5502 872 5558 debita
919 5502 1284 5573 perfruamur.
1319 5502 1540 5558 llubertt
1592 5519 1719 5557 vero

161 5590 313 5645 tmstri
343 5595 673 5659 subdiacoui,
717 5586 808 5666 qui
838 5596 979 5665 apud
1025 5611 1122 5650 vos
1172 5595 1457 5651 defunctus
1500 5595 1715 5659 dicitur,

161 5679 196 5729 δί
223 5698 333 5748 una:
375 5702 460 5741 res
484 5690 623 5759 apud
650 5700 700 5744 te
726 5689 960 5744 dimissa:
989 5700 1132 5753 sunt,
1160 5691 1226 5745 ad
1256 5706 1351 5744 nos
1377 5690 1536 5746 citius
1562 5689 1719 5745 desti-

166 5771 318 5826 nabis.
371 5779 496 5833 (inut
548 5781 691 5833 cnittt
744 5795 772 5833 ιι
826 5781 1042 5834 dotnitto
1093 5782 1484 5849 pwdCtzcssore
1534 5791 1718 5835 nostro

1812 4592 1962 4662 giose
1982 4590 2192 4660 probati
2220 4587 2421 4641 fuerint
2444 4587 2771 4652 eonvet'sati,
2794 4587 2917 4655 quia
2944 4595 3154 4656 patrum
3180 4592 3399 4653 peccata

1813 4697 1935 4736 cum
1965 4680 2162 4735 sa-culo
2192 4678 2256 4751 [1³.
2306 4677 2512 4750 ειυειιιί]
2565 4678 2999 4751 possessionibus
3056 4677 3397 4739 abdicarunt,

1816 4789 1912 4842 pro
1959 4772 2235 4842 religionis
2293 4787 2357 4827 ac
2405 4772 2646 4827 scientia:
2694 4770 3048 4841 prmrogativa
3106 4769 3401 4839 apostolico

1818 4865 2185 4920 moderamine
2204 4864 2510 4919 tolerandos
2534 4864 2803 4927 ducimus,
2820 4872 2875 4917 ct
2895 4863 2959 4916 ad
2980 4878 3162 4916 sacros
3184 4861 3403 4915 ordines

1816 4966 1871 5011 et
1898 4956 1965 5011 ad
1997 4955 2229 5011 honores
2268 4955 2671 5011 ecclesiasticos
2696 4953 3057 5023 permittimus
3095 4954 3399 5022 proveheno

1817 5046 1934 5100 dos.

1888 5139 2016 5193 (lar.
2048 5136 2132 5191 IV.
2161 5137 2330 5191 Porro
2360 5136 2424 5191 de
2451 5134 2667 5189 clericis
2695 5132 2787 5204 qui
2826 5134 2893 5189 ab
2917 5135 3403 5190 excommunicatis

1819 5227 2087 5297 episcopis
2118 5236 2242 5279 sunt
2281 5224 2516 5278 ordinati
2552 5223 2779 5276 necdum
2813 5222 3028 5291 quidem
3074 5225 3401 5278 sententiam

1822 5320 2057 5384 fiximus,
2103 5320 2229 5388 quia
2281 5316 2549 5388 generalis
2596 5316 2719 5370 tnali
2775 5317 3084 5388 contagium
3133 5332 3330 5391 geneta
3358 5317 3404 5371 is

1820 5411 2011 5483 synodi
2041 5422 2128 5465 est
2153 5410 2396 5464 cauterio
2442 5408 2891 5463 comburendum.
2929 5409 3057 5461 'l‘ua:
3087 5419 3265 5461 tatnen
3296 5408 3404 5461 fra-

1825 5501 2061 5557 ternitati
2106 5502 2210 5556 hoc
2255 5501 2643 5571 respondemus
2673 5500 2741 5554 ad
2784 5516 3042 5571 pra-sons,
3073 5508 3126 5551 nt
3162 5501 3240 5569 i9,
3268 5516 3317 5552 c.
3352 5501 3400 5563 l,

1821 5597 1898 5649 Ab
1930 5593 2415 5665 cx:onmmnicatis)
2468 5592 2536 5648 ab
2584 5594 3074 5649 cxcommunicatis
3108 5591 3404 5671 ‘quondam

1825 5698 2004 5742 tatnen
2037 5684 2321 5740 catholicis
2356 5684 2625 5755 episcopis
2649 5685 2949 5749 ordinatos,
2980 5684 3024 5739 si
3055 5684 3269 5753 quidem
3300 5698 3403 5735 non

1825 5780 2131 5838 Simoniacc
2173 5780 2316 5851 ipsos
2341 5779 2555 5835 ordines
2588 5786 2933 5847 acceperunt,
2966 5786 3019 5831 ct
3050 5776 3093 5830 si
3125 5774 3406 5844 episcopos
