3892 6320
78 356 171 414 513

1266 349 1628 421 Brutone
1659 355 1750 419 ET
1783 358 2192 420 PRtVlLEGlA.

3232 376 3339 433 3U

76 470 363 543 apOSlOiiCa
388 469 717 524 auctoritate
740 470 1034 541 statuimus
1059 479 1115 524 ut
1137 487 1486 541 quamnuque
1512 490 1658 531 nunc
1686 476 1732 532 Α
1761 480 1862 536 hus
1890 483 2163 553 episcopis
2187 494 2371 541 nostra
2399 490 2723 545 auctoritate
2745 492 3019 562 praecipito
3045 502 3103 547 ιιι
3130 494 3344 550 interim

77 566 209 620 idem
244 561 559 617 cmnobium
593 562 834 632 possidet
884 562 1005 617 sive
1052 563 1104 617 in
1145 573 1450 627 crastinum
1496 567 1659 637 largi-

77 657 215 711 tione
246 653 590 723 principum.
631 654 989 710 concessione
1023 655 1349 724 pontiﬁcum
1386 658 1472 713 vel
1508 657 1655 713 obla-

77 750 212 803 tione
242 745 490 800 ﬁdelium
519 745 775 817 legitimis
797 746 975 801 modis
998 747 1197 815 poterit
1215 748 1471 820 adipisci,
1503 750 1655 805 firma

76 839 164 892 tibi
208 838 425 907 tuisque
473 837 883 893 successoribus
924 846 980 893 et
1028 838 1232 893 illibata
1279 851 1655 910 permaneant.

78 928 422 982 Decerniuuts
466 937 682 997 ergout
721 925 853 982 nulli
905 928 1131 982 omnino
1163 931 1447 986 hominum
1495 932 1663 987 liceat

75 1021 206 1075 idem
228 1020 549 1074 eeembinm
583 1028 790 1075 temere
820 1022 1169 1091 perturbare,
1204 1035 1301 1081 aut
1328 1025 1379 1081 ei
1412 1025 1662 1082 subditas

74 1111 443 1181 possessiones
471 1111 709 1179 auferre,
756 1112 1001 1168 minuere
1032 1112 1116 1167 vel
1145 1115 1456 1171 timicrariis
1489 1129 1660 1171 vexa-

76 1203 305 1259 tionibus
340 1204 607 1275 fatigare;
658 1205 755 1260 sed
795 1205 979 1260 omnia
1028 1205 1243 1279 integre
1270 1218 1663 1267 conserventur

83 1306 281 1353 eorum,
336 1306 440 1362 pro
481 1308 714 1362 quorum
763 1293 1170 1351 sustentationc
1215 1311 1474 1352 concessa
1512 1306 1661 1362 sunt,

78 1385 254 1439 usibus
278 1385 596 1453 prolutura,
626 1383 774 1439 salva
818 1384 1093 1442 liisuntini
1129 1387 1528 1458 archiepiscopi
1571 1402 1664 1441 ca-

80 1476 267 1532 nonica
334 1476 671 1535 reverentia.
733 1477 881 1533 Sane
936 1477 981 1531 si
1050 1480 1175 1550 quis
1230 1481 1283 1536 in
1358 1481 1659 1536 crastinum

79 1568 517 1637 archiepiscopus
555 1578 652 1629 aut
699 1568 1013 1639 episcopus,
1051 1572 1352 1642 imperator
1393 1580 1488 1625 aut
1544 1586 1660 1635 rex,

80 1659 319 1729 princeps
354 1669 452 1712 aut
508 1659 643 1727 diu,
687 1675 875 1716 comes
920 1671 1016 1717 aut
1055 1662 1245 1729 judex,
1288 1673 1382 1718 aut
1425 1677 1660 1733 persona

85 1748 346 1819 qurelibet,
378 1764 587 1819 magna
621 1749 706 1804 vel
742 1764 940 1819 parva.
990 1762 1186 1823 potens
1230 1763 1325 1807 aut
1368 1753 1660 1823 impotens,

86 1838 229 1907 hujus
258 1840 426 1895 nostri
472 1840 744 1913 privilegii
780 1845 1038 1916 paginam
1082 1844 1263 1899 sciens
1298 1854 1485 1899 contra
1538 1859 1660 1899 eam
1697 1835 1739 1893 Β

89 1942 248 1987 tamen
290 1934 477 1990 venire
522 1935 839 2003 teutaverit,
886 1940 1125 1994 secundo
1156 1939 1383 1994 tertiove
1423 1954 1666 1994 commo-

86 2024 239 2087 nitus,
299 2025 343 2079 si
388 2040 506 2080 non
567 2023 946 2084 satisfactione
991 2043 1229 2099 congrua
1268 2029 1665 2096 emendaverit,

94 2116 276 2171 Christi
324 2127 377 2173 et
410 2117 683 2176 Ecclesia:
729 2136 959 2192 corpore
994 2138 1117 2177 cum
1155 2122 1478 2178 auctoritate
1516 2133 1668 2194 pote-

94 2208 239 2262 statis
254 2209 567 2277 apostolicm
590 2223 976 2285 segregaturus;
1008 2214 1468 2271 conservantibus
1484 2223 1665 2269 autem

96 2315 185 2367 par
214 2316 241 2354 a
276 2301 382 2356 Deo
422 2312 483 2357 et
530 2306 908 2361 misericordia
970 2307 1331 2377 pra-sentibus
1361 2323 1426 2365 ac
1473 2306 1670 2363 futuris

93 2389 285 2444 seculis
318 2406 705 2450 cetmrvetur.

159 2482 259 2551 Ego
296 2483 563 2543 Urbanus
590 2488 871 2546 catholicae
908 2490 1166 2547 Ecclesire
1189 2490 1505 2562 episcopus.

156 2574 335 2633 Datum
382 2577 583 2635 [toruae
616 2595 648 2633 v
704 2581 823 2636 Kal.
879 2581 999 2637 Jan.
1051 2599 1147 2653 per
1195 2599 1390 2639 manus
1443 2582 1671 2641 Joannis

98 2666 148 2718 ὃ.
201 2664 264 2722 R.
318 2669 381 2724 E.
439 2671 715 2727 diaconus
776 2673 1114 2741 cardinalis,
1166 2690 1309 2729 anno
1372 2675 1669 2729 Dominicae

98 2756 463 2817 hicarnationis
510 2764 668 2831 1088,
690 2780 839 2821 anno
861 2766 1210 2838 pontiﬁcatus
1234 2768 1439 2824 domini
1466 2766 1667 2823 Urbani

102 2865 230 2919 papa:
253 2851 293 2907 Il
320 2855 590 2911 secundo.

778 2972 970 3027 XXIX.

112 3056 286 3114 Urbani
322 3061 378 3118 11
411 3064 638 3139 cuiatem
668 3066 737 3120 nd
772 3065 1073 3121 Ruinerium
1107 3070 1428 3123 rartl'nolcm
1454 3069 1668 3139 presby-

161 3133 632 3261 terun;.—-Multa
682 3139 897 3192 mandat
943 3140 1012 3193 ad
1060 3158 1140 3194 res
1194 3133 1513 3211 Hispanicus
1555 3133 1671 3211 spc—

165 3214 366 3261 ctanta.

165 3214 366 3261 ctantta.

685 3299 864 3369 (Anno
891 3299 1077 3371 i089.)

457 3387 685 3462 [Msasn
720 3390 921 3447 Cone-il.
952 3392 1090 3457 XIX,
1117 3392 1271 3467 698.]

179 3495 432 3562 Quantum
482 3502 557 3555 «ξε
601 3501 863 3571 religione
892 3511 980 3557 tua
1010 3505 1369 3569 confidentes,
1408 3521 1511 3576 qua
1553 3506 1676 3572 ﬁde,

115 3599 204 3652 qua
226 3589 515 3656 eharitate,
551 3593 609 3645 in
635 3603 819 3662 partes
872 3593 995 3647 illas
1045 3595 1384 3661 reduximus,
1436 3598 1550 3665 ipse
1600 3607 1677 3663 tu,

118 3676 259 3734 frater
282 3682 659 3749 dilectissime,
698 3686 1063 3756 recognoscis.
1110 3688 1224 3759 Age
1262 3704 1395 3759 ergo
1441 3705 1538 3759 pro
1585 3705 1681 3759 spe

118 3786 252 3840 quam
272 3778 334 3831 de
362 3786 446 3832 tua
475 3778 819 3848 providentia
845 3779 1102 3850 gerimus.
1130 3790 1185 3833 et
1216 3782 1428 3849 negotia
1452 3796 1682 3851 qumque

119 3869 317 3934 poteris,
364 3870 599 3926 Domino
639 3868 957 3939 adjuvante,
988 3871 1253 3926 canonice
1282 3872 1517 3926 dillinire
1550 3889 1678 3942 pro-

120 3972 247 4025 cura,
276 3969 329 4015 et
352 3978 413 4016 ea
445 3962 687 4017 maxime
717 3978 815 4032 pro
844 3962 1041 4033 quibus
1082 3963 1278 4017 missus
1306 3979 1386 4030 es,
1430 3964 1681 4020 videlicet

121 4065 222 4117 quae
247 4053 378 4108 inter
404 4055 815 4110 Narbonensem
844 4055 1143 4109 antistitem
1197 4064 1251 4110 et
1272 4055 1679 4113 Comorieusem

123 4142 339 4199 abbatem
374 4146 676 4216 jactantur.
733 4146 970 4203 Veniens
1005 4146 1050 4201 si
1081 4148 1299 4218 quidem
1333 4150 1399 4203 ad
1432 4167 1529 4205 nos
1557 4167 1677 4204 eum

128 4232 541 4295 Barehiuonense
602 4239 771 4295 fratre
830 4250 1018 4295 nostro
1074 4242 1367 4296 venerabili
1427 4243 1682 4314 episcOpu

127 4330 585 4386 reverendissitnus
632 4332 804 4386 frater
853 4342 1037 4386 noster
1084 4332 1456 4389 Narbonensis
1506 4335 1682 4388 archi-

127 4418 401 4491 episcopus,
428 4439 593 4494 quem
608 4424 927 4496 jatududum
956 4425 1063 4479 vita
1100 4436 1152 4481 et
1177 4424 1436 4498 religione
1465 4437 1681 4495 specta-

1702 3200 1750 3264 C

1760 572 2126 641 Narbonensi,
2169 585 2428 648 tauquam
2468 581 2690 652 proprio
2735 583 3175 651 metropolitano,
3217 587 3346 640 obe-

1763 668 1939 735 diant,
1972 670 2167 733 donee,
2218 662 2446 739 parante
2491 671 2741 737 Domino,
2785 673 3215 730 Tarraconensis
3262 693 3337 730 re-

1764 768 2043 815 stauretur
2067 762 2299 817 ecclesia
2330 781 2344 818 :
2379 760 2641 818 Toletano
2686 772 2887 829 autem,
2930 766 3070 820 sicut
3100 768 3338 837 primati,

1766 854 2131 910 reverentiam
2158 856 2477 923 exhibeant,
2524 858 2697 913 donec
2748 857 3119 918 Narbonensis
3164 864 3340 918 archi-

1762 948 2052 1019 episcopus
2089 963 2151 1004 se
2195 966 2385 1005 eorum
2428 951 2717 1020 primatem
2771 953 2937 1010 fuisse
2984 966 3133 1012 certa
3180 961 3345 1026 possit

1761 1040 2091 1095 auctoritate
2125 1052 2455 1099 monstrare.
2484 1043 2645 1098 Novit
2677 1046 2942 1115 siquidem
2975 1057 3061 1102 tua
3096 1048 3350 1104 fraterni-

1764 1140 1849 1185 tas
1877 1133 2163 1203 primatem
2194 1150 2222 1189 ο
2255 1135 2409 1191 nobis
2453 1135 2775 1193 Toleta'num
2812 1140 2892 1195 sie
2933 1139 3256 1204 institutum,
3293 1152 3352 1197 ιιι

1762 1223 1913 1279 salva
1938 1226 2048 1281 sint
2094 1229 2639 1299 metropolitanorum
2679 1231 2961 1303 privilegia
3006 1242 3346 1290 exterarum.

1758 1318 2027 1373 Abbatem
2054 1332 2293 1389 quoque,
2342 1332 2397 1375 ut
2436 1332 2642 1378 sancite
2688 1323 2960 1393 opinionis
3005 1325 3205 1391 virum,
3254 1329 3350 1381 ad-

1765 1424 2010 1476 moneas,
2029 1413 2350 1482 prarcipiens
2375 1429 2440 1467 ne
2466 1413 2692 1468 ulterius
2716 1432 2835 1485 qua:
2863 1417 3181 1487 episcopalis
3208 1417 3347 1484 juris

1763 1510 1890 1555 s-mt
1917 1502 2035 1557 sine
2055 1503 2293 1575 episcopi
2319 1507 2671 1561 concessione
2699 1508 2944 1578 recipiat,
2970 1517 3023 1562 et
3049 1509 3113 1563 de
3140 1510 3356 1580 injuriis

1766 1594 2541 1669 Narbonensiarchiepiscopo
2591 1599 2754 1655 illatis
2797 1603 3125 1672 competenti
3168 1617 3357 1657 cmen-

1764 1685 1987 1741 datione
2012 1678 2315 1742 satisfaciat
2347 1706 2361 1743 :
2389 1691 2455 1743 de
2481 1697 2681 1744 etetero
2719 1700 2777 1745 ut
2822 1692 3099 1761 proprium
3131 1702 3185 1748 et
3226 1708 3354 1747 san-

1765 1785 1867 1829 ctze
1891 1779 2314 1834 consecrationis
2374 1790 2689 1834 revereatur
2719 1781 3039 1846 antistitem,
3076 1792 3130 1838 et
3164 1799 3352 1855 pacem

1768 1881 1894 1921 eum
1952 1881 2019 1922 eo
2046 1866 2303 1924 fraterna!
2355 1871 2641 1925 charitatis
2690 1871 3073 1928 inviolabiliter
3120 1876 3356 1930 retinere

1770 1968 2049 2028 procuret.
2080 1959 2159 2015 Tu
2190 1969 2370 2015 autem
2405 1961 2458 2015 in
2494 1962 2747 2017 omnihus
2776 1962 3034 2019 Romana:
3062 1967 3359 2021 auctorita-

1770 2050 1844 2106 tis
1870 2063 2165 2105 memorem
2193 2060 2245 2106 te
2273 2050 2491 2117 exhibe,
2534 2060 2593 2105 ut
2633 2052 2777 2106 nulla
2801 2053 2867 2108 de
2899 2063 2949 2108 te
2975 2056 3146 2124 possit
3179 2057 3359 2125 suspi-

1771 2142 1858 2198 cio
1899 2157 2206 2198 remanere.
2240 2142 2375 2210 Quia
2415 2158 2547 2199 vero
2587 2143 2954 2202 Narbonensis
2989 2148 3359 2217 archiepisco-

1771 2247 1875 2303 pus
1907 2233 2189 2303 privilegia
2223 2235 2290 2289 de
2324 2234 2558 2304 primatu
2600 2235 2884 2288 ecclesiam
2922 2253 3073 2291 suam
3108 2239 3359 2296 habuisse

1774 2325 2118 2389 memoravit,
2166 2340 2287 2394 quae
2324 2340 2355 2379 a
2392 2341 2491 2380 suo
2533 2327 2932 2394 praedecessore
2979 2329 3259 2392 translata,
3299 2348 3360 2387 se

1776 2422 1954 2468 tamen
2009 2424 2231 2483 sperat,
2290 2425 2520 2487 parante
2570 2417 2829 2479 Domino,
2884 2428 3270 2489 reperturum:
3304 2434 3359 2477 tu

1773 2520 1998 2563 causam
2035 2508 2325 2579 diligenter
2375 2508 2607 2579 inquire,
2660 2510 2975 2580 inquisitam
3022 2515 3090 2567 ad
3135 2530 3234 2569 nos
3274 2530 3365 2571 re-

1775 2598 1920 2654 ferre
1977 2614 2228 2670 procura.
2287 2598 2443 2668 Quod
2495 2601 2540 2656 si
2595 2602 3001 2676 privilegiorum
3061 2608 3363 2665 auctoritas

1774 2689 2082 2758 nequiverit
2130 2690 2386 2759 reperiri,
2432 2699 2489 2745 tu
2541 2707 2665 2746 eum
2708 2693 3046 2763 principibus
3100 2705 3258 2751 terra:
3295 2696 3363 2753 de

1774 2781 2173 2836 restauratione
2201 2781 2631 2837 Tarraconensis
2659 2783 2903 2845 ecclesiae.
2934 2785 3110 2840 stude.
3142 2785 3363 2841 Interim

1776 2880 1956 2926 tamen
1984 2872 2423 2929 Tarraconenses
2456 2876 2737 2946 episcopos
2766 2876 2836 2941 ei,
2871 2885 3127 2947 tanquam
3164 2889 3369 2935 metro-

1773 2966 2014 3036 politano
2046 2967 2285 3037 proprio,
2322 2969 2545 3039 obedire
2589 2970 2884 3041 praecipito.
2932 2970 3178 3027 Eluensis
3229 2989 3365 3043 quo-

1775 3073 1881 3128 que
1921 3044 2158 3131 episcopi
2195 3076 2413 3116 causam
2460 3063 2747 3134 dilfgeuter
2796 3064 3076 3134 inquiritu,
3123 3074 3176 3119 et
3218 3066 3363 3120 inter

1782 3148 2187 3206 Narbonensem
2251 3153 2567 3224 episcopum
2624 3164 2678 3209 et
2733 3155 2907 3225 ipsum
2975 3156 3121 3226 justo
3185 3144 3365 3213 omnia

1772 3239 1979 3310 judicio
2015 3242 2264 3298 diliinitu.
2308 3245 2449 3299 Idem
2482 3263 2698 3318 quoque
2724 3254 2791 3304 te
2832 3250 2898 3304 de
2938 3252 3216 3306 Crassensi
3251 3267 3365 3305 cu:-

1778 3334 1943 3391 uobio
1969 3337 2112 3391 inter
2148 3337 2556 3396 Narbonensem
2601 3342 3067 3413 archiepismpum
3097 3354 3153 3398 et
3181 3360 3368 3401 mona-

1778 3432 1914 3487 chos
1938 3430 2180 3500 ejusdem
2210 3434 2443 3489 ctnnobii
2469 3450 2729 3490 exercere
2760 3436 3123 3506 pra-cipimus.

2473 3547 2645 3602 XXX.

1784 3632 1989 3710 Urbani
2024 3635 2089 3690 11
2131 3637 2351 3710 cpistola
2397 3640 2466 3694 ad
2516 3640 2835 3710 linguarium
2884 3640 2943 3697 S.
2996 3641 3061 3697 Β.
3118 3641 3369 3697 Ecclesia

1850 3707 2206 3782 presbyterum
2245 3718 2294 3760 et
2324 3708 2569 3782 (malum.
2600 3707 2683 3750 ⁷-
2712 3710 2868 3765 Illum
2907 3714 3042 3766 inter
3073 3714 3369 3782 episcopum

1851 3776 2728 3864 garcinonemcnrt.[Bertrqnnntn]
2756 3795 2807 3864 et
2830 3785 3067 3838 abbatem
3091 3776 3372 3864 .S._Pontti

1853 3847 2238 3905 Tomeriemem
2271 3847 2646 3923 [Frolardum]
2663 3847 2899 3921 judicent
2932 3856 3224 3909 constituit.

2379 3944 2570 4015 (Auno
2597 3946 2781 4017 1089.)

2174 4035 2401 4109 [illum
2429 4036 2632 4093 Concil.
2662 4038 2779 4105 XX,
2806 4040 2954 4113 679.]

1853 4150 2125 4217 lianaaus,
2176 4146 2370 4207 servus
2404 4166 2684 4207 servorum
2719 4153 2833 4217 Dei,
2863 4155 3182 4209 charissima
3213 4163 3380 4223 atque

1782 4240 2095 4297 dulcissimo
2117 4241 2270 4295 fratri
2302 4241 2574 4313 llaynerio
2603 4253 2804 4298 sancta:
2828 4245 3082 4298 llontanm
3114 4244 3381 4301 Ecclesia}

1784 4333 2105 4402 presbytero
2144 4342 2309 4402 atque
2366 4332 2564 4402 legato,
2623 4333 2854 4387 salutem
2917 4344 2973 4389 et
3017 4334 3381 4405 apostolieann

1785 4422 2235 4480 benedictionem.

131 4518 223 4563 tum
248 4514 523 4581 habemus,
548 4517 779 4588 plurima
803 4517 1031 4573 adversa
1059 4528 1248 4574 contra
1275 4519 1679 4573 Comoriensetn
1717 4557 1761 4617 Β
1857 4514 2152 4585 Postquam
2181 4530 2210 4567 a
2246 4514 2430 4580 nobis,
2465 4514 2634 4570 frater
2670 4515 3010 4581 cbarissime,
3045 4516 3374 4578 discessisti.

133 4601 351 4661 abbatem
382 4618 715 4679 conquestus
742 4618 847 4673 est,
879 4609 1093 4665 scilicet
1116 4608 1261 4679 quod
1286 4609 1546 4665 ecclesias
1574 4625 1685 4663 sua:

135 4691 372 4764 ditecesis,
410 4698 767 4755 saecularibus
807 4700 1168 4771 petestatibus
1203 4700 1394 4765 fultus,
1432 4700 1684 4767 invadat;

138 4788 257 4851 quod
283 4791 781 4851 excommunieatos
812 4793 883 4847 ab
911 4809 977 4849 eo
1002 4794 1123 4849 sine
1150 4794 1296 4848 muni
1328 4794 1443 4864 ejus
1475 4793 1690 4848 absolu-

137 4875 259 4933 tione
281 4883 529 4953 recipiat;
559 4884 699 4953 quod
728 4884 780 4939 in
807 4884 1025 4940 Jacensi
1049 4886 1179 4941 sede
1210 4887 1327 4941 sine
1351 4886 1435 4942 sui
1470 4885 1686 4941 licentia

138 4964 303 5026 frcerit
325 4976 636 5046 episcopum
672 4978 1018 5043 consecrari;
1061 4978 1313 5047 quodque
1343 4978 1528 5033 auditu
1559 4979 1685 5033 hor-

142 5062 340 5117 rendum
377 5076 477 5129 est,
523 5078 794 5122 mortttnm
837 5070 1125 5139 quemdam
1173 5071 1274 5124 sub
1323 5071 1687 5136 anathemate,

140 5150 320 5223 ahcjas
357 5162 637 5215 monachis
680 5161 1109 5227 estumulatum,
1147 5174 1200 5217 et
1242 5162 1383 5216 inter
1420 5175 1690 5218 monaste-

146 5247 262 5303 rium
291 5257 603 5311 tumnlatunt
629 5260 885 5313 asseruit.
913 5258 1056 5313 Inter
1079 5266 1293 5319 ezetera,
1318 5256 1689 5327 prmjudicium

148 5337 231 5393 sibi
273 5344 462 5403 factum
503 5352 571 5404 de
612 5350 1103 5405 Tarraciniensitnn
1146 5352 1525 5422 episcoporum
1565 5355 1693 5407 sub-

150 5435 382 5493 lraetione
419 5458 512 5511 per
546 5442 843 5497 Romanam
881 5443 1179 5498 Ecclesium
1217 5444 1532 5516 suppliciter
1563 5445 1689 5500 inti-

150 5526 470 5611 piavit,cirea
495 5550 587 5591 eos
615 5535 682 5607 [Ι.
729 5552 854 5591 eum
900 5551 995 5591 eos
1038 5553 1100 5589 ac
1141 5537 1330 5592 deinde
1366 5534 1691 5611 possederit]

152 5609 476 5680 Narbonensis
530 5627 845 5697 metropolis
908 5644 1005 5698 per
1049 5643 1225 5684 annos
1269 5609 1691 5699 quadringentos

152 5706 249 5793 ﬁne
292 5714 500 5774 alterius
554 5720 946 5776 reclamatione
1004 5724 1156 5793 prius
1210 5723 1433 5777 sederit.
1495 5722 1687 5777 Nostra

157 5792 291 5863 L'utur
321 5807 428 5864 vice
456 5810 504 5865 in
539 5813 787 5884 partibus
828 5813 933 5866 illis
977 5792 1225 5883 fungens,
1274 5813 1679 5871 Tarraconensi-

1791 4607 1994 4663 fratres
2048 4607 2356 4663 ebarissimi
2396 4608 2566 4663 nostri
2606 4607 2976 4663 Narbonensis
3018 4617 3073 4663 et
3126 4608 3385 4662 Barcino-

1792 4698 1978 4755 uensis
2004 4698 2279 4754 antistites
2320 4710 2686 4769 pervenerunt
2716 4699 2780 4754 ad
2809 4714 2909 4753 nos
2940 4698 3206 4767 justitiam
3234 4698 3383 4753 sedis

1791 4788 2104 4861 apostolicae
2145 4804 2308 4860 super
2333 4790 2446 4845 suis
2482 4790 2837 4860 querimoniis
2864 4787 3167 4861 ﬂagitantes
3199 4790 3250 4843 in
3285 4790 3380 4843 ab-

1790 4885 1972 4940 batem
2000 4882 2145 4938 beati
2175 4881 2371 4937 Pontii.
2397 4882 2815 4938 Barcinonensis
2841 4881 3170 4950 querebatur
3192 4881 3385 4936 dicens

1792 4992 1854 5032 se
1910 4985 2032 5048 post
2077 4983 2393 5046 susceptum
2441 4975 2785 5045 episcopatus
2815 4972 3047 5028 oﬂicittm
3078 4976 3177 5028 sub
3217 4990 3387 5028 manu

1793 5069 2012 5141 propria
2035 5069 2217 5139 quiete
2246 5066 2555 5123 coenobium
2586 5066 2769 5121 Sancti
2804 5064 3082 5120 Cucufatis
3123 5080 3268 5119 anno
3297 5064 3381 5117 itt-

1796 5175 1972 5236 tegro,
2026 5172 2084 5216 ut
2127 5160 2361 5232 speciale
2396 5175 2507 5214 sum
2556 5158 2812 5215 Ecclesia:
2841 5158 3164 5213 beneficium
3198 5173 3386 5226 posse-

1792 5258 1937 5311 disse
1965 5256 2327 5323 ahbatemque
2354 5253 2485 5308 inibi
2516 5268 2613 5322 per
2631 5268 2691 5308 se
2716 5253 2971 5316 electum,
3005 5251 3389 5307 εοιιμθιιιίυιιιο

1793 5355 1849 5401 et
1876 5347 2140 5402 laudante
2161 5346 2336 5417 legato
2377 5345 2634 5398 [tornatur
2659 5344 2913 5398 Ecclesite
2942 5342 3201 5407 Rieardo,
3232 5357 3391 5410 regu-

1795 5440 1987 5495 lariter
2029 5438 2220 5499 fuisse,
2252 5453 2411 5508 quem
2446 5445 2632 5507 postea
2678 5434 3049 5491 Tomeriensis
3086 5435 3253 5490 abbas
3277 5450 3387 5489 una

1794 5547 1917 5588 cum
1950 5530 2255 5595 monachis,
2290 5530 2559 5584 renitente
2584 5529 2859 5600 episeopo,
2893 5527 3161 5582 violenter
3197 5541 3387 5579 mona-

1794 5625 1963 5680 sterio
2001 5622 2331 5679 exturbavit.
2371 5622 2541 5677 Porro
2565 5638 2726 5695 quam
2761 5623 2973 5677 diversa
3003 5621 3090 5675 his
3126 5630 3178 5674 te
3206 5618 3387 5673 adhuc

1795 5715 2076 5772 nobiscum
2104 5713 2282 5784 posito
2309 5714 2448 5768 beati
2474 5713 2849 5767 Pontiioahbas
2875 5710 3123 5766 retulerit
3156 5719 3244 5761 tua
3280 5708 3387 5760 fra-

1801 5809 2029 5869 ternitas
2056 5812 2411 5881 recognoscit.
2456 5808 2583 5864 'l'ua:
2616 5824 2741 5878 ergo
2774 5804 3071 5877 prudentia:
3113 5799 3387 5866 intererit,
