3892 6320
28 362 130 417 ’517

1255 359 1613 418 ΙΞΡΙΞΤΟΙΑΕ
1652 361 1737 416 ΕΤ
1768 361 2170 420 ινιιικίωῑῡιλ.

3209 339 3311 422 Sis

31 480 204 533 ximus
227 475 613 532 detinentium.
645 476 863 532 Gratias
893 485 1069 530 autem
1101 475 1229 539 Deo,
1255 475 1378 545 quia
1406 475 1456 529 in
1485 490 1552 529 co
1574 483 1628 528 et
1660 476 1702 532 Δ
1732 463 2095 546 ειροειυιοὶοιιιη
2123 477 2426 547 principum
2453 475 2596 532 Petri
2620 487 2672 532 et
2700 477 2850 533 Pauli
2875 479 3087 550 specula
3127 482 3309 550 positi,

29 568 265 622 scientia:
284 582 550 638 saporem
582 577 636 622 ct
666 567 966 622 honestatis
993 567 1212 621 odorem
1241 567 1437 620 bonum
1472 566 1623 619 inve-

31 663 223 715 ninius.
269 658 494 714 Merum
539 658 702 728 igitur
750 659 870 730 ejus
927 659 1277 723 maturitate,
1349 657 1630 712 industria:

32 755 294 825 probitate
317 795 332 814 ,
391 753 674 822 animique
720 752 1002 822 prudentia
1029 751 1320 821 plurimum
1353 749 1626 816 delectati,

33 865 146 903 tum
180 849 293 918 jam
323 850 394 901 de
422 851 595 904 charo
629 847 957 910 chariorem,
999 845 1364 901 ile‘l'amiliari
1395 841 1626 898 familia?

35 943 224 996 rinrem
280 939 604 1004 eiii-cimus,
656 938 791 991 adeo
851 945 913 991 ut
971 935 1168 991 dehinc
1219 952 1322 989 non
1372 944 1626 1003 tanquam

33 1033 257 1094 Gallum,
295 1032 398 1087 sed
435 1042 692 1100 tanquam
739 1030 1044 1084 Romanum
1091 1033 1143 1083 in
1192 1028 1432 1082 Ilouzana
1477 1027 1628 1082 curia

35 1139 372 1180 censeamus.
412 1121 570 1178 Unde
594 1132 646 1178 et
674 1131 1032 1177 revertentem
1065 1121 1133 1175 ad
1183 1135 1278 1174 vos
1303 1119 1503 1174 nostris
1545 1118 1634 1173 lit-

33 1219 160 1273 teris
187 1217 492 1286 prosecuti,
530 1215 782 1273 cliaritati
829 1224 1022 1270 vestra:
1066 1215 1326 1269 attentius
1355 1228 1631 1269 commcno

40 1311 240 1373 damus,
273 1318 334 1362 ut
364 1307 463 1378 qni
493 1323 590 1380 per
614 1324 673 1364 se
701 1308 852 1364 vobis
877 1307 1074 1364 chartis
1096 1307 1357 1361 hactenus
1387 1314 1440 1360 ct
1475 1319 1632 1358 vene-

40 1401 213 1456 rabilis
259 1400 490 1454 habitus
538 1409 662 1467 est,
715 1415 810 1470 per
858 1415 958 1454 nos
999 1398 1253 1467 deinceps
1317 1394 1534 1451 cliarior
1577 1401 1634 1448 et

42 1507 83 1543 v.
104 1489 396 1544 nerabilior
428 1490 718 1544 habeatur.
752 1487 861 1544 Nos
890 1489 1035 1543 enim
1067 1503 1190 1542 cum
1225 1502 1322 1557 pro
1361 1483 1632 1556 generalis

41 1583 300 1652 :eqnitatis
342 1583 556 1647 debito,
606 1591 732 1636 tunc
772 1596 872 1652 pro
915 1579 1134 1651 speciali
1170 1579 1287 1648 ejus
1323 1576 1629 1641 dileczioue,

44 1674 290 1745 qui'quid
319 1675 578 1740 honoris,
621 1673 882 1744 quidquid
928 1670 1230 1741 dignitatis,
1260 1677 1632 1723 antecessores

47 1767 201 1820 nostri
263 1762 488 1820 Vienna:
548 1764 803 1820 Ecclesia:
837 1765 1214 1828 contulerunt,
1259 1759 1486 1816 Domino
1521 1757 1628 1811 lar-

1734 570 1962 625 Domiuo
1989 571 2326 639 disponente,
2354 571 2662 638 existinms,
2695 575 2836 642 quod
2866 574 3028 643 igitur
3076 574 3314 626 necessi-

1733 661 1933 714 tatibus
1963 661 2370 732 peregrinortnn
2411 661 2676 716 cliaritatc
2721 663 2901 717 debita
2949 663 3312 734 p-ro-identes,

1731 751 2050 822 hospitalem
2077 753 2320 820 domum,
2339 752 2492 822 juxta
2519 761 2727 823 portam
2758 766 2950 808 vestrm
2973 753 3317 808 Pistoriensis

1731 844 1909 911 urbis,
1963 861 2084 916 qua:
2125 845 2184 899 S.
2239 844 2385 900 Petri
2435 845 2667 910 dicitur,
2719 845 3008 915 adjuvaute
3064 846 3314 908 Domino,

1730 937 1927 992 vestris
1958 938 2100 1008 impe
2124 937 2215 991 isis
2250 936 2598 1002 mdillcastis;
2630 952 2746 1002 nos,
2774 945 2933 1006 prout
2961 937 3182 1006 dignum
3209 945 3314 1003 est,

1731 1040 1968 1086 vestrum
1999 1031 2236 1098 studium
2267 1030 3074 1100 collaudmnus,‘pnesentisque
3109 1029 3317 1100 pagina:

1733 1123 2056 1178 auctoritate
2083 1123 2422 1178 decernimus
2454 1132 2512 1177 ut
2542 1122 2892 1181 decimarum,
2941 1136 3061 1190 qua:
3111 1121 3263 1175 vobis
3290 1136 3318 1173 a

1733 1216 1930 1286 p0pulo
1959 1215 2176 1280 dantur,
2207 1230 2334 1285 pars
2367 1214 2598 1280 decima,
2627 1224 2678 1269 et
2725 1215 2966 1267 lahormn
3015 1223 3316 1267 vestrorum

1732 1307 1964 1373 decima,
1993 1307 2445 1377 quemadmodum
2473 1322 2502 1359 a
2543 1304 2704 1361 vobis
2747 1301 3077 1358 unanimiter
3105 1313 3187 1356 est
3215 1309 3320 1356 sta;

1736 1409 1931 1468 tutum,
1957 1401 2131 1455 eidem
2152 1399 2410 1469 hospitali
2437 1400 2614 1454 domui
2644 1399 2896 1462 deinceps
2923 1397 2975 1450 in
3003 1407 3320 1465 perpetuum

1735 1493 2105 1548 conferantur.
2137 1492 2408 1554 Prii-terea
2442 1491 2735 1562 apostolica
2780 1487 3101 1542 auctoritate
3137 1500 3327 1540 cense-

1737 1599 1857 1639 mus
1895 1592 1953 1638 ut
1999 1598 2336 1652 quaecunque
2384 1581 2543 1636 hodie
2583 1581 2772 1635 eadem
2808 1577 3092 1647 hospitalis
3133 1576 3326 1629 domus

1729 1674 1876 1746 juste
1915 1673 2175 1744 possidet,
2201 1673 2313 1727 sive
2358 1672 2409 1726 in
2455 1673 2749 1727 crastimun
2780 1669 3128 1724 concessione
3155 1665 3329 1736 ponti-

1740 1765 1921 1829 licum,
1957 1763 2242 1833 largitione
2269 1763 2594 1832 principum,
2630 1760 2712 1816 vel
2756 1760 3034 1815 oblatione
3087 1757 3323 1812 ﬁdelium

48 1859 232 1929 giente,
264 1857 486 1912 iirrnum
522 1858 1334 1928 perpetuumqueservabimus.
1367 1854 1442 1909 De
1475 1851 1634 1907 bonis
1667 1839 1876 1924 Bjnste
1933 1864 2096 1925 atque
2134 1855 2395 1909 canonice
2439 1854 2636 1924 poterit
2683 1852 2928 1922 adipisci,
2984 1852 3136 1904 ﬁrma
3179 1849 3227 1902 ei
3271 1857 3324 1903 et

50 1962 215 2007 alitem
243 1952 511 2007 Ecclesia:
543 1961 756 2019 vestrm,
783 1967 903 2021 quae
932 1949 1159 2005 Ataldns
1184 1946 1502 2019 phrposilus
1525 1944 1636 1998 dis-

50 2043 252 2113 sipavit,
300 2053 359 2098 ut
414 2042 473 2098 in
530 2042 773 2113 ejusdem
820 2040 1208 2110 archiepiscopi
1259 2051 1453 2093 manus
1481 2034 1634 2090 resti-

57 2142 258 2187 tuantur
285 2133 519 2188 omnino
559 2133 932 2204 peecipimus;
967 2132 1014 2186 si
1047 2131 1139 2201 qui
1179 2144 1309 2185 vero
1354 2136 1636 2184 contuma-

53 2225 180 2280 citer
205 2226 299 2279 ben
317 2244 328 2281 I
345 2225 548 2281 eadem
574 2226 808 2282 retinere
835 2223 1299 2296 pnesumpserint,
1325 2218 1635 2291 apostolica:

58 2315 277 2384 profecto
310 2316 550 2384 justitia:
613 2317 849 2372 sentient
894 2315 1176 2370 ultionem.
1239 2311 1426 2382 Neque
1487 2309 1633 2364 enim

60 2407 397 2462 Viennensem
460 2406 772 2463 Ecclesium
839 2407 1080 2477 antiquis
1139 2404 1296 2460 bonis
1357 2402 1634 2466 minuere,

61 2499 141 2552 sed
169 2512 258 2567 per
288 2497 378 2553 Dei
409 2497 654 2569 gratiam
703 2512 1033 2554 conservare
1079 2505 1134 2551 et
1167 2508 1389 2565 angere,
1423 2490 1634 2560 justitia

62 2589 306 2653 dictante,
358 2588 730 2659 disponimus.
783 2587 1141 2658 Omnipotens
1187 2587 1330 2641 Deus
1378 2581 1636 2654 potentia:

62 2693 157 2732 sua:
181 2679 394 2734 dextera
421 2678 662 2734 inti-rius
687 2693 784 2733 vos
811 2677 1163 2748 exteriusque
1200 2674 1490 2732 custodiat.

715 2789 958 2846 XXXIV.

69 2879 244 2935 Urbani
291 2901 441 2950 papa:
495 2882 564 2937 ΙΙ
599 2883 818 2951 epistola
854 2883 924 2937 ad
969 2884 1334 2953 sti/fraganeos
1385 2879 1636 2953 Ecclesia:

125 2954 452 3010 Arelatensis.
485 2985 564 2995 ο--
592 2954 707 3010 Illis
737 2955 1000 3023 signiﬁcat
1039 2951 1243 3007 extorta
1275 2968 1341 3005 ea:
1366 2951 1634 3010 Guibilino

72 3094 75 3096 _
127 3025 345 3098 episcopo
367 3028 686 3098 jurame‘uta
713 3026 925 3098 irrita_u
953 3042 1006 3079 sc
1029 3026 1169 3095 [actu
1199 3040 1310 3079 esse
1326 3040 1345 3089 ;
1368 3041 1517 3096 quem
1541 3028 1635 3098 qui

130 3097 358 3165 ceperint,
391 3114 484 3151 eos
517 3096 738 3166 infames
774 3095 1032 3149 declarat.

550 3190 729 3261 (Circa
761 3205 962 3242 anntnu
990 3189 1174 3258 1089.)

439 3281 664 3355 [Massa
700 3280 904 3336 Coneil.
934 3279 1052 3347 XX,
1085 3283 1188 3337 700
1216 3283 1235 3354 j

133 3393 366 3452 Crinisus
400 3397 716 3467 episcopus,
758 3410 950 3449 servus
979 3411 1256 3450 servorum
1300 3395 1415 3460 Dei,
1448 3393 1642 3452 suffra-

79 3487 240 3554 ganeis
279 3489 539 3544 Ecclesiae
577 3487 910 3542 Arelatensis
936 3487 1165 3542 salutem
1197 3497 1252 3542 et
1281 3487 1637 3560 apostolicam

81 3579 472 3636 benedictionem
483 3619 504 3636 .

140 3671 220 3726 Illa
263 3673 440 3726 omnia
506 3681 850 3726 sacramenta
901 3686 1022 3740 qua:
1069 3669 1328 3724 adversus
1387 3666 1641 3722 Ecclesia:

80 3760 309 3827 justitiam
345 3776 515 3834 atque
549 3764 864 3834 religionem
901 3753 1177 3818 conirater
1213 3759 1516 3815 Gnibilinus
1555 3774 1642 3812 ar-

84 3861 425 3932 chiepiscopus
469 3871 659 3916 vester
697 3859 899 3914 invitus
945 3867 1000 3913 et
1045 3856 1296 3912 omnibus
1343 3853 1516 3909 modis
1550 3869 1642 3908 co-

84 3963 212 4009 actus
256 3953 466 4024 jurasse
505 3953 889 4025 cognoscitur,
938 3950 1101 4023 quia,
1155 3959 1211 4004 nt
1263 3947 1637 4020 prmdiximus,

87 4043 177 4102 Deo
200 4059 248 4103 ct
277 4049 539 4106 Ecclesi:e
583 4045 1065 4104 constitutionibus
1112 4045 1490 4106 adversantur,
1547 4041 1643 4096 de-

87 4139 200 4193 creti
226 4143 386 4196 nostri
414 4141 751 4197 auctoritatc
782 4139 937 4196 irrita
965 4139 1190 4194 omnino
1211 4151 1331 4193 esse
1358 4151 1642 4191 censemus

88 4230 427 4290 etArclatensi
476 4233 734 4290 Ecclesia:
783 4241 1063 4289 annuente
1107 4231 1337 4286 Domino
1379 4237 1644 4300 perpetuo

90 4335 376 4387 permanere
422 4328 792 4383 decernimus.
843 4325 950 4381 Eos
988 4333 1168 4379 autem
1203 4324 1293 4392 qui
1327 4322 1642 4393 praedictum

91 4413 236 4468 virum
263 4427 480 4495 captum
521 4417 716 4487 gladiis
762 4426 817 4472 et
859 4416 1228 4471 membrorum
1263 4411 1634 4468 detruncatio-

93 4505 226 4561 uibus
264 4520 633 4579 perterrentes
680 4508 929 4564 nefandis
971 4504 1332 4562 sacramentis
1360 4503 1477 4556 ausi
1515 4509 1644 4555 sunt

94 4596 364 4667 implicare,
414 4603 648 4658 infames
692 4602 745 4656 in
788 4609 1105 4671 perpetuum
1153 4611 1274 4651 esse
1322 4593 1640 4656 sancimus;
1676 4583 1721 4642 D

95 4696 139 4738 ct
176 4691 265 4746 nisi
306 4709 600 4765 congruam
649 4691 1028 4764 pwnitcntiam
1085 4688 1321 4757 egerint,
1367 4701 1395 4740 a
1438 4683 1644 4742 Christi

97 4797 294 4851 corpore
317 4799 370 4844 et
400 4789 666 4862 sanguine
698 4787 766 4842 ab
791 4785 1150 4843 ecclesiarum
1193 4781 1416 4837 introitu
1457 4794 1646 4851 segre-

97 4887 280 4940 gannis.

748 4993 963 5050 XXXV.

189 5081 368 5142 Urbani
396 5089 456 5144 Il
489 5090 630 5145 bnila
667 5107 760 5159 pro
790 5088 1057 5143 canonicis
1105 5083 1540 5140 I’istoriensibus.

667 5181 845 5252 (Anno
877 5179 1056 5247 1090.)

290 5271 600 5343 [lacunam
638 5273 905 5328 Anecdota
933 5272 1090 5326 medii
1129 5271 1248 5336 a'vi,
1279 5268 1434 5340 222.]

168 5356 389 5419 llumxus
411 5369 712 5438 cpiscopus,
738 5381 928 5420 servus
949 5380 1230 5420 servorqu
1267 5362 1383 5428 Dei,
1435 5361 1646 5415 charis-

111 5447 235 5504 simis
257 5455 722 5513 ﬁliisl’istoriensis
753 5457 1009 5512 Ecclesia:
1030 5455 1328 5520 canonicis,
1352 5465 1650 5522 eorumque

115 5548 472 5604 successoribus
496 5549 546 5604 in
577 5561 916 5620 perpetuum.

165 5625 315 5689 iustis
334 5643 466 5698 votis
493 5658 769 5698 assensum
819 5641 1063 5712 pra-here
1083 5639 1353 5711 justisque
1377 5635 1650 5709 petitioni-

120 5715 198 5772 bus
219 5739 358 5782 aures
373 5734 890 5789 accommodarenos
917 5730 1190 5806 convenit,
1221 5729 1338 5800 qui,
1367 5723 1490 5784 licet
1513 5725 1650 5782 indi-

115 5811 184 5865 Ωιιί
223 5814 424 5875 insinuo
488 5826 718 5880 cultores
787 5834 942 5893 atque
1003 5840 1277 5892 praecones
1329 5823 1379 5877 in
1438 5820 1648 5875 cxt‘elsa

1737 1947 1940 2003 i-libata
1969 1955 2344 2016 permaneant.
2372 1946 2720 2000 Deccrninins
2749 1939 2877 2013 ergo
2900 1958 2968 1997 ne
2989 1941 3076 1994 nlli
3104 1940 3326 1994 omnino

1737 2038 2015 2094 hominum
2043 2038 2203 2106 liceat
2239 2039 2483 2092 eamdem
2529 2037 2746 2089 dounnn
2775 2044 2978 2089 temere
3005 2031 3326 2102 perturbare

1736 2139 1830 2186 aut
1856 2130 1993 2185 infra
2026 2145 2145 2184 eam
2174 2129 2408 2199 aliquem
2445 2143 2659 2198 capere,
2687 2135 2782 2182 aut
2811 2127 2890 2181 cis
2925 2125 3172 2180 subditas
3205 2137 3327 2192 pos-

1736 2223 2009 2278 sessiones
2039 2221 2273 2286 aul'erre,
2317 2221 2579 2285 minuere,
2625 2219 2707 2273 vel
2739 2217 3046 2273 temerariis
3084 2214 3328 2268 vexatio-

1737 2313 1897 2368 nibus
1953 2313 2200 2381 fatigare.
2259 2311 2366 2366 Sed
2411 2311 2594 2365 otnnia
2643 2311 2847 2380 integra
2914 2313 3324 2370 conserventur,

1735 2419 1924 2460 eorum
1968 2419 2066 2476 pro
2108 2419 2340 2475 quorum
2395 2402 2814 2457 conservatione
2882 2413 3142 2454 concessa
3201 2403 3330 2451 sum

1737 2494 1944 2560 usibus,
1995 2509 2293 2564 eorumque
2343 2491 2506 2548 saluti
2558 2492 2650 2563 qui
2682 2491 2978 2546 obtulerint
3016 2488 3324 2561 prolutura.

1738 2585 1991 2656 Ejusdem
2015 2586 2218 2640 tenoris
2245 2585 2583 2655 privilegium
2609 2583 2824 2656 czetcris
2847 2598 3084 2653 quoque,
3116 2583 3206 2650 qui
3232 2595 3330 2650 per

1738 2685 1980 2731 vestrum
2011 2676 2382 2746 episcopatum
2413 2683 2559 2742 sunt,
2586 2674 2944 2745 hospitalibus
2965 2674 3329 2746 indulgemus,

1738 2768 1786 2825 ci
1814 2769 2089 2834 videlicet,
2117 2769 2410 2840 qnzejnxta
2445 2769 2635 2824 Villam
2665 2770 2988 2836 Qum-ratam
3033 2777 3118 2822 est
3157 2766 3331 2822 sedili-

1737 2872 1881 2925 cata,
1905 2862 1952 2917 ei
1969 2878 2087 2931 qua:
2101 2861 2254 2931 juxta
2279 2861 2565 2931 Capariam
2583 2861 2862 2931 Oppidum,
2888 2860 2937 2914 ei
2955 2873 3073 2926 qua:
3102 2857 3153 2912 iu
3179 2867 3332 2929 prato

1739 2954 1880 3021 quod
1903 2953 2105 3008 dicitur
2130 2953 2401 3023 Episcopi,
2431 2953 2478 3008 ei
2513 2968 2634 3022 qua:
2670 2952 2823 3019 juxta
2853 2959 3028 3007 locum
3065 2951 3158 3021 qui
3196 2950 3334 3004 dici-

1741 3054 1829 3099 tur
1870 3045 2015 3102 Crnx
2055 3046 2464 3110 Brandellizma,
2519 3045 2568 3100 ei
2611 3060 2826 3116 quoque
2857 3059 2977 3115 qua:
3019 3044 3072 3097 in
3101 3031 3334 3097 Dlisceto

1681 3149 1684 3154 ·
1743 3137 1938 3193 vestris
1969 3138 2161 3193 studiis
2191 3138 2556 3207 inipeus’sqne
2573 3135 2838 3191 (adificata
2862 3145 2964 3188 est.
2987 3133 3118 3200 Qua:
3138 3141 3332 3188 vestra:

1743 3228 1820 3286 illi
1849 3227 2003 3297 juxta
2052 3239 2259 3300 portam
2314 3229 2372 3284 S.
2426 3227 2568 3283 Petri
2617 3226 2799 3281 domui
2861 3223 3133 3294 hospitali,
3191 3224 3332 3278 sicut

1741 3320 1901 3376 hodie
1929 3331 2030 3384 est,
2061 3322 2112 3376 in
2143 3331 2462 3391 perpetuum
2493 3319 2734 3387 subjecta
2766 3333 2888 3372 esse
2919 3317 3201 3386 praesentis
3235 3331 3333 3368 an-

1742 3414 1991 3469 cloritate
2010 3414 2217 3484 pagina:
2238 3414 2642 3468 conﬁrmamus.
2661 3411 2790 3478 Qum:
2812 3423 2938 3462 vero
2963 3418 3117 3461 extra
3142 3407 3332 3460 urbem

1745 3506 2038 3574 hospitales
2063 3508 2255 3560 domns
2277 3505 2610 3566 consistunt,
2635 3503 2795 3571 hujus
2817 3499 3080 3570 privilegii
3112 3499 3332 3552 decreto

1741 3597 2028 3651 statuimus
2079 3607 2138 3656 ut
2184 3595 2320 3650 infra
2375 3611 2539 3648 unum
2584 3593 2818 3648 stadium
2866 3605 3024 3643 nemo
3057 3588 3209 3659 juxta
3237 3603 3335 3641 eas

1741 3689 1976 3758 aliquem
2014 3702 2233 3759 capere,
2281 3687 2532 3756 praedari,
2565 3695 2660 3740 aut
2707 3683 2981 3739 hostiliter
3030 3681 3336 3759 disturbare

1743 3790 2065 3851 pnestnnat;
2099 3795 2329 3850 quorum
2351 3779 2596 3833 omnium
2624 3776 3002 3831 ordinationes
3037 3789 3104 3827 ne
3131 3753 3336 3842 .dispoo

1743 3890 1770 3930 s
1796 3873 1970 3927 tiones
1989 3873 2141 3928 vobis
2171 3872 2474 3940 vestrisque
2495 3869 2901 3927 successoribus
2922 3864 3334 3929 committimus,

1745 3975 1799 4021 nt
1831 3981 2041 4030 eorum,
2089 3963 2180 4035 qui
2235 3964 2287 4018 iu
2327 3962 2481 4018 vobis
2524 3959 2836 4032 spirituales
2885 3974 2950 4013 ac
2977 3957 3338 4027 religiosiores

1747 4057 1946 4111 fuerint
2009 4055 2284 4109 voluntate
2343 4053 2653 4116 conuunni,
2714 4049 3117 4105 communicato
3168 4048 3336 4102 etiam

1745 4146 1974 4202 fratrmn
2007 4145 2168 4200 Vallis
2197 4145 2544 4198 Imbro-simne
2577 4142 2827 4207 consilio,
2861 4154 3131 4196 consensu
3169 4137 3335 4192 etiam

1745 4240 1910 4293 vestri
1935 4238 2197 4308 episcopi,
2224 4237 2268 4292 si
2299 4235 2602 4290 catholicus
2631 4235 2792 4287 fuerit
2819 4243 2874 4286 et
2904 4231 3208 4300 religiosus.
3242 4228 3340 4281 ad-

1747 4331 1937 4386 hibito.
1968 4329 2230 4383 Rectores
2275 4327 2479 4381 eisdem
2534 4327 2786 4380 domibus
2814 4322 3194 4394 pra-ponimus,
3244 4319 3336 4389 qui

1746 4423 2042 4476 secundum
2074 4421 2240 4476 Deum
2265 4435 2452 4475 earmn
2475 4435 2661 4474 curam
2689 4417 2908 4483 habere,
2931 4426 2983 4469 et
3012 4413 3340 4484 pauperibus

1745 4524 1802 4568 et
1822 4512 2274 4567 t-mn'cnientibus
2301 4511 2528 4568 sollicite
2559 4509 2872 4564 ministrare
2892 4512 3164 4576 procuret.
3193 4503 3338 4556 Sane

1749 4607 1793 4661 si
1825 4606 1950 4674 quis
1977 4604 2030 4659 in
2063 4604 2362 4659 crastinum
2399 4603 2706 4672 cpiscolins,
2739 4598 3202 4667 archiepiscopus,
3234 4595 3337 4646 im-

1749 4709 1989 4770 perator,
2016 4705 2109 4751 aut
2144 4696 2340 4765 jndex,
2376 4698 2654 4766 princeps,
2687 4704 2779 4746 aut
2813 4693 2942 4758 dux,
3000 4703 3206 4751 comes,
3245 4693 3341 4740 aut

1748 4791 2073 4854 vicecomes,
2100 4798 2192 4844 aut
2221 4804 2450 4859 persona
2477 4787 2755 4857 qna-libet,
2787 4801 2948 4854 parva
2987 4782 3068 4835 vel
3121 4796 3347 4849 magna,-

1751 4893 1940 4954 potens
1984 4891 2078 4936 ant
2120 4882 2412 4951 impotens,
2465 4879 2621 4946 hujus
2665 4877 2834 4931 nostri
2879 4873 3140 4943 privilegii
3168 4871 3340 4943 [pagi-

1751 4973 1896 5046 nam]
1930 4973 2128 5035 sciens,
2166 4981 2356 5027 contra
2383 4986 2503 5026 eam
2537 4979 2739 5024 temere
2785 4967 2968 5022 venire
3011 4965 3326 5041 tentavcrit,

1749 5069 1988 5126 secundo
2031 5067 2260 5125 tertiove
2301 5063 2686 5123 connnonitns,
2733 5060 2776 5114 si
2837 5076 2940 5113 non
2965 5057 3340 5116 satisfactione

1749 5178 1986 5235 congrua
2013 5157 2412 5223 emendaverit;
2444 5173 2473 5210 a
2505 5153 2707 5210 Christi
2731 5164 2786 5206 et
2817 5150 3072 5207 Ecclesia:
3109 5164 3339 5219 corpore

1750 5275 1873 5315 cum
1905 5257 2228 5312 auctoritate
2275 5251 2562 5325 potestatis
2614 5249 2926 5320 apostolicae
2967 5261 3336 5318 segregaturus.

1752 5353 1814 5408 lli
1849 5361 2027 5406 autem
2049 5349 2163 5418 qui,
2192 5350 2263 5403 ob
2288 5347 2378 5402 Dei
2407 5345 2750 5416 proximique
2769 5343 3117 5400 dilectionem
3161 5351 3214 5395 et
3255 5356 3340 5395 se-

1752 5445 1834 5500 dis
1875 5441 2186 5514 apostolicae
2235 5439 2652 5503 institutionem,
2689 5437 2976 5508 praedictas
3009 5437 3196 5490 domos
3227 5433 3339 5488 suis

1751 5536 1908 5592 Louis
1935 5535 2106 5590 ditare
2132 5543 2186 5588 et
2208 5531 2453 5586 exaltare
2469 5531 2798 5594 curaverint,
2830 5529 2921 5584 Dei
2944 5526 3341 5598 apostolorum-

1751 5644 1856 5700 quc
1883 5627 2002 5697 ejus
2050 5624 2444 5692 benedictione,
2495 5631 2552 5680 ct
2589 5632 2936 5693 peccatorum
2994 5618 3338 5677 absolutione

1752 5722 2010 5783 ditentur,
2038 5720 2154 5774 sive
2193 5718 2482 5776 donentur.
2511 5715 2626 5785 Qua
2651 5716 2820 5788 ailjnti
2847 5716 2913 5770 ad
2957 5715 3121 5770 vitam
3153 5726 3338 5782 perve-

1754 5816 1903 5869 niant
1939 5813 2346 5882 sempiternam.
2389 5808 2584 5870 Amen.
