3892 6320
30 399 121 451 ast
1189 360 1604 430 lﬂdSTOLAﬂl

1714 366 2125 425 PRIVIIEGIA.

17 510 196 583 pagina
249 502 671 563 edulii-mantus,
721 495 869 551 salva
925 495 979 547 iu
1028 490 1280 547 omnibus
1337 488 1593 541 Romau'm
1628 494 1670 547 Α

18 601 254 659 Ecclesia:
284 597 633 653 auctoritate.
667 592 1061 648 Constituimus
1089 603 1219 658 ergo
1257 602 1325 642 ue
1358 584 1448 639 ulli
1473 600 1592 640 ont—

19 699 131 749 uino
180 690 465 746 hominum
513 686 754 758 qualibet
801 683 1169 754 subreptionis
1202 681 1399 736 astutia
1432 678 1595 736 liceat

17 785 165 839 vestri
201 785 555 852 episcopatus
585 778 956 848 possessiones
986 775 1266 837 invadere,
1321 774 1588 838 minuere,

20 876 90 929 vel
113 873 345 933 auferre,
385 880 481 925 aut
504 871 849 939 episcopatus
874 865 1041 920 vestri
1074 863 1315 918 decimas
1355 860 1473 916 sine
1494 872 1590 916 ve-

19 982 115 1024 stra
161 965 516 1021 concessione
556 962 839 1031 subripere
900 968 993 1013 aut
1039 958 1327 1025 subreptas
1372 963 1591 1021 tenere,

20 1066 175 1127 neque
201 1056 366 1110 vestri
393 1054 537 1122 juris
560 1051 822 1107 ecclesias
860 1066 959 1119 per
983 1064 1201 1102 manum
1234 1042 1425 1099 laieatn
1450 1045 1592 1099 obti-

22 1166 158 1212 nere;
190 1147 283 1202 sed
315 1146 502 1198 outuia
530 1142 817 1213 quzejuste
844 1141 1108 1194 hactenus
1132 1146 1310 1190 vestra
1355 1134 1593 1201 possedit

22 1240 269 1303 Ecclesia,
302 1239 420 1293 sive
465 1238 515 1290 in
566 1234 809 1289 futurum
863 1232 1092 1286 Domino
1128 1228 1419 1298 adjuvaute
1450 1227 1597 1297 juste

21 1346 165 1402 atque
192 1329 455 1385 canonice
499 1326 699 1395 poterit
743 1322 992 1394 adipis-ci,
1046 1322 1096 1374 in
1139 1330 1227 1374 tua
1274 1329 1597 1389 tuorumque

22 1438 374 1478 successorum
429 1437 593 1475 manu
646 1421 852 1489 integra
898 1431 1113 1486 semper
1151 1422 1206 1469 et
1239 1411 1445 1468 illibata
1475 1426 1597 1482 per-

25 1525 270 1571 maneant.
322 1512 599 1567 Przelerea
646 1511 934 1566 eet'lesiatu
978 1506 1163 1563 Sancti
1208 1500 1479 1560 Douatiin
1510 1519 1599 1557 ar-

24 1607 403 1675 rliia-piseopatu
454 1602 745 1656 Viennensi
779 1602 974 1663 sitam,
1026 1613 1188 1669 qttam
1243 1613 1273 1650 a
1319 1594 1595 1667 tyrannica

26 1706 266 1766 potestate
317 1694 650 1748 auctoritate
698 1688 989 1761 episc0pali
1030 1687 1321 1761 adjuvante
1368 1685 1598 1740 Domino

24 1786 292 1847 extorsisn,
327 1784 423 1845 tibi
459 1785 674 1851 tuisque
703 1777 1110 1836 successoribus
1135 1758 1447 1847 regendam,
1490 1774 1599 1828 dis—

28 1878 338 1946 ponendam,
387 1890 455 1929 ac
526 1873 651 1942 jure
702 1880 964 1942 perpetuo
1010 1867 1391 1939 possidendam
1442 1864 1599 1935 hujus

27 1970 317 2023 auctoritate
347 1967 621 2036 privilegii
648 1963 1061 2025 conﬁrmamus,
1080 1961 1495 2019 constituentes.
1532 1973 1599 2011 ne

28 2059 107 2111 ulli
142 2074 516 2113 successorum
563 2066 775 2111 tuorum
825 2055 983 2109 liceat
1032 2055 1278 2108 eamdem
1313 2050 1598 2107 ecclesiam

30 2150 172 2203 alicui
196 2166 422 2220 persouze
451 2149 542 2203 vel
566 2148 807 2204 ecclesia!
830 2147 999 2217 gratis
1016 2146 1254 2218 pretiove
1280 2143 1598 2209 concedere,

32 2242 115 2296 sed
138 2259 330 2313 semper
359 2241 887 2297 iucotnmntahiliter
914 2256 1036 2295 cum
1061 2238 1313 2294 omnibus
1334 2238 1399 2291 ad
1429 2237 1600 2306 ipsum

32 2324 392 2402 pertinentibus
425 2335 483 2389 iu
528 2324 1016 2404 Gratianopolitani
1059 2330 1295 2400 episcopi
1338 2336 1603 2399 potestate

33 2437 77 2479 et
102 2443 221 2496 poss-
244 2428 419 2483 ssioue
446 2433 793 2498 permaneat.
832 2424 966 2490 Quia
999 2438 1127 2477 vero
1172 2437 1426 2492 perversa
1464 2433 1601 2490 quo-

37 2512 626 2589 rnnulanipraasuniptio
670 2516 891 2572 inolevit
943 2527 997 2568 ut
1040 2513 1309 2570 defunctis
1335 2510 1604 2585 episcopis

38 2628 109 2666 res
134 2612 514 2667 ecclesiasticae
540 2606 936 2681 'pervadantur,
960 2608 1285 2663 auctoritate
1310 2606 1600 2678 apostolica

40 2704 349 2769 prohibemus
375 2713 431 2756 ut
460 2718 593 2756 eum
622 2702 743 2756 vita:
777 2709 881 2755 tua:
913 2690 1194 2754 tuo‘rtnnve
1221 2713 1603 2755 successorum

41 2797 268 2850 term'nus
297 2794 613 2863 contigerit,
652 2780 909 2849 Ecclesia:
958 2796 1151 2848 vestrae
1182 2807 1271 2847 res
1315 2802 1369 2846 et
1397 2805 1607 2862 posses-

43 2889 193 2942 siones
219 2879 447 2957 diripere
484 2902 646 2941 uetuo
675 2894 984 2955 praesumat,
1015 2884 1107 2938 SCii
1132 2893 1325 2937 etmcta
1359 2882 1524 2937 libera
1552 2890 1607 2935 et

46 2979 319 3033 inconcussa
349 2981 398 3033 in
428 2978 819 3033 ratiouieorum
853 2987 1119 3048 potestate
1172 2976 1486 3045 persistant,
1532 2975 1606 3030 illi

46 3087 97 3124 et
125 3071 313 3145 integro
340 3071 721 3126 conservanda
748 3069 839 3139 qui
887 3070 965 3123 eis
1015 3068 1275 3123 canonice
1320 3069 1608 3137 episcopus

3174 359 3282 415 3:12

2367 471 2608 535 ΧΧΧΊΧ.

1744 572 1989 629 Urbanus
2022 568 2082 626 11
2112 571 2414 625 monasterii
2443 567 2500 623 S.
2529 566 2826 637 Tlteotfrcdt'
2867 564 3283 622 Calmih‘acﬂtsis

2264 640 2398 695 bona
2427 639 2724 707 conﬁrmat.

2292 729 2471 799 (Auno
2503 728 2641 783 1090
2668 730 2686 798 )

1876 824 2128 893 [Μηιιιι.
2157 821 2287 877 Acta
2316 818 2420 877 SS.
2454 820 2572 874 0rd.
2601 816 2822 883 Bened.,
2864 816 2929 883 γ,
2956 816 3108 889 274.}

2438 909 2554 965 XL.

1844 1008 2184 1078 Privilegium
2219 1002 2418 1058 Urbani
2450 1002 2509 1056 11
2542 1021 2637 1073 pro
2673 983 3145 1057 Valluntbrosanis.

2299 1094 2690 1166 (annoioaoa

1699 1191 2025 1264 lZACanlA,
2076 1186 2692 1264 Aneqdpta_utetlit__a-vi,
2724 1184 2924 1264 giae:
2964 1181 3185 1238 archivo
3226 1182 3284 1237 S.

2151 1256 2428 1312 Michaelis
2453 1254 2520 1311 de
2548 1254 2844 1326 Furculis.j

1777 1353 2026 1410 [luemus
2052 1349 2360 1422 episcOpus,
2389 1362 2579 1403 servus
2604 1361 2883 1401 servorum
2916 1343 3029 1411 Dei,
3057 1342 3289 1399 dilectis-

1700 1447 1851 1502 simis
1894 1446 2045 1512 ﬁliis,
2093 1443 2356 1497 uuiversm
2396 1441 2566 1495 Vallis
2615 1439 2939 1493 hubrosaua:
2990 1452 3287 1508 congrega-

1703 1534 1857 1601 tioni,
1888 1534 2116 1589 salutem
2148 1539 2203 1587 ct
2227 1528 2577 1601 apostolicam
2608 1527 3058 1601 benedictionem.

1708 1702 1711 1703 ν
1773 1628 1907 1684 Cum
1932 1624 2203 1681 universis
2232 1632 2433 1679 sancta:
2456 1618 2712 1677 Ecclesia:
2740 1620 2861 1674 tiliis
2884 1635 2947 1674 ex
2981 1594 3292 1687 apostolica:

1700 1720 1845 1776 sedis
1882 1717 2208 1773 auctoritate
2247 1729 2311 1769 ac
2357 1711 2755 1774 benevolentia,
2779 1710 3054 1764 debitores
3088 1708 3293 1762 exista-

1632 1847 1673 1901 Β
1703 1828 1843 1877 mus,
1876 1812 1981 1865 illis
2007 1806 2277 1879 prtecipue
2312 1805 2636 1872 locis-atque
2664 1800 2912 1872 personis
2939 1815 3057 1868 qum
3087 1797 3295 1867 specia-

1700 1902 1875 1956 liusac
1894 1897 2214 1953 familiarius
2229 1893 2763 1950 Romanaeadhmreut
2782 1888 3056 1951 Ecclesiae,
3070 1901 3294 1955 qumque

1701 1990 1950 2061 ampliori
1993 1986 2270 2059 religionis
2300 1985 2470 2055 gratia
2514 1981 2777 2045 eminent,
2811 1973 3147 2047 propensiori
3195 1990 3294 2028 nos

1701 2074 1959 2140 convenit
2016 2077 2302 2136 charitatis
2358 2074 2536 2131 studio
2590 2071 2892 2126 imminere.
2948 2066 3082 2135 Quia
3132 2066 3295 2137 igitur

1703 2172 2036 2245 prOpositum
2075 2160 2344 2230 nostrum,
2378 2165 2556 2219 divina
2600 2160 2961 2231 prazveuieute
2998 2172 3061 2212 ac
3095 2157 3294 2211 subse-

1703 2274 1902 2334 quente
1932 2260 2240 2326 clementia,
2266 2254 2542 2327 religionis
2567 2261 2761 2307 vestrae
2789 2250 3109 2320 simplicitas
3140 2249 3293 2302 bona:

1702 2352 1974 2428 opinionis
2024 2353 2270 2417 odorem,
2302 2356 2356 2404 et
2399 2362 2563 2418 prope
2613 2354 2668 2399 et
2717 2343 2872 2413 longe
2914 2342 3103 2411 positis
3153 2340 3295 2407 aspi-

1704 2449 1876 2515 ciunt,
1910 2462 2009 2502 nos
2039 2452 2221 2500 vestro
2265 2438 2543 2513 proveclui
2587 2442 2859 2489 annuente
2900 2432 3129 2486 Domino
3172 2444 3296 2501 pro-

1705 2551 1892 2599 vectus
1922 2538 2217 2610 adiungere
2246 2533 2548 2605 cupientes,
2581 2526 2887 2584 coenobium
2929 2532 3166 2580 vestrum
3200 2538 3298 2592 pro

1706 2622 1879 2690 [catae
1923 2628 2108 2684 Maria:
2151 2639 2367 2696 semper
2412 2619 2637 2691 virginis
2669 2615 2995 2680 reverentia,
3029 2613 3112 2668 cui
3146 2613 3297 2666 dica-

1708 2716 1820 2780 tum
1853 2730 1958 2787 est,
2003 2721 2057 2775 in
2098 2718 2356 2773 Romana:
2385 2712 2642 2769 Ecclesia:
2670 2708 3080 2781 proprietatem,
3119 2715 3174 2759 et
3214 2713 3295 2757 tu-

1710 2816 1871 2873 telam
1896 2824 2058 2886 atque
2076 2811 2463 2884 protectionem
2489 2805 2797 2877 apostolica!
2814 2802 2959 2857 sedis
2984 2799 3297 2870 accipimus,

1706 2900 1782 2975 et,
1810 2904 2119 2978 apostolica)
2141 2903 2270 2959 illud
2301 2897 2642 2955 auctoritatis
2664 2894 2942 2966 privilegio
2973 2892 3297 2952 munientes,

1709 3002 1778 3059 ab
1808 3000 2049 3056 omnium
2092 2994 2397 3069 principum
2435 2991 2566 3063 jugo
2596 2988 2827 3042 liberum
2859 2990 3182 3054 permanere
3208 2980 3301 3033 dc-

1709 3091 2006 3151 ceri2imus.
2060 3089 2165 3144 Per
2211 3091 2530 3155 praesentem
2589 3078 2755 3150 igitur
2804 3074 2977 3129 nostri
3034 3069 3299 3142 privilegii

47 3158 395 3262 Glitilllabtlllf?.
434 3162 616 3262 t’orro
678 3169 989 3262 sanctorum
1058 3173 1325 3262 eauOllum
1387 3156 1604 3262 decim.“
1634 3197 1681 3262 ο
1711 3189 1989 3261 paginam,
2018 3178 2319 3252 apostolica
2365 3171 2691 3230 auctoritate
2727 3166 3017 3224 statuimus
3050 3172 3110 3217 ut
3151 3175 3299 3232 queea

52 3255 214 3325 ubique
243 3254 629 3310 inviolabiliter
660 3253 968 3309 conservari
997 3239 1295 3321 cupientes,
1331 3250 1608 3306 constitui.

51 3362 147 3400 llllls
180 3358 328 3417 atque
368 3361 662 3403 censemus
691 3354 749 3399 ut
786 3345 1103 3399 interdictas
1147 3359 1176 3397 a
1225 3343 1378 3398 vobis
1400 3352 1493 3397 aut
1520 3357 1607 3399 ex-

52 3441 436 3495 couuuuuicatos
490 3440 544 3493 in
592 3438 1030 3493 communionem
1083 3436 1325 3505 recipere
1345 3444 1607 3490 a'ntmor-

56 3540 151 3584 tuos
202 3533 488 3602 sepulturre
544 3530 761 3585 tradere
828 3542 987 3584 nemo
1055 3538 1365 3599 prtesumat.
1417 3527 1606 3582 Vestra

56 3638 177 3686 sane,
196 3622 513 3678 charissime
556 3623 743 3686 frater,
768 3621 996 3675 intentio
1018 3616 1123 3675 erit
1144 3617 1293 3690 gregi
1316 3618 1608 3673 connuisso

57 3730 206 3766 rurant
248 3714 534 3784 vigilanter
575 3711 884 3781 impendere
935 3720 990 3765 et
1049 3709 1308 3764 Romana:
1353 3704 1609 3761 Ecclesi:c

58 3804 236 3859 decreta
281 3800 670 3859 inviolabiliter
704 3803 930 3856 observa
965 3815 1029 3865 e;
1061 3808 1328 3869 quatenus
1356 3795 1610 3866 multipli-

59 3905 154 3945 rato
200 3895 429 3950 laborum
492 3895 688 3957 fructu,
744 3894 809 3946 ad
843 3894 1007 3946 vitam
1041 3890 1262 3945 valeatis
1293 3898 1608 3960 perpetuam

60 3988 316 4053 pervenire.
349 3989 501 4044 Sane
530 3986 572 4040 si
608 3987 730 4054 quis
762 3985 814 4039 in
846 3983 1144 4038 crastinum
1173 3980 1611 4050 archiepiscopus

62 4088 132 4130 aut
152 4080 432 4151 episcopus,
467 4081 772 4148 imperator
794 4085 890 4130 aut
922 4092 1035 4140 rex,
1068 4076 1317 4147 princeps
1343 4082 1435 4128 aut
1481 4074 1608 4137 dux,

62 4187 211 4228 eomes
234 4184 320 4229 aut
359 4176 691 4237 vicecomes,
723 4178 812 4227 aut
842 4170 1034 4239 judex,
1078 4180 1173 4224 aut
1206 4186 1431 4240 persona
1465 4184 1613 4237 quur-

65 4263 167 4318 libet
206 4282 387 4336 magna
418 4265 505 4321 vel
536 4279 724 4335 parva,
755 4272 949 4334 potens
1000 4271 1093 4316 aut
1121 4262 1406 4331 impotens,
1454 4258 1613 4331 hujus

63 4359 203 4411 nostri
227 4360 481 4432 privilegii
515 4354 765 4429 paginam
797 4356 993 4420 srieus,
1028 4365 1215 4409 contra
1248 4369 1368 4409 eam
1405 4354 1615 4407 'tetuere

66 4448 218 4502 venire
258 4451 564 4511 tentaverit,
612 4447 854 4503 secundo
899 4447 1122 4500 tertiove
1147 4443 1525 4508 commonitus,
1567 4442 1612 4497 si

1709 3254 1923 3351 cunque
1948 3274 2109 3332 hodie
2140 3280 2379 3327 vestrum
2411 3264 2717 3322 rtenobium
2745 3260 2866 3329 jure
2894 3255 3158 3327 possidet,
3187 3254 3304 3308 sive

1711 3372 1764 3425 in
1816 3344 2116 3424 crastinum
2169 3356 2523 3416 concessione
2573 3350 2925 3422 pontificum,
2979 3344 3304 3397 liberalitate

1710 3462 2036 3535 principum,
2066 3453 2149 3508 vel
2192 3450 2468 3507 oblatione
2510 3438 2894 3509 fidelium'jure
2947 3445 3108 3505 atque
3141 3447 3305 3487 cano-

1712 3525 1831 3607 ilice
1862 3525 2062 3620 poterit
2089 3539 2335 3612 adipisci,
2373 3537 2525 3590 firma
2568 3530 2722 3587 vobis
2749 3525 3054 3594 vestrisque
3085 3534 3304 3575 succes-

1711 3611 1929 3697 soribus
1971 3645 2027 3692 et
2063 3634 2267 3689 illibata
2307 3630 2678 3700 permaneant.
2721 3619 2831 3674 Illis
2875 3611 3301 3673 successoribus.

1712 3734 1853 3798 dico,
1883 3728 1972 3801 qui
2001 3725 2250 3782 eumdem
2284 3717 2562 3791 religionis
2592 3730 2768 3774 usum,
2802 3722 2857 3766 et
2894 3710 2963 3762 Ιίιι
2987 3713 3011 3756 -i
3046 3725 3175 3757 μινυς
3203 3720 3299 3756 ευ·

1714 3796 1845 3881 tiam
1883 3796 2177 3878 observare
2216 3824 2271 3869 et
2316 3822 2537 3867 strenue
2581 3800 2939 3873 omnipotenti
2974 3796 3206 3855 Domino
3250 3797 3303 3850 in

1713 3915 1903 3973 eodem
1966 3907 2246 3982 pmposito
2312 3900 2584 3959 deservire
2643 3887 3304 3966 satagerinLChristna,

1713 4007 1891 4065 oleum
1927 3977 2196 4064 sanctum,
2226 3991 2668 4051 cousecratioues
2703 3985 2980 4048 altarium,
3014 3981 3128 4036 sive
3160 3977 3304 4032 basi-

1711 4099 1867 4160 licas,
1897 4091 2271 4150 ordinationes
2314 4084 2637 4141 clericorum
2679 4079 2845 4134 liceat
2887 4074 3037 4129 vobis
3082 4086 3116 4124 a
3164 4083 3303 4139 quo-

1714 4205 1927 4262 cunque
1954 4183 2236 4242 volueritis
2259 4177 2534 4235 catholico
2556 4174 2813 4245 episcopo
2834 4168 3091 4223 Romana:
3121 4160 3306 4217 Eccleo

1712 4285 1808 4338 'siae
1839 4252 2083 4352 gratiam
2134 4283 2297 4342 atque
2342 4265 2781 4324 communionem
2814 4259 3090 4330 optinente
3124 4252 3305 4323 porci;

1717 4342 1884 4443 pere:
1898 4367 2024 4437 Qui,
2060 4373 2241 4419 nostra
2283 4359 2446 4414 fultus
2488 4354 2834 4415 auctoritate,
2867 4363 2986 4419 qua:
3030 4342 3309 4416 postulant

1719 4437 2007 4531 indulgeat.
2058 4455 2139 4510 Ad
2189 4453 2304 4507 lucc
2349 4460 2635 4504 censemus
2682 4456 2848 4513 atque
2902 4437 3192 4494 statuimus
3241 4446 3308 4487 ne

69 4553 153 4593 non
198 4544 558 4598 satisfactione
606 4558 841 4613 congrua
888 4536 1284 4597 emendaverit,
1347 4548 1377 4588 a
1413 4532 1604 4588 Christi

1718 4551 1809 4606 ulli
1840 4528 2064 4603 omnino
2096 4540 2375 4599 hominum
2404 4537 2567 4593 liccat
2595 4534 2737 4590 idem
2766 4528 3076 4587 cretiobiutu
3104 4537 3304 4581 emere.

72 4629 269 4691 Ectlesia
314 4653 433 4692 eum
485 4634 814 4691 auctoritate
866 4629 1148 4701 potestatis
1196 4625 1503 4696 apostolica:
1529 4638 1615 4678 se-

70 4738 336 4797 gregantus.
366 4727 831 4786 Conservantibus
859 4733 1040 4777 autem
1070 4735 1170 4790 pax
1207 4735 1235 4772 a
1287 4717 1416 4782 Deo,
1452 4715 1616 4771 mise-

73 4816 265 4876 ricordia
296 4820 649 4892 pnesentibus
680 4832 744 4875 ac
774 4816 969 4872 futuris
1001 4812 1210 4870 szeculis
1248 4815 1615 4866 conservetur.

73 4905 231 4977 Amen,
254 4929 428 4976 auten,
461 4928 640 4966 amen.

129 4999 377 5074 Scriptum
421 5020 517 5075 per
569 5016 786 5057 manum
844 4996 1091 5069 Gregorii
1145 4992 1415 5051 scriniarii
1457 4996 1620 5062 atque

104 5097 238 5149 otarii
264 5098 397 5153 sacri
425 5097 631 5168 palatii.

136 5186 302 5243 Datum
329 5188 511 5244 Roma:
538 5205 632 5260 per
655 5180 872 5241 manum
905 5182 1149 5244 Joannis,
1184 5187 1385 5235 sanetae
1424 5176 1623 5231 Roma-

80 5291 144 5330 nae
197 5278 435 5337 Eeclesim
492 5280 703 5335 diaconi
749 5275 1072 5338 cardiualis,
1140 5286 1284 5327 anno
1328 5260 1621 5324 Dominica:

82 5368 429 5429 lncarnationis
491 5372 659 5434 1091,
716 5367 1010 5424 indictione
1068 5382 1202 5429 xm,
1275 5362 1622 5434 pontificatus

82 5459 232 5516 donuti
295 5463 490 5521 Urbani
562 5480 711 5536 papa:
762 5460 803 5516 lt
868 5473 1012 5515 anno
1074 5474 1174 5524 nt,
1245 5456 1333 5513 die
1390 5452 1617 5510 Kalend.

86 5553 267 5619 Aprilis.
1129 5539 1131 5543 ’

1721 4636 2073 4712 perturbare,
2122 4640 2218 4688 aut
2267 4629 2316 4685 ei
2366 4627 2608 4684 subditas
2657 4633 3029 4695 possessumes
3068 4613 3307 4670 auferte.

1721 4731 1988 4792 minuere,
2016 4725 2102 4782 vel
2146 4720 2451 4779 temerariis
2488 4708 2867 4773 vexatiouibus
2917 4708 3176 4778 fatigare;
3215 4706 3308 4759 sed

1718 4822 1901 4880 omnia
1940 4820 2147 4889 integra
2170 4814 2534 4870 observentur
2561 4822 2750 4865 eorum
2794 4820 2891 4877 pro
2920 4815 3154 4874 quorum
3193 4814 3311 4854 sus~

1720 4912 2019 4970 tentatioue
2070 4922 2134 4963 ac
2183 4906 2578 4978 gubernatione
2624 4912 2886 4956 concessa
2944 4901 3074 4952 sunt
3124 4891 3313 4946 usibus

1721 5000 2025 5079 profatura.
2055 4999 2167 5057 Nec
2202 4999 2297 5055 ulli
2338 4998 2592 5069 episcopo
2623 4999 2861 5065 potestas
2895 4989 2967 5043 sit
2993 4996 3308 5040 excommu-

1722 5100 2047 5156 nicationem
2085 5105 2177 5152 aut
2217 5094 2655 5150 interdictionem
2687 5087 2838 5142 vobis
2870 5080 3225 5154 iugeminare,
3256 5088 3316 5131 ut

1721 5190 1812 5260 qui
1850 5189 1903 5244 in
1944 5188 2206 5259 speciales
2248 5184 2379 5241 esris
2410 5181 2547 5236 filios
2577 5176 2885 5249 apostolicae:
2917 5174 3083 5238 sedis,
3112 5169 3315 5226 nullius

1721 5281 1947 5338 alterius
1969 5279 2177 5350 judicio
2205 5287 2409 5330 temere
2435 5269 2805 5343 exponamini.
2834 5265 2972 5334 Quia
3002 5278 3131 5320 vero
3156 5261 3312 5332 plura

1716 5381 1911 5428 sancta
1937 5368 2286 5431 monasteria,
2313 5360 2668 5435 congregatio
2692 5359 2945 5413 videlicet
2973 5355 3113 5410 dicta
3136 5352 3310 5408 Salvii

1718 5465 1873 5537 iuxta
1905 5461 2255 5523 Florentium,
2289 5459 2476 5514 Sancti
2508 5454 2707 5512 Fidelis
2744 5454 2810 5509 de
2847 5449 3093 5515 Strumii,
3126 5447 3312 5503 Sancti

1725 5555 2025 5615 Salvatoris
2071 5554 2138 5609 de
2179 5551 2455 5623 Sepbena,
2483 5549 2702 5605 Sanctae
2746 5545 2928 5600 Mariae
2970 5544 3036 5597 de
3072 5539 3312 5598 Neraua,

1726 5647 1915 5707 Sancti
1954 5644 2180 5700 Coxiani
2227 5644 2294 5698 de
2339 5636 2520 5699 Monte
2564 5638 2866 5703 Schalario,
2904 5632 3091 5691 Sancti
3122 5627 3312 5699 Angeli

1727 5743 1794 5796 de
1814 5737 2157 5805 Passi’niano,
2179 5734 2365 5791 Sancti
2391 5734 2665 5789 Laurentii
2696 5732 2762 5787 de
2787 5723 3101 5788 Cultuboni,
3126 5719 3312 5775 Sancti

1725 5828 2024 5887 Salvatoris
2048 5828 2112 5885 de
2143 5826 2360 5893 Ficiclo,
2391 5825 2577 5884 Sancti
2609 5822 2793 5896 Angeli
2819 5821 2974 5890 juxta
2998 5811 3311 5873 Pistoriam,
