3892 6320
82 384 178 439 315

759 485 939 541 XLIII.

77 591 309 643 Urbanus
351 583 412 637 11
450 582 699 636 Ecclesia:
752 576 1071 632 Rarellensis
1102 574 1392 628 libertatem
1422 587 1486 626 ac
1528 588 1648 641 pos-

190 658 464 720 sessiones,
490 662 691 722 petente
723 649 924 703 Ursone
950 648 1211 717 episceno,
1241 646 1536 713 conﬁrmat.

655 740 834 812 (Auno
872 738 1054 808 1090.)

342 837 646 910 [DCIII-1L“,
688 832 849 888 Italia
895 846 1047 887 sacra
1086 829 1129 893 Ι,
1162 826 1349 898 118⁸5.]

143 933 384 989 υιιιιρικυε
429 930 738 1000 episcopus,
768 940 959 980 servus
990 936 1269 978 servorum
1301 919 1418 985 Dei,
1456 916 1651 974 dilecte

82 1029 128 1079 in
159 1025 373 1080 Christo
417 1021 573 1077 fratri
614 1020 760 1075 Uaso
790 1017 1094 1072 Ilavelleusi
1123 1015 1396 1085 episeopo.
1427 1012 1651 1083 ejusque

78 1115 475 1173 successoribus
500 1112 769 1167 canonice
800 1107 1147 1164 instituendis
1187 1107 1238 1160 in
1272 1113 1612 1174 perpetuum.

140 1208 346 1263 Sancta:
375 1206 634 1261 Romanae
675 1211 730 1256 et
778 1200 1090 1272 apostolica:
1122 1194 1445 1250 universalis
1475 1191 1653 1248 Eccle-

78 1304 160 1356 siae
211 1299 447 1369 dignitas
502 1296 676 1366 exigit
734 1302 795 1347 ut
852 1292 954 1347 siii
1016 1289 1249 1343 ﬁdeliter
1310 1285 1653 1339 adhaerentes

79 1404 393 1457 renumeret,
424 1402 482 1447 et
509 1391 731 1447 exultet.
756 1389 892 1455 Quia
925 1387 1089 1457 igitur
1114 1384 1370 1437 Romanae
1395 1380 1652 1435 Ecclesia:

80 1487 370 1539 ﬁdelitatem
402 1499 469 1538 ac
502 1483 805 1536 libertatem
834 1479 1091 1533 ardenter
1134 1474 1430 1544 requisisti,
1462 1483 1517 1526 et
1553 1472 1652 1524 oh-

78 1577 260 1645 sequiis
302 1573 671 1645 pra'veuisiti,
712 1572 780 1625 ad
825 1571 875 1624 id
918 1578 1095 1622 vestra
1148 1567 1374 1627 civitas,
1428 1562 1654 1617 Domino

77 1679 369 1740 pncstante,
401 1666 670 1737 pervenit.
717 1673 777 1718 ut
825 1660 1244 1732 przetlecessoris
1279 1658 1449 1712 nostri
1492 1670 1648 1711 reve-

81 1761 243 1815 renda:
290 1758 575 1813 memoria:
633 1754 868 1809 Victoris
918 1751 982 1806 III
1037 1761 1281 1820 tempore
1339 1747 1652 1817 episcopum

1204 361 1566 420 EPISTOLA‘I
1607 361 1695 417 ET
1734 357 2156 417 PRIVILEGIA.

1680 484 1726 541 Α
1756 478 2039 533 devotione
2063 484 2117 529 et
2143 485 2469 538 reverentia,
2504 481 2615 526 tum
2638 486 2737 542 pro
2762 468 2927 523 nostri
2954 466 3111 523 ellieii
3142 470 3345 534 debito,

3234 348 3343 406 526

1751 570 2007 625 Ecclesia:
2036 576 2227 623 vestrae
2258 566 2622 630 dilectionem,
2658 563 3049 634 preteetionem
3073 570 3127 616 et
3158 577 3346 617 cnmm

1751 660 2037 732 specialius
2091 659 2480 729 impendentes,
2522 671 2745 727 ejusque
2790 656 3004 710 labores
3045 654 3348 718 diuturnos,

1750 766 1936 822 quosa
1964 748 2238 805 Gaufredo
2272 748 2539 817 quendam
2592 747 2847 815 episeopo
2891 760 3048 815 passa
3080 752 3181 808 est,
3220 760 3347 814 pro-

1690 902 1705 917 ,
1751 844 2001 915 pensiore
2044 842 2227 895 animo
2278 841 2706 911 perpendentes,
2757 839 2832 893 rei
2880 839 3106 893 veritate
3147 838 3345 892 diutius

1753 936 2237 1007 atquediligentius
2271 940 2623 1003 pertractata,
2674 931 2937 1001 largiente
2991 927 3351 997 Domino,th-

1754 1025 1917 1081 stitite
1940 1024 2322 1079 satisfecimus.
2362 1024 2564 1077 Bonam
2613 1023 2794 1091 itaque
2840 1021 3005 1075 animi
3060 1021 3221 1076 vestri
3256 1036 3351 1074 vo-

1753 1118 2012 1172 lnntatem
2043 1116 2431 1185 pneveuientes
2460 1130 2522 1167 ae
2548 1114 2956 1183 subsequentes,
2994 1112 3350 1166 venerabilem

1753 1208 1933 1261 virum
1981 1208 2195 1261 Ivouem
2249 1207 2645 1276 presbyterum,
2700 1222 2878 1274 quem,
2926 1204 3198 1259 Ganfredo
3255 1221 3350 1274 per

1757 1316 1856 1356 nos
1893 1300 2160 1371 deposito,
2212 1300 2477 1357 catholico
2519 1310 2679 1368 atque
2736 1298 2996 1351 canonice
3053 1298 3347 1351 secundum

1757 1403 1939 1448 nostra
1969 1392 2171 1446 monita
2202 1392 2462 1461 elegistis,
2512 1404 2576 1443 ne
2618 1390 2759 1458 quod
2791 1389 3014 1442 ulterius
3047 1389 3147 1442 hac
3197 1389 3248 1441 in
3296 1403 3353 1441 re

1762 1487 2348 1541 detrimentumvestra
2401 1484 2637 1538 Ecclesia
2670 1492 2963 1551 pateretur,
3018 1482 3135 1536 sine
3188 1496 3354 1537 morte

1759 1579 2015 1649 longioris
2045 1577 2322 1633 obstaculo
2351 1576 2810 1631 consecravimus.
3325 1560 3329 1565 ’

1831 1670 1984 1726 Nunc
2009 1687 2130 1725 eam
2186 1670 2251 1722 ad
2285 1684 2380 1722 vos
2411 1668 2769 1729 remittentes,
2812 1677 3066 1735 tanquam
3111 1664 3170 1720 Β.
3204 1662 3350 1719 Petti

1760 1765 2009 1818 manibus
2038 1771 2437 1825 consecratum,
2470 1760 2527 1814 Β.
2582 1759 2725 1813 Petri
2751 1761 2867 1813 vice
2900 1774 2992 1812 vos
3023 1773 3272 1826 rogamus
3300 1765 3355 1811 et

82 1853 321 1907 meruerit
343 1846 727 1919 adipisci.Nos
753 1847 936 1914 itaque
960 1841 1311 1898 nihilominus
1334 1835 1650 1892 CXaIluliOttl
1687 1852 1730 1906 Β
1757 1853 2107 1907 obsecramus
2130 1860 2396 1921 quamms
2440 1866 2560 1905 cum
2601 1849 2831 1919 benigne
2877 1847 3234 1917 suscipientes
3260 1848 3354 1900 de.

81 1954 257 1997 vestra:
284 1940 712 2011 cengaudentcs,
752 1946 804 1992 et
846 1933 1207 1989 antecesseris
1244 1929 1416 1984 nostri
1452 1936 1656 1981 statuta

82 2037 365 2095 ﬁrmamus,
415 2043 473 2087 et.
532 2048 650 2086 eam
693 2030 846 2085 vobis
890 2028 1191 2081 libertatem
1242 2021 1548 2091 adjicituus,
1600 2004 1657 2072 ut

85 2125 394 2180 Ravellensis
428 2123 679 2179 Ecclesia
731 2120 901 2174 deinet
923 2133 982 2188 ps
1033 2116 1100 2170 ab
1142 2114 1320 2168 omnis
1371 2108 1657 2181 potestatis

84 2217 394 2285 subiectione
436 2215 638 2279 libera,
673 2213 724 2266 in
762 2212 931 2267 solius
961 2207 1191 2263 Romani
1231 2202 1503 2275 pentiticis
1535 2200 1658 2271 jure

84 2308 551 2377 deminutioneque
602 2304 885 2359 consistat.
943 2300 1172 2369 Dignum
1228 2297 1423 2365 quippe
1470 2300 1551 2346 est
1601 2298 1660 2344 ut.

82 2398 165 2467 qui
194 2399 240 2451 in
271 2396 659 2468 corporalibus
710 2393 871 2449 rebus
906 2392 1258 2446 vehementer
1309 2383 1655 2449 excrevistis,

84 2494 418 2565 spiritualium
452 2504 679 2561 quoque
714 2502 999 2543 numerum
1030 2482 1396 2555 perceptione,
1433 2461 1658 2532 Domino

86 2590 344 2661 largiente,
395 2585 686 2642 crescatis.
736 2581 987 2637 Vestram
1041 2579 1203 2651 igitur
1250 2576 1549 2631 Ecclesiam
1604 2573 1656 2626 in

88 2680 367 2747 apostolica:
399 2677 555 2731 sedis
585 2674 793 2745 gremio
834 2671 1142 2743 specialiter
1172 2666 1525 2723 confovcules
1565 2663 1657 2717 tibi

88 2773 303 2841 legitime
361 2770 790 2830 contirmamus,
840 2764 1160 2834 coepiscopo
1220 2758 1387 2821 Urse,
1448 2756 1661 2824 tuisque

86 2862 316 2932 legitimis
354 2860 809 2921 successorilms,
850 2870 1067 2910 onmem
1106 2850 1480 2906 ltavelleusem
1526 2848 1662 2899 dite-

89 2956 209 3009 resis
236 2956 507 3011 ambitum
542 2951 823 3022 prtesentis
860 2947 1185 3002 auctoritate
1221 2942 1431 3013 pagina:
1465 2938 1661 2994 conﬁr-

91 3067 312 3115 mamus,
360 3057 702 3120 potestatem
758 3044 912 3098 vobis
960 3039 1303 3111 indulgentes
1355 3037 1495 3091 intra
1543 3048 1661 3086 eam

90 3141 269 3208 absque
313 3139 480 3194 ullius
536 3134 968 3192 contradictione
999 3130 1237 3185 chrisma
1279 3125 1571 3181 conﬁcere.
1603 3163 1617 3176 .
1644 3160 1661 3176 .

94 3229 266 3295 (.Ilulta
298 3230 488 3283 desunt
516 3228 569 3281 in
591 3223 887 3297 pririlegio,
913 3222 1035 3292 quia
1061 3220 1158 3290 fuit
1189 3218 1433 3281 recisum,
1464 3224 1510 3267 et
1543 3229 1660 3266 eum

92 3324 169 3390 filo
192 3335 454 3378 consutam
474 3364 497 3387 ,
529 3332 584 3375 ut
613 3320 683 3374 ml
725 3334 954 3389 promens
984 3314 1197 3382 exstat.)
1227 3312 1441 3367 Statuta
1479 3308 1661 3364 Eccle-

93 3414 171 3467 sia!
210 3422 512 3484 prmslautc
568 3411 799 3464 Domitio
849 3402 1295 3475 irrcfragabiliter
1350 3402 1660 3463 observare,

96 3504 290 3574 ejusque
318 3504 519 3559 honori
555 3518 652 3572 pro
681 3501 886 3554 viribus
914 3512 1125 3566 semper
1155 3492 1426 3547 insistere.
1455 3490 1511 3545 Si
1543 3490 1665 3561 quis

95 3607 253 3651 autem
295 3597 347 3650 in
379 3596 687 3651 crastinum
728 3590 1175 3657 archiepiscopus
1218 3593 1311 3638 aut
1356 3575 1662 3651 cpiscopus,

98 3687 362 3756 imperator
391 3697 490 3740 aut
530 3700 653 3748 rex,
686 3681 936 3754 princeps
977 3686 1068 3732 aut
1094 3676 1221 3737 dux,
1252 3682 1343 3727 attt
1389 3670 1661 3740 patritius,

95 3794 257 3835 comes
291 3789 381 3834 aut
420 3781 762 3839 vicecemes,
794 3784 884 3827 aut
910 3771 1097 3840 judex,
1129 3777 1220 3820 aut
1255 3779 1484 3835 persona
1522 3777 1667 3831 qua:-

102 3868 210 3923 lihet
245 3886 434 3940 magna
458 3868 559 3923 vel
596 3880 784 3937 parva,
815 3845 1006 3932 petens
1042 3867 1134 3911 aut
1181 3856 1471 3925 impetens,
1508 3850 1666 3919 hujus

101 3959 250 4013 nostri
286 3959 560 4029 privilegii
613 3956 861 4027 paginam
901 3950 1104 4013 sciens,
1158 3957 1475 3999 concessun
1518 3941 1667 3993 voh‘s

101 4051 373 4108 libertatem
439 4050 662 4123 auferre
721 4043 1055 4108 teutaverit,
1123 4038 1365 4094 secunde
1441 4034 1667 4090 tertiove

100 4145 454 4206 commonitus,
486 4143 532 4196 si
563 4156 665 4194 non
691 4135 1063 4193 satisfactione
1086 4144 1327 4199 congrua
1348 4124 1664 4182 emendave-

103 4233 179 4297 rit,
212 4234 274 4301 is,
297 4244 354 4288 ut
382 4252 410 4288 a
434 4231 641 4287 tlhristi
671 4240 722 4284 et
752 4227 1004 4282 Ecclesia:
1032 4236 1260 4292 corpore
1280 4216 1666 4289 segregandus,

104 4322 406 4394 honorisque
434 4325 521 4380 sui
564 4333 618 4377 et
657 4320 815 4376 ollicii
845 4310 1085 4389 periculo
1117 4314 1402 4381 subiacere
1430 4310 1665 4365 debebit.

102 4414 543 4473 Couservantibtts
573 4425 752 4469 autem
800 4414 937 4474 lucc,
963 4426 1065 4480 pax
1095 4425 1124 4461 a
1159 4407 1386 4461 Domino
1437 4412 1491 4458 el
1516 4402 1671 4456 mise-

105 4508 311 4563 ricordia
341 4508 707 4580 prresentihus
735 4515 786 4558 et
818 4501 1016 4555 futuris
1045 4499 1259 4554 saeculis
1290 4502 1665 4551 conservetur.

102 4601 271 4664 Amen,
300 4617 457 4655 amen
481 4641 498 4664 ,
529 4615 712 4652 amen.

196 4691 382 4745 Datum
434 4690 649 4746 Salerni
711 4703 805 4758 per
861 4699 1052 4740 manus
1099 4680 1326 4738 Joannis
1376 4678 1434 4733 S.
1493 4676 1557 4730 R.
1608 4674 1667 4729 Ε,

104 4783 291 4841 diaconi
315 4786 466 4841 card.
502 4784 672 4839 Nonis
688 4781 961 4843 Octobris,
990 4780 1099 4833 ind.
1134 4792 1255 4837 xut,
1287 4788 1429 4829 anno
1459 4772 1669 4827 Incarn.

105 4877 374 4933 [tantinictc
398 4878 562 4941 I090,
587 4874 933 4947 pontiﬁcatus
965 4885 1094 4925 vero
1126 4868 1187 4921 D.
1220 4865 1424 4922 Urbani
1456 4880 1607 4934 papa:
1631 4861 1672 4918 Il

107 4969 268 5021 tertio.

775 5032 956 5089 XLIV.

106 5126 283 5185 Urbani
314 5132 373 5187 ΙΙ
398 5133 613 5204 epistola
639 5132 706 5184 ml
756 5131 947 5204 clerum
979 5136 1024 5179 ct
1051 5123 1250 5204 plebem
1283 5119 1674 5204 Cornetcnscm.

165 5232 225 5242 --
255 5204 322 5257 De
345 5191 601 5269 (initfredi
631 5199 863 5271 episcopi
884 5196 1223 5271 depositione.
1250 5203 1296 5245 et
1330 5191 1503 5244 lt-cnis
1547 5203 1673 5241 cott—

165 5277 338 5327 διεπιιὶ
368 5277 420 5327 in
445 5266 562 5344 ejus
588 5266 761 5327 locum
782 5266 1172 5336 subrogmione.

689 5366 867 5436 (Auno
902 5360 1079 5429 1090.)

493 5458 705 5530 [δίωξιν
735 5454 937 5509 Coueil.
966 5452 1092 5515 XX,
1121 5449 1272 5520 650.]

170 5544 407 5604 Iinssxos
427 5553 730 5618 episcopus,
769 5562 959 5601 servus
1010 5559 1290 5599 servorum
1323 5540 1438 5602 Dei,
1468 5539 1676 5593 dilectis

110 5636 153 5691 in
182 5640 385 5698 Christo
414 5645 536 5699 ﬁliis
565 5645 710 5699 clere
739 5653 795 5697 et
838 5641 1033 5712 pepnlo
1078 5635 1416 5698 Caruotcnsi,
1444 5633 1674 5687 salutent

112 5738 153 5780 ct
177 5747 268 5800 apo
299 5734 507 5788 tolicam
537 5734 986 5790 benedictionem.

173 5821 271 5878 Nos
291 5826 502 5894 quidem
533 5836 642 5880 tum
665 5841 762 5896 pro
800 5825 971 5880 beatae
997 5821 1176 5876 Maritc
1206 5833 1420 5889 seraper
1443 5814 1674 5886 Virginis

1760 1943 1869 1997 bita
1903 1952 1961 1996 ttt
1987 1942 2223 2011 pastoris
2252 1942 2361 1994 veri
2396 1941 2696 1994 membrum
2722 1939 3025 1992 ehedientia
3053 1938 3350 2001 honoretis;

1760 2035 1939 2090 debita
1991 2034 2352 2090 sollicitudine
2389 2047 2507 2102 qua:
2554 2031 2704 2085 vobis
2736 2030 3138 2083 ammntiaverit
3169 2031 3353 2083 obser-

1761 2127 1940 2191 velis;
1981 2135 2035 2181 et
2090 2134 2148 2178 ut
2199 2124 2310 2194 ipse
2359 2123 2466 2176 Deo
2512 2122 2746 2190 placere,
2782 2130 2835 2175 et
2878 2136 2999 2175 eum
3032 2136 3128 2189 pro
3161 2121 3354 2175 vestris

1762 2218 1938 2273 valeat
1983 2214 2294 2272 excessibus
2342 2214 2502 2284 digne
2555 2213 2936 2266 intercedendo
2986 2212 3220 2281 placare,
3259 2227 3355 2266 vos

1760 2326 1975 2383 quoque
2026 2309 2239 2379 placere
2286 2308 2396 2361 Deo
2461 2307 2585 2359 totis
2630 2305 3004 2360 certaminibus
3048 2314 3350 2374 procurate.

1760 2404 1818 2459 Si
1868 2402 2010 2458 enim
2062 2400 2275 2470 placere
2322 2399 2431 2452 Deo
2483 2397 2802 2461 statueritis,
2850 2406 3118 2465 pastorem
3167 2394 3355 2464 procul

1762 2496 1926 2551 dubio
1954 2493 2386 2563 Deeplacvntem
2434 2489 2721 2552 habebitis,
2771 2503 2866 2541 nos
2899 2503 3114 2557 quoque
3169 2487 3219 2540 in
3271 2502 3355 2539 re-

1762 2588 1889 2643 SlI'IS
1915 2583 2407 2656 opportunitatilms
2450 2581 2515 2635 ad
2565 2579 2957 2635 exaudiendum
3014 2588 3228 2647 paratos
3277 2579 3357 2632 in-

1762 2679 2009 2734 venietis.
2050 2676 2220 2731 Porro
2278 2681 2343 2729 de
2395 2671 2684 2736 Gaufredo,
2741 2672 2831 2741 qui
2890 2672 3005 2725 sine
3049 2670 3356 2725 eoudiiune

1762 2774 1907 2827 omni
1942 2771 2141 2825 nostris
2195 2769 2442 2822 manilius
2501 2765 2867 2835 (’pISCtlpaltlm
2917 2764 3168 2824 reddidit,
3222 2763 3358 2816 indi-

1765 2880 1927 2935 gnum
1951 2878 2009 2917 se
2055 2871 2303 2932 patenter
2333 2872 2658 2928 agnoscens,
2686 2856 3041 2926 pratcepimus
3091 2865 3144 2908 et
3171 2857 3358 2924 prteci-

1766 2958 1942 3027 pimus
1968 2971 2034 3011 nc
2058 2956 2180 3025 quis
2229 2954 2277 3007 ei
2310 2953 2416 3005 ulli
2466 2952 2624 3005 modo
2653 2950 2717 3003 ad
2747 2949 3110 3019 episcopatum
3142 2948 3355 3000 reinva-

1768 3051 2003 3107 dendutn
2055 3049 2137 3103 vel
2191 3045 2554 3101 inl'estaudum
2614 3057 2895 3096 assensum
2945 3038 3358 3095 accommolare

1768 3149 2076 3211 prtesuutat,
2103 3139 2237 3194 alias
2260 3148 2314 3194 et
2355 3138 2607 3206 ipsumet
2635 3135 2799 3205 ipsius
2856 3133 3094 3186 fautores
3142 3146 3352 3183 excom-

1718 3234 1730 3252 ⁴
1761 3235 2113 3294 uumieationi
2137 3233 2417 3301 subjaecre
2437 3244 2737 3285 censemus.
2765 3226 3092 3281 Obedieutes
3115 3239 3207 3279 vos
3231 3238 3358 3275 vero

1765 3334 1986 3390 monitis
2020 3330 2221 3387 nostris
2247 3329 2421 3399 gratia
2452 3326 2631 3380 divina
2667 3322 2959 3376 custodiat.

1840 3428 1970 3482 Data
1994 3424 2190 3494 Capua:
2211 3432 2401 3478 octavo
2431 3418 2700 3473 Kalendas
2730 3412 3067 3468 Decembris.

1771 3680 1968 3736 Urbani
2024 3677 2084 3731 II
2113 3690 2260 3747 papa:
2287 3669 2503 3740 cpistola
2536 3667 2605 3747 ad
2646 3663 2961 3743 llic/torium,
3010 3656 3358 3747 archiepisco-

1836 3770 1959 3822 pum
1998 3726 2370 3803 Senonensetit.
2411 3771 2491 3822 —_
2528 3738 2763 3822 Ivo‘t‘tent‘,
2819 3734 3129 3822 episcopum
3152 3726 3355 3822 “(1)310-

1839 3798 2032 3877 iensem
2089 3818 2169 3871 illi
2223 3812 2549 3868 commendat
2611 3798 2959 3877 Gnttfretlum,
3013 3800 3058 3853 si
3113 3798 3362 3877 invadere

2228 3867 2515 3940 itentarerit
2550 3920 2567 3946 ,
2618 3867 3125 3935 artat/remittuntur»
3182 3867 3359 3922 decla-

1810 4042 1813 4043 ν
1840 3976 1943 4031 rat.
2252 4007 2260 4011 .
2502 4010 2505 4013 ,

2378 4047 2557 4117 (Anne
2588 4042 2765 4109 I090.)

2200 4142 2417 4215 [Massn
2459 4135 2661 4191 Concil.
2687 4131 2805 4195 XX,
2828 4127 2977 4200 651.]
3164 4202 3167 4203 ν

1841 4247 2083 4312 Quantas
2120 4255 2220 4311 pro
2263 4234 2533 4293 Gaul'rede
2562 4229 2834 4301 quendam
2870 4225 3124 4295 episcopo
3153 4218 3361 4275 Carno-

1770 4339 1940 4396 tensis
1995 4331 2249 4388 Ecclesia:
2299 4322 2571 4379 molestias
2618 4315 2983 4377 sustinuerit,
3026 4320 3238 4380 quantae
3295 4307 3360 4360 ad

1770 4428 2122 4501 apostolicam
2161 4421 2344 4478 sedem
2398 4413 2633 4486 querebe
2680 4408 2901 4480 perlata:
2944 4405 3166 4467 fuerint,
3212 4399 3360 4455 dele-

1706 4550 1748 4604 υ
1773 4489 1972 4578 eiionis
2003 4528 2105 4572 tum
2131 4510 2425 4569 Strenuitas
2455 4501 2813 4573 recognoscit.
2846 4497 3089 4551 Tandem
3119 4492 3193 4547 rei
3224 4489 3363 4544 veri-

1778 4624 1889 4671 tate
1918 4608 2227 4680 diligentius
2253 4599 2572 4675 perquisita,
2590 4595 2849 4666 largiente
2866 4588 3112 4648 Domine,
3136 4580 3362 4653 justitite

1778 4702 2165 4763 satisfecimus,
2219 4706 2271 4750 et
2327 4693 2395 4747 ab
2424 4692 2541 4761 ipse
2590 4688 2642 4741 in
2698 4683 2897 4741 nostris
2946 4675 3195 4741 manibus
3245 4671 3362 4725 sine

1776 4794 2064 4868 cujuslibet
2114 4801 2303 4844 tenore
2346 4779 2669 4839 comlitiunis
2726 4774 3065 4845 episcopatus
3100 4761 3361 4817 refutatns

1776 4901 1881 4946 est.
1913 4884 2155 4941 Tandem
2188 4880 2252 4935 ad
2287 4888 2432 4931 tuam
2485 4870 2881 4937 irttteruitalem
2922 4861 3123 4929 scripta
3155 4854 3363 4933 direxi-

1780 4996 1926 5042 mus,
1982 4976 2055 5030 rei
2110 4980 2276 5043 gesta:
2331 4967 2571 5021 ordinem
2630 4959 2976 5018 indicantes,
3020 4958 3171 5016 etlut
3214 4957 3361 5023 tuum

1779 5050 2202 5131 Carnetcusibus
2225 5065 2288 5117 a.l
2321 5057 2624 5130 eligendum
2657 5061 2711 5107 et
2758 5043 3189 5123 consecrandum
3222 5035 3359 5109 anti-

1778 5170 1963 5224 stitem
2029 5161 2290 5216 auxilium
2347 5151 2722 5208 eoatrihneres
2780 5139 3105 5210 ﬂagitantes.
3167 5130 3361 5186 Nostra

1781 5264 1963 5330 itaque
1994 5257 2109 5311 fulti
2141 5228 2363 5307 licentia
2397 5247 2760 5300 Carnotcnses
2788 5227 3149 5285 venerabilem
3188 5224 3361 5293 virum

1780 5318 2156 5424 presbyterum
2181 5345 2395 5403 lvonetu
2447 5331 2708 5389 canonico
2742 5325 2931 5379 ordine
2954 5322 3015 5383 in
3049 5318 3362 5388 episcopum

1778 5404 2074 5515 elegerunt.
2108 5438 2242 5489 Cum
2288 5440 2467 5499 autem
2499 5442 2527 5479 a
2578 5433 2629 5477 te
2676 5411 3101 5491 consecrationis
3132 5404 3359 5478 gratiam

1780 5496 1892 5608 prec
1921 5545 2071 5589 more
2116 5525 2372 5582 Ecclesiae
2418 5518 2758 5591 petivissent,
2814 5521 2907 5563 tua
2961 5500 3273 5559 fraternitas
3312 5496 3359 5563 ei

1778 5593 1996 5683 iuanum
2025 5623 2305 5691 imponere
2334 5610 2624 5689 recusavit,
2672 5607 2759 5661 Ad
2784 5618 2882 5659 nos
2912 5600 3074 5671 igitur
3098 5593 3230 5665 ipsis
3263 5604 3357 5644 vc-

1779 5717 2070 5783 nieutihus,
2126 5719 2183 5767 et
2239 5688 2664 5767 consecrationis
2711 5695 2950 5767 ejusdem
3001 5688 3229 5760 gratiam
3264 5683 3352 5770 de.

1779 5807 2147 5882 poscentibus,
2200 5817 2298 5859 nos
2348 5800 2437 5870 qui
2499 5796 2596 5851 viri
2645 5791 2958 5872 rtligienem
3002 5776 3358 5868 jamdudum
