3892 6320
67 329 166 390 3'29

1222 309 1580 373 ΕΗΒΤῦιῶ
1615 305 1700 370 ΕΤ
1745 307 2153 371 PRIVlLEGlA.

3199 313 3319 374 "550

65 444 200 500 sedis
216 435 522 496 obcdientia
551 429 618 490 in
654 436 988 504 perpetuum
1034 438 1358 500 permanere
1382 429 1633 486 decerni-
1664 428 1710 484 Α
1740 428 2053 484 accolarum
2104 427 2307 485 raritas
2358 443 2465 484 non
2504 437 2765 497 meretur,
2810 433 3199 489 monasterium
3237 445 3317 490 ta-

65 551 196 598 nuts,
222 538 524 587 statuentes
557 534 617 582 ut
669 537 992 596 quacunque
1027 522 1422 592 Monopolitana
1453 520 1638 577 Eccle-

57 627 136 682 sia
167 626 430 678 hactenus
447 619 596 689 juste
630 614 890 686 possedit,
922 625 1015 669 aut
1041 613 1200 669 hodie
1227 612 1487 685 possidet,
1521 613 1638 668 sive

66 716 112 768 in
135 711 431 768 crastinum
449 709 596 778 juste
647 715 810 776 atque
830 703 1092 760 canonice
1111 704 1312 774 poterit
1333 703 1556 774 adipisci
1584 703 1635 757 in

63 802 308 867 castellis,
335 798 501 864 villis,
551 796 723 861 silvis,
775 795 828 849 in
874 792 1144 860 ecclesiis,
1207 793 1262 848 in
1293 791 1638 848 monasteriis

63 894 148 948 tibi
173 891 384 960 tuisque
420 887 839 944 successoribus
887 884 1182 956 episcopali
1227 883 1350 953 jure
1375 887 1634 956 regenda,

60 981 380 1052 disyonenda
427 995 492 1034 ac
539 977 862 1048 possidenda
901 975 1059 1030 ﬁrma
1116 983 1170 1032 et
1215 975 1418 1031 illibata
1467 976 1638 1046 persi-

60 1083 212 1141 stant,
245 1071 394 1127 salva
427 1071 480 1125 in
495 1068 746 1124 omnibus
769 1067 1022 1123 Romanae
1041 1074 1095 1121 et
1119 1065 1430 1135 apostolicae
1443 1065 1633 1120 Eccle-

60 1167 144 1221 si:e
199 1161 533 1219 reverentia.
570 1161 816 1216 Obeunte
867 1167 941 1224 te,
992 1158 1078 1213 vel
1123 1168 1340 1213 tuorum
1398 1158 1639 1229 quolibet

59 1269 442 1320 successorum,
469 1252 614 1309 clero
640 1250 947 1323 populoque
968 1248 1371 1321 Monopolitano
1401 1248 1634 1305 facultas

64 1348 144 1412 sit,
171 1353 372 1401 semota
397 1343 549 1399 omni
583 1342 873 1413 pravitate,
921 1341 1234 1412 episcopum
1256 1341 1516 1397 canonice
1541 1342 1638 1397 eli-

61 1437 228 1508 gendi,
249 1436 459 1492 electus
498 1445 676 1490 autem
719 1450 750 1488 a
795 1433 1042 1488 Romano
1071 1432 1326 1501 pontiﬁce
1350 1443 1637 1489 consecra-

63 1529 215 1584 bitur.
263 1527 410 1583 Sane
460 1527 508 1582 si
570 1525 695 1595 quis
739 1525 792 1579 in
838 1524 1138 1580 crastinum
1194 1523 1640 1596 archiepiscopus

64 1621 465 1690 autepiscopus,
507 1618 803 1688 imperator
823 1625 916 1672 aut
937 1632 1058 1683 rex,
1092 1615 1344 1688 princeps
1388 1626 1484 1672 aut
1505 1617 1633 1685 dux,

65 1725 230 1767 comes
276 1719 370 1765 aut
413 1709 744 1775 vicecomes,
789 1707 955 1777 judex
997 1716 1093 1763 aut
1124 1722 1357 1777 persona
1380 1707 1635 1778 quaelibet

1743 537 1867 576 men
1901 521 1972 576 illi
2024 521 2247 588 habere,
2289 531 2343 577 et
2392 524 2557 579 totius
2598 524 2789 580 insula:
2833 526 3096 581 ambitum
3149 529 3325 598 possi-

1740 614 1869 669 dere
1897 615 2183 684 przcsentis
2209 616 2422 685 paginae
2464 617 3102 686 auctoritate‘saucimus.
3143 621 3323 691 Ipsum

1738 708 1903 762 etiam
1975 709 2386 773 monasterium,
2439 710 2524 764 cui
2589 710 2902 768 fraternitas
2935 722 3046 779 tua,
3100 723 3324 768 auctore

1741 796 1988 866 Domino,
2029 802 2305 870 praesidet,
2330 801 2383 855 in
2407 801 2469 856 Β.
2500 801 2876 859 Bartholomuri
2902 805 3110 860 honore
3139 813 3194 860 et
3227 821 3324 862 no-

1740 893 1886 948 mine
1928 902 2329 960 consecratum,
2377 894 2432 949 in
2482 893 2543 950 S.
2606 896 2672 950 It.
2705 906 2760 951 et
2809 896 3124 967 apostolica:
3177 895 3324 952 sedis

1740 985 2030 1042 favendum
2063 986 2280 1059 speciali
2308 987 2648 1057 protectione
2673 989 3023 1059 suscipimus.
3051 985 3160 1044 Per
3185 1003 3327 1058 prmo

1737 1086 1949 1133 sentem
1981 1078 2144 1150 igitur
2193 1079 2362 1134 nostri
2415 1077 2680 1151 privilegii
2723 1080 2973 1152 paginam
3025 1080 3322 1150 apostolica

1737 1169 2070 1225 auctoritate
2126 1169 2416 1224 statuimus
2469 1177 2530 1224 ut
2578 1183 2916 1240 quaecunque
2975 1171 3136 1225 hodie
3178 1170 3320 1226 idem

1738 1260 2051 1315 ctenobium
2073 1257 2221 1328 justo
2258 1259 2519 1330 possidet,
2556 1259 2672 1315 sive
2709 1261 2761 1314 in
2793 1268 3071 1330 posterum
3095 1271 3324 1316 οοηροερ

1735 1348 1891 1406 sione
1943 1349 2286 1419 pontiﬁcum,
2315 1349 2645 1406 liberalitate
2695 1351 3024 1423 principum,
3059 1351 3144 1408 vel
3171 1351 3324 1408 obla-

1737 1443 1886 1499 tiOne
1941 1442 2205 1509 ﬁdelium,
2255 1443 2402 1514 j'uste
2442 1454 2607 1514 atque
2647 1446 2911 1501 canonice
2958 1446 3162 1515 poterit
3209 1446 3324 1501 adi-

1731 1535 1894 1606 pisci,
1933 1535 2086 1589 firma
2117 1535 2214 1590 tibi
2264 1535 2480 1606 tuisque
2529 1536 2946 1592 successoribus
3001 1544 3058 1591 et
3113 1535 3322 1592 illibata

1735 1638 2116 1697 permaneant.
2195 1629 2553 1684 Deceruimus
2612 1640 2746 1699 ergo
2795 1636 2858 1683 ιιι
2913 1627 3046 1683 n'ulli
3095 1628 3322 1684 omnino

1739 1717 2018 1774 hominum
2049 1719 2212 1776 liceat
2235 1720 2375 1776 idem
2404 1719 2712 1777 coenobium
2745 1728 2952 1776 temere
2977 1721 3319 1791 perturbare,

65 1817 238 1873 magna
267 1800 346 1855 vel
385 1816 581 1871 parva,
620 1808 817 1871 potens
865 1807 960 1854 aut
1006 1799 1300 1870 impotens,
1349 1798 1508 1868 hujus
1531 1814 1630 1854 no-

1746 1796 1832 1865 aut
1859 1811 1912 1866 ei
1961 1812 2208 1869 subditas
2253 1812 2629 1884 possessiones
2677 1811 2917 1878 auferre,
2975 1787 3061 1868 vel
3107 1812 3322 1868 ablatas

62 1893 151 1947 stri
174 1892 428 1963 privilegii
468 1892 724 1964 paginam
777 1891 978 1958 sciens,
1025 1899 1215 1946 contra
1268 1905 1391 1948 eam
1432 1899 1634 1946 temere

67 1983 233 2038 venire
284 1982 603 2048 tentaverit,
672 1981 908 2038 secundo
976 1981 1208 2037 tertiove
1268 1982 1634 2038 commonitus

66 2075 107 2130 si
152 2091 251 2132 non
313 2074 694 2131 satisfactione
759 2090 999 2146 congrua
1064 2075 1455 2140 emendaverit,
1504 2090 1632 2130 eum

69 2168 269 2223 honoris
286 2168 362 2223 sui
389 2175 445 2223 et
478 2166 644 2223 ollicii
666 2166 912 2237 periculo
934 2165 1227 2238 subjacere
1265 2166 1631 2232 decernimus,

70 2269 120 2314 ct
143 2275 170 2312 a
201 2259 383 2317 Christi
427 2268 600 2331 atque
637 2259 895 2316 Ecclesiae
923 2274 1153 2331 corpore
1178 2259 1504 2315 auctoritate
1533 2274 1632 2329 po-

71 2351 261 2405 tcstatis
323 2349 641 2419 apostolicae
715 2364 1110 2422 segregamus;
1181 2348 1634 2405 conservantibus

70 2450 226 2496 autem
253 2458 348 2514 pax
375 2458 406 2497 a
437 2443 580 2509 Deo,
609 2451 661 2498 et
713 2443 911 2498 merito
950 2441 1312 2512 praesentibus
1343 2457 1408 2498 ac
1437 2440 1633 2496 futuris

74 2533 260 2590 sreculis
293 2543 673 2590 conservetur.
713 2534 907 2600 Amen,
941 2548 1123 2597 amen,
1156 2548 1335 2589 amen.
1422 2541 1424 2544 '

133 2623 388 2696 Scriptum
453 2639 564 2697 per
635 2639 830 2682 manus
890 2623 1184 2680 Lanfranei
1234 2624 1433 2682 notarii
1490 2624 1631 2681 sacri

75 2723 113 2788 p;
134 2719 253 2775 latii.

135 2812 308 2866 Datum
339 2811 641 2869 Beneventi
698 2826 797 2882 per
851 2824 1046 2866 manus
1067 2807 1293 2866 Joannis
1353 2808 1414 2865 S.
1454 2809 1521 2864 R.
1567 2808 1631 2862 E.

77 2900 258 2958 diaconi
284 2907 452 2969 card.,
509 2918 653 2957 anno
684 2901 901 2956 Domini
962 2901 1172 2956 iucarn.
1220 2899 1380 2964 1091,
1437 2899 1629 2954 indict.

79 2998 154 3046 xiv
178 2993 286 3050 Kal.
337 2995 568 3066 Aprilis,
607 3009 756 3050 anno
802 2993 1154 3064 pontiﬁcatus
1183 2993 1246 3047 D.
1300 2990 1502 3048 Urbani
1532 3006 1632 3062 pa-

79 3099 146 3154 pa:
172 3086 208 3141 ll
235 3096 444 3158 quarto.

801 3177 864 3232 L.

84 3284 294 3344 Urbanus
319 3290 380 3346 II
408 3289 792 3344 monasterium
826 3287 887 3344 S.
924 3287 1299 3359 Berl-holerum
1345 3289 1401 3343 in
1443 3283 1636 3359 Liparo

136 3359 291 3416 imula
315 3363 571 3418 tuendum
597 3361 815 3430 suscipit
858 3369 907 3414 et
937 3358 1053 3428 ejus
1096 3362 1229 3413 bona
1257 3358 1558 3428 conﬁrmat.

646 3449 828 3522 (Anno
858 3449 1042 3520 teat.)

366 3545 667 3620 [Usi-issu,
694 3543 861 3600 Italia
891 3560 1066 3610 sacra,
1093 3543 1135 3610 l,
1162 3544 1312 3617 715.]

145 3634 374 3694 Uantsus
412 3637 733 3710 episcopus.
764 3649 956 3691 servus
982 3649 1262 3690 servorum
1305 3635 1420 3700 Dei,
1442 3634 1641 3693 dilecto

91 3724 214 3782 fratri
243 3731 535 3794 Amaosro,
565 3727 748 3785 abbati
786 3726 1119 3797 Liparitano,
1162 3726 1390 3797 ejusque
1418 3741 1638 3783 succes-

91 3819 270 3875 soribus
299 3820 637 3893 regulariter
679 3816 1069 3876 substituendis
1093 3816 1146 3872 in
1178 3825 1523 3887 perpetuum.

145 3909 263 3967 Cum
288 3913 555 3967 universae
600 3908 792 3966 insula:
818 3909 1120 3964 secundum
1153 3907 1402 3962 instituta
1442 3908 1640 3980 regalis

89 3996 200 4065 juris
233 4002 597 4069 sint-,constat.
634 3998 880 4070 profecto
940 3997 1070 4069 quia
1117 3998 1359 4075 religiosi
1406 3999 1642 4069 impera-

97 4091 206 4145 toris
229 4091 567 4149 Constantini
603 4089 890 4162 privilegio
924 4089 976 4144 in
1002 4087 1093 4158 jus
1133 4090 1416 4161 proprium
1448 4090 1508 4144 l3.
1539 4089 1642 4145 Pe—

95 4180 355 4254 trojusque
381 4183 799 4240 successoribus
823 4180 1193 4239 occidentales
1224 4195 1417 4237 omnes
1450 4180 1641 4236 insulae

95 4272 372 4330 contionatus
425 4283 581 4342 sunt,
630 4274 867 4330 maxime
915 4288 1036 4344 quae
1086 4272 1234 4329 circa
1272 4272 1442 4328 Italiae
1484 4286 1636 4328 oram

98 4359 348 4431 habentur,
379 4382 615 4437 quorum
643 4365 822 4419 multa:
845 4363 1086 4434 peccatis
1117 4363 1460 4433 exigentibus
1481 4378 1640 4419 acco-

1736 1906 2000 1974 retinere,
2033 1906 2119 1962 vel
2152 1907 2420 1973 minuere,
2451 1907 2537 1962 vel
2595 1906 2898 1962 temerariis
2946 1907 3324 1962 ve‘xationibus

1734 1997 1997 2066 fatigare;
2041 1998 2136 2054 sed
2184 1998 2368 2054 omnia
2417 1998 2630 2070 integra
2684 2000 3082 2053 conserventur
3129 2004 3320 2053 eorum

1733 2101 1833 2160 pro
1858 2104 2089 2160 quorum
2122 2088 2522 2144 sustentatione
2551 2095 2607 2142 et
2630 2087 3029 2158 gubernatione
3056 2093 3322 2145 concessa

1735 2186 1884 2248 sunt,
1919 2177 2107 2238 usibus
2152 2181 2457 2252 profutura.
2513 2180 2764 2238 Obeunte
2816 2188 2870 2236 te
2899 2191 3044 2237 nunc
3076 2180 3320 2250 ejusdem

1733 2271 1840 2329 loci
1871 2273 2191 2338 abbate,vel
2221 2282 2440 2328 tuorum
2492 2271 2739 2343 quolibet
2769 2283 3172 2340 successorum,
3207 2270 3324 2328 nul:-

1734 2361 1818 2419 lus
1851 2363 1924 2418 ibi
1957 2357 2200 2433 qualibet
2247 2361 2618 2432 subreptionis
2669 2361 2871 2417 astutia
2930 2359 3016 2417 vel
3063 2361 3322 2419 violentia

1732 2460 2106 2525 praeponatur,
2136 2452 2243 2508 nisi
2281 2466 2440 2522 quem
2467 2449 2668 2507 fratres
2709 2451 2986 2507 communi
3012 2453 3202 2509 favore
3235 2443 3325 2509 vel

1733 2543 1966 2601 fratrum
1992 2559 2121 2616 pars
2165 2543 2379 2600 consilii
2412 2543 2648 2598 sanioris
2702 2539 2950 2612 elegerit,
2978 2543 3189 2600 electus
3218 2559 3320 2600 au-

1735 2643 1846 2691 tem
1875 2637 1939 2690 ad
1964 2635 2124 2691 Rom.
2156 2642 2311 2705 pont.
2355 2633 2769 2690 consecrandus
2792 2634 3038 2689 aecedat.
3077 2635 3187 2691 Vos
3211 2635 3320 2690 ita-

1736 2735 1864 2796 que,
1889 2725 1982 2780 ﬁlii
2015 2726 2069 2779 in
2107 2724 2330 2780 Christo
2356 2723 2562 2788 dilecti,
2605 2729 2825 2792 oportet
2846 2721 3123 2792 regularis
3156 2722 3322 2778 disci-

1734 2812 1895 2888 plina:
1947 2815 2276 2872 institutioni
2361 2813 2638 2869 ferventer
2686 2812 2960 2879 insistere,
3014 2821 3072 2868 et
3125 2812 3323 2868 divinat

1735 2909 1869 2980 legis
1915 2915 2187 2978 praecepta
2234 2905 2530 2961 studiosius
2582 2906 2900 2969 observare,
2931 2911 2992 2959 ut
3044 2913 3250 2974 quanto
3291 2919 3324 2957 a

1735 2987 2086 3055 saecularibus
2133 2995 2454 3052 tumultibus
2485 2993 2770 3051 liberiores
2799 2995 2952 3062 estis,
2978 3003 3130 3050 tanto
3158 2992 3328 3049 soler—

1740 3091 1847 3146 tius
1874 3089 2088 3159 placere
2141 3089 2253 3145 Deo
2298 3087 2429 3143 totis
2455 3085 2657 3142 mentis
2702 3094 2757 3142 et
2783 3086 2976 3140 anima:
2998 3084 3205 3141 viribus
3226 3097 3328 3140 an»

1739 3183 1955 3239 heletis.
1991 3182 2072 3237 Ad
2124 3179 2383 3236 indicium
2443 3190 2625 3235 autem
2672 3183 2948 3249 perceptae
2995 3191 3028 3232 a
3079 3177 3326 3231 Romana

1737 3274 1980 3331 Ecclesia
2031 3272 2323 3337 libertatis,
2367 3286 2533 3326 uuam
2563 3270 2682 3325 auri
2728 3269 2944 3324 unciam
2994 3281 3093 3338 per
3153 3265 3326 3324 annos

1739 3367 1981 3440 singulos
2022 3365 2378 3422 Laterancnsi
2439 3363 2641 3434 palatio
2694 3359 3043 3430 persolvatis.
3101 3359 3242 3414 Sane
3279 3361 3326 3416 si

1738 3463 1860 3532 quis
1889 3461 1946 3516 in
1971 3459 2274 3516 crastinum
2325 3454 2790 3524 archiepiscopus,
2852 3451 3169 3521 cpiscopus,
3228 3452 3341 3506 im-‘

1739 3553 1961 3626 perator
1992 3558 2088 3606 aut
2110 3564 2231 3614 rex,
2255 3546 2511 3618 princeps
2542 3552 2636 3599 aut
2665 3544 2797 3608 dux,
2832 3552 3017 3598 comes
3061 3551 3156 3597 aut
3186 3542 3329 3599 vices

1739 3659 1943 3711 comes,
1975 3652 2071 3698 aut
2105 3641 2290 3711 iudex,
2327 3646 2420 3694 aut
2447 3644 2679 3709 persona
2709 3633 2987 3706 quaelibet,
3012 3649 3205 3706 magna
3241 3629 3328 3690 vel

1739 3751 1930 3808 parva,
1961 3740 2158 3806 potens
2187 3732 2272 3797 vel
2301 3731 2594 3800 impotens,
2625 3727 2786 3798 hujus
2836 3726 3007 3781 nostri
3053 3721 3325 3798 privilegii

1740 3827 1991 3900 paginam
2020 3824 2200 3881 sciens
2227 3830 2416 3879 contra
2463 3833 2584 3875 eam
2630 3828 2836 3875 temere
2870 3817 3059 3874 venire
3080 3826 3330 3874 tentave-

1741 3921 1832 3984 rit,
1866 3917 2106 3975 secundo
2159 3915 2391 3971 tertiove
2449 3909 2837 3975 commonitus,
2889 3909 2936 3963 si
2973 3925 3078 3964 non
3111 3908 3328 3965 satisfaa

1742 4013 1920 4068 ctione
1956 4022 2196 4080 congrua
2253 4003 2653 4068 emendaverit,
2703 4017 2827 4058 eum
2872 3999 3097 4057 honoris
3143 4002 3223 4056 sui
3270 4005 3326 4056 et

1743 4103 1906 4161 ollicii
1946 4100 2190 4174 periculo
2234 4099 2516 4170 subiacere
2563 4094 2928 4158 decernimus,
2963 4101 3019 4148 et
3071 4091 3326 4147 aChristi

1745 4203 1907 4263 atque
1930 4193 2188 4248 Ecclesiae
2214 4202 2449 4259 corpore
2473 4183 2799 4242 auctoritate
2822 4181 3117 4253 apostolica
3143 4195 3324 4251 scgrcd

1744 4297 1957 4356 gamus.
1981 4280 2450 4339 Conservantibus
2496 4287 2676 4333 autem
2717 4291 2822 4346 pax
2871 4289 2900 4328 a
2928 4274 3055 4339 Deo,
3081 4281 3135 4328 et
3163 4272 3327 4328 misc-

1744 4375 1981 4431 ricordia
2007 4373 2375 4444 praesentibus
2401 4377 2456 4426 et
2483 4366 2685 4422 futuris
2709 4363 2920 4422 saeculis
2943 4369 3322 4418 conservetur.

98 4451 241 4510 larum
269 4473 297 4512 a
322 4457 608 4514 Saracenis
628 4466 786 4529 capta
811 4456 1106 4513 Christiani
1143 4455 1379 4511 nominis
1408 4455 1634 4526 gloriam
1665 4479 1719 4540 Β
1747 4467 1938 4532 Amen,
1973 4479 2151 4527 amen,
2185 4477 2363 4518 ante".

102 4545 378 4604 amiserunt.
457 4549 608 4605 inter
681 4563 818 4619 quas
870 4547 1084 4619 Liparis
1149 4546 1210 4601 Β.
1258 4545 1640 4601 Bartholomazi

101 4638 294 4701 apostoli
340 4654 568 4711 corpore
616 4639 889 4709 quondam
943 4638 1220 4708 insignita,
1265 4636 1437 4694 eremi
1468 4636 1644 4692 instar

103 4726 288 4784 redacta
318 4731 680 4803 cognoscitur,
740 4745 904 4800 quam
953 4729 1136 4784 multis
1165 4742 1435 4784 annorum
1462 4728 1640 4784 curri-

103 4813 216 4868 culis
231 4819 468 4884 evolutis,
492 4835 618 4876 cum
640 4819 1038 4875 Saracenorum
1063 4818 1210 4874 vires
1234 4817 1430 4874 divinae
1475 4816 1643 4872 misce

104 4901 320 4960 ricordire
396 4907 641 4978 potentia
703 4906 1079 4976 repressisset,
1135 4905 1376 4976 religiosi
1447 4903 1645 4961 fratres

106 4991 268 5050 divinae
288 5001 559 5056 servitutis
611 4999 791 5055 studio
829 4998 1074 5053 eamdem
1119 4997 1351 5068 ingressi
1386 4996 1642 5063 insulam,

106 5090 396 5144 monasteria
432 5091 508 5146 illi
548 5089 822 5146 domicilia
849 5099 1164 5145 construere
1207 5095 1559 5155 curaverunt,
1591 5097 1646 5144 et

107 5173 332 5242 plurimos
359 5183 411 5238 in
438 5185 683 5239 eamdem
731 5181 960 5238 insulam
993 5180 1218 5238 colonos
1259 5195 1355 5236 sua
1381 5180 1645 5236 industria

110 5268 488 5326 constituerunt.
517 5271 625 5328 Nos
653 5273 855 5342 itaque,
887 5271 1086 5342 quibus
1105 5283 1175 5327 ex
1198 5270 1397 5336 divinae
1419 5270 1648 5326 arbitrio

111 5353 368 5416 voluntatis
396 5379 491 5433 per
541 5363 851 5436 apostolicae
893 5363 1039 5419 sedis
1079 5361 1295 5418 culmen
1326 5370 1648 5418 cunctarum

113 5443 381 5508 sollicitudo
401 5454 664 5524 _imminet
709 5453 1116 5520 Ecclesiarum,
1173 5453 1302 5509 licet
1352 5452 1410 5508 in
1457 5453 1648 5508 eadem

117 5532 264 5596 insula
310 5546 674 5618 episcopatum
716 5549 990 5619 quondam
1046 5546 1216 5603 fuisse
1262 5546 1318 5601 in
1351 5545 1410 5602 S.
1447 5544 1651 5617 Grego-

122 5624 259 5684 rianm
298 5637 498 5706 paginae
547 5638 794 5710 registris
855 5652 1235 5711 agnoscamus,
1285 5636 1413 5707 quia
1465 5645 1650 5692 tamen

118 5715 321 5792 ερὶεοοιιὶ
352 5725 661 5796 dignitatem
712 5744 855 5785 nunc
910 5729 1082 5801 ipsius
1135 5727 1238 5784 loci
1297 5727 1566 5799 exiguitas
1594 5735 1654 5782 et

359 5842 580 5902 Pyrno!
600 5884 616 5903 .
640 5841 790 5905 CLI.

1816 4561 2014 4634 Datum
2061 4555 2222 4610 Militi
2283 4569 2383 4625 per
2420 4567 2613 4607 manus
2637 4549 2865 4605 Joannis
2897 4545 2955 4603 S.
2989 4545 3056 4600 R.
3091 4546 3153 4600 E.
3180 4545 3324 4634 diae.

1745 4633 1922 4718 card.,
1953 4664 2015 4703 ιιι
2051 4645 2234 4701 Nonas
2262 4644 2432 4708 Junii,
2489 4643 2601 4698 ind.
2653 4656 2787 4695 xvm
2811 4679 2826 4705 ,
2879 4638 3086 4692 incarn.
3114 4633 3330 4691 Domini

1747 4745 1906 4810 1091,
1937 4750 2086 4816 pont.
2112 4755 2242 4796 vero
2267 4740 2332 4795 D.
2358 4737 2561 4794 Urbani
2585 4735 2628 4791 11
2665 4749 2807 4813 anno
2837 4739 3054 4804 quarto.

2495 4847 2582 4903 LI.

1748 4950 1995 5006 Urbanus
2028 4945 2090 5000 II
2118 4944 2386 5000 Corsicam
2415 4939 2670 5002 insulam,
2714 4936 2808 4990 sub
2855 4928 3249 5006 Gregorio_VIl
3275 4930 3330 4984 in

1818 5001 2100 5091 pristinam
2153 5013 2404 5091 Ecclesia:
2462 5001 3328 5091 !_?_omana:_ditionentredactam,

1819 5071 2140 5150 rDiaiimlterto,
2187 5085 2423 5155 episcopo
2454 5078 2654 5134 Pisano
2700 5086 2748 5131 et
2802 5075 2916 5143 ejus
2942 5071 3326 5128 successoribus

1817 5158 2116 5215 committit.

2334 5241 2515 5311 (Anno
2564 5235 2750 5306 1091.)

2034 5339 2325 5414 multum,
2349 5333 2516 5390 Italia
2560 5346 2736 5397 sacra,
2767 5327 2854 5392 111,
2886 5322 3039 5398 369.]

1829 5412 2078 5492 Ueritatis
2099 5429 2409 5500 episcopus,
2446 5435 2639 5478 servus
2678 5431 2959 5476 servorum
2985 5413 3106 5480 Dei,
3133 5412 3332 5468 dilecto

1752 5531 1909 5588 fratri
1932 5531 2268 5589 Damasum,
2304 5519 2626 5575 Pisanorum
2651 5514 2926 5586 episcopo,
2956 5509 3181 5578 ejusque
3207 5519 3331 5570 suc-

1752 5622 2058 5684 cessoribus
2078 5615 2340 5673 canonice
2369 5607 2761 5668 substituendis
2802 5607 2856 5661 in
2879 5609 3219 5675 perpetuum.

1823 5717 1962 5775 Cum
1991 5725 2180 5770 omnes
2205 5706 2396 5765 insulae
2421 5701 2718 5763 secundum
2747 5703 2951 5755 statuta
2980 5691 3172 5764 legalia
3189 5687 3331 5757 juris

2863 5807 2934 5868 11
