3892 6320
513 256 619 315 531

1787 239 1847 296 Β.
1892 237 2147 298 URBANI
2183 239 2222 295 ll
2264 235 2463 296 I’APIE

3667 238 3739 298 Ε

523 369 729 446 publici
751 367 1078 430 habeantur,
1111 367 1322 415 constat
1353 356 1520 411 etiam
1547 369 1639 410 cas
1667 352 1904 426 religiosi
1938 355 2104 421 impe-
2133 355 2179 417 Α
2211 365 2432 408 nensem
2457 347 2796 420 metropolim
2824 348 3105 414 translato,
3132 347 3372 420 ejusque
3403 350 3742 409 sucrcssorilns

528 463 731 522 ratoris
752 455 1091 516 Constantini
1117 452 1446 508 liberalitate
1487 464 1551 504 ac
1574 448 1855 520 privilegio
1887 448 1940 502 in
1963 447 2104 501 beati

528 555 677 614 Petri
730 550 1172 617 vicariorumque
1228 543 1346 614 ejus
1379 543 1469 613 jus
1495 541 1772 612 proprium
1795 554 1917 595 esse
1943 537 2110 593 colla-

531 659 636 703 tas.
657 632 1132 699 lntercidentibus
1153 645 1336 691 autem
1387 632 1636 704 plurimis
1662 631 1841 686 divina
1874 628 2110 699 disposi-

530 733 1032 804 tionejudiciorum
1063 726 1483 791 calamitatibus,
1548 720 1898 795 proprietatis
1951 720 2111 790 hujus

527 829 585 885 in
617 824 937 897 quibusdam
969 834 1125 892 passa
1157 826 1242 874 est
1271 815 1516 872 Ecclesia
1548 814 1792 869 Romana
1814 812 2108 882 jacturam.

515 919 796 976 .Eteterum
823 921 881 968 et
931 911 1229 976 canonicis,
1279 918 1336 964 et
1383 907 1643 979 legalibus
1696 904 1960 960 institutis
2007 904 2114 958 Ro-

535 1025 708 1069 manae
740 1004 1370 1080 dignitatisproprietas
1425 1016 1532 1056 non
1569 999 1879 1072 prolixitate
1904 1007 2114 1068 tempo-

533 1116 681 1164 rum,
739 1114 846 1153 non
893 1094 1160 1150 divisione
1231 1105 1524 1162 regnorum
1579 1088 1688 1142 ulla
1763 1087 2118 1143 diuturnitate

535 1189 901 1264 possessionis
940 1187 1265 1243 excluditur.
1317 1184 1472 1238 Licet
1498 1182 1664 1253 igitur
1685 1181 1844 1235 annis
1871 1179 2120 1250 plurimis

535 1287 785 1342 Romana
846 1281 1087 1336 Ecclesia
1176 1278 1412 1334 Corsicae
1469 1276 1816 1346 possessione
1855 1274 2117 1341 caruerit,

537 1371 957 1446 prmdecessoris
997 1379 1173 1424 tamen
1204 1367 1372 1423 nostri
1399 1366 1644 1438 Gregorii
1671 1364 1762 1419 Vll
1795 1366 1848 1420 in
1882 1364 2120 1435 ejusdem

535 1463 626 1532 jus
663 1461 903 1517 noscitur
955 1467 1181 1514 auctore
1224 1457 1455 1514 Domino
1501 1455 1746 1510 rediisse.
1807 1452 1918 1509 Nos
1961 1453 2124 1524 igitur

543 1559 804 1614 dilectiss.
852 1555 931 1610 fr.
979 1555 1150 1610 nostri
1181 1551 1476 1607 Daimberti
1510 1550 1830 1605 Pisanorum
1856 1548 2123 1620 episcopi,

544 1665 609 1703 ac
635 1647 891 1702 nobilium
918 1644 1139 1709 civium,
1181 1650 1239 1698 et
1267 1640 1610 1697 charissima:
1653 1639 1799 1695 beati
1827 1638 1977 1694 Petri
2005 1638 2127 1693 ﬁliae

539 1727 820 1794 Mathildis
849 1735 1142 1790 comitissae
1199 1731 1661 1804 postulationibus
1703 1729 1968 1793 inclinati,
1997 1731 2124 1800 quia

545 1828 776 1884 multum
802 1825 915 1894 jam
947 1824 1150 1879 dudum
1207 1821 1494 1891 obsequiis
1524 1820 1846 1876 Pisanorum
1881 1819 2150 1890 gloriosa,

545 1917 804 1972 nobilitas
828 1905 1130 1970 Romanam
1161 1912 1264 1968 sibi
1316 1911 1614 1967 Ecclesiam
1659 1909 2127 1980 fecitobnoxiam,

545 2009 865 2078 prmtlictam
909 1990 1142 2060 insulam
1202 2003 1323 2058 vice
1375 2011 1560 2057 nostra
1615 1999 1824 2056 Pisanae
1874 1999 2130 2056 Ecclesite

546 2097 773 2152 consilio
811 2083 1134 2151 clericorum
1195 2092 1578 2160 cardinalium,
1641 2092 1983 2162 aliorumque
2034 2107 2133 2147 no-

549 2196 793 2244 strorum
826 2185 1064 2239 ﬁdelium
1094 2182 1492 2238 committimus
1524 2191 1579 2237 et
1627 2184 2022 2246 condonamus,
2057 2183 2132 2236 ita

548 2275 807 2332 videlicet
841 2283 902 2329 ut
949 2273 1188 2344 quandiu
1243 2272 1432 2328 eadem
1465 2271 1667 2328 Pisana
1697 2272 1895 2328 civitas
1914 2275 2134 2344 episco-

549 2384 678 2441 pum
712 2381 821 2423 nou
851 2365 1133 2422 invasione
1177 2364 1486 2436 tyrannica,
1525 2364 1621 2420 sed
1671 2364 1805 2420 cleri
1852 2374 1908 2421 et
1950 2365 2134 2436 populi

553 2458 821 2514 electione
859 2456 1126 2513 canonica
1172 2470 1271 2524 per
1331 2455 1560 2509 Romani
1616 2454 1890 2524 pontiﬁcis
1943 2473 2180 2513 manus-

555 2549 849 2620 acceperit,
880 2548 1333 2618 quemadmodum
1364 2546 1766 2616 Landulphum,
1809 2547 2133 2616 Gerardum,

553 2651 612 2713 et
646 2650 721 2707 te,
743 2639 1062 2698 charissime
1088 2637 1258 2695 frater
1282 2637 1615 2703 Daimberte,
1649 2640 1928 2710 accepisse
1957 2640 2141 2709 digno-

557 2734 748 2798 scitur,
777 2740 833 2787 et
862 2730 1100 2801 quandiu
1137 2730 1191 2786 in
1207 2745 1270 2785 ea
1297 2745 1462 2802 quam
1492 2729 1656 2786 hodie
1685 2731 1912 2786 exhibet
1950 2731 2140 2788 Eccle-

554 2823 653 2880 site
671 2823 936 2879 Romanae
966 2821 1229 2878 ﬁdelitate
1277 2821 1605 2893 perstiterit,
1636 2821 1797 2893 hujus
1815 2833 2016 2879 nostrae
2041 2824 2138 2879 do-

555 2913 798 2968 nationis
822 2910 1178 2968 locationisve
1215 2911 1389 2981 gratia
1436 2909 1818 2981 perfungatur,
1847 2926 1908 2966 ea
1931 2911 2142 2967 scilicet

555 3004 873 3060 conditione
902 3001 1207 3072 interiecta,
1242 3013 1301 3057 ut
1327 3016 1425 3072 per
1444 3017 1621 3059 annos
1635 3001 1879 3072 singulos
1907 3002 2143 3058 Lucanae

556 3103 794 3150 monetae
843 3093 1009 3149 libras
1053 3094 1448 3165 quinquaginta
1504 3094 1864 3150 LateranenSt
1917 3095 2139 3165 palatio,

558 3192 770 3238 remota
828 3182 1070 3254 qualibet
1129 3184 1442 3250 occasione,
1489 3185 1786 3254 persolvat.
1813 3184 1987 3255 Hujus
2013 3201 2144 3256 ergo

558 3281 764 3328 nostrte
839 3271 1131 3328 locationis
1183 3281 1430 3328 tenorem
1485 3273 1872 3330 inconcussum
1923 3277 2146 3332 omnino

546 3374 782 3428 manere
826 3371 1012 3417 nostra
1072 3362 1369 3434 apostolica
1447 3365 1773 3421 auctoritate
1845 3369 2145 3434 sancimus,

557 3452 796 3521 quandiu
829 3467 894 3508 ac
920 3453 1020 3523 ipsi
1066 3455 1400 3524 praescripta-
1445 3457 1724 3513 ﬁdelitatis
1763 3459 2148 3530 pensionisque

559 3551 805 3597 tenorem
871 3543 1051 3598 debita
1116 3544 1405 3602 devotione
1455 3550 1814 3606 servaverint.
1881 3549 2147 3617 Quocirca

561 3649 910 3690 successores
955 3644 1174 3692 DOSU'OS
1220 3653 1476 3708 rogamus
1531 3649 1591 3695 ιιι
1655 3650 1764 3697 tam
1839 3658 1936 3712 pro
1976 3643 2150 3698 Ιωειιξιξ

562 3721 747 3775 Mariae
768 3737 984 3793 semper
1035 3724 1261 3793 virginis
1302 3729 1628 3794 reverentia,
1676 3746 1841 3800 quam
1865 3747 1963 3802 pro
1991 3733 2147 3788 nobi-

563 3814 786 3870 lissima:
833 3815 1072 3872 civitatis
1114 3814 1436 3872 Pisanorum
1465 3834 1652 3877 amore
1681 3837 1746 3878 ac
1775 3823 2149 3881 lamiliaritate

566 3907 819 3962 eamdem
868 3906 1343 3964 honoriﬁcentiam
1383 3909 1598 3966 Pisanae
1646 3911 1904 3970 Ecclesia:
1935 3931 2148 3986 semper

566 3997 884 4068 impendant
911 4011 926 4051 :
967 4013 1242 4069 rogamus,
1266 4008 1318 4056 et
1348 4002 1642 4060 Daimberti
1666 4007 1950 4076 praesentis
1978 4010 2145 4079 cpisc.

567 4102 934 4154 successores,
989 4097 1045 4144 et
1095 4090 1380 4148 universos
1429 4093 1640 4151 Pisanac
1668 4097 1819 4154 urbis
1847 4099 2001 4154 cives
2019 4113 2146 4171 post

566 4180 856 4249 praesentia
885 4188 1127 4251 tempora
1151 4192 1455 4250 secuturos,
1480 4193 1540 4239 ut
1565 4189 1809 4243 eamdem
1833 4189 2150 4248 ﬁdelitatem

567 4271 924 4340 eamdemque
961 4274 1307 4330 devotionem
1358 4275 1618 4332 Romanae
1655 4279 1910 4336 Ecclesia:
1934 4298 2148 4354 semper

569 4359 893 4426 exhibeant,
922 4370 985 4416 ut
1014 4362 1169 4416 ﬁrma
1209 4365 1350 4420 inter
1380 4372 1637 4437 utrosque
1668 4369 1823 4436 ﬁdes,
1847 4371 2148 4445 benignitas

567 4449 935 4522 amicitiaque,
965 4451 1198 4508 Domino
1223 4463 1517 4523 annuente,
1544 4469 1877 4528 permaneat.

639 4541 835 4596 Datum
860 4541 1152 4599 Beneventi
1188 4560 1242 4600 tv
1293 4545 1410 4601 Kal.
1442 4546 1548 4602 Jul.
1579 4565 1677 4619 per
1705 4566 1900 4608 manus
1921 4551 2150 4612 Joannis

569 4632 632 4689 S.
672 4635 741 4689 R.
767 4633 832 4689 E.
888 4635 1106 4692 diaconi
1153 4638 1474 4709 cardinalis,
1512 4640 1702 4696 intlict.
1732 4659 1846 4709 xlv,
1867 4659 2011 4701 anno
2039 4647 2148 4704 Do-

566 4724 703 4779 mini
744 4723 960 4782 incarn.
982 4725 1146 4796 1091,
1172 4727 1368 4799 pontii.
1405 4739 1588 4788 autem
1615 4731 1677 4787 D.
1710 4730 1916 4791 Urbani
1941 4739 2150 4807 papaell

569 4825 789 4885 quarto.

1313 4953 1415 5010 LII.

573 5057 778 5114 Urbani
810 5060 873 5115 II
898 5064 1114 5146 epistola
1153 5065 1221 5119 ad
1252 5067 1628 5146 Berengag'um
1660 5072 2014 5130 Ausonensem
2043 5079 2150 5146 epi-

645 5146 875 5211 scopum.
904 5164 973 5172 —
1009 5133 1148 5188 Eum
1184 5133 1451 5193 constituit
1486 5139 1926 5199 Tarraconensem
1979 5133 2150 5201 ανελέ-

643 5216 958 5269 episcopum.

1163 5295 1341 5368 (Anno
1379 5298 1560 5373 1091.)

978 5403 1192 5475 [ΜΑΝδῃ
1216 5407 1416 5465 Concil.
1457 5409 1570 5480 XX,
1597 5413 1744 5486 6i8._|

646 5512 899 5570 URBANUS
933 5516 1236 5588 episcopus,
1273 5537 1461 5580 servus
1498 5540 1775 5583 servorum
1801 5530 1916 5597 Dei,
1953 5533 2150 5595 dilecto

574 5601 729 5668 fratri
760 5605 1122 5676 BERENGARIO,
1153 5610 1455 5671 Ausoncnsi
1497 5617 1771 5690 episcopo,
1806 5621 1858 5677 itt
1887 5621 2149 5684 Tarraco-

2210 444 2471 500 canouice
2507 441 2896 498 substitue-udis
2939 441 2990 495 in
3021 451 3381 512 perpetuum.

2281 534 2426 587 inter
2443 533 2648 602 primas
2669 530 3048 601 Hispaniarum
3067 533 3233 588 urbes
3250 531 3609 586 Tarraconem
3627 532 3745 590 fuisse

2212 625 2479 693 insignem
2511 631 2567 679 et
2604 623 2879 695 gentilem,
2930 623 3098 678 etiam
3129 623 3471 679 Christiana:
3498 624 3746 697 paginajn-

2212 719 2370 773 diciis
2416 719 2808 774 demonstrant.
2853 714 3039 772 Justus
3069 725 3258 772 autem
3307 717 3566 771 Dominus
3601 718 3643 770 in
3681 723 3748 774 riis

2214 811 2347 876 suis,
2385 819 2438 866 et
2477 818 2696 865 sanctus
2731 809 2782 863 in
2815 809 3066 864 omnibus
3091 809 3360 880 operibus
3388 809 3521 872 suis,
3549 809 3646 878 qui,
3666 826 3748 865 cum

2217 900 2269 954 in
2296 899 2570 970 plerisque
2589 898 2810 968 jmliciis
2846 899 3422 970 incomprehensibilis
3455 898 3700 965 lrabeattir,
3716 904 3749 957 in

2218 990 2365 1045 nullo
2417 1007 2652 1061 unquam
2690 991 2829 1046 valet
2869 991 3324 1062 reprehensibilis
3374 991 3640 1056 azstimari,
3675 993 3750 1064 ipse

2221 1081 2478 1138 transfert
2511 1097 2675 1152 regna
2705 1093 2758 1138 et
2779 1091 2951 1137 mutat
2985 1092 3223 1153 tempora
3258 1098 3276 1138 :
3307 1082 3414 1154 ipsi
3449 1083 3611 1136 risum
3640 1086 3753 1141 estin

2221 1173 2409 1227 eadem
2439 1174 2572 1227 urbe
2602 1173 2730 1228 olim
2759 1173 3181 1230 Tarraconensis
3219 1173 3384 1229 urbis
3419 1174 3630 1243 gloriam
3653 1178 3753 1230 erat;

2225 1272 2367 1328 tare;
2409 1262 2507 1332 ipsi
2540 1264 2714 1318 risum
2758 1264 2923 1320 estin
2967 1265 3154 1320 eadem
3182 1266 3328 1318 urbe
3377 1272 3593 1334 peccata
3627 1267 3754 1334 populi

2225 1355 2306 1410 sui
2336 1355 2583 1411 visitare.
2608 1354 2744 1411 Cum
2777 1355 2920 1410 enim
2946 1356 2998 1411 in
3030 1371 3095 1411 ea
3126 1355 3572 1411 Christianorum
3593 1357 3757 1426 populus

2235 1445 2529 1514 habitaret,
2579 1445 2819 1500 visitavit
2849 1445 2902 1500 in
2930 1445 3081 1516 virga
3120 1445 3448 1514 iniquitates
3474 1459 3643 1500 eorum
3665 1447 3756 1500 etin

2226 1539 2546 1596 verberibus
2585 1548 2807 1610 peccata
2838 1553 3049 1594 eorum.
3085 1539 3190 1593 Sed
3232 1554 3371 1593 ecce
3399 1538 3511 1604 jam
3539 1542 3758 1593 transactis

2233 1629 2488 1685 trecentis
2526 1630 2816 1700 nonaginta
2847 1631 3026 1694 annis,
3061 1646 3126 1684 ex
3173 1646 3285 1700 quo
3322 1630 3600 1700 przcl'atam
3624 1631 3756 1684 urbem

2158 1697 2203 1758 Β
2229 1720 2604 1792 Agarenorum
2645 1736 2777 1791 gens
2823 1735 2990 1792 prope
3023 1721 3328 1775 solitariam
3380 1718 3588 1785 fecerit,
3617 1720 3759 1789 princi-

2232 1827 2360 1882 pum
2387 1827 2608 1867 suornm
2635 1811 2893 1867 cordibus
2915 1812 3180 1882 inspirare
3207 1812 3473 1880 dignatus
3501 1819 3579 1865 est
3605 1823 3652 1865 ut
3669 1810 3757 1877 ejus-

2231 1903 2352 1957 dem
2383 1903 2534 1958 urbis
2556 1903 2905 1967 restitutioni,
2930 1903 3223 1958 secundum
3255 1913 3587 1972 prtem-ptum
3609 1914 3758 1973 aposto-

2233 1990 2350 2048 licae
2403 1993 2580 2058 sedis,
2625 1992 2710 2048 cui
2769 1993 3093 2048 auctoritate
3143 1992 3236 2062 Dej
3281 1991 3374 2063 [[.,
3414 2001 3623 2046 auctore
3651 1992 3756 2063 Dm},

2234 2085 2361 2141 licet
2388 2085 2623 2156 indigni,
2665 2085 3039 2157 praesidemus,
3089 2085 3434 2140 insisterent.
3479 2087 3759 2155 llercngarits

2233 2177 2520 2248 siquidem,
2537 2176 2992 2232 Barchinonensis
3019 2190 3222 2244 comes,
3251 2177 3594 2231 auctoritatis
3621 2187 3757 2232 nostra

2233 2267 2586 2339 persuasione
2621 2269 3015 2334 commonitus,
3061 2284 3162 2340 pro
3220 2270 3430 2325 animte
3473 2285 3578 2325 suae
3619 2270 3757 2331 salute,

2236 2373 2362 2416 cum
2389 2373 2502 2415 suae
2535 2359 2821 2431 potestatis
2864 2361 3208 2431 magnatibus
3235 2378 3353 2419 non
3388 2361 3557 2417 solum
3598 2361 3754 2417 restitu-

2238 2451 2371 2507 tioni
2405 2452 2644 2522 praefatae
2680 2452 2830 2508 urbis
2867 2452 3070 2509 insistit
3107 2453 3387 2528 [institit],
3431 2455 3524 2510 sed
3556 2454 3755 2509 elnrbcm

2239 2541 2433 2614 ipsam,
2464 2551 2519 2598 et
2553 2554 2768 2598 onmem
2797 2557 2911 2599 sua:
2948 2546 3232 2616 potestatis
3287 2555 3516 2610 terram,
3561 2543 3614 2597 Β.
3650 2543 3757 2596 Petra

2238 2635 2464 2707 ejusque
2493 2635 2713 2690 vicariis
2741 2635 2895 2706 legali
2924 2637 3272 2708 stipulatione
3304 2639 3549 2705 tradidit,
3578 2651 3757 2691 censum-

2241 2739 2348 2796 que
2390 2726 2630 2796 quinque
2669 2726 2928 2782 librarum
2975 2731 3182 2800 argenti
3230 2729 3585 2786 Lateranensi
3616 2726 3757 2797 palatio

2245 2816 2425 2890 [add.,
2455 2816 2710 2891 singulis}
2752 2820 2910 2875 annis
2951 2819 3271 2876 solvendum
3307 2822 3559 2878 instituit.
3585 2818 3755 2874 Nosita-

2244 2923 2369 2980 que,
2407 2918 2697 2980 praestante
2728 2911 2859 2979 Deo,
2894 2911 3249 2969 restitutionis
3270 2913 3440 2982 hujus
3466 2921 3679 2984 optamus
3698 2922 3755 2962 me

2247 3007 2558 3070 operatores
2607 3000 2875 3067 existere,
2925 3004 3168 3074 prtedicti
3227 3007 3452 3061 comitis
3504 3003 3753 3060 institutum,

2614 3051 2875 3067 -____.--_-,
2925 3051 3168 3074 rm-.-"
3230 3051 3452 3061 ww-.-
3746 3051 3753 3060 .

2170 3051 2213 3110 Ο
2250 3090 2637 3162 libertatesque
2664 3101 2720 3148 et
2751 3095 3186 3163 consuetudines,
3221 3113 3365 3167 quas
3397 3099 3545 3153 novis
3565 3096 3755 3151 Terram-

2249 3183 2432 3238 ttensis
2475 3183 2627 3238 urbis
2661 3183 2868 3241 colonis
2907 3187 3279 3258 promulgasse
3317 3189 3655 3260 cognoscitur,
3684 3185 3753 3240 ml-

2248 3271 2551 3339 lautlamus,
2587 3282 2642 3330 et
2667 3283 2782 3330 rata
2819 3291 3040 3333 manere
3069 3281 3400 3337 auctoritate
3439 3289 3605 3336 nostra
3623 3278 3753 3334 decer-

2249 3363 2448 3420 nimus.
2477 3363 2609 3419 Cum
2647 3366 2900 3423 universa
2929 3369 3196 3440 siquidem
3228 3372 3402 3442 ipsius
3444 3371 3634 3428 comitis
3656 3378 3751 3423 tem

2249 3469 2411 3524 quam
2454 3455 2512 3508 Β.
2541 3456 2701 3513 Petro
2723 3457 2936 3526 obtulit,
2968 3471 3024 3516 et
3053 3461 3518 3522 Tarraconensem
3547 3464 3695 3518 urbem
3715 3474 3752 3511 ar

2247 3543 2529 3616 populum,
2588 3546 2818 3604 Domino
2869 3550 2972 3605 sibi
3021 3553 3338 3622 aspirante,
3383 3555 3654 3616 collectum,
3689 3551 3750 3602 sub

2249 3635 2556 3705 apostolicae
2627 3639 2770 3694 sedis
2841 3641 3005 3695 tutela
3069 3644 3385 3713 specialiter
3442 3640 3751 3700 confovendum

2249 3727 2596 3797 suscipimus,
2632 3729 3042 3803 libertatemque
3074 3734 3215 3791 illius
3253 3753 3356 3808 per
3385 3737 3583 3794 comitis
3615 3733 3748 3786 Beren-

2248 3821 2390 3892 garii
2431 3822 2632 3892 scripto
2679 3822 2743 3895 [f.
2777 3826 3069 3899 scriptum}
3107 3828 3360 3885 collatam
3387 3839 3596 3886 eatenus
3618 3821 3748 3879 conlirv

2251 3927 2483 3978 mantus,
2514 3922 2571 3967 ut
2605 3915 2806 3968 nemini
2853 3917 3144 3987 quidquam
3183 3920 3320 3975 ultra
3373 3910 3749 3991 pcrsolvant,nisi

2248 4008 2440 4068 Sponte
2469 4005 2684 4074 propria
2714 4006 2973 4063 Romana:
2998 4023 3057 4064 se
3093 4008 3294 4064 faciant
3328 4010 3572 4067 Ecclesiae
3600 4003 3748 4060 debito-

2249 4105 2360 4146 res.
2394 4091 2464 4147 Ut
2507 4094 2670 4166 igitur
2715 4097 2831 4154 htec
2851 4100 3058 4167 omnia,
3093 4101 3203 4157 Deo
3232 4114 3477 4169 auctore,
3508 4102 3746 4156 inconcussa

2249 4197 2629 4256 permaneant,
2655 4205 2754 4246 nos
2778 4201 3183 4248 antecessorum
3219 4205 3517 4252 nostrorum
3545 4183 3746 4261 privilegia

2252 4286 2560 4346 sequentes,
2607 4280 2698 4350 qui
2735 4282 3105 4338 Ausonensem
3135 4284 3431 4341 Ecclesiam
3460 4284 3744 4337 Tarraconen-

2179 4393 2224 4448 ι)
2251 4370 2327 4424 sis
2357 4372 2630 4440 quondam
2675 4374 2960 4432 instituere
2990 4377 3270 4444 vicariam,
3304 4379 3423 4443 tibi,
3451 4396 3481 4430 o
3509 4368 3745 4430 charissima

2251 4461 2324 4516 ﬁli
2369 4461 2689 4534 Berengari,
2728 4466 2856 4535 quia
2887 4476 2980 4523 tuo
3011 4470 3352 4538 potissimum
3400 4469 3561 4525 studio
3585 4465 3674 4517 lucc
3691 4465 3744 4509 cst

2249 4555 2520 4612 restitutio
2547 4557 2819 4625 instituta,
2860 4575 2926 4615 ex
2969 4561 3226 4618 Romana:
3254 4551 3504 4620 Ecclesiae
3529 4553 3742 4614 liberalist.

2251 4645 2319 4701 tis
2339 4647 2510 4717 gratia
2535 4650 2780 4719 pall-ium,
2806 4653 2970 4708 totius
2995 4654 3199 4710 scilicet
3225 4653 3560 4713 sacerdotalis
3580 4645 3740 4716 dignita-

2251 4734 2319 4790 tis
2349 4736 2760 4807 plenitudinem,
2796 4741 3156 4814 indulgemus.

2319 4826 2593 4886 Praeterea
2625 4832 2719 4887 tibi
2753 4833 2970 4902 tuisque
2991 4837 3399 4892 successoribus
3425 4832 3628 4906 legitime
3657 4820 3739 4878 sulr

2251 4917 2561 4984 stituendis,
2592 4921 2683 4991 qui
2713 4922 2766 4976 in
2799 4921 3222 4981 Tarraconensis
3244 4927 3474 4982 civitatis
3496 4932 3540 4979 et
3565 4909 3736 4974 ecclesia

2254 5011 2702 5067 restaurationem
2747 5014 2866 5083 pari
2897 5016 3077 5071 studio
3111 5017 3493 5082 insudaverint,
3526 5005 3733 5083 pratiatatll

2253 5099 2716 5158 'l‘arraconensem
2741 5104 3028 5160 ecclesiam
3051 5107 3174 5178 jure
3204 5110 3424 5179 proprio
3448 5091 3732 5180 possidend’m

2250 5203 2347 5259 Per
2377 5189 2536 5258 huius
2557 5192 2820 5263 ρι’ὶνίιεεΰ
2857 5197 3108 5267 paginam
3135 5199 3524 5264 conﬁrmamus,
3550 5204 3633 5248 una
3653 5193 3732 5239 cum

2251 5282 2502 5338 omnibus
2536 5283 2785 5340 ecclesiis
2810 5301 2948 5355 quas
2976 5290 3194 5359 proprio
3228 5288 3352 5359 jure
3396 5288 3603 5346 noscitur
3637 5271 3728 5330 anli'

2251 5373 2434 5442 quitus
2476 5376 2818 5444 possedisse,
2839 5380 3215 5448 prtecipientes
3249 5382 3317 5436 de
3343 5383 3426 5438 his
3450 5391 3552 5452 quae
3569 5372 3729 5427 Saracc'

2252 5479 2443 5519 uorum
2488 5467 2556 5520 ad
2603 5481 2841 5535 praesens
2871 5470 3151 5539 subjacent
3204 5473 3420 5541 ditioni,
3476 5479 3524 5524 nt
3557 5473 3647 5520 cum
3667 5463 3726 5506 e35

2252 5557 2364 5612 Deo
2389 5557 2654 5628 placuerit
2699 5564 2951 5630 potestati
3001 5566 3178 5636 pepuli
3230 5557 3726 5634 Ch-riuianiwreslre'

2251 5651 2498 5709 stituere.
2531 5651 2757 5724 Hann],
2802 5654 2869 5711 ad
2916 5656 3152 5715 debitam
3193 5659 3432 5718 ecclesiae
3474 5638 3724 5713 resth
