3892 6320
95 328 190 385 Ξῦὅ

1255 309 1611 368 ΕΡΙΞΤΟΙΑΕ
1653 306 1741 361 ΕΤ
1782 303 2189 360 PRWlLEGIA.

3234 301 3339 359 554

93 437 341 495 dientiam
369 433 695 493 referantur,
724 428 877 485 salva
905 437 1082 483 tamen
1108 424 1159 479 in
1188 424 1437 478 omnibus
1463 422 1659 477 Roma—
1684 422 1734 481 Α
1762 416 1950 487 gimini
2010 411 2343 477 commissis,
2387 410 2613 466 salutem
2660 417 2713 465 et
2750 409 3097 481 apostolicam
3120 411 3341 469 benedi-

92 546 169 585 me
198 527 451 583 Ecclesize
482 522 825 577 auctoritate.
859 520 1031 574 Porro
1074 518 1445 573 Ausonensem
1492 512 1661 569 eccle-

92 620 219 674 siam
252 616 347 670 tibi
392 614 606 681 tuisque
652 607 1056 665 successoribus
1106 605 1289 661 tandiu
1318 602 1664 660 concedimus

92 706 488 779 possidendam,
517 702 711 765 donec,
738 709 962 754 auctore
992 699 1125 762 Deo,
1155 696 1219 751 ad
1249 693 1461 766 pristini
1488 702 1663 747 status

93 798 475 869 plenitudinem
518 802 702 848 vestro
743 791 921 846 studio
968 785 1394 842 Tarraconensis
1438 782 1665 839 ecclesia

93 889 432 943 reformatur.
486 883 653 939 Pallio
703 882 886 950 itaque
936 880 988 933 in
1041 878 1328 931 missarum
1380 871 1665 928 solemniis

92 983 223 1034 intra
245 977 534 1032 ecclesiam
561 972 900 1030 solummodo
925 970 1001 1024 uti
1036 967 1264 1032 debetis,
1296 967 1348 1020 in
1378 963 1666 1035 praecipuis

94 1081 291 1124 tantum
339 1064 759 1129 festivitatibus,
806 1062 1058 1118 videlicet
1096 1058 1380 1115 nativitate
1427 1056 1661 1122 Domini,

93 1163 400 1232 Epiphania,
440 1157 782 1228 Hypapantc,
813 1154 980 1209 Coena
1015 1151 1245 1215 Domini,
1285 1149 1522 1205 Sabbato
1549 1162 1667 1202 san-

92 1260 191 1313 cto,
223 1246 661 1303 Resurrectionis
698 1245 869 1314 prima
903 1251 956 1296 et
995 1241 1230 1297 secunda
1268 1238 1424 1302 feria,
1457 1237 1664 1291 Ascen-

92 1344 234 1397 sione
259 1338 497 1402 Domini,
532 1336 876 1397 Pentecoste,
918 1333 1089 1386 tribus
1125 1328 1505 1384 festivitatibus
1535 1341 1665 1392 sane

91 1443 183 1487 ctze
236 1430 451 1491 Mariae,
506 1426 678 1483 sancti
733 1440 952 1495 quoque
1001 1420 1322 1486 Michaelis,
1387 1428 1444 1473 et
1492 1416 1664 1472 sancti

92 1519 300 1575 Joannis
329 1507 611 1589 Baptista},
638 1516 691 1569 in
725 1513 987 1569 natalitiis
1009 1511 1250 1567 omnium
1278 1506 1663 1578 apostolorum,

92 1621 140 1665 ct
175 1627 361 1666 eorum
402 1619 706 1679 martyrum
746 1621 976 1676 quorum
1013 1603 1236 1673 pignora
1284 1602 1338 1654 in
1371 1610 1551 1655 vestra
1580 1614 1667 1653 ec-

94 1704 245 1758 clesia
276 1701 648 1763 continentur,
680 1699 734 1752 in
763 1695 1278 1751 connncmoratione
1311 1691 1663 1765 nihilominus

92 1795 316 1849 omnium
354 1800 699 1856 sanctorum,
744 1788 796 1842 in
852 1778 1357 1841 consecrationibus
1407 1782 1666 1837 ecclesia-

96 1902 223 1952 rum,
255 1885 660 1957 episcoporum,
692 1878 1034 1943 clericorum,
1068 1878 1121 1931 in
1165 1890 1344 1931 annuo
1382 1889 1669 1930 consecra-

98 1977 246 2033 tionis
273 1985 377 2030 ture
414 1976 530 2040 die,
563 1964 619 2028 in
650 1969 1084 2027 solemnitatibus
1115 1970 1279 2023 etiam
1324 1976 1525 2022 sanetae
1566 1967 1675 2020 vir-

99 2067 228 2135 ginis
275 2065 539 2131 Theclte,
597 2062 879 2131 sanctique
940 2060 1197 2132 martyris
1259 2059 1548 2114 Fructuoi
1608 2074 1674 2114 ae

101 2150 350 2212 sociorum
396 2153 543 2223 ejus.
601 2138 678 2207 Te
729 2152 933 2221 igitur,
983 2149 1425 2205 reverentissime
1473 2149 1671 2214 frater,

102 2247 361 2303 alfectione
410 2245 611 2300 intima
652 2242 1010 2298 exhortamur
1057 2248 1327 2309 quatenus
1370 2239 1591 2309 dignum
1625 2246 1675 2292 te

104 2340 223 2392 tanti
247 2336 466 2391 honoris
499 2332 779 2405 pontificio
799 2346 1015 2402 semper
1038 2330 1320 2395 exhibeas,
1349 2328 1675 2384 Christianis

101 2445 160 2484 ac
188 2428 470 2483 Saracenis
505 2428 621 2482 sine
651 2424 946 2481 offensione
984 2436 1104 2478 esse
1142 2436 1464 2493 procurans,
1499 2420 1566 2474 ad
1613 2420 1675 2473 li-

101 2518 209 2573 dem
239 2500 486 2572 inﬁdeles
515 2529 782 2586 quaarere,
806 2514 916 2568 Deo
938 2512 1224 2583 largiente,
1252 2512 1434 2567 verbis
1458 2510 1675 2566 studeas

103 2616 152 2660 et
177 2605 449 2676 exemplis.
495 2603 587 2659 Sic
626 2603 869 2659 exterius
908 2601 1055 2673 pallii
1100 2600 1359 2671 dignitate
1400 2599 1677 2671 praeeellas

106 2699 151 2751 in
180 2700 341 2754 oculis
369 2695 682 2758 hominum,
715 2703 774 2749 ut
813 2694 1040 2748 interius
1070 2692 1329 2747 virtutum
1359 2691 1674 2747 excellentia

105 2790 286 2858 polleas
314 2807 506 2846 coram
539 2801 787 2858 supernae
815 2784 986 2841 oculis
1020 2782 1338 2852 majestatis.

169 2884 321 2940 Plane
354 2899 451 2955 per
488 2882 778 2954 praesentis
810 2876 1075 2949 privilegii
1104 2875 1355 2947 paginam
1383 2873 1539 2930 oiiicii
1574 2890 1673 2931 no-

109 2976 194 3030 stri
221 2976 556 3031 auctoritate
584 2972 927 3029 decrevimus
968 2979 1026 3023 ut
1056 2967 1367 3037 quicunque
1394 2981 1452 3021 se
1480 2965 1677 3020 Tarra-

112 3070 337 3125 conensis
363 3069 617 3126 ecclesiae
660 3068 798 3121 bona
833 3061 1029 3131 injuste
1073 3062 1332 3115 hactenus
1372 3059 1672 3115 obtinuisse

112 3170 440 3231 cognoscunt,
486 3175 554 3216 ea
601 3159 855 3226 deinceps
895 3153 1068 3209 eidem
1112 3150 1355 3207 ecclesiae
1390 3152 1675 3206 restituere

114 3270 210 3324 pne
259 3252 445 3322 iudicii
513 3251 679 3307 divini
732 3248 1023 3303 formidine
1074 3256 1128 3300 et
1180 3246 1324 3301 sedis
1371 3243 1679 3314 apostolica:

114 3343 395 3396 teterentia
440 3340 717 3396 studeant.
767 3335 824 3391 Si
869 3334 990 3405 quis
1040 3342 1221 3389 autem
1270 3334 1323 3388 in
1381 3334 1676 3388 crastinum

117 3432 543 3501 archiepiscopus
598 3435 691 3482 aut
739 3427 1050 3497 episcopus,
1105 3426 1402 3497 imperator
1430 3433 1525 3479 aut
1560 3439 1678 3489 rex,

115 3521 346 3590 princeps
377 3532 470 3575 aut
505 3520 631 3585 dux,
661 3533 845 3573 comes
888 3525 982 3571 aut
1025 3516 1352 3580 viceeomes,
1381 3514 1549 3583 iudex
1582 3524 1672 3569 aut

116 3613 320 3683 quilibet
347 3612 733 3683 magistratus,
781 3609 865 3665 vel
895 3624 1125 3680 persona
1174 3607 1563 3671 ecclesiastica,
1597 3606 1682 3659 vel

118 3706 391 3770 smeularis,
424 3702 594 3773 hujus
640 3701 903 3773 privilegii
949 3700 1198 3771 paginam
1253 3699 1456 3765 sciens,
1491 3707 1682 3754 contra

119 3807 223 3848 eam
268 3795 453 3850 venire
524 3802 727 3847 temere
776 3791 1104 3855 tentaverit,
1166 3790 1401 3845 secundo
1457 3788 1684 3844 tertiove

120 3885 461 3940 commonitus
486 3923 504 3947 ,
545 3882 591 3937 si
630 3897 737 3937 non
783 3879 1154 3937 satisfactione
1195 3880 1459 3951 condigna
1499 3894 1684 3935 emen-

122 3973 469 4038 daverit,eum
504 3970 725 4028 honoris
748 3971 829 4026 sui
859 3979 915 4024 et
942 3969 1104 4025 officii
1131 3969 1373 4039 periculo
1402 3969 1684 4039 subjacere

125 4067 482 4133 decrevimus,
539 4074 594 4121 et
645 4079 675 4119 a
703 4063 922 4119 Christo
954 4072 1116 4132 atque
1158 4061 1414 4117 Ecclesia;
1457 4075 1686 4130 corpore

125 4174 471 4231 scgregamus,
523 4155 977 4212 eonservantibus
1022 4162 1201 4208 autem
1252 4168 1358 4223 pax
1409 4167 1440 4207 a
1471 4152 1582 4207 Deo
1634 4159 1688 4205 et

126 4251 485 4307 misericordia
517 4248 877 4319 praesentibus
913 4254 968 4301 et
1002 4243 1195 4301 futuris
1234 4245 1445 4301 saeculis
1471 4259 1690 4300 conser-

125 4351 281 4396 vetur.
309 4343 508 4405 Amen,
541 4353 722 4394 amen.

1764 510 2021 565 ctionem.

1833 619 2130 690 Religionis
2172 627 2364 675 vestrae
2422 618 2595 673 zelum
2656 620 2848 676 merito
2896 620 3261 678 collaudamus
3287 632 3345 679 et

1763 713 1965 783 gratias
1992 712 2217 781 agimus,
2251 712 2374 780 quia
2402 721 2591 765 contra
2629 711 2992 768 Simoniacam
3019 715 3341 782 pravitatem

1764 803 2029 858 immenso
2056 801 2514 866 fervore'ardetis,
2547 810 2602 856 et
2632 802 2765 858 alios
2784 804 2947 858 etiam
2974 804 3163 859 ardere
3195 820 3342 861 com-

1765 898 1983 971 pellitis.
2046 894 2177 951 lllud
2202 907 2383 951 autem
2410 895 2464 950 in
2494 895 2645 951 vobis
2688 898 2970 963 miramur,
3009 900 3135 955 illud
3164 900 3344 971 argui.

1766 1004 1891 1045 mus
1915 988 2058 1059 quod
2086 996 2276 1044 contra
2318 996 2631 1043 sanctorum
2664 988 2884 1044 Patrum
2931 994 3345 1049 constitutiones

1769 1089 1901 1136 ante
1962 1082 2246 1153 probatam
2322 1096 2479 1148 rem,
2549 1091 2675 1137 ante
2736 1085 3006 1153 negotium
3063 1086 3344 1141 definitum

1767 1174 2119 1229 sanctitatem
2142 1180 2382 1229 vestram
2400 1187 2427 1226 a
2453 1174 2834 1229 communione
2858 1175 3150 1232 confratris
3173 1181 3346 1232 nostri

1768 1264 1949 1319 Pisani
1979 1264 2259 1330 antistitis,
2289 1265 2636 1335 suspenditis.
2662 1264 2847 1335 Neque
2873 1267 3016 1321 enim
3042 1282 3139 1322 vos
3168 1270 3344 1331 deret.

1768 1356 1985 1411 assidue
2009 1356 2206 1411 divinis
2234 1365 2495 1416 vacantes
2522 1357 2785 1423 servitiis,
2813 1358 2972 1413 aliter
2989 1374 3149 1430 agere
3180 1375 3344 1429 quam

1769 1446 1965 1501 divinis
2015 1446 2344 1501 instruiminl
2385 1446 2718 1518 disciplinis;
2749 1447 2863 1516 ipse
2890 1447 3088 1517 quippe
3109 1448 3348 1503 occulto-

1769 1552 1888 1590 rum
1940 1536 2190 1605 cognitos
2236 1537 2376 1591 Deus
2401 1535 2758 1592 Sodomorum
2805 1537 2947 1591 mala
2971 1536 3141 1591 noluit
3166 1538 3347 1593 audita

1766 1625 2017 1696 judicare
2043 1627 2358 1697 priusquam
2381 1627 2671 1684 manifeste
2694 1642 2815 1699 quae
2840 1628 3166 1684 dicebantur
3188 1641 3350 1699 agno-

1771 1725 1990 1773 sceret:
2026 1717 2371 1784 Descendam,
2407 1718 2505 1783 ait,
2554 1728 2603 1772 et
2654 1719 2834 1773 ridebo
2864 1729 3038 1773 utrum
3066 1718 3347 1772 clamorem

1772 1808 1862 1876 qui
1906 1808 2043 1861 venit
2096 1807 2165 1860 ad
2221 1823 2300 1860 me
2341 1824 2491 1877 opere
2528 1808 2929 1876 compleverint;
2973 1810 3115 1863 unde
3160 1807 3350 1863 beatus

1777 1911 1983 1967 martyr
2032 1907 2087 1951 et
2148 1897 2390 1964 pontifex
2439 1898 2721 1953 Evaristus
2771 1899 2848 1952 ait
2887 1916 2902 1955 :
2940 1918 2960 1951 ς
2998 1898 3135 1954 Mala
3165 1900 3349 1953 audita

1775 1989 1982 2044 nullum
2037 1997 2312 2054 moveant,
2366 2003 2465 2043 nec
2504 1990 2708 2058 passim
2759 1990 2903 2045 dicta
2960 1990 3164 2060 absque
3200 2000 3350 2045 certa

1774 2078 2091 2149 probatione
2120 2079 2351 2149 quisque
2376 2094 2614 2149 unquam
2652 2080 2859 2146 credat,
2890 2081 2983 2136 sed
3015 2090 3141 2136 ante
3169 2083 3349 2138 audita

1776 2167 2063 2238 diligenter
2110 2168 2379 2239 inquirat,
2438 2185 2505 2225 ne
2548 2171 2931 2239 praecipitando
2984 2173 3105 2242 quis
3148 2170 3354 2242 aliquid

1775 2269 1917 2339 agat.
1967 2278 1985 2311 ι
2033 2257 2089 2313 Si
2138 2260 2282 2313 enim
2336 2261 2476 2316 Deus
2515 2262 2756 2315 omnium
2806 2262 3164 2317 Sodomorum
3210 2263 3354 2319 mala

1776 2360 2007 2417 quorum
2037 2347 2245 2403 clamor
2272 2360 2593 2419 pervenerat
2631 2365 2800 2420 usque
2833 2354 2900 2406 ad
2928 2352 3147 2417 coelum,
3169 2354 3355 2407 omnia

1776 2440 1977 2506 sciens,
2006 2456 2108 2496 nec
2143 2441 2368 2495 credere
2407 2441 2575 2511 prius,
2606 2457 2706 2496 nec
2730 2441 2974 2510 judicare
2999 2442 3168 2498 voluit
3188 2458 3354 2512 quam

1777 2529 1892 2600 ipse
1940 2545 2059 2586 eam
2112 2546 2237 2585 cum
2275 2530 2519 2586 ﬁdelibus
2554 2532 2780 2587 testibus
2824 2532 3108 2601 diligenter
3133 2533 3356 2588 investid

1778 2636 1936 2691 gans,
1968 2636 2087 2691 qua:
2122 2621 2370 2676 audierat
2413 2634 2478 2675 ex
2503 2634 2665 2693 opere
2689 2625 2958 2679 veraciter
2978 2635 3355 2695 cognosceret,

1777 2714 1948 2769 multo
1976 2715 2148 2784 magis
2178 2732 2275 2771 nos
2298 2717 2516 2770 humani
2540 2725 2594 2770 et
2621 2728 2956 2786 peccatores,
2982 2718 3180 2787 quibus
3210 2719 3359 2774 inco-

1778 2805 1923 2875 gnita
1979 2816 2104 2860 sunt
2149 2806 2361 2861 occulta
2406 2805 2608 2873 judicia
2653 2807 2768 2872 Dei,
2812 2808 2926 2863 haec
2963 2818 3355 2878 prmcaventes.

1779 2893 1985 2948 nullum
2007 2904 2133 2950 ante
2160 2908 2346 2950 veram
2363 2894 2675 2965 justamque
2709 2896 3081 2966 probationem
3114 2898 3360 2965 judicare

1778 2994 1874 3039 aut
1897 2984 2156 3041 damnare
2178 2987 2456 3051 debemus,
2493 2986 2781 3042 manifeste
2810 2988 3067 3057 Apostolo
3097 2991 3313 3046 dicente
3340 3010 3355 3045 :

1783 3077 1860 3132 Tu
1896 3079 2012 3149 quis
2043 3095 2096 3133 es
2123 3081 2212 3150 qui
2229 3080 2443 3149 judicas
2474 3072 2700 3135 alienum
2723 3097 2927 3135 servum
2952 3081 3109 3136 ?Suo
3135 3082 3360 3138 Domino

1781 3179 1905 3232 stat,
1965 3180 2056 3223 aut
2118 3170 2303 3223 cadit!
2338 3169 2492 3236 Quod
2530 3158 2824 3241 capitulum
2871 3162 3138 3239 Apostoli,
3172 3174 3363 3228 beatus

1781 3258 2118 3329 Augustinus
2167 3273 2445 3330 exponens
2492 3261 2609 3314 ait:
2645 3279 2663 3311 ι
2701 3260 2880 3315 Noluit
2918 3263 3061 3317 enim
3088 3262 3362 3317 hominem

1784 3347 1850 3401 ab
1872 3346 2088 3401 homine
2111 3345 2344 3414 judicari
2375 3363 2438 3402 ex
2462 3348 2690 3403 arbitrio
2715 3348 3054 3418 suspicionis,
3084 3350 3167 3404 vel
3195 3351 3364 3405 etiam

1783 3439 2216 3495 extraordinario
2265 3450 2524 3509 usurpato
2561 3440 2786 3507 judicio,
2822 3441 2914 3494 sed
2945 3442 3123 3508 potius
3151 3457 3215 3495 ex
3245 3441 3365 3512 lege

1786 3529 1879 3584 Dei
1912 3530 2209 3584 secundum
2255 3529 2502 3584 ordinem
2544 3520 2819 3595 Beclesia‘,
2848 3529 2960 3583 sive
2988 3529 3129 3584 ultro
3156 3530 3366 3585 confes-

1786 3634 1903 3672 sum
1962 3617 2077 3672 sive
2140 3625 2470 3679 accusatum,
2527 3626 2688 3687 atque
2736 3618 3074 3684 convictum;
3124 3619 3365 3688 alioquin

1786 3706 1917 3761 illud
1943 3721 2040 3760 cur
2071 3706 2205 3761 dixit
2234 3724 2247 3760 :
2283 3705 2340 3761 Si
2368 3707 2482 3777 quis
2514 3707 2678 3777 frater
2724 3709 3044 3774 nominatur,
3084 3721 3172 3763 aut
3196 3709 3368 3779 forni-

1787 3806 1953 3861 cator,
1985 3806 2076 3850 aut
2116 3796 2273 3850 idolis
2314 3797 2559 3864 serviens,
2588 3807 2715 3863 etc.,
2752 3798 2854 3855 nisi
2883 3801 3009 3870 quia
3037 3815 3156 3857 eam
3188 3804 3366 3858 nomi-

1786 3888 2060 3943 nationem
2092 3887 2318 3960 intelligi
2344 3888 2515 3944 voluit
2542 3904 2662 3959 qua:
2687 3890 2819 3947 litin
2852 3907 3201 3963 quemquam,
3239 3910 3365 3951 cum

1789 3979 2057 4035 sententia
2114 3979 2304 4035 ordine
2339 3978 2631 4049 judiciario
2680 3990 2843 4051 atque
2900 3984 3207 4054 integritate
3237 4002 3366 4056 pro-

1790 4070 2014 4126 fertur?
2043 4070 2178 4127 Nam
2214 4075 2259 4127 si
2293 4073 2592 4128 nominatio
2634 4073 2851 4140 suiliclt,
2891 4076 3045 4131 multi
3076 4079 3369 4134 damnandi

1789 4173 1915 4219 sunt
1957 4163 2291 4229 innocentes,
2342 4164 2468 4234 quia
2515 4176 2656 4235 saepe
2694 4164 2830 4220 falso
2870 4166 2922 4219 in
2960 4183 3229 4237 quoquam
3261 4170 3370 4223 cri-

1790 4254 1936 4309 mine
1964 4255 2299 4309 nominatur.
2351 4273 2370 4307 ι
2412 4255 2601 4310 Deeuit
2633 4270 2762 4324 ergo
2794 4270 2887 4311 vos
2920 4257 3006 4311 die
3039 4273 3102 4311 ac
3130 4266 3285 4313 nocte
3314 4261 3370 4313 in

1792 4343 1907 4414 lege
1938 4344 2147 4399 Domini
2181 4345 2502 4400 meditantes
2535 4346 2635 4400 ista
2662 4355 2715 4400 et
2762 4346 3067 4417 hujusmodi
3092 4349 3245 4418 plura
3274 4351 3374 4405 ob-

188 4431 373 4487 Dalum
402 4431 615 4521 (3³1)υαῖ
633 4426 888 4521 Kalendis
932 4424 1078 4521 Julii:
1108 4439 1204 4521 ριῖν
1252 4440 1452 4521 manui
1490 4434 1687 4521 εθξὶεξδε
1722 4464 1767 4521 υ
1795 4452 2062 4500 servasse,
2112 4452 2211 4493 nec
2259 4445 2386 4491 ante
2429 4436 2724 4506 legitimam
2771 4439 3184 4505 discussioncm,
3220 4449 3311 4495 aut
3339 4457 3371 4494 a

129 4518 366 4577 Romana:
406 4520 670 4577 Ecclesia:
696 4517 924 4573 Joannis
952 4516 1165 4572 diaconi
1195 4515 1506 4579 cardinalis,
1552 4515 1689 4568 indi-

130 4613 291 4668 ctione
319 4621 539 4682 quarta,
572 4626 713 4665 anno
744 4608 1033 4664 Dominiete
1078 4604 1466 4660 incarnationis
1522 4604 1693 4659 mille-

134 4708 255 4763 simo
295 4705 649 4779 nonagesimo
677 4704 874 4774 primo,
902 4700 1247 4772 pontificatus
1278 4706 1458 4753 autem
1489 4698 1691 4755 domini

134 4799 313 4857 Urbani
344 4802 385 4855 ll
416 4815 562 4855 anno
590 4805 799 4868 quarto.

844 4930 970 4984 Llll.

140 5046 328 5103 Littera:
354 5048 554 5103 Urbani
575 5062 721 5117 papm
738 5044 798 5098 11
822 5043 891 5097 ad
934 5041 1093 5119 Vallis
1118 5039 1385 5119 Umbroste
1410 5051 1466 5119 et_
1484 5037 1695 5119 Carna!-

125 5146 129 5162 ι
202 5120 304 5240 άῖιιὶ
353 5108 584 5189 priores,
624 5108 687 5170 ne
712 5133 742 5170 a
765 5108 1127 5168 communione
1161 5108 1348 5165 Pisani
1385 5108 1611 5177 episcopi
1642 5120 1692 5161 se

202 5205 231 5242 α
253 5190 434 5243 ienent.

728 5276 903 5347 (Anno
934 5274 1119 5344 1091.)

208 5410 585 5483 [Μιττλιιειιῃ
606 5410 798 5467 Annal.
821 5406 1221 5474 Camaldul.lll,
1246 5405 1498 5478 append.,
1513 5403 1628 5469 92.]

217 5539 453 5598 [insanus
504 5542 808 5613 episcopus,
842 5555 1031 5598 servus
1075 5554 1358 5596 servorum
1388 5536 1504 5603 Dei,
1534 5548 1698 5591 vene-

155 5631 389 5688 rabilibus
428 5633 482 5687 in
531 5632 747 5689 Christo
790 5631 915 5687 ﬁliis
959 5630 1009 5685 Β
1040 5669 1055 5685 .
1096 5669 1112 5685 .
1156 5669 1171 5684 .
1206 5669 1221 5685 .
1247 5627 1699 5684 Vallumbrosano

158 5714 204 5771 λι
231 5758 242 5774 .
270 5759 286 5777 .
312 5760 324 5775 .
360 5722 750 5780 Camaldulensi
776 5730 830 5778 et
849 5718 1358 5793 congregationibus
1388 5731 1576 5774 eorum
1608 5728 1696 5771 re-

1796 4527 2177 4581 communione
2230 4540 2326 4580 vos
2362 4524 2539 4580 Pisani
2589 4526 2846 4581 antistitis
2890 4529 3245 4595 subtraxisse,
3276 4538 3371 4584 aut

1800 4624 1950 4671 tanta
2004 4630 2125 4670 enm
2170 4615 2387 4669 infamia
2438 4617 2743 4671 dcnotasse.
2778 4616 2911 4683 Quia
2966 4626 3141 4672 tamen
3172 4637 3273 4675 vox
3305 4636 3374 4674 cx

1797 4708 2075 4776 religionis
2104 4707 2294 4761 merito
2323 4723 2670 4773 veneramur,
2697 4718 2750 4763 et
2775 4725 2839 4763 ex
2873 4724 3056 4763 amore
3075 4711 3296 4778 justititn
3320 4713 3374 4766 id

1800 4800 1970 4870 egisse
1999 4799 2291 4864 credimus,
2340 4809 2528 4853 vestrae
2556 4801 2606 4853 in
2631 4802 2733 4855 hoc
2763 4800 3093 4870 simplicitati
3124 4801 3338 4870 benigni
3358 4832 3374 4842 -

1798 4900 1907 4945 tate
1961 4890 2253 4960 apostolica
2311 4891 2618 4960 parcimus;
2672 4892 2906 4946 maxime
2941 4908 3063 4946 cum
3099 4893 3149 4946 in
3180 4893 3372 4947 litteris

1799 4986 1992 5040 vestris
2043 4984 2178 5038 alios
2228 4983 2384 5053 hujus
2423 4982 2819 5037 criminationis
2844 4992 3094 5038 auctores
3123 4985 3372 5039 ostende-

1799 5076 1937 5140 ritis,
1973 5083 2028 5129 et
2062 5090 2156 5130 vos
2185 5075 2251 5129 ab
2304 5075 2420 5145 ejus
2457 5074 2753 5129 intentione
2804 5072 3165 5127 removeritis.
3198 5072 3376 5143 Roga-

1799 5184 1921 5224 mus
1954 5175 2134 5221 autem
2159 5181 2277 5231 vos,
2319 5176 2369 5220 et
2398 5175 2652 5234 tanquam
2676 5161 2996 5242 obedientiae
3025 5162 3148 5216 filiis
3172 5164 3366 5232 prmci-

1800 5261 1975 5331 pimus
2020 5267 2080 5313 ut
2135 5272 2229 5313 eos
2281 5256 2436 5311 nobis
2481 5270 2546 5310 ex
2585 5252 2803 5308 nomine
2834 5253 3118 5323 designare
3145 5255 3369 5314 curetis.

1800 5360 2065 5423 quatenus
2089 5358 2313 5406 auctore
2342 5350 2452 5403 Deo
2472 5343 2874 5400 accusatoribus
2896 5345 3124 5413 cognitis
3151 5344 3375 5399 infamia

1802 5444 1919 5498 haec
1970 5451 2061 5498 aut
2113 5439 2495 5510 comprobetur
2555 5434 2813 5490 canonice
2867 5445 2959 5489 aut
3012 5442 3375 5491 removeatur.

1803 5535 2067 5588 Praeterea
2126 5541 2311 5585 notum
2367 5527 2522 5584 vobis
2576 5526 2825 5583 volumus
2869 5527 3012 5596 ipsos
3056 5526 3374 5594 jamdudum

1805 5640 1835 5680 a
1861 5623 2017 5679 nobis
2063 5637 2161 5692 per
2191 5634 2503 5677 communes
2552 5618 2733 5676 Pisani
2783 5619 2964 5690 populi
2995 5619 3205 5673 litteras
3240 5632 3370 5671 evo-

1809 5709 1979 5769 catos.
2006 5711 2064 5767 Si
2086 5725 2215 5782 ergo
2237 5710 2465 5765 necdum
2500 5710 2684 5767 venire
2706 5717 2989 5780 coeperunt
3014 5723 3108 5762 vos
3136 5721 3230 5762 cos
3257 5707 3376 5762 vice
