3892 6320
506 303 611 360 355

505 427 716 479 nostra.
744 423 802 469 ut
837 412 901 467 ad
930 425 1027 466 nos
1078 410 1295 464 veniaut
1327 422 1420 477 per
1445 404 1751 477 apostolicae
1773 403 1920 458 sedis
1954 403 2081 455 obe-

512 508 766 564 dientiam
786 504 1085 565 admonete,
1114 510 1169 555 et
1192 515 1259 555 ne
1278 499 1416 552 forte
1439 505 1731 551 causentur
1760 496 1825 549 ad
1849 494 2082 563 priorem

504 600 798 655 terminum
829 610 934 650 non
960 608 1118 664 posse
1136 606 1449 655 occurrere,
1481 604 1654 658 usque
1681 589 1747 643 ad
1781 588 2083 658 proximam

509 694 570 746 Β.
618 690 798 746 Maria:
846 686 1192 743 Nativitatem
1250 683 1495 738 inducias
1540 679 1890 750 protelamus.
1933 679 2082 746 Quod

504 784 551 838 si
580 782 662 836 vel
705 790 830 834 tunc
856 778 1047 832 venire
1098 772 1543 841 contempserint,
1593 769 1853 825 canonica
1897 782 1957 823 se
1987 784 2084 821 no-

498 875 683 929 verint
731 871 939 931 ultione
990 865 1339 937 plectendos;
1388 864 1431 919 si
1484 870 1662 916 autem
1714 860 1787 914 illi
1818 861 2081 923 venerint,

498 964 727 1031 omnino
773 960 1041 1021 volumus,
1068 968 1125 1011 ut
1155 971 1219 1010 ex
1256 954 1409 1009 vobis
1433 952 1567 1005 duos
1592 950 1675 1005 vel
1707 958 1815 1003 tres
1835 949 1901 1002 ad
1924 948 2083 1018 hujus

502 1056 581 1109 rei
606 1053 977 1108 deﬁnitionem
1008 1046 1440 1117 perspiciendam
1467 1058 1587 1098 cum
1626 1041 1706 1096 eis
1730 1041 1936 1109 pariter
1956 1047 2083 1094 ante

502 1155 749 1201 nostram
799 1141 1142 1213 praesentiam
1200 1137 1463 1206 dirigatis.
1513 1133 1730 1187 Interim
1771 1146 1869 1186 vos
1896 1147 1924 1184 a
1955 1146 2083 1185 con-

506 1235 692 1289 fratris
746 1232 912 1286 nostri
969 1228 1265 1284 ditiamatia
1318 1224 1595 1288 desistite,
1626 1232 1677 1278 et
1704 1222 1819 1293 ejus
1846 1236 2083 1276 commu-

504 1327 723 1387 nionem
784 1324 928 1377 nullo
992 1321 1150 1389 modo
1219 1326 1489 1374 recusate.
1552 1315 1869 1382 Quicunque
1917 1313 2079 1367 etiam

504 1428 743 1471 vestrum
778 1417 829 1469 in
860 1414 1069 1468 Pisanm
1095 1411 1349 1467 Ecclesim
1399 1408 1620 1465 dimcesi
1652 1416 2078 1469 commorantur,

506 1507 742 1560 debitam
769 1507 817 1560 ei
846 1504 1207 1559 obedientiam
1237 1503 1551 1572 impendere
1574 1515 1678 1553 non
1701 1507 1976 1553 recusent.
2008 1498 2080 1552 De

484 1604 702 1648 'cmtero
745 1595 1094 1648 obsecramus
1124 1600 1181 1645 ut
1208 1591 1403 1646 vestris
1452 1604 1550 1644 nos
1576 1587 2074 1659 apudetnnipoten-

502 1693 612 1738 tem
640 1685 807 1739 Deum
838 1683 1177 1739 orationibus
1203 1679 1611 1737 commendetis.

573 1775 706 1828 Data
739 1773 910 1843 Trojae
935 1790 975 1829 II
996 1773 1118 1828 ldus
1152 1771 1297 1827 Julii.

1180 1948 1187 1955 ,
1221 1878 1353 1934 LIV.

502 1970 747 2027 Urbanus
776 1971 859 2037 ΙΙ,
912 1970 1270 2030 Cuillelmum,
1322 1968 1764 2038 archiepiscopum
1791 1965 2078 2038 Rat/roma-

567 2058 793 2110 gensem,
845 2036 912 2094 ad
962 2040 1335 2094 restituendum
1376 2036 1749 2092 monasterium
1865 2038 2077 2110 Austrcf

568 2106 724 2165 ὗεν-[ατ
777 2110 1135 2163 Paviliaceuse
1187 2110 1399 2170 excitat,
1434 2127 1451 2157 ε
1491 2119 1645 2175 atque
1700 2108 1955 2159 universis
1986 2106 2076 2173 qui

567 2182 731 2233 eidem
753 2181 980 2233 coenobio
1004 2180 1203 2248 aliquid
1233 2178 1524 2248 conferant,
1549 2185 1792 2248 quartam
1820 2178 2072 2243 pwniten-

568 2252 762 2303 tiaram
819 2250 884 2300 ab
933 2245 1171 2317 episCOpo
1232 2257 1319 2299 aut
1372 2246 1667 2315 presbytero
1717 2245 2074 2313 injunctarum

568 2328 769 2386 partem
800 2318 1022 2370 relaxat.
1062 2335 1080 2367 ι

1091 2409 1268 2478 (Anno
1302 2407 1480 2475 109i.)

478 2501 791 2572 lliumanr,
840 2498 959 2551 Vita
1001 2496 1220 2562 Urbani,
1262 2497 1628 2572 .MADI‘LLDNJBE
1661 2496 1931 2563 RUINAR'I‘,
1964 2494 2075 2549 0n-

956 2583 1096 2637 vrag.
1133 2568 1306 2637 post/1.
1348 2568 1434 2633 Ill,
1478 2566 1625 2637 103.]

1234 2676 1343 2731 LV.

486 2772 697 2828 Urbani
730 2772 791 2827 II
823 2772 1040 2858 epistola
1068 2773 1136 2858 ari
1163 2772 1358 2858 clera‘m
1386 2782 1431 2853 et
1477 2769 2070 2858 populumAntbianen-

564 2861 691 2898 sem.
734 2874 801 2882 —
846 2838 1117 2914 Signiﬁcat
1171 2858 1225 2895 se
1273 2838 1553 2895 Cervinuni
1606 2842 1898 2911 episcopum
1951 2856 2072 2893 suu-

565 2915 723 2967 a'isse.
1216 2956 1219 2959 .

1088 3004 1267 3074 (Anno
1295 3003 1482 3073 1091.)

779 3097 1053 3169 [Μλθιιιη
1089 3097 1280 3153 Annal.
1322 3096 1517 3151 Bened.
1552 3093 1791 3166 V,280.]

562 3200 822 3267 Unmnus
851 3212 1158 3281 episc0pus,
1186 3225 1375 3277 servus
1403 3224 1682 3264 servorum
1706 3208 1822 3273 Dei,
1846 3207 1993 3263 clero
2018 3216 2073 3263 et

486 3302 693 3375 populo
741 3304 1091 3358 Ambianensi
1134 3302 1364 3357 salutem
1401 3310 1455 3356 et
1476 3300 1830 3370 apostolicam
1853 3300 2072 3355 benedi-

493 3393 749 3451 ctionem.

562 3483 1056 3539 Reverentissimus
1110 3482 1283 3539 frater
1328 3492 1510 3540 noster
1558 3482 1846 3550 Gervinus,
1894 3493 2071 3539 vester

492 3574 796 3643 episcopus,
850 3575 915 3629 ad
961 3574 1144 3628 sedem
1177 3574 1526 3643 apostolicam
1576 3575 1816 3639 veniens,
1847 3589 2066 3629 causam

491 3680 646 3719 suam
673 3680 792 3718 cum
820 3665 1127 3719 testimonio
1155 3664 1453 3719 litterarum
1483 3664 1904 3719 reverentissimi
1939 3678 2069 3718 con-

490 3753 680 3807 fratris
738 3753 909 3808 nostri
961 3754 1254 3808 Remorum
1310 3754 1699 3824 archiepiscopi
1732 3753 1987 3815 Rainoldi
2016 3761 2071 3809 et

493 3845 799 3912 legatorum
866 3844 1033 3912 ipsius
1084 3843 1240 3911 nobis
1268 3845 1585 3899 notiticavit.
1624 3844 1731 3900 Nos
1752 3856 1933 3900 autem
1958 3845 2062 3899 ele-

494 3936 729 3988 ctionem
787 3934 902 4004 ejus
954 3934 1265 3993 canonicam
1306 3935 1684 4005 approbantes,
1726 3944 1779 3990 ct
1809 3935 1955 3989 illum
1976 3936 2065 4005 qui

493 4042 559 4081 ex
593 4035 905 4082 transverso
943 4040 1001 4082 se
1044 4024 1248 4094 injecit,
1290 4025 1663 4096 reprobantes,
1689 4025 1953 4095 simulque
1976 4026 2065 4080 diu

492 4117 775 4173 nobiscum
798 4131 920 4171 eum
948 4101 1250 4181 retinendo,
1294 4124 1349 4172 et
1399 4117 1442 4171 si
1474 4117 1567 4186 qui
1604 4127 1792 4170 contra
1826 4130 1946 4170 eum
1973 4131 2062 4171 vce

491 4207 612 4262 nire
638 4205 839 4261 vellent
870 4204 1216 4270 attendendo,
1262 4215 1546 4276 postquam
1583 4206 1634 4260 in
1661 4206 1890 4261 duorum
1917 4221 2065 4261 men-

492 4298 631 4354 sium
673 4298 930 4368 spatium,
975 4313 1082 4366 quo
1119 4299 1398 4353 nobiscum
1447 4297 1651 4368 degnit,
1691 4312 1850 4352 nemo
1876 4307 2062 4353 contra

489 4404 612 4445 eum
646 4389 938 4459 quidquam
997 4388 1214 4454 attulit;
1264 4400 1314 4444 et
1360 4390 1819 4446 condescensione
1852 4392 2062 4447 miseri‘

488 4481 689 4536 cordia:
716 4479 949 4550 rigorem
973 4478 1197 4548 iustitiae
1225 4489 1605 4550 temperantes,
1638 4483 1694 4536 in
1722 4482 1839 4538 loco
1860 4498 1980 4538 eum
2008 4492 2063 4538 et

488 4560 665 4624 olliCio
713 4583 812 4623 suo
854 4567 1232 4623 conﬁrmatum
1273 4569 1427 4626 vobis
1457 4571 1801 4628 remittimus.
1836 4572 2063 4642 Propter

488 4661 631 4731 quod
675 4660 1078 4716 fraternitatem
1133 4672 1365 4716 vestram
1418 4664 1741 4720 auctoritate
1772 4666 2059 4735 apostolica

486 4766 894 4808 commonemus
912 4761 968 4806 ut
989 4767 1201 4808 omnem
1230 4754 1278 4807 ei
1296 4752 1678 4822 obedientiam,
1703 4758 1847 4811 velut
1870 4757 2062 4811 idoneo

484 4845 711 4913 pastori,
760 4845 1086 4912 exbibeatis,
1124 4860 1338 4900 onmem
1391 4846 1621 4902 consilio
1670 4856 1724 4901 et
1762 4850 1966 4902 auxilio
1993 4848 2059 4902 ad

488 4936 827 4991 retinendum
852 4946 905 4991 et
937 4937 1228 5006 regendum
1244 4937 1610 5007 episcopatum
1641 4939 2059 4994 sollicitudinem

489 5025 834 5096 impendatis,
891 5038 948 5082 ut
978 5044 1099 5083 eum
1130 5029 1245 5097 ipso
1275 5038 1380 5081 tant
1413 5029 1481 5083 de
1500 5028 1744 5084 doctrina
1768 5046 1863 5085 sua
1897 5046 2056 5099 quam

488 5117 555 5169 de
580 5116 889 5171 obedientia
922 5128 1103 5172 vestra
1143 5117 1377 5188 gaudere
1407 5118 1652 5173 valeatis.
1686 5118 1837 5184 Quod
1868 5121 1913 5173 si
1938 5128 2060 5188 post

486 5206 630 5259 hanc
681 5209 1156 5263 commonitionem
1208 5210 1492 5279 quisquam
1545 5208 1594 5262 ei
1649 5209 1714 5266 de
1748 5209 2058 5279 episcopatu

483 5296 861 5351 contradicere
903 5299 1337 5370 praesumpserit,
1393 5300 1551 5368 eique
1609 5299 1748 5355 sicut
1804 5300 2059 5370 episeopo

484 5398 583 5438 suo
610 5385 765 5461 subdi
791 5388 1140 5451 recusaverit,
1169 5390 1514 5455 sententiam,
1540 5407 1642 5461 qua
1677 5392 1791 5460 ipse
1820 5406 1918 5462 pro
1944 5393 2059 5447 iuo-

483 5475 752 5530 bedientia
777 5493 899 5532 eum
926 5479 1253 5547 multaverit,
1284 5498 1381 5538 nos
1408 5484 1704 5554 apostolica
1729 5485 2058 5542 auctoritate

483 5570 889 5626 conﬁrmamus.

554 5661 683 5716 Data
718 5679 811 5718 xm
840 5664 955 5718 Kal.
991 5662 1239 5723 Januafiiz

1784 290 1842 345 Β.
1884 285 2138 345 URDANI
2176 285 2218 340 Il
2256 286 2454 342 PAPIE

2110 400 2156 459 Λ

2107 1744 2151 1800 Β

2096 3075 2145 3138 C

3664 291 3758 346 555

2900 397 3031 453 LVI.

2188 489 2386 544 Urbani
2418 489 2476 543 II
2508 494 2725 560 epistola
2758 491 2827 571 ad
2873 491 3122 571 prarlatos
3148 489 3409 544 (uicorum
3439 507 3756 549 communem

2734 570 2891 614 vitam
2916 570 3203 629 agentium.

2772 650 2952 716 (Anno
2985 648 3169 719 ποθι.)

2433 758 2724 830 [Βειικοωι
2754 757 3072 825 Chronicon,
3099 761 3167 815 ad
3198 770 3285 815 an.
3322 762 3516 834 {09L}

2253 849 2525 917 Quosdam
2571 852 2878 921 accepimus
2910 867 3117 906 morem
3150 862 3453 908 vestrorum
3487 856 3752 910 emnobio—

2182 956 2300 994 rum
2339 942 2713 1005 corradentes»,
2763 958 2871 1012 quo
2893 943 3060 998 laicos
3084 944 3281 999 szeculo
3304 946 3684 1000 renuntiantes
3709 959 3753 1001 rt

2182 1048 2240 1088 se
2264 1048 2472 1102 suaque
2506 1034 2574 1089 ad
2627 1049 2969 1089 communem
3014 1035 3183 1089 vitam
3224 1036 3638 1099 transferentes,
3676 1053 3751 1091 re-

2183 1124 2385 1193 gendos
2417 1124 2469 1177 in
2499 1124 2810 1179 obedientia
2854 1126 3149 1194 suscipitis.
3180 1126 3289 1181 Nos
3312 1137 3493 1181 autem
3518 1129 3751 1183 eamdem

2178 1217 2650 1272 conversationem
2700 1228 2755 1272 et
2801 1220 3268 1285 consuetudinem,
3306 1220 3450 1275 sicut
3474 1220 3647 1275 oculis
3672 1238 3753 1275 no-

2182 1311 2314 1364 stris
2365 1310 2722 1380 inspeximus,
2772 1310 3125 1379 laudabilem,
3160 1320 3213 1368 et
3246 1326 3313 1367 eo
3352 1325 3614 1386 perpetua
3639 1330 3753 1369 eum

2182 1390 2490 1456 Servatione
2543 1402 2917 1473 dignissimam
2973 1418 3080 1473 quo
3106 1404 3160 1458 in
3186 1405 3478 1476 printitivm
3509 1406 3751 1462 Ecclesia.-

2180 1490 2409 1546 formam
2459 1493 2721 1563 impressa
2748 1503 2833 1549 est
2856 1493 3182 1562 jndieantes,
3221 1498 3605 1567 approbemus,
3635 1512 3750 1553 san-

2181 1590 2324 1638 ctam
2359 1591 2413 1638 et
2462 1583 2786 1639 catholicam
2828 1585 3195 1651 nominamus,
3247 1597 3303 1641 et
3337 1602 3441 1658 per
3467 1600 3753 1658 prasente!

2182 1673 2393 1730 litteras
2415 1674 2715 1745 apostolica
2731 1677 3057 1733 auctoritate
3077 1677 3485 1733 conﬁrmamus.

2890 1807 3047 1863 LVII.

2174 1914 2475 1989 Urbani]!
2512 1915 2728 1989 epistola
2752 1916 2828 1989 ad
2860 1915 3263 1989 C[ebhardum],
3296 1919 3595 1988 episcopum
3621 1920 3749 1975 Coa-

2247 1985 2604 2058 s_tantienseiu,
2640 1985 2935 2058 Weifoneni
2987 1998 3034 2040 et
3084 1985 3478 2058 Meri/tolutim]
3525 1991 3680 2043 duces
3708 2003 3749 2042 et

2249 2056 2311 2107 Β.
2349 2058 2608 2109 comitem.
2642 2086 2702 2095 -
2730 2055 2859 2109 Illos
2886 2055 3212 2110 Itortatur'ut
3241 2055 3477 2111 abbatem
3506 2072 3751 2113 monaste-

2248 2126 2314 2177 rii
2370 2120 2428 2179 S.
2477 2125 2769 2182 Saluatoris
2826 2124 3233 2194 Scitaflmsensis
3281 2137 3531 2182 tueantur
3584 2140 3748 2182 contra

2252 2194 2502 2255 Tutonem
2530 2236 2544 2261 ,
2596 2196 2848 2249 donatum
2892 2196 3207 2251 monasterio
3258 2199 3519 2266 pra'diunt
3557 2200 3749 2267 auferre

2247 2276 2539 2319 conantem.

2752 2355 2948 2425 (Anno
2989 2356 3125 2410 1092
3147 2355 3189 2428 ).

2555 2443 2791 2515 [ΜΑΝει,
2825 2444 3029 2499 Concil.
3064 2445 3182 2510 XX,
3215 2445 3317 2503 708
3342 2447 3382 2519 .]

2250 2554 2501 2610 Unnanes
2542 2556 2860 2624 episcopus,
2914 2571 3103 2611 servus
3144 2570 3427 2612 servorum
3460 2558 3588 2624 Dei,
3619 2558 3747 2614 (Ξοηι

2176 2646 2462 2701 stantieusi
2511 2648 2766 2715 epist-apo
2809 2645 2873 2701 Ν.
2914 2657 2968 2703 et
3015 2647 3078 2702 N.
3120 2649 3409 2705 comitibus
3448 2651 3669 2707 salutem
3696 2663 3743 2706 et

2175 2736 2530 2807 apostolicam
2562 2738 3019 2793 benedictionem.

2245 2832 2524 2887 Venerunt
2549 2830 2616 2884 ad
2648 2846 2745 2885 nos
2768 2831 2962 2887 litterae
2985 2833 3194 2889 abbatis
3221 2834 3743 2907 monasteriiSanai

2174 2925 2505 2992 Salvatoris,
2537 2934 2935 2994 conquerentes
2960 2923 3075 2979 Deo
3108 2934 3163 2979 et
3197 2937 3386 2981 sancto
3413 2926 3578 2983 Petro
3613 2934 3738 2998 quod

2176 3016 2262 3070 vir
2281 3015 2499 3085 quidatn
2536 3016 2759 3070 nomine
2810 3013 2874 3069 Νι.
2908 3015 3134 3072 veniens
3172 3016 3237 3070 ad
3288 3018 3604 3085 praedictum
3636 3035 3740 3073 ωο-

2177 3111 2499 3178 nasterium,
2546 3110 2749 3166 saeculo
2795 3108 3149 3175 renuntiavit,
3194 3109 3611 3179 promissionem
3642 3119 3737 3164 sta-

2174 3205 2405 3261 bilitatis
2434 3204 2731 3260 secundum
2758 3202 3208 3259 consuetudinem
3239 3202 3560 3256 monasterii
3602 3200 3739 3267 fecit,

2172 3305 2227 3351 et
2257 3310 2353 3351 sua
2384 3295 2560 3349 eidem
2600 3293 2844 3349 ecclesiae
2883 3293 3179 3347 secundum
3228 3292 3403 3361 legem
3454 3290 3730 3346 Sacrorum

2173 3386 2357 3443 multis
2386 3402 2571 3441 coram
2602 3386 2828 3441 testibus
2860 3384 3081 3439 tradidit
3103 3392 3160 3438 et
3186 3383 3556 3446 conﬁrmavit;
3587 3383 3733 3437 abbas

2172 3488 2351 3534 autem
2382 3518 2397 3543 ,
2443 3488 2499 3532 ut
2550 3488 2634 3532 est
2685 3478 2915 3532 devotus
2958 3485 3008 3530 ct
3057 3476 3304 3546 prudens
3329 3477 3665 3545 dispensator
3687 3482 3730 3526 et

2172 3571 2370 3635 lidelis,
2401 3572 2453 3625 in
2484 3570 2674 3625 eodem
2706 3569 2909 3640 praedio
2941 3568 3331 3623 monasterium
3375 3576 3599 3623 venuste
3622 3581 3731 3621 cena

2172 3662 2405 3728 struxit,
2455 3660 2656 3716 fratres
2682 3660 2975 3724 ordinavit,
3007 3668 3063 3715 et
3087 3669 3285 3715 cmtera
3317 3675 3439 3728 quae
3463 3659 3533 3713 ad
3567 3674 3729 3714 monac

2171 3754 2363 3809 stieam
2394 3754 2666 3824 pertinent
2688 3751 2929 3823 regulam
2962 3752 3212 3806 instituit.
3250 3751 3549 3807 Prardictus
3570 3759 3726 3805 autem

2170 3844 2263 3911 N.,
2294 3854 2354 3899 ut
2381 3845 2563 3898 omnia
2594 3844 2729 3900 vidit
2761 3842 2973 3898 abbatis
2996 3842 3182 3897 labore
3212 3851 3266 3897 et
3292 3843 3473 3897 studio
3502 3842 3729 3897 ordinata

2172 3946 2332 4005 atque
2369 3934 2637 4006 perfecta,
2682 3933 2971 4006 postquam
3012 3933 3328 4004 pnedictum
3362 3931 3723 3988 monasterium

2172 4029 2313 4084 idem
2346 4028 2607 4099 prmdium
2641 4043 2738 4097 per
2780 4026 3123 4096 septenniutn
3173 4032 3228 4077 et
3264 4039 3329 4078 eo
3356 4023 3585 4093 amplius
3626 4021 3731 4076 sine

2169 4119 2315 4173 omni
2368 4118 2807 4175 contradictione
2857 4117 3132 4180 obtinuit,
3194 4114 3452 4169 instinctu
3506 4111 3719 4173 diaboli,

2170 4224 2445 4278 nunquam
2481 4223 2541 4263 se
2581 4206 2872 4262 tradidisse
2918 4207 3140 4271 fatetur,
3171 4213 3226 4260 et
3266 4205 3310 4258 si
3354 4204 3643 4274 quidquam
3665 4201 3724 4255 ob

2168 4300 2270 4355 hoc
2300 4298 2560 4353 molestia:
2602 4298 2963 4364 sustinuerit,
3003 4312 3109 4353 non
3163 4296 3335 4353 solum
3373 4296 3607 4363 auferre,
3643 4292 3721 4349 sed

2094 4400 2220 4466 Det
2248 4390 2421 4460 ipsum
2471 4390 2859 4445 monasterium
2907 4390 3147 4444 minatur
3186 4390 3457 4444 evertere.
3505 4389 3720 4456 Quapro-

2168 4489 2308 4551 pter,
2342 4478 2436 4533 lilii
2474 4480 2916 4534 excellentissimi
2947 4520 2962 4545 ,
3000 4480 3198 4534 obnixe
3232 4495 3330 4535 vos
3369 4492 3652 4536 exoramus
3673 4482 3721 4529 ut

2166 4586 2262 4641 pro
2289 4570 2501 4649 Domini
2533 4570 2836 4625 Salvateris
2863 4570 3146 4625 devotione
3175 4585 3238 4625 ac
3269 4569 3576 4625 reverentia
3598 4565 3719 4621 beati

2166 4662 2309 4717 l‘etri
2353 4671 2408 4717 et
2446 4662 2617 4716 nostri
2664 4676 2852 4715 amore
2892 4661 3146 4716 eumdem
3174 4661 3346 4715 virum
3374 4675 3405 4713 a
3432 4669 3578 4715 tanta
3608 4672 3719 4727 apo-

2164 4755 2327 4810 stasia
2378 4754 2669 4824 prohibere
2724 4763 2777 4808 ct
2833 4752 3014 4807 abbati
3068 4762 3122 4808 et
3169 4752 3503 4808 monasterio
3538 4750 3721 4807 curetis

2164 4846 2439 4901 assistere.
2483 4846 2623 4901 Dicit
2680 4861 2809 4899 vero
2853 4845 3200 4900 Innocentius
3241 4862 3254 4899 :
3297 4844 3467 4899 Error
3513 4845 3595 4899 cui
3632 4856 3715 4894 non

2166 4936 2423 4989 resistitur
2448 4935 2801 5005 approbatur;
2831 4949 2894 4989 ac
2921 4934 3213 5004 Apostolus
3238 4949 3253 4987 :
3290 4935 3413 4987 Non
3449 4935 3611 4989 solum
3642 4928 3715 4999 qui

2163 5027 2361 5097 faciunt
2392 5027 2536 5097 digni
2568 5036 2688 5080 sunt
2722 5037 2907 5092 morte,
2937 5026 3027 5080 sed
3056 5027 3146 5095 qui
3184 5026 3511 5079 consentiunt
3536 5024 3714 5094 facim-

2162 5125 2316 5178 tibus.
2348 5124 2609 5179 Volumus
2651 5130 2856 5187 autem,
2892 5119 2987 5190 ﬁli,
3023 5130 3074 5176 te
3116 5121 3364 5176 eumdem
3395 5120 3715 5190 pestilentem

2161 5217 2359 5284 virum,
2415 5215 2457 5271 si
2483 5215 2596 5286 jam
2629 5230 2736 5269 non
2788 5212 2988 5268 factum
3035 5221 3147 5281 est,
3183 5210 3422 5268 secundo
3470 5220 3525 5266 et
3576 5205 3712 5263 tertio

2161 5308 2420 5364 canonice
2460 5319 2808 5361 commonere
2856 5313 2916 5359 ut
2961 5304 3268 5375 resipiscat;
3318 5305 3462 5373 quod
3512 5301 3554 5357 si
3599 5311 3707 5355 con-

2162 5400 2461 5469 tempserit,
2502 5407 2561 5453 ut
2588 5398 2771 5452 exteri
2810 5406 3012 5452 metum
3046 5397 3308 5462 habeant,
3342 5394 3571 5467 gladium
3598 5402 3706 5444 ana-

2162 5491 2414 5545 tbematis
2441 5490 2493 5543 in
2534 5488 2679 5544 illum
2708 5488 3028 5557 evaginare,
3076 5495 3344 5557 quatenus
3373 5486 3425 5539 in
3452 5481 3700 5539 interitum

2159 5580 2337 5637 carnis
2369 5580 2601 5636 traditus
2628 5578 2843 5634 Satana‘
2872 5578 3043 5633 discat
3073 5592 3178 5632 non
3218 5576 3616 5645 blaspltemarc,
3657 5573 3703 5615 ει

2160 5672 2337 5728 salvus
2372 5671 2442 5729 sit
2482 5671 2535 5727 in
2568 5671 2653 5727 die
2685 5670 2918 5728 Domini.
2949 5669 3248 5726 Incolumes
3289 5683 3387 5725 vos
3420 5675 3472 5723 et
3509 5656 3697 5719 monitis
