3892 6320
106 336 209 398 331

1255 323 1612 387 EPISTOLIE
1643 326 1728 392 ΕΤ
1769 328 2195 393 ιιιιιςγιικιῑςιιιη

3271 345 3376 404 358.

102 449 308 508 nostris
361 448 685 504 obedientcs
734 448 912 504 divina
951 448 1122 520 gratia
1171 448 1479 516 custodiat,
1529 455 1583 502 ct
1633 446 1700 499 ab
1732 453 1774 506 Α
1804 460 1867 498 ac
1919 445 2304 514 gubernatione
2352 462 2607 505 concessa
2653 462 2794 512 sunt,
2844 457 3026 512 usibus
3074 458 3376 528 profutura.

99 540 246 596 omni
275 538 428 594 malo
455 536 729 612 defendat.

823 651 998 708 LVlil.

101 743 460 810 Conﬁrmatio
492 745 760 798 erectionis
791 747 1057 799 canonica:
1085 744 1146 799 S.
1173 744 1360 798 Maria:
1393 744 1449 796 iu
1491 742 1700 796 Relicu-

173 813 327 882 bnch,
372 831 499 877 qua:
533 817 630 867 sub
684 815 982 882 apostolicw
1044 815 1202 868 sedis?
1244 814 1558 882 proiectione
1618 832 1698 866 re-

171 880 420 951 cipitur;
468 880 890 952 conﬁrmatisque
952 885 1098 937 bonis
1163 880 1400 937 omnibus
1461 884 1528 935 ad
1583 900 1696 936 eam

173 947 574 1071 alimmum-ibus,
610 947 860 1007 nouunt-la
913 955 1086 1016 eidem
1133 953 1488 1016 conceduntur
1536 954 1696 1022 privi-

193 1037 331 1071 eam.

193 1037 331 1090 egra.

720 1119 897 1187 (Anno
923 1119 1098 1189 1092.)

105 1202 530 1272 [CocouELmBs,
555 1204 770 1277 bellor”
800 1207 1064 1276 pririIcg.,
1103 1224 1292 1260 summ.
1341 1218 1484 1277 paul.
1533 1207 1695 1276 αιιῳι.

675 1276 886 1331 Coum.
916 1278 980 1342 ιι,
1004 1278 1118 1350 67.]

176 1363 432 1420 Unasuus
458 1365 766 1434 episcopus,
797 1382 985 1420 seruus
1017 1382 1297 1420 scrvormn
1340 1365 1452 1428 Dei,
1483 1367 1695 1420 charis-

107 1455 236 1510 simo
258 1455 373 1511 ﬁlio
407 1456 686 1512 ULDARICO
716 1459 1006 1528 praeposito
1026 1461 1323 1522 canonicar,
1351 1477 1470 1530 quae
1504 1461 1554 1512 in
1583 1459 1701 1513 loco

110 1549 484 1618 Raiteupuech
511 1550 577 1602 ad
605 1551 863 1605 honorem
895 1549 951 1604 S.
981 1550 1073 1604 Dei
1096 1550 1372 1620 genitricis
1398 1561 1452 1605 et
1476 1550 1699 1622 virginis

110 1637 285 1692 Mariae
313 1638 420 1692 sita
447 1640 807 1709 est,,_ejusque
846 1639 1250 1695 successoribus
1287 1639 1544 1694 canonice
1572 1639 1697 1694 sub-

111 1731 415 1791 stituendis,
446 1730 502 1783 in
537 1739 874 1800 perpetuum.

1800 536 2044 592 Obcunte
2097 553 2238 592 nunc
2274 536 2509 606 ejusdem
2559 543 2661 598 loci
2712 548 3019 615 praiposilo,
3048 551 3130 605 vel
3161 561 3376 612 tuorum

1800 629 2040 696 quolibet
2063 643 2456 697 successorum,
2489 633 2666 690 nullus
2709 637 2776 692 ibi
2810 641 3046 708 qualibet
3073 646 3377 715 subreptio-

1801 723 1884 775 nis
1913 722 2107 779 astutia
2145 731 2487 790 praeponatur
2527 726 2628 781 nisi
2671 742 2829 796 quem
2867 732 3066 788 fratres.
3101 739 3382 793 communi

1799 825 2064 866 consensu
2113 813 2196 868 vel
2253 814 2480 869 fratrum
2530 832 2656 886 pars
2697 822 2908 876 consilii
2946 826 3176 882 sanioris
3201 827 3379 898 elege-

1801 903 1927 956 rint.
1963 902 2412 961 Consecrationes
2447 906 2697 964 altarium
2729 912 2843 968 sive
2884 913 3256 984 basilicarum,
3283 933 3379 973 or-

1799 995 2102 1055 dinationes
2143 998 2486 1067 clericorum,
2533 1003 2988 1070 chrisma,oleum
3029 1019 3294 1076 sanctum,
3325 1019 3402 1067 et,

1796 1097 1992 1143 caetera
2019 1091 2086 1144 ad
2111 1091 2418 1162 episcopale
2438 1093 2669 1153 oﬁicium
2687 1098 3007 1165 pertinentia
3034 1100 3102 1154 ab
3125 1101 3381 1171 episcOpo

1801 1179 2080 1250 Frisingcn
2117 1221 2130 1234 .
2161 1222 2183 1238 ..
2210 1222 2262 1250 .,,
2314 1185 2368 1239 in
2395 1184 2549 1254 cujus
2572 1187 2793 1244 diceeesi
2825 1191 2977 1257 estis,
3007 1193 3302 1262 accipietis,
3335 1197 3406 1248 si.

1802 1280 1978 1328 tamen
2005 1275 2306 1330 catholicus
2330 1286 2435 1342 est,
2464 1287 2520 1332 et
2565 1281 2790 1348 gratiam
2837 1297 2900 1336 ac
2944 1284 3377 1339 communionem

1800 1364 2110 1432 apostolicae
2135 1366 2279 1420 sedis
2305 1369 2554 1424 habuerit
2582 1378 2638 1425 et
2667 1372 2848 1440 gratis.
2868 1382 2922 1426 et
2960 1373 3077 1428 sine
3115 1374 3408 1444 pravitate-

1801 1453 2113 1523 impendere
2141 1458 2390 1514 voluerit.
2420 1460 2745 1538 Aliasvcro,
2788 1463 2939 1518 vobis
2991 1464 3150 1520 liceat
3188 1463 3378 1520 catho-

1801 1546 1961 1601 licum
1986 1562 2144 1616 quem
2167 1549 2445 1606 volueritis
2470 1535 2620 1606 adire
2640 1535 2958 1620 antistitem,
2983 1564 3038 1610 et
3063 1554 3132 1609 ab
3158 1569 3225 1610 eo
3252 1569 3380 1611 con-

1801 1638 2164 1694 secrationum
2213 1652 2557 1698 sacramenta
2607 1644 2900 1713 suscipere,
2953 1646 3032 1701 vel
3077 1646 3144 1700 ad
3195 1647 3408 1702 sedem.

1801 1728 2156 1797 apostolicam
2186 1742 2492 1797 recurrere;
2544 1732 2634 1801 qui
2681 1732 2844 1788 fultus
2869 1734 3162 1803 apostolica
3192 1744 3379 1790 aucto-

179 1816 518 1872 Potestatem
566 1818 760 1890 ligandi
803 1827 964 1888 atque
995 1818 1247 1890 solvendi
1297 1818 1348 1879 in
1383 1819 1537 1879 caelis
1566 1828 1620 1874 et
1646 1821 1702 1874 in
1734 1807 1773 1865 Β
1803 1819 1965 1873 ritate
1987 1819 2103 1873 sine
2132 1819 2482 1889 ambiguitate
2509 1822 2776 1890 postulata
2806 1825 3089 1878 concedat.
3111 1822 3404 1880 Praeterea.

116 1920 270 1972 terra,
309 1910 368 1963 Β.
406 1909 576 1964 Petro
607 1910 836 1980 ejusque
865 1911 1288 1974 successoribus,
1319 1921 1537 1966 auctore
1573 1913 1702 1975 Deo,

114 2001 485 2071 principaliter
520 2004 792 2066 traditam,
835 2003 943 2058 illis
979 2003 1220 2058 Ecclesia
1260 2004 1437 2057 verbis
1460 2004 1707 2074 agnoscit

119 2095 301 2162 quibus
339 2094 570 2149 Petrum
598 2104 680 2150 est
722 2096 980 2151 Dominus
1025 2096 1326 2152 allocutus:
1370 2095 1704 2166 Quiecunque

122 2185 344 2252 ligaveris
369 2203 538 2255 super
585 2197 800 2255 terram,
828 2199 978 2242 erunt
1027 2189 1192 2260 ligata
1245 2198 1291 2242 et
1341 2189 1396 2242 iu
1444 2189 1615 2254 cwlia,‘
1655 2197 1702 2242 et

121 2291 424 2345 qurrcuuque
453 2275 676 2330 solveris
721 2294 876 2346 super
919 2287 1138 2342 terram,
1167 2287 1318 2332 erunt
1348 2278 1521 2332 soluta
1569 2288 1616 2332 et
1648 2281 1721 2334 in.

122 2366 250 2425 (alia
285 2366 511 2435 (Matth.
546 2385 652 2430 xvi,
687 2368 793 2438 19).
837 2369 938 2438 Ipsi
982 2383 1196 2439 quoque
1231 2377 1286 2424 et
1332 2370 1564 2438 propria:
1613 2370 1702 2424 lir-

123 2459 269 2513 mitas
292 2459 563 2515 etaliena:
593 2461 713 2515 ﬁdei
732 2460 1096 2527 conﬁrmatio,
1119 2462 1306 2516 eodem
1334 2463 1440 2514 Deo
1459 2470 1698 2528 auctore,

122 2556 414 2616 prmstatur,
438 2565 571 2604 cum
603 2550 668 2604 ad
699 2567 822 2605 eum
849 2551 923 2605 ait
950 2569 962 2605 :
989 2550 1184 2621 Rogavi
1218 2568 1312 2620 pro
1337 2560 1407 2617 te,
1440 2550 1614 2619 Petre,
1647 2563 1701 2606 ut

125 2656 217 2693 non
247 2641 451 2708 deﬁciat
499 2642 632 2711 ﬁdes
667 2652 780 2708 tua,
806 2652 854 2696 et
888 2655 942 2696 tu
973 2643 1255 2712 aliquando
1285 2660 1557 2698 conversus
1581 2661 1702 2698 con—

125 2730 263 2795 ﬁrma
289 2733 483 2799 fratres
519 2743 636 2787 tuo:
667 2734 815 2803 (Luc.
858 2751 992 2798 χχιι,
1020 2735 1132 2804 52).
1179 2736 1399 2804 Oportet
1429 2751 1558 2806 ergo
1603 2751 1700 2791 nos

126 2821 228 2888 qui,
267 2821 396 2876 licet
440 2824 692 2894 indigni,_
725 2824 867 2878 Petri
916 2826 1212 2879 resideums
1246 2827 1296 2878 in
1349 2825 1483 2888 loco,
1538 2841 1700 2895 prava

125 2912 407 2982 Cmrigcre,
469 2924 622 2972 recta
669 2917 888 2970 ﬁrmare
936 2926 989 2971 et
1045 2918 1096 2970 in
1147 2917 1291 2972 omni
1347 2917 1585 2972 Ecclesia
1633 2921 1700 2976 ad

129 3005 295 3060 :eterni
347 3005 639 3059 arbitrium
683 3005 888 3068 ludii-is
937 3007 1015 3063 sic
1047 3009 1374 3077 disponenda
1415 3009 1700 3079 disponere

132 3102 178 3142 ut
202 3092 262 3146 de
286 3094 431 3149 vultu
461 3093 586 3163 ejus
608 3098 868 3166 judicium
897 3099 1138 3169 prodeat,
1169 3108 1222 3155 et
1251 3100 1390 3154 oculi
1419 3102 1586 3155 nostri
1620 3102 1697 3155 vi-

1803 1911 2121 1965 advocatum
2174 1913 2328 1966 vobis
2408 1913 2523 1968 sive
2600 1923 2958 1982 protectorem
3003 1916 3379 1972 constituimus

1801 2001 2086 2058 Gulfonem
2117 2002 2350 2074 egregia:
2374 2005 2712 2060 strenuita‘tis
2751 2007 2967 2073 ducem,
3000 2005 3223 2076 ejusque
3261 2017 3404 2076 post.

1801 2109 1924 2149 cum
1949 2093 2108 2160 ﬁlios,
2137 2094 2182 2149 si
2206 2091 2488 2162 ejusmodi,
2509 2095 2618 2151 Deo
2639 2106 2948 2166 praistante,
2977 2097 3194 2165 iuerint,
3217 2107 3379 2154 utec-

1800 2184 1983 2240 clesiae
2005 2195 2202 2240 vestra:
2227 2184 2389 2240 utiles
2420 2197 2474 2240 et
2497 2196 2733 2256 paternae
2760 2189 3117 2246 institutionis
3141 2191 3380 2246 existant

1801 2285 2174 2340 exsecutores.
2234 2279 2329 2333 Sin
2385 2286 2586 2342 autem,
2628 2279 2794 2332 vestri
2844 2280 2950 2334 erit
2977 2280 3186 2335 arbitrii
3216 2295 3407 2351 quem,

1802 2366 2294 2439 placueriteligere
2321 2377 2506 2424 vestrm
2537 2368 2787 2423 Ecclesirc
2817 2369 3065 2424 idoneum
3104 2377 3379 2440 protecto.

1803 2473 1940 2525 rem,
1972 2459 2066 2528 qui
2095 2460 2214 2515 sine
2254 2460 2388 2516 lucri
2419 2460 2694 2516 saecularis
2738 2461 3024 2515 exactione
3075 2460 3129 2515 id
3185 2461 3382 2515 divina:

1802 2549 2080 2604 servitutis
2109 2550 2426 2620 obsequium
2445 2561 2666 2606 strenue
2686 2564 2750 2603 ac
2774 2559 3084 2606 reverenter
3105 2550 3377 2606 exhibeat.

1801 2639 2170 2710 Omnipotenti
2208 2650 2390 2696 autem
2426 2642 2675 2706 Domino,
2707 2642 2859 2711 cujus
2887 2641 3078 2696 melior
3111 2648 3195 2696 est
3223 2641 3383 2695 mise-

1802 2731 2036 2787 ricordia
2067 2748 2229 2800 super
2276 2733 2543 2800 victimas,
2590 2735 2794 2803 gratias
2832 2735 3061 2804 agimus,
3111 2732 3238 2802 quia
3290 2748 3382 2786 vos

1801 2826 1936 2881 estis
1979 2825 2071 2894 qui
2105 2825 2201 2879 SS.
2235 2825 2456 2880 Patrum
2489 2828 2653 2880 vitam
2701 2826 3034 2896 probabilem
3079 2825 3379 2886 renovatis,

1799 2926 1855 2972 et
1878 2916 2187 2986 apostolicae
2225 2917 2472 2973 instituta
2503 2919 2820 2987 disciplinae,
2850 2920 2904 2973 in
2941 2917 3253 2987 primordiis
3278 2916 3380 2972 Ec-

1799 3010 1979 3066 clesia:
2019 3020 2224 3064 sanctae
2264 3019 2473 3076 exorta,
2523 3011 2615 3066 sed
2644 3019 2922 3065 crescente
2973 3009 3214 3064 Ecclesia
3265 3008 3412 3077 jam.

1802 3113 1941 3168 pene
1964 3097 2160 3164 deleta,
2187 3100 2444 3154 instinctu
2472 3101 2641 3155 sancti
2671 3099 2906 3170 Spiritus
2935 3102 3229 3156 suscitatis.
3263 3100 3413 3153 Duo,

131 3183 276 3238 deant
297 3164 622 3256 aiquitntein
647 3187 818 3256 (Prol.
856 3164 964 3255 xvi,
990 3191 1068 3259 ‘2).
1119 3191 1252 3258 Quia
1300 3192 1462 3262 igitur
1498 3193 1696 3248 ﬁdelis—
1723 3164 1764 3220 δ
1797 3164 1942 3248 enim
1974 3194 2043 3247 ab
2078 3192 2329 3256 Ecclesiae
2355 3164 2897 3261 sanctaiprimordiis
2925 3193 3049 3246 vita:
3094 3190 3209 3259 ejus
3253 3190 3382 3244 ﬁliis

135 3277 238 3328 simi
262 3276 522 3334 Romamn
557 3280 807 3335 Ecclesiae
833 3283 947 3347 ﬁlii,
982 3283 1154 3338 Welfo
1176 3285 1285 3350 dux
1326 3285 1694 3351 Bavariorum,

136 3376 179 3420 ct
204 3368 381 3437 conjux
405 3370 530 3437 ejus
551 3371 790 3435 .luditha,
821 3389 918 3442 pro
945 3374 1248 3429 animarum
1280 3392 1497 3431 suarum
1525 3378 1698 3432 salute

139 3463 423 3516 canonicam
452 3465 687 3526 fratrum
720 3468 1014 3525 secundum
1049 3469 1290 3538 regulam
1323 3469 1383 3522 li.
1413 3469 1694 3539 Augustini

137 3552 426 3620 viventium,
473 3556 677 3610 inloco
727 3559 816 3626 qui
866 3558 1198 3612 Rettenbach
1237 3561 1452 3621 dicitur,
1493 3563 1696 3615 consti-

142 3650 344 3710 tuentes,
373 3647 624 3700 eamdem
669 3649 885 3702 domum
916 3649 974 3703 Β.
1015 3650 1175 3706 Petro
1227 3650 1510 3706 devotione
1545 3652 1700 3707 obtu-

139 3731 252 3800 lere,
286 3754 380 3794 nos
424 3751 540 3796 tum
588 3743 1014 3812 prorcverentia
1045 3750 1100 3796 et
1149 3742 1437 3798 devotione
1485 3743 1547 3798 B.
1605 3745 1697 3800 Dei

141 3828 389 3893 genitricis
417 3849 743 3904 semperque
766 3834 988 3906 virginis
1028 3834 1228 3900 Mariae,
1281 3835 1433 3905 cujus
1480 3837 1719 3894 nomine

143 3916 270 3974 locus
297 3922 405 3994 ipse
446 3925 732 3981 dedicatus
761 3935 863 3992 est,
899 3936 1009 3981 tum
1057 3943 1154 3996 pro
1192 3926 1478 3983 dilectione
1508 3929 1700 4000 praedi-

145 4015 326 4065 ctorum
359 4013 610 4070 ﬁliorum‘
637 4026 969 4083 nostrorum,
1009 4018 1172 4072 etiam
1217 4033 1315 4088 pro
1343 4001 1700 4084 fraternitatis

143 4109 310 4156 vestra:
352 4105 915 4177 religionepra-l'atam
947 4108 1284 4174 canonicam,
1317 4109 1700 4174 cui,Deodis-

145 4200 369 4259 ponente,
424 4181 730 4264 praesidere
787 4197 1129 4268 cognosceris
1191 4197 1254 4260 in.
1309 4198 1716 4266 protectionem.

147 4292 428 4350 perpetuam
457 4303 522 4342 ac
551 4287 602 4341 in
635 4288 855 4342 tutelam
878 4287 1186 4358 apostolica:
1217 4288 1362 4344 sedis
1395 4271 1708 4357 specialiter,

149 4372 462 4442 suscipimus.
494 4377 615 4436 Tibi
649 4380 830 4447 itaque
863 4379 1076 4449 tuisque
1122 4378 1373 4448 legitimis
1419 4381 1726 4435 successo»

149 4459 276 4518 ribus
299 4471 537 4525 eanulem
586 4472 879 4542 regendam
924 4487 988 4528 ac
1035 4472 1420 4542 disponendam
1448 4471 1715 4542 praesenti.

150 4547 323 4608 drcreti
376 4560 538 4614 nostri
588 4561 778 4631 pagina
832 4561 1238 4624 conﬁrmamus,
1285 4575 1407 4616 cum
1451 4563 1700 4616 omnibus

151 4655 249 4705 quae
276 4647 317 4700 ei
342 4646 447 4716 jam
474 4660 528 4704 et
567 4653 946 4720 pra-dictorum
977 4653 1170 4707 ducum
1203 4651 1570 4720 facultatibus,
1605 4667 1699 4711 seu

153 4732 347 4791 aliorum
372 4756 625 4796 concessa
660 4752 784 4800 sunt
811 4743 1083 4801 oblatione
1111 4743 1370 4799 ﬁdelium.

209 4825 570 4900 Quamobrem,
601 4851 693 4903 per
719 4843 1036 4905 praesentem
1067 4836 1235 4891 nostri
1270 4836 1531 4906 privilegii
1558 4837 1699 4905 pagi-

155 4929 277 4980 nam,
306 4926 588 4990 apostolica
615 4926 934 4981 auctoritate
961 4926 1246 4982 statuimus
1276 4934 1333 4978 ut
1362 4941 1697 4995 qumcunque

157 5001 287 5061 hodie
311 5011 757 5072 ideincmnobium
780 5019 900 5087 jure
927 5019 1310 5088 possidet,sive
1339 5020 1390 5072 in
1419 5028 1694 5088 posterum

155 5104 466 5162 concessione
493 5109 826 5179 pontiﬁcum,
859 5109 1180 5171 liberalitate
1203 5111 1524 5181 principum,
1549 5112 1695 5165 obla-

157 5186 521 5254 tionclidelium
555 5202 681 5272 jure
719 5212 881 5272 atque
927 5203 1189 5258 canonice
1223 5204 1420 5272 poterit
1448 5204 1694 5271 adipisci,

159 5275 286 5334 ﬁrma
315 5287 410 5349 tibi,
443 5294 648 5365 tuisque
686 5295 1087 5350 successoribus
1116 5303 1171 5350 et
1223 5296 1427 5350 illibata
1475 5311 1692 5365 perma-

161 5381 313 5458 neant.
353 5380 694 5441 Decernimns
735 5402 864 5458 ergo
919 5397 978 5442 ut
1034 5387 1162 5442 nulli
1192 5389 1371 5444 omnia
1414 5389 1686 5442 hominmn

162 5454 294 5518 liceat
316 5475 548 5529 eamdem
580 5479 898 5533 canonicam
930 5488 1133 5534 temere
1163 5481 1498 5549 perturbare,
1529 5489 1619 5534 aut
1641 5480 1707 5534 ei.

164 5552 366 5616 subditas
413 5572 778 5634 possessiones
823 5570 1082 5626 violenter
1134 5571 1390 5638 auferre,
1453 5572 1692 5627 minuere

164 5650 207 5692 ει
237 5653 509 5715 lenierariis
533 5663 902 5717 vcxationibus
941 5663 1184 5732 fatigare,
1215 5665 1308 5719 sed
1339 5663 1516 5718 omnia
1559 5665 1692 5718 intc-

168 5746 240 5798 gra
258 5753 635 5822 conserventur,
670 5771 876 5821 corum,
920 5771 1017 5825 pro
1047 5771 1274 5826 quorum
1304 5755 1695 5811 sustentationc

1797 3293 1922 3338 sunt
1950 3284 2237 3348 instituta;
2279 3300 2409 3348 una,
2457 3299 2562 3353 qua
2611 3284 2944 3338 inﬁrmorum
2977 3283 3228 3338 debilitas
3253 3283 3380 3336 reti.

1799 3385 1974 3440 netur,
2009 3376 2178 3430 altera
2215 3392 2320 3445 qua
2361 3376 2645 3431 fortiorum
2695 3376 2804 3430 vita
2854 3374 3011 3429 beata
3066 3373 3373 3444 perﬁcitur;

1799 3482 1902 3520 una
1939 3481 2224 3521 remanens
2251 3467 2303 3520 in
2348 3467 2518 3537 Segor
2547 3465 2790 3535 parvula,
2835 3464 3004 3518 altera
3035 3463 3120 3516 *ad
3176 3461 3377 3517 montis

1797 3555 1992 3608 altiora
2036 3556 2440 3619 conscendens;
2473 3571 2575 3613 una
2606 3553 2877 3624 lacrymis,
2920 3561 2975 3607 et
3017 3551 3410 3621 eleemosynis.

1798 3647 2111 3717 quotidiana
2140 3647 2690 3716 peccata'redimens,
2737 3646 2906 3701 altera
2955 3644 3266 3715 quotidiana
3300 3643 3380 3697 in-

1797 3741 1997 3796 stantia
2025 3742 2446 3796 merita-mtern—a
2471 3740 2827 3809 conquirens;
2860 3738 3086 3792 alteram
3112 3745 3373 3800 tenentes,
3405 3797 3408 3799 _

1797 3830 2112 3887 inferiorem
2142 3831 2372 3886 terrenis
2409 3830 2567 3885 bonis
2593 3839 2855 3894 utuntur;
2889 3829 3113 3884 alteram
3150 3840 3378 3897 sequen-

1801 3936 1903 3990 tes,
1948 3925 2283 3994 superiorem
2316 3924 2455 3981 bona
2489 3931 2703 3976 terrena
2757 3920 3062 3990 despiciunt
3105 3934 3170 3973 ac
3214 3919 3376 3972 relin-

1800 4023 1992 4086 quunt.
2045 4015 2168 4069 llaec
2222 4023 2400 4068 autem
2431 4029 2550 4082 quin
2593 4031 2622 4066 a
2677 4011 2907 4066 terrenis
2959 4010 3140 4064 divino
3190 4008 3372 4062 favore

1800 4108 2090 4162 divertitur
2126 4106 2178 4158 in
2211 4106 2343 4160 duas
2362 4105 2520 4160 unius
2559 4117 2694 4174 pene
2723 4102 3070 4172 ejusdemque
3102 4099 3374 4168 praepositi

1799 4199 2054 4253 dividitur
2081 4198 2378 4268 portiones,
2407 4196 2792 4251 canonicorum
2820 4192 3025 4247 scilicet
3055 4200 3217 4259 atque
3263 4204 3376 4242 mo—

1801 4289 2136 4348 nachorum.
2164 4287 2366 4340 Harum
2399 4285 2636 4341 secunda
2659 4299 2760 4354 per
2789 4283 3026 4338 divinam
3069 4281 3377 4334 misericor-

1799 4381 1940 4435 diam
1962 4381 2074 4450 jam
2100 4379 2400 4448 frequentia
2435 4377 2575 4433 facta
2599 4379 2762 4433 etiam
2797 4378 2848 4431 in
2898 4375 3096 4430 szeculo
3127 4373 3377 4427 universo
3409 4414 3412 4415 ν

1801 4470 2011 4536 elucet;
2062 4470 2236 4539 prima
2266 4484 2395 4523 vero
2443 4469 2510 4524 de
2537 4467 2855 4530 calescente.
2881 4465 3091 4521 fervore
3139 4462 3376 4517 ﬁdelium

1794 4563 1906 4630 jam
1945 4577 2083 4632 pene
2106 4561 2327 4616 omnino
2351 4561 2589 4616 deﬂuxit.
2630 4560 2784 4616 lianc
2819 4569 3026 4628 martyr
3052 4567 3105 4613 et
3137 4553 3378 4626 pontifex

1801 4655 2056 4712 Urbanus
2084 4653 2336 4721 instituit,
2385 4655 2524 4708 hanc
2548 4653 2894 4724 Augustinus,
2913 4651 3024 4706 suis
3066 4647 3263 4718 regulis
3289 4663 3378 4701 or-

1800 4747 2024 4802 dinavit.
2057 4746 2204 4799 Hanc
2241 4745 2598 4815 Hieronymus
2626 4745 2739 4800 suis
2764 4742 3008 4814 epistolis
3039 4739 3372 4804 informavit,

1801 4837 1941 4891 hanc
1973 4837 2265 4907 Gregorius
2294 4837 2593 4905 Augustino
2630 4835 2922 4905 Anglorum
2968 4830 3376 4901 archiepiscopo

1800 4929 2184 4984 instituendam
2213 4929 2487 4998 praecepit.
2515 4928 2700 4996 Itaque
2727 4943 2828 4980 non
2861 4924 3086 4978 minoris
3109 4921 3378 5000 mstiman-

1799 5023 1925 5076 dum
1958 5031 2041 5075 est
2093 5020 2294 5086 meriti,
2347 5021 2488 5075 hanc
2533 5020 2696 5074 vitam
2753 5016 3002 5072 Ecclesiae
3041 5012 3374 5085 primitivam

1798 5112 2070 5182 aspirante
2097 5121 2152 5167 ct
2178 5123 2534 5182 prosequente
2574 5109 2781 5165 Domini
2811 5107 3002 5177 spiritu
3045 5114 3372 5169 sustentare,

1795 5222 1957 5276 quam
2009 5204 2287 5260 ﬂorentem
2338 5203 2722 5259 monachorum
2769 5199 3080 5270 religionem
3131 5197 3372 5268 ejusdem

1796 5299 2017 5369 Spiritus
2044 5297 2444 5368 perseverantia
2473 5293 2764 5348 custodire.

1873 5389 2117 5444 Vestrum
2145 5404 2272 5459 ergo
2304 5384 2636 5457 propositum
2666 5383 2836 5437 nostri
2862 5379 3187 5436 auctoritate
3211 5377 3369 5431 ollicii

1797 5481 2199 5543 conﬁrmamus,
2231 5486 2285 5532 et
2316 5477 2500 5530 ﬁrmos
2523 5489 2618 5529 vos
2649 5473 2700 5528 in
2735 5487 2799 5529 eo
2852 5470 3143 5542 persistere
3177 5465 3373 5520 adhor-

1802 5580 1976 5624 tamur
1997 5579 2052 5622 et
2082 5577 2332 5636 tanquam
2361 5564 2472 5620 Deo
2509 5580 2606 5634 per
2643 5579 2740 5619 nos
2770 5563 3092 5617 exhdrtantc
3121 5556 3374 5613 obsecra-

1802 5675 1938 5714 mus.
1981 5657 2340 5725 Quamobrem
2367 5656 2618 5712 omnibus
2648 5655 2700 5711 in
2731 5664 2910 5710 vestro
2933 5648 3180 5707 cmliobio
3206 5647 3373 5701 vitam

1803 5748 2118 5807 cautouicam
2149 5748 2443 5830 secundum
2479 5747 2646 5819 hujus
2696 5754 2935 5805 tenorem
2965 5739 3170 5799 ordinis
3209 5735 3372 5808 proti-
