3888 6322
531 334 637 392 559

534 447 792 512 teutibus,
819 454 873 502 et
897 444 1053 510 inea,
1077 443 1361 514 adjuvante
1378 441 1626 508 Domino,
1645 445 2104 513 permanentibus,

531 553 654 605 nos,
681 537 806 592 licet
832 535 1034 605 indigni
1066 535 1434 604 apostolorum
1464 535 1672 600 vicarii,
1710 549 1895 589 eorum
1923 550 1986 589 ac
2015 549 2109 590 no-

531 638 769 684 strorum
808 626 1275 692 benedictionem,
1318 635 1768 696 peccatorumque
1807 625 2106 681 absolutio.

533 735 654 772 nem
684 724 949 786 potestate
977 715 1082 772 illis
1130 731 1161 770 a
1213 716 1443 771 Domino
1479 715 1680 771 indulta
1733 717 2104 784 concedimus,

530 808 942 873 constituentes,
973 822 1042 862 ne
1062 807 1313 876 cuiquam
1344 806 1500 862 liceat
1531 806 1751 861 omnino
1781 807 1925 862 hunc
1941 806 2108 861 vestri

529 909 728 955 statum
756 899 962 954 ordinis
986 906 1344 962 commutare,
1363 897 1428 950 de
1451 912 1557 965 quo
1588 897 1639 950 in
1677 897 1906 951 Domino
1940 895 2110 951 conti:

530 991 708 1046 dimus
729 991 958 1070 multum
991 989 1223 1042 fructum
1252 1003 1588 1042 excrescere.
1624 987 1925 1042 Slatuimus
1946 989 2106 1043 etiam

531 1096 598 1136 ne
629 1080 982 1149 professionis
1012 1087 1204 1134 vest-rre
1240 1080 1524 1151 quispiam,
1562 1090 1844 1150 postquam
1870 1080 1964 1135 Dei
1989 1082 2109 1136 vice

529 1189 693 1243 super
721 1182 881 1242 caput
911 1172 1011 1226 sibi
1049 1172 1320 1226 hominem
1352 1172 1686 1242 imposuerit,
1727 1172 1952 1241 alicujus
1981 1173 2111 1228 levi-

531 1266 660 1319 tatis
681 1265 939 1318 instinetu
967 1263 1051 1317 vel
1083 1263 1432 1319 districtioris
1462 1262 1737 1334 religionis
1765 1263 2011 1332 obtentu,
2043 1279 2110 1318 ex

531 1356 722 1410 eodem
744 1355 978 1410 claustro
1011 1355 1206 1410 audeat
1227 1355 1343 1410 sine
1370 1355 1645 1426 praepositi
1685 1356 1846 1410 totius
1888 1371 2112 1427 congre-

533 1447 766 1516 gationis
824 1447 1179 1516 permissione
1226 1447 1531 1512 discedere;
1577 1446 1952 1502 discedentem
1983 1461 2113 1503 vero

534 1535 717 1589 nullus
749 1535 1024 1601 abbatum,
1057 1536 1139 1590 vel
1187 1537 1563 1606 episcoporum
1596 1544 1649 1591 et
1701 1534 1878 1589 nullus
1923 1549 2113 1589 monaq

534 1625 759 1679 chorum
789 1626 906 1680 sine
936 1626 1300 1682 communium
1331 1626 1633 1680 litterarum
1661 1624 1914 1679 cautione
1942 1623 2114 1678 susci-

532 1715 670 1784 piat,
717 1716 953 1770 decimas
985 1731 1199 1786 quoque
1243 1715 1516 1774 novalium
1563 1715 1806 1784 ejusdem
1835 1714 2113 1769 canonicae

533 1805 601 1858 ad
628 1805 871 1860 eamdem
900 1807 1174 1874 pertinere
1203 1806 1563 1872 decernimus,
1619 1804 1768 1859 salvo
1813 1803 2114 1858 vicinarum

531 1892 651 1961 jure
681 1895 1057 1950 ecclesiarum.
1087 1896 1192 1952 Vos
1222 1895 1400 1964 igitur,
1433 1895 1525 1949 ﬁlii
1575 1895 1628 1948 in
1661 1894 1880 1948 Christo
1906 1893 2115 1948 charis-

532 1983 676 2050 simi,
702 1993 914 2054 Oportet
934 1984 1193 2055 regularis
1220 1985 1519 2054 disciplinae
1543 1984 1882 2039 institutione
1911 1983 2115 2039 sollici-

535 2076 641 2131 tius
669 2092 733 2132 ac
755 2078 1000 2132 devotius
1025 2078 1303 2143 insudare,
1345 2086 1403 2132 ut
1429 2087 1632 2147 quanto
1668 2078 1799 2132 estis
1829 2093 1857 2131 a
1894 2077 2117 2133 saecula-

532 2169 686 2223 ribus
715 2168 1028 2223 tumultibus
1043 2167 1197 2223 liberi
1217 2175 1367 2222 tanto
1383 2167 1676 2222 studiosius
1689 2167 1901 2236 placere
1918 2166 2027 2221 Deo
2043 2175 2118 2219 to-

536 2256 643 2311 tius
660 2257 854 2312 mentis
875 2259 1186 2326 etlcorporis
1200 2257 1405 2311 viribus
1423 2257 1706 2323 anheletis,
1724 2257 1992 2326 prmeipue
2008 2266 2116 2311 stu.-

537 2351 727 2406 dentes
752 2350 1009 2405 Romanm
1035 2351 1286 2406 Ecclesiae
1309 2351 1524 2406 decreta
1561 2350 1866 2405 veneranda
1892 2363 2112 2405 servare

537 2440 693 2511 cujus
703 2442 1000 2513 patrocinio
1014 2443 1080 2498 ab
1099 2443 1243 2498 omni
1267 2441 1396 2514 jugo
1418 2442 1710 2498 viventium
1725 2442 1858 2498 estis
1873 2442 2114 2497 donante

535 2535 764 2590 Domino
797 2535 1123 2606 praemuniti.
1155 2535 1237 2591 Ad
1269 2535 1528 2590 indicium
1554 2542 1735 2590 autem
1761 2533 1921 2605 hujus
1948 2549 1977 2587 a
2005 2534 2114 2588 Ro-

538 2641 699 2680 mana
728 2626 964 2682 Ecclesia
993 2626 1276 2693 libertatis,
1305 2641 1403 2697 per
1431 2640 1603 2682 annos
1637 2624 1877 2696 singulos
1903 2625 1971 2680 ad
2014 2639 2114 2680 no-

536 2727 708 2773 strum
731 2729 1146 2789 nostrorumque
1165 2733 1539 2773 successorum
1565 2732 1722 2773 usum
1738 2716 2112 2787 quotidianum

537 2810 716 2865 albam
746 2809 941 2864 lineam
969 2817 1024 2863 et
1045 2809 1236 2864 stolam
1265 2807 1618 2864 Lateranensi
1668 2807 1868 2878 palatio
1910 2804 2118 2877 persol-

536 2899 700 2954 vatis.
757 2899 904 2954 Sane
954 2899 999 2954 si
1047 2900 1170 2969 quis
1215 2898 1270 2961 in
1322 2898 1618 2953 crastinum
1653 2896 2112 2967 archiepiscopus,

537 2990 841 3062 episcopus,
875 2990 1188 3060 imperator,
1232 2998 1328 3044 aut
1354 2990 1610 3060 princeps
1646 2997 1741 3044 aut
1773 2987 1902 3054 dux,
1933 3001 2117 3042 comes

539 3081 971 3147 autvicecomes,
1004 3079 1188 3150 judex,
1229 3095 1460 3151 persona
1488 3078 1756 3150 quarlibet,
1803 3088 1994 3147 potens
2021 3086 2116 3132 aut

539 3172 811 3242 impotens
839 3213 854 3239 ,
899 3171 1057 3240 hujus
1105 3173 1275 3227 nostri
1333 3171 1598 3242 privilegii
1643 3169 1894 3240 paginam
1944 3169 2120 3224 sciens

538 3271 729 3317 contra
758 3278 878 3318 eam
911 3271 1112 3318 temere
1139 3263 1346 3330 venire,
1397 3271 1454 3318 et
1491 3276 1681 3317 eorum
1711 3277 1831 3330 quae
1859 3275 2120 3315 concessa

539 3361 666 3410 sunt
694 3353 776 3408 vel
804 3362 1028 3420 statuta,
1058 3353 1355 3424 quidquam
1400 3351 1615 3407 irritum
1663 3349 1846 3406 facere
1876 3359 2122 3404 tentare..-

538 3444 632 3508 rit,
677 3444 915 3500 secundo
966 3444 1196 3500 tertiove
1237 3443 1623 3508 commonitus,
1669 3441 1714 3496 si
1747 3456 1854 3497 non
1906 3438 2121 3494 satisfar

537 3534 718 3589 ctione
743 3549 983 3606 congrua
1013 3532 1402 3600 emendaverit,
1456 3547 1579 3587 eum
1631 3531 1852 3586 honoris
1881 3538 1938 3585 et
1961 3528 2119 3584 olﬁeii

541 3624 626 3678 sui
673 3624 911 3693 periculo
963 3623 1244 3691 subjacere
1292 3622 1664 3689 decernimus,
1714 3629 1768 3676 et
1817 3636 1846 3674 a
1890 3635 2122 3690 carpere

541 3713 738 3768 Christi
769 3723 826 3769 et
852 3713 1106 3768 Ecclesiae
1141 3712 1462 3774 auctoritate
1493 3711 1803 3780 apostolicae
1837 3710 2120 3780 potestatis

544 3816 912 3872 segregamus.
939 3803 1398 3874 Couservautibus
1432 3813 1611 3856 autem
1661 3817 1765 3871 pax
1809 3809 1864 3855 et
1910 3799 2122 3853 miseri-

545 3891 730 3946 cordia
757 3908 784 3945 a
819 3893 926 3946 Deo
949 3894 1304 3961 praesentibus
1331 3901 1386 3947 et
1426 3889 1863 3960 futurisszeculis
1903 3905 2121 3944 COIISCI'.‘

541 3994 716 4040 vctur.
747 3988 938 4041 Amen.

616 4077 807 4132 Datum
837 4077 1093 4147 Agnaniae
1121 4075 1236 4132 Kal.
1268 4075 1421 4143 Feb.,
1454 4089 1596 4129 anno
1624 4074 1915 4130 Dominicac
1948 4073 2121 4130 iurar-

541 4165 776 4222 nationis
806 4167 966 4233 1090,
994 4166 1179 4223 indict.
1209 4182 1298 4234 xv,
1321 4164 1664 4236 pontiﬁcatus
1685 4164 1887 4229 domini
1921 4163 2120 4222 Urbani

540 4257 582 4310 ll
611 4272 782 4327 papae.

611 4348 885 4419 Scriptum
939 4364 1036 4420 per
1088 4365 1304 4406 manum
1355 4349 1642 4407 Lanfranci
1673 4349 1823 4405 vices
1878 4349 2116 4418 gerentis

540 4445 853 4501 cancellarii
876 4446 1018 4502 sacri
1050 4446 1253 4518 palatii,
1283 4463 1406 4504 eum
1436 4449 1589 4519 signo
1618 4447 1885 4518 ejusdem.

1257 4579 1390 4635 LIX.

537 4668 696 4727 Bulla
726 4670 926 4726 Urbani
954 4671 1016 4728 II
1048 4689 1198 4744 papa:
1229 4690 1322 4742 pro
1363 4672 1667 4736 Cataniensi
1707 4676 1936 4730 coenobio
1980 4674 2112 4748 (Η).

1132 4763 1310 4833 (Anno
1339 4763 1517 4833 1092.)

685 4855 835 4928 [Acta
861 4865 1162 4910 sanctorum
1198 4853 1448 4909 Bollaml.
1479 4855 1640 4911 Febr.
1675 4864 1712 4910 t.
1747 4856 1786 4921 l,
1819 4856 1972 4930 655.]

610 4948 856 5004 [insanus
898 4948 1202 5019 episcopus,
1235 4961 1424 5002 servus
1460 4963 1740 5003 servorum
1774 4950 1892 5015 Dei,
1921 4950 2116 5005 dilecto

539 5035 696 5090 fratri
712 5037 977 5093 Anscsnto
1005 5037 1314 5092 Cataniensi
1336 5037 1588 5114 episcopo
1618 5049 1672 5093 et
1691 5039 1872 5095 abbati
1895 5039 2116 5112 ejusque

539 5129 941 5185 successoribus
969 5132 1227 5186 canonice
1258 5131 1603 5188 instituendis
1645 5134 1697 5187 in
1732 5146 2074 5206 perpetuum.

611 5216 765 5272 Sicut
812 5219 1106 5276 beatissimi
1142 5221 1317 5276 Patris
1357 5231 1412 5277 et
1455 5224 1693 5279 doctoris
1723 5225 2110 5297 elegantissimi

537 5307 783 5378 Gregorii
809 5307 824 5360 l
850 5309 1064 5379 scriptis
1087 5311 1338 5367 veridicis
1357 5314 1675 5380 edocentur,
1710 5326 1923 5371 constat
1947 5317 2104 5371 Cata-

538 5397 806 5460 niensem,
834 5395 923 5450 ubi
950 5396 1005 5450 Β.
1041 5399 1249 5468 Agatha
1286 5412 1340 5457 et
1369 5413 1487 5459 orta
1515 5413 1566 5458 et
1602 5420 1760 5474 passa
1782 5415 1884 5472 est,
1919 5407 2114 5460 civita-

541 5496 650 5543 tem
674 5485 948 5559 dignitatis
970 5490 1286 5559 episcopalis
1313 5496 1611 5566 antiquitus
1635 5497 1806 5568 gloria
1829 5498 2112 5554 claruisse.

539 5580 708 5650 Capta
737 5589 916 5638 autem
959 5597 990 5637 a
1021 5581 1414 5641 Saracenorum
1455 5591 1664 5660 populis
1693 5591 1894 5650 Siciliae
1917 5593 2109 5663 insula,

614 5735 722 5808 (l4)
761 5734 911 5794 Nolae
939 5738 1197 5808 temporis
1227 5748 1348 5794 sunt
1372 5744 1592 5800 vitiosze.

1842 333 1902 388 B.
1947 333 2198 391 Ul’tBANl
2221 336 2258 392 ll
2289 337 2487 396 PAPrE
2521 339 2529 347 ”

3660 357 3735 412 3m

2139 449 2181 504 Α
2209 456 2263 502 et
2299 449 2427 516 illic,
2457 460 2510 507 et
2535 465 2632 520 per
2655 453 2788 508 alias
2817 456 3084 512 universae
3111 461 3406 528 provincia:
3453 464 3671 524 civitates
3700 483 3737 526 et

2209 541 2531 611 episcopalis
2563 543 2732 612 gloria
2778 547 2934 615 petiit
2967 557 3022 602 et
3046 548 3375 608 Christianae
3407 554 3527 610 ﬁdei
3553 558 3740 628 dignitas

2209 634 2434 689 interiit.
2475 635 2602 691 Post
2633 652 2802 693 annos
2830 654 2960 695 vero
2992 638 3106 696 fere
3135 643 3579 713 quadringentos,
3602 649 3739 705 divina

2207 724 2459 794 populum
2489 740 2646 780 suum
2683 727 3010 797 respiciente
3045 731 3357 802 clementia,
3388 749 3486 803 per
3515 742 3734 795 strenuis-

2209 817 2405 870 simum
2433 818 2684 872 comitem
2705 819 2994 890 Rogerium
3011 820 3450 880 Christianorum
3471 827 3574 896 juri
3599 846 3652 883 ea
3667 832 3743 885 less

2209 919 2292 968 est
2342 909 2515 972 insula
2554 911 2826 968 restituta.
2857 913 3029 978 Porro
3080 913 3224 969 idem
3275 919 3532 987 egregius
3585 936 3745 986 comes,

2211 1000 2467 1055 Romana:
2491 1002 2747 1060 Ecclesia:
2767 1005 3145 1062 devotissimus
3166 1008 3333 1077 ﬁlius,
3364 1010 3561 1078 ubique
3581 1011 3746 1067 urbium

2211 1095 2445 1162 antiqua:
2489 1094 2766 1165 dignitatis
2814 1097 3078 1153 anhelans
3121 1115 3220 1168 pro
3270 1111 3523 1171 tempore
3573 1101 3748 1170 gloriam

2211 1182 2530 1250 reformare,
2569 1185 2627 1238 Β.
2685 1185 2906 1256 Agathrc
2949 1196 3178 1242 matrem
3238 1189 3532 1244 ecclesiam
3584 1193 3751 1246 Calatia:

2212 1275 2397 1340 sitam,
2430 1277 2813 1330 monasterium
2835 1276 2950 1331 fore
2969 1278 3252 1347 disposuit,
3273 1289 3546 1350 quatenus
3569 1282 3662 1336 illic
3676 1283 3752 1336 ira-

2215 1372 2344 1429 tres,
2374 1365 2466 1420 Dei
2494 1367 2731 1421 servitiis
2765 1368 3096 1434 insistentes,
3132 1386 3226 1439 pro
3264 1372 3443 1441 ipsius
3484 1374 3660 1438 salute,
3685 1390 3753 1440 pro

2215 1444 2425 1524 uxoris,-
2444 1456 2706 1512 del‘unctae
2733 1469 2789 1514 et
2825 1459 3056 1514 militum
3089 1462 3403 1528 animabus,
3433 1464 3524 1536 qui
3553 1467 3752 1520 eamdem

2217 1556 2418 1603 terr-am
2460 1548 2896 1604 Christianorum
2927 1551 3120 1605 ditioni
3154 1567 3253 1607 suo
3295 1555 3564 1625 sanguine
3592 1572 3756 1623 repara-

2215 1649 2430 1709 verunt,
2459 1641 2846 1712 omnipoteutis
2875 1641 3086 1698 Domini
3135 1645 3574 1700 misericordiam
3619 1647 3757 1717 implo-

2219 1741 2421 1788 rarent.

2149 1802 2194 1858 Β
2292 1819 2402 1877 Nos
2431 1821 2612 1892 itaque
2657 1824 2792 1878 tanti
2821 1822 2924 1878 viri
2957 1822 3326 1888 devotionem,
3372 1834 3538 1894 prout
3585 1825 3756 1896 dignum

2218 1929 2322 1985 est,
2348 1917 2728 1989 approbantes,
2753 1920 3139 1973 monasterium
3171 1920 3397 1988 quidem
3424 1919 3533 1974 illic
3553 1930 3757 1989 perpetuo

2216 2025 2536 2081 permanere
2586 2011 2866 2079 prtesentis
2908 2011 3116 2082 paginae
3145 2011 3482 2065 auctoritate
3514 2011 3753 2064 sancimus.

2218 2101 2326 2157 Sed
2349 2102 2515 2168 enim,
2544 2102 2694 2173 quia,
2725 2111 2780 2154 ut
2803 2101 3178 2172 praediximus,
3207 2100 3510 2171 episcopali
3537 2100 3754 2169 quondam

2217 2195 2572 2266 prmrogativa
2604 2193 3010 2248 Cataniensium
3055 2193 3251 2248 civitas
3285 2192 3520 2246 illustris
3562 2191 3756 2261 agnosci-

2219 2298 2325 2355 tur,
2351 2289 2640 2358 adjicimus
2668 2297 2722 2342 et
2762 2287 3010 2358 prtesenti
3037 2287 3257 2342 decreto
3284 2288 3579 2343 statuimus
3605 2296 3655 2339 ut
3689 2303 3755 2337 nn-

2217 2392 2334 2438 stro
2358 2397 2571 2453 quoque
2596 2391 2834 2451 tempore
2861 2381 2926 2435 ad
2953 2382 3196 2436 eamdem
3235 2381 3644 2455 praeregativam
3668 2379 3754 2432 ml~

2217 2487 2338 2545 eat,
2375 2488 2431 2533 et
2468 2477 2775 2548 quicunque
2819 2478 2872 2531 in
2901 2477 3155 2548 praedicta
3189 2476 3425 2532 ecclesia
3459 2492 3489 2530 a
3531 2473 3754 2528 monachis

2217 2569 2421 2624 electus
2449 2568 2612 2623 fuerit
2639 2569 2692 2622 in
2723 2568 2995 2636 abbatem,
3031 2569 3172 2623 idem
3200 2568 3406 2644 p0pnlo
3431 2579 3634 2638 quoque
3659 2579 3754 2632 pne-

2219 2677 2339 2717 esse
2366 2661 2561 2716 debeat
2589 2660 2640 2714 in
2667 2661 2988 2718 antistitem.
3028 2661 3200 2721 Porro
3233 2670 3287 2715 et
3326 2660 3523 2715 civitas
3554 2657 3750 2711 universa

2219 2763 2275 2809 et
2321 2769 2441 2824 quae
2466 2755 2634 2818 circa,
2666 2753 2750 2807 vel
2793 2752 3069 2819 civitates,
3102 2752 3184 2813 vel
3223 2753 3404 2820 villae,
3464 2751 3545 2806 vel
3585 2748 3752 2818 oppida,

2219 2858 2340 2912 quae
2391 2843 2682 2914 praedictus
2731 2858 2913 2898 comes
2956 2843 3130 2898 eidem
3182 2843 3518 2910 monasterio
3548 2850 3597 2896 et
3638 2838 3752 2891 beate

2218 2931 2382 2986 Petro
2411 2931 2630 2996 obtulit,
2666 2931 2750 2985 vel
2775 2931 3056 2986 oblaturus
3083 2940 3186 2998 est,
3228 2940 3294 2986 et-
3309 2930 3573 3001 quidquid
3598 2929 3654 2980 ad
3679 2925 3748 2978 Cr.-

2223 3024 2524 3079 taniensem
2574 3023 2862 3078 ecclesiam
2914 3039 2981 3077 ex
3027 3023 3250 3093 antiquo
3296 3008 3428 3091 jure
3487 3017 3750 3092 pertinuisse

2148 3151 2191 3209 α
2223 3113 2418 3183 poterit
2448 3100 2758 3183 comperiri,
2790 3123 2898 3166 tant
2943 3113 2996 3166 in
3029 3111 3250 3179 dioecesi
3287 3127 3456 3182 quam
3500 3112 3549 3164 in
3595 3119 3739 3178 ροεευδ

2224 3206 2469 3262 sionibus
2493 3205 2545 3258 in
2571 3203 2782 3270 abbatis
2813 3214 2867 3259 et
2897 3204 3137 3273 episcopi
3163 3201 3551 3272 jurisdictione
3574 3215 3629 3251 ex
3652 3198 3748 3249 iuta

2221 3313 2317 3368 gro
2359 3311 2578 3366 semper
2621 3296 2886 3360 existant;
2933 3295 3181 3364 idemque
3212 3293 3383 3361 abbas
3437 3300 3492 3346 et
3529 3289 3751 3359 epismpus

2219 3397 2275 3442 et
2297 3386 2686 3442 monasterium
2715 3385 3060 3456 regulariter,
3099 3393 3156 3446 et
3199 3384 3411 3439 elerum
3459 3391 3512 3437 et
3556 3376 3750 3450 pepulum

2222 3480 2538 3535 universum
2573 3477 2834 3534 canonice
2857 3491 3063 3548 regere,
3096 3477 3325 3532 Domino
3340 3473 3644 3547 opitulante,
3668 3481 3751 3537 pru'

2221 3578 2396 3625 curet.
2755 3555 2758 3558 ’
2928 3554 2935 3560 ’
3389 3553 3397 3562 “

2295 3661 2369 3717 Te
2396 3662 2558 3733 igitur
2582 3661 2814 3731 primum
2854 3668 2975 3732 post
3007 3669 3156 3713 tanta
3183 3669 3430 3728 tempora
3462 3649 3747 3735 Cataniensis

2222 3751 2373 3807 urbis
2397 3735 2693 3805 antistitem
2727 3738 2950 3816 nostris,
2992 3759 3246 3818 tanquam
3283 3749 3338 3802 Β.
3371 3747 3530 3804 Petri
3552 3739 3746 3799 manibus

2222 3851 2617 3908 consecratum,
2667 3842 2950 3918 prmsentis
3003 3840 3267 3911 privilegii
3327 3839 3638 3894 auctoritate
3675 3828 3743 3884 do-

2221 3947 2434 4002 nantes,
2461 3936 2566 3992 tuis
2588 3951 2803 4007 quoque
2837 3921 3246 3990 sueceSsoribus
3268 3932 3542 3986 decretum
3574 3927 3660 3981 hoc
3687 3933 3747 3974 ra-

2223 4040 2334 4085 tum
2371 4036 2631 4098 perpetuo
2673 4039 2990 4096 permanere
3017 4022 3381 4091 decernimus,
3415 4030 3474 4073 ut
3509 4026 3692 4084 semper
3724 4022 3745 4059 ³

2222 4122 2467 4176 Romano
2493 4107 2749 4190 pontiﬁce
2783 4123 3191 4181 consecrentnr,
3241 4127 3458 4182 semper
3498 4120 3552 4166 et
3599 4118 3742 4160 mona-

2221 4214 2338 4276 chis
2369 4214 2421 4267 in
2453 4213 2704 4268 abbatem
2755 4219 2812 4265 et
2865 4208 3063 4279 populo
3111 4207 3332 4276 praesint
3375 4206 3428 4258 in
3473 4198 3738 4258 antistitem.

2222 4303 2465 4372 Denique
2496 4311 2552 4356 ut
2579 4303 2693 4356 haec
2723 4287 2985 4371 perpetuo
3013 4300 3189 4362 tirtna,
3231 4297 3443 4367 integra
3488 4304 3542 4349 et
3589 4287 3745 4344 illibata

2221 4394 2545 4459 consistant,
2576 4382 2899 4446 charissimo
2936 4389 3045 4444 lilio
3081 4397 3268 4443 nostro
3312 4387 3542 4459 Rogerio
3585 4373 3741 4436 comiti.

2150 4503 2195 4560 ι)
2222 4484 2548 4538 Christiana:
2575 4481 2695 4536 ﬁdei
2724 4483 3128 4554 propugnatori,
3156 4481 3382 4551 ejusque
3405 4469 3562 4534 uxori
3585 4482 3631 4529 et
3659 4468 3745 4523 ﬁliis

2221 4585 2276 4630 et
2304 4576 2586 4641 militibus,
2618 4589 2718 4643 pro
2753 4590 2982 4642 quorum
3024 4575 3394 4646 redemptione
3426 4568 3741 4628 Cataniensem

2220 4665 2409 4719 urbem
2441 4679 2564 4719 cum
2599 4672 2709 4718 tota
2742 4653 2962 4717 dimeesi
3009 4679 3103 4717 sua
3138 4664 3196 4717 Β.
3233 4661 3398 4718 Petro
3439 4653 3743 4730 apostolorum

2218 4753 2472 4826 principi,
2503 4769 2602 4808 suo
2633 4752 2816 4821 labore
2847 4754 3176 4817 restitutam,
3200 4751 3418 4819 obtulit,
3452 4748 3539 4803 Dei
3575 4752 3622 4798 et
3653 4748 3741 4804 ενίν

2219 4846 2479 4902 stolorum
2509 4846 2624 4914 ejus
2654 4847 2909 4916 gratiam,
2947 4854 3001 4898 et
3032 4844 3463 4900 benedictionem
3507 4848 3558 4894 et
3599 4842 3742 4904 μερίδ’

2221 4948 2396 4992 torum
2420 4937 2812 5004 absolutionem
2838 4952 2907 4991 ex
2938 4938 3244 5007 apostolicae
3271 4932 3596 5006 auctoritatis
3619 4934 3737 4994 qua!"

2219 5028 2436 5095 indigne
2483 5028 2720 5098 gerimus
2748 5028 2868 5082 vice
2913 5029 3462 5098 benevolentiamque
3507 5024 3736 5078 donamus,

2218 5127 2484 5194 quatenus
2513 5126 2567 5171 et
2595 5117 2650 5171 in
2680 5117 2932 5186 prmsenti
2955 5132 3143 5172 eorum
3180 5117 3461 5188 triumphi,
3499 5115 3735 5201 eorumque

2219 5217 2339 5264 acta
2372 5207 2678 5278 magniﬁca,
2711 5208 2851 5262 dona
2901 5208 3306 5278 oblationcsquc
3343 5209 3568 5284 vigeant,
3617 5207 3659 5253 cl
3698 5208 3733 5245 ιιι

2217 5301 2398 5356 futuro
2427 5300 2646 5370 praemia
2675 5307 2893 5355 aeternae
2915 5301 3262 5356 beatitudinis
3288 5301 3566 5356 inveniant.
3659 5376 3668 5381 _
3697 5371 3705 5381 .

2291 5393 2347 5448 Si
2375 5393 2498 5462 quis
2524 5400 2706 5446 autem
2735 5392 2899 5460 (quod
2931 5391 3089 5460 absit)
3121 5393 3204 5445 his
3233 5392 3437 5446 nostris
3479 5376 3728 5456 apostoliCiS

2218 5484 2694 5543 constitutionibus
2728 5483 3080 5553 pertinaciter
3107 5484 3320 5538 obviam
3362 5484 3440 5538 ire
3480 5465 3725 5536 tentaverit,

2217 5577 2456 5635 secundo
2494 5576 2720 5633 tertiove
2765 5576 3144 5642 commonitus,
3190 5576 3232 5632 si
3281 5593 3387 5631 non
3431 5561 3726 5631 satisfactione
