3888 6322
60 367 163 431 ω

1188 348 1546 408 EPISTOLAS
1577 346 1672 404 ET
1705 346 2116 403 PRIVILEGIA.

3183 349 3291 408 ’542

60 493 282 550 congrua
325 470 711 536 emendaverit,
743 467 952 545 noverit
987 480 1046 522 se
1082 464 1470 533 omnipotentis
1520 463 1616 518 Dei
1647 465 1694 521 A
1718 465 1962 534 adipisci,
2012 465 2289 519 ﬁrmamus
2334 431 2429 520 tibi
2470 463 2684 536 tuisque
2718 463 3150 532 successoribus,
3184 464 3288 522 illi.-

63 583 112 629 ct
157 577 461 631 sanctorum
526 561 893 631 apostolorum
956 557 1328 629 indignatione
1380 554 1633 628 graviter.

66 659 398 734 puniendum,
431 662 491 712 et
533 655 677 710 sedis
723 650 1032 722 apostolicm
1077 663 1244 720 quam
1274 645 1620 716 contempsit,

66 753 394 808 anathemate
433 743 870 802 confodiendum.
926 738 1394 797 Conservanlihus
1441 744 1622 790 autent

1721 559 1847 613 bata
1873 566 1932 612 ut
1958 565 2324 627 permaneant.

1794 650 2146 706 Decrevimus
2169 665 2299 724 ergo
2327 659 2388 704 ut
2413 649 2546 704 nulli
2575 649 2798 705 omnino
2826 651 3109 706 hominum
3135 650 3323 706 liceat.

1725 741 1866 798 idem
1894 741 2200 797 coenobium
2231 750 2435 796 temere
2471 741 2808 813 perturbare,
2849 749 2942 796 aut
2967 741 3016 797 ei
3055 741 3302 796 subditas

67 847 168 898 hac
189 855 288 910 pax
317 852 347 892 a
371 837 485 892 Deo
512 842 565 890 et
589 832 961 888 misericordia
980 824 1626 900 praesentibusetl'uturis
1726 833 2099 904 possessiones
2138 831 2378 897 auferre,
2424 831 2508 886 νει
2561 831 2739 889 ablata
2787 833 3044 898 retinere,
3090 831 3173 887 vel
3201 833 3302 886 ηιξ,

68 930 262 989 saeculis
299 934 672 984 conservetur.
699 923 892 985 Arinen,
927 936 1112 976 amen.

131 1025 315 1076 Datum
339 1016 602 1088 Anagnias
635 1031 728 1069 Vlt—
752 1013 876 1068 ldus
907 1011 1108 1074 Martii,
1152 1009 1340 1064 indict.
1369 1023 1483 1073 x-iv,
1532 1020 1630 1076 per

72 1124 245 1168 nianus
294 1106 523 1163 Joannis
569 1113 776 1160 sanctae
821 1102 1082 1156 Romanae
1114 1099 1370 1153 Ecclesia:
1417 1097 1626 1152 diaconi

71 1200 364 1265 rsnlinalis,
390 1213 534 1254 anno
567 1196 859 1251 Deminica:
885 1192 1278 1248 incarnationis
1307 1189 1463 1254 ltl9l,
1496 1206 1625 1258 pon-

76 1292 286 1360 tilicatus
322 1302 452 1346 vero
483 1286 664 1344 domni
701 1283 902 1342 Urbani
935 1283 978 1337 ll
1002 1297 1151 1353 papa:
1176 1289 1390 1352 quarto.

786 1414 899 1479 LX..-

81 1516 304 1581 Urbantts
340 1512 402 1567 ΙΙ
441 1510 818 1574 monasterium
861 1506 920 1562 S.
968 1505 1182 1581 Sophia:
1214 1503 1653 1581 Beneventatwm,

139 1578 376 1712 glandim
406 1582 626 1652 suscipit
659 1590 706 1636 et
745 1581 860 1650 ejus
891 1575 1241 1649 posSessiones
1254 1575 1487 1650 jnraquc
1515 1585 1638 1624 con-

203 1671 279 1709 ma

647 1740 829 1811 (Anno
856 1738 1044 1810 1092.)

444 1830 670 1904 ίΜΑΝει,
705 1829 911 1885 Concit.
944 1827 1065 1892 xx,
1094 1824 1275 1898 699.]‘

151 1929 384 1985 Uaaasus
414 1925 728 1994 episcopus,
757 1936 948 1977 servus
977 1934 1259 1976 servorum
1292 1915 1412 1983 Dei,
1442 1912 1652 1968 dilecte»

91 2021 137 2076 in
148 2021 344 2076 Christo
357 2018 466 2074 ﬁlio
479 2016 564 2070 Ms
574 2030 770 2080 nemo,
785 2014 966 2069 abbati
988 2008 1312 2068 venerabilis
1322 1999 1647 2063 "monasterii

94 2110 146 2164 S.
179 2107 376 2178 Sophia:
404 2106 554 2162 intra
584 2105 950 2160 Beneventum
996 2101 1122 2164 sibi,
1165 2099 1392 2168 suisque
1429 2108 1649 2157 succes-

96 2201 285 2255 soribus
310 2197 636 2268 regulariter
665 2192 1062 2251 substituendis
1097 2191 1151 2246 in
1178 2195 1522 2261 perpetuum.

161 2290 465 2346 Potestatetn
521 2287 753 2358 ligandi-
774 2293 940 2354 atque
975 2280 1219 2338 solvendi
1246 2279 1303 2333 in
1337 2277 1494 2332 cmi-is
1513 2284 1569 2330 et
1596 2273 1650 2328 in

98 2391 241 2448 terra,
270 2390 454 2436 sancto
481 2378 663 2434 Petro
691 2375 934 2447 apostolo
955 2373 1183 2443 suisque
1221 2369 1652 2432 successoribus,

102 2481 300 2528 auctore
322 2471 574 2534 Domino,
601 2467 975 2538 principaliter
998 2465 1253 2520 traditam
1281 2461 1389 2516 illis
1412 2458 1664 2514 Ecclesia

104 2564 260 2620 verbis
291 2562 559 2633 agnoscit,
602 2558 758 2629 cuius
796 2559 993 2614 iterum
1035 2553 1412 2611 est-Dominus
1443 2551 1659 2606 locutus

104 2656 160 2728 [fi
187 2654 370 2726 quibus
391 2668 518 2709 eum
547 2660 634 2708 est
659 2646 1286 2719 Dominus-allocutus}:
1321 2646 1660 2713 Qutccunque

104 2745 314 2816 ligareris
341 2745 391 2797 in
413 2754 582 2805 terra,
617 2749 769 2797 erunt
795 2740 959 2809 ligata
986 2747 1034 2801 et
1058 2739 1112 2792 in
1135 2737 1307 2803 caelis;
1338 2745 1387 2790 et
1413 2749 1661 2805 quwcun-

105 2834 424 2906 que-solveris
448 2841 869 2902 superaturam,
920 2839 1072 2884 erant
1117 2827 1290 2883 soluta
1331 2835 1379 2880 et
1423 2825 1478 2878 in
1519 2821 1668 2877 cretis

108 2925 296 2997 (Matth.
342 2925 476 2997 nt).
537 2923 646 2995 Ipsi
692 2937 907 2994 quoque
955 2929 1026 2975 et--
1060 2918 1281 2990 proprie
1322 2917 1578 2980 ﬁrmitas,
1607 2922 1666 2969 et

107 3017 256 3086 plena:
304 3017 422 3072 ﬁdei
470 3013 846 3078 conﬁrmatio,
903 3011 1095 3068 eodem
1145 3009 1666 3069 Dominoauetore,

109 3116 389 3175 pliestatur,
434 3121 565 3161 cutn
607 3103 676 3158 ad
717 3118 842 3159 eum
896 3102 1136 3164 dicitur:
1173 3099 1371 3170 Rogavi
1408 3112 1502 3167 pro
1531 3106 1580 3150 te
1605 3103 1662 3148 ut

113 3170 419 3268 eradcﬁciut
447 3198 583 3268 ﬁdes
603 3207 728 3262 tua,
759 3204 808 3250 et
831 3206 889 3248 tu
911 3193 1199 3264 aliquando
1229 3204 1665 3248 convasassem
1695 3170 1740 3227 C

115 3291 246 3357 ﬁrma
274 3290 454 3358 fratres
484 3283 607 3342 tuos
639 3285 793 3357 (Luc.
829 3283 951 3356 xu).
987 3283 1216 3358 Oportet
1241 3294 1371 3358 ergo
1403 3294 1522 3343 nos,
1556 3275 1673 3352 qui,

118 3381 224 3436 licet
250 3381 470 3452 indigni,
510 3354 661 3434 Petri
694 3354 936 3441 residere
973 3354 1224 3429 videmur
1247 3372 1300 3426 in
1332 3354 1472 3435 loco,
1505 3379 1674 3438 prava

119 3471 405 3548 corrigere,_
432 3479 586 3526 recta
632 3467 873 3543 ﬁrmare,
921 3472 977 3531 et
1025 3464 1080 3518 in
1129 3461 1278 3518 omni
1329 3457 1571 3525 Ecclesia
1608 3455 1676 3514 ad

122 3565 284 3619 azterni
323 3565 610 3620 arbitrium
642 3560 844 3629 iudicis
875 3558 958 3616 sic
996 3554 1332 3628 disponenda
1364 3553 1677 3622 disponere,

129 3656 255 3712 inde
278 3657 418 3712 vultu
445 3656 570 3726 ejus
591 3653 859 3730 judicium
888 3633 1136 3706 nostrum
1167 3647 1424 3728 prodeat,
1455 3651 1512 3696 et
1537 3639 1686 3702 oculi.

128 3748 274 3803 nostri
302 3723 522 3804 videant
556 3723 892 3823 aequitatem.
923 3741 1055 3797 Tuis
1077 3723 1262 3812 igitur,
1295 3736 1369 3790 ﬁli
1394 3731 1694 3796 Madelme,

125 3837 264 3906 iustis
281 3839 634 3911 petitionibus
649 3821 990 3898 ﬂannuentes,
1031 3833 1210 3887 Beatae
1247 3825 1465 3893 Sophia:
1501 3835 1683 3880 emno-

133 3931 278 3997 bium,
306 3932 410 3998 cui,
439 3929 674 3987 Domino
709 3935 956 3991 auctore,
987 3923 1279 3995 prmsidere
1307 3915 1696 3998 cognosceris,

132 4019 215 4074 sub
261 3993 414 4075 tutela
444 4028 504 4075 et
533 4016 917 4088 iurisdictione
957 3993 1108 4070 sedis.
1152 3993 1491 4081 apostolicae,
1545 4005 1686 4060 sicut

138 4110 372 4168 hactenus
420 4110 664 4176 mansit,
713 4116 975 4179 perpetuo
1036 4116 1358 4175 permanere
1406 4097 1686 4178 prtesentis

138 4203 319 4273 paginae
374 4201 703 4263 auctoritate
769 4184 1045 4255 sancimus
1099 4212 1134 4260 ε,
1167 4204 1227 4249 nt
1281 4193 1382 4253 soli
1433 4193 1697 4252 Romanae,

139 4290 364 4348 Ecclesia:
410 4291 688 4348 subditum
713 4330 728 4354 ,
778 4289 848 4345 ab
895 4286 1134 4343 omnium
1186 4284 1539 4344 ecclesiarum
1595 4295 1688 4334 seu

140 4398 468 4452 personarum
507 4385 640 4455 iugo
683 4381 917 4436 liberum
965 4377 1262 4442 habeatur;
1301 4382 1495 4430 cuncta
1526 4372 1690 4432 etiam

141 4487 241 4542 qua:
290 4472 777 4544 prredeccssoribus
828 4469 968 4534 tuis,
1030 4467 1109 4521 vel
1161 4465 1279 4529 tibi,
1333 4463 1401 4518 ad
1449 4460 1690 4531 ejusdem

1729 942 1918 991 nitere,
1947 924 2050 984 .vcl
2097 925 2402 980 temerariis
2437 923 2816 982 versationibus
2857 925 3174 988 molestare,
3212 933 3307 976 aut

1730 1019 1892 1074 etiam
1945 1019 2206 1094 inligare;
2261 1018 2353 1073 sed
2383 1017 2564 1071 omnia
2623 1016 2831 1087 integra
2885 1024 3333 1077 conserventur,_

1732 1124 1921 1162 eorum
1973 1123 2203 1176 quorum
2254 1106 2560 1167 substantia
2606 1121 2670 1160 ac
2730 1107 3132 1179 gubernatione
3179 1120 3309 1159 con-

1733 1215 1888 1254 cessa
1941 1208 2089 1264 sunt,
2143 1199 2332 1258 usibus
2358 1197 2504 1252 omni
2541 1197 2699 1252 modo
2728 1194 3031 1266 profutura.
3067 1195 3313 1250 Obeunte

1736 1303 1917 1346 autem
1949 1309 2092 1348 nunc
2123 1291 2342 1356 abbate,
2384 1289 2468 1344 vel
2499 1287 2740 1358 quolibet
2773 1300 3175 1350 successorum,
3199 1284 3315 1337 titil-

1736 1384 1818 1441 lns
1870 1385 1943 1440 ibi
1995 1385 2240 1463 qualibet
2288 1380 2657 1450 subreptionis
2698 1380 2895 1433 astutia
2925 1377 3013 1434 vel
3052 1374 3312 1430 violentia

1739 1486 2103 1549 prtrponatur,
2151 1476 2256 1531 nisi
2295 1490 2456 1545 quem
2489 1473 2691 1527 fratres
2721 1469 2998 1527 communi
3026 1481 3316 1531 consensu,

1742 1574 1827 1630 vel
1857 1573 2086 1628 fratrum
2116 1588 2243 1643 pars
2271 1569 2503 1627 consilio
2545 1568 2748 1624 saniori
2789 1564 3084 1635 elegerint;
3117 1562 3323 1618 electus

1743 1682 1772 1722 a
1805 1667 2052 1723 Romano
2098 1664 2353 1736 pontifice
2398 1672 2788 1725 consecretur;
2842 1658 3102 1721 chrisma,
3145 1655 3324 1711 oleum

1747 1771 2016 1826 sanctmn,
2045 1755 2488 1814 consecrationes
2519 1754 2775 1809 altarium
2794 1751 2930 1807 sive.
2957 1748 3323 1810 basilicarum,

1675 1822 2144 1909 Btordinationem
2183 1846 2576 1911 monachorum
2601 1843 2692 1918 qui
2720 1844 2787 1897 ad
2803 1855 3000 1897 sacros
3050 1845 3176 1894 sunt
3211 1834 3344 1904 iam,

1748 1958 1890 1998 nunc
1935 1940 2157 1996 ordines
2210 1933 2589 2007 promovendi,
2618 1933 2686 1988 ab
2715 1931 2985 2001 episcopis
3017 1929 3068 1983 in
3097 1941 3346 1998 quorum,

1751 2033 2081 2095 dioecesibus
2107 2029 2264 2095 estis,
2290 2025 2608 2097 accipietis;
2669 2021 2934 2092 siquidem
2991 2018 3223 2091 gratiam
3271 2025 3338 2070 et.

1751 2125 2187 2190 communionem
2216 2117 2527 2200 apostolica:
2551 2114 2696 2172 sedis
2721 2111 3031 2174 habuerint,
3060 2115 3115 2165 et
3144 2107 3188 2162 si
3215 2121 3333 2176 gra-

1754 2221 1922 2275 tis.ea
1951 2225 2010 2270 et
2035 2215 2154 2269 sine
2193 2198 2465 2286 pravitate
2500 2206 2880 2277 impenderim.
2918 2203 2974 2256 Si
3002 2198 3127 2268 quid
3153 2208 3348 2257 autem,

1754 2313 1947 2368 horum
1989 2307 2298 2370 obstiterit,
2329 2303 2514 2372 ,liceat
2553 2299 2706 2354 vobis
2737 2313 2767 2352 a
2797 2306 3120 2367 quocunque
3157 2289 3336 2346 volue-

1756 2405 1876 2461 ritis
1919 2400 2191 2457 catholico
2237 2397 2515 2473 episcopo,
2554 2410 2675 2463 quae
2700 2388 2954 2460 praedicta
2994 2393 3120 2440 sunt
3158 2395 3339 2437 sacra-

1755 2508 1938 2566 menta
2003 2495 2306 2568 percipere,
2359 2489 2491 2547 Tibi.
2538 2495 2708 2550 veroi,
2770 2496 2935 2552 quem
2988 2475 3356 2549 propensiore.

1757 2566 2027 2656 charitate
2057 2586 2458 2658 amplectimur,
2480 2595 2546 2636 ex
2575 2575 2888 2648 apostolicae
2913 2571 3059 2628 sedis
3085 2566 3372 2639 peculiari.

1759 2679 2092 2752 benignitate
2135 2676 2187 2730 id
2220 2670 2464 2734 muneris
2490 2664 2857 2739 personaliter
2883 2659 3243 2728 indulgemus,
3287 2663 3357 2714 ut,

1762 2789 1861 2846 per
1891 2748 2093 2826 annum
2125 2764 2441 2840 quinquies,
2459 2761 2524 2830 id
2549 2767 2654 2823 est,
2691 2757 2746 2812 in
2785 2756 2872 2810 die
2903 2748 3344 2809 sanctaaliesur-

1763 2841 2046 2928 rectionis,
2095 2869 2152 2924 et
2190 2859 2560 2916 Pentecostes,
2591 2858 2647 2905 et
2671 2846 2883 2905 Natalis
2914 2841 3124 2898 Domini
3174 2848 3367 2893 nostri.

1766 2954 2177 3021 Salvatorisque
2216 2947 2344 3009 Jesu
2384 2942 2610 3008 Christi,
2637 2936 3125 3004 gsolemnitatisque
3150 2929 3371 2986 duodeu

1767 3051 1876 3106 cim
1914 3053 2230 3106 sanctorum
2272 3040 2527 3102 fratrum,
2577 3047 2789 3089 necnon
2813 3037 2869 3084 et
2891 3027 3068 3084 sancti
3095 3021 3367 3090 martyris,

1769 3137 2043 3204 Mercurii,
2071 3135 2138 3197 ad
2164 3133 2450 3194 missarum
2474 3134 2688 3182 tantum
2710 3118 2998 3181 solemnia,
3025 3110 3389 3171 chirothecis.

1773 3201 1938 3301 atque
1963 3201 2130 3282 etiam
2150 3217 2653 3293 campagisuutaris.
2683 3213 2828 3268 Sane
2852 3209 2897 3265 si
2927 3206 3050 3278 quis
3077 3207 3133 3261 in
3161 3201 3368 3262 crasti-n

1773 3338 1902 3384 num
1934 3317 2376 3388 archiepiscopus
2425 3318 2520 3366 aut
2557 3308 2875 3378 episcopus,
2901 3360 2903 3362 ,
2926 3301 3222 3370 imperator
3264 3303 3370 3388 aut.

1775 3412 1914 3478 dux,
1951 3423 2068 3473 rex,
2111 3382 2387 3476 princeps,
2411 3407 2517 3464 aut
2548 3409 2756 3458 comes,
2792 3398 2888 3446 aut
2921 3388 3246 3448 vieecomes,
3266 3382 3358 3452 iu-

1775 3503 1904 3565 dex,
1933 3508 2026 3554 aut
2055 3509 2286 3567 persona
2309 3490 2584 3562 quaelibet,
2612 3497 2804 3554 magna
2829 3489 2922 3534 aut
2949 3492 3133 3547 parva,
3166 3482 3373 3544 potens

1778 3604 1874 3648 aut
1901 3563 2071 3647 etiam
2107 3580 2569 3655 impotens,,juris
2600 3574 2772 3632 nostri
2811 3568 3078 3650 privilegii
3107 3563 3377 3638 paginam

1778 3683 1993 3747 sciens,
2047 3686 2238 3739 contra
2288 3689 2406 3730 eam
2457 3671 2645 3727 venire
2701 3679 2922 3725 temere,
2955 3672 3048 3718 aut
3099 3655 3377 3732 primaria,

1780 3782 1965 3839 mente
1993 3768 2307 3832 tentaverit,
2345 3761 2587 3825 secundo
2613 3759 2848 3821 tertiove
2876 3751 3240 3812 commonitus
3277 3756 3364 3803 at-

1781 3877 1890 3938 que
1915 3862 2256 3923 adhortatus,
2282 3859 2326 3913 si
2368 3871 2474 3914 non
2507 3850 2882 3909 satisfactione
2914 3859 3157 3915 congrua
3187 3853 3380 3896 emen-.

1785 3955 2027 4020 davcrit,
2080 3952 2331 4008 eumdem
2384 3947 2608 4004 honoris
2672 3944 2758 4000 sui
2807 3951 2864 3997 et
2914 3937 3076 3995 olIicii
3127 3931 3370 4007 periculo

1787 4047 2093 4116 subiacere,
2139 4058 2348 4100 necnon
2382 4048 2435 4094 et
2465 4038 2793 4095 submovere
2839 4031 3204 4094 decrevimus,
3252 4033 3306 4080 et
3341 4040 3383 4084 a.

1788 4137 1993 4195 Christi
2044 4144 2209 4205 atque
2253 4129 2516 4189 Ecclesia:
2547 4140 2776 4196 corpore
2806 4121 3131 4178 auctoritate
3157 4123 3373 4186 aposto-

1791 4230 1908 4285 lica:
1949 4225 2238 4298 potestatis
2284 4211 3150 4294 segregamus:conservantihus
3193 4215 3375 4261 autem

1791 4336 1880 4389 ea,
1912 4335 2017 4393 pax
2063 4333 2094 4372 a
2145 4315 2376 4373 Domino
2413 4320 2470 4369 et
2510 4306 2885 4367 misericordia
2931 4298 3289 4372 praesentibus
3321 4301 3400 4354 et.

1797 4391 1995 4474 futuris
2027 4409 2240 4474 saeculis
2264 4416 2640 4462 conservetur.
2675 4403 2868 4460 Amen.
2899 4397 3045 4454 Bene
3071 4391 3264 4448 valete-

1727 4515 1771 4572 ι)
1868 4503 2063 4557 Datum
2092 4499 2356 4570 Anagnia:
2397 4513 2492 4567 per
2536 4509 2730 4552 manus
2769 4488 3014 4552 Joannis,
3054 4485 3112 4538 S.
3144 4483 3210 4536 Β.
3235 4481 3378 4560 sedis

145 4568 428 4626 “mntem
468 4567 874 4632 immunimcm
902 4562 992 4617 vel
1013 4560 1436 4659 Ρθῗδθῗῗὶθῃρηδῖ
1481 4565 1693 4611 nos‘w'
1727 4560 1768 4579 '—
1798 4591 2032 4655 diaconi,
2066 4560 2320 4659 pridfld.
2353 4560 2542 4652 Μηνὶ..
2568 4585 2752 4639 indict.
2800 4596 2888 4645 xv,
2932 4591 3076 4632 anno
3100 4571 3382 4643 pontiﬁca-

147 4671 245 4711 rum
275 4659 731 4728 praedecessorum
781 4663 910 4715 sunt
951 4651 1251 4724 privilegiis
1282 4648 1567 4712 attributa,
1598 4659 1697 4699 nos

151 4761 337 4818 quoque
364 4750 460 4805 tibi
496 4764 565 4804 ac
603 4745 1014 4803 successoribus
1056 4744 1163 4800 tuis
1212 4739 1540 4812 regulariter
1572 4751 1696 4808 pro-

153 4839 405 4894 movendis
447 4839 705 4906 przesenti
741 4835 1022 4907 privilegio
1058 4832 1478 4890 contrihuimns.
1521 4827 1697 4888 Cellas

154 4937 404 4997 praeterea,
429 4930 527 4987 vel'
545 4926 944 4995 ecclesias,vel
965 4925 1144 4988 villas,
1172 4939 1292 4994 quae
1313 4933 1406 4977 aut
1435 4918 1700 4975 industria

157 5020 384 5081 przediclo
427 5021 684 5078 videntur
736 5018 986 5076 cmoobio
1029 5016 1175 5086 iuste
1205 5028 1271 5068 ac
1308 5008 1709 5068 rationabiliter”

159 5112 412 5178 acquisita,
453 5111 811 5184 possidendas
841 5109 894 5166 in
928 5115 1250 5180 perpetuum
1288 5100 1696 5162 conﬁrmamus,

163 5198 208 5253 id
229 5212 320 5269 est,
348 5205 654 5270 ecclesiam,
684 5211 792 5259 etc.

417 5295 727 5366 (Enumerat
765 5291 980 5347 (ωηοὺῆ
1017 5287 1416 5360 possessiones.)

227 5381 316 5438 Per
357 5395 672 5455 praesentem
721 5383 884 5455 igitur
929 5380 1100 5437 nostri
1145 5375 1410 5448 privilegii
1454 5383 1701 5444 paginam

171 5473 430 5541 apostolica
449 5475 765 5532 auctoritate
787 5471 1168 5530 constituimus
1185 5479 1245 5524 ut
1265 5479 1598 5538 quacunque
1620 5461 1701 5515 ho-

175 5559 399 5621 dieidem
416 5567 714 5624 coenobium
737 5565 884 5635 iuste
909 5563 1168 5636 possidet,
1186 5573 1413 5631 quaeque
1437 5556 1491 5610 in
1518 5551 1713 5610 crasti-

179 5666 285 5709 aum
310 5662 643 5718 concessione
671 5660 1006 5732 pontiﬁcum,
1033 5655 1356 5712 liberalitate
1380 5650 1709 5724 principum.

182 5756 267 5804 aut
291 5750 540 5812 oblatione
576 5755 832 5824 ﬁdelium,
866 5753 1010 5825 iuste
1039 5760 1203 5823 atque
1229 5745 1484 5806 canonice
1515 5742 1712 5814 poterit

1802 4693 1890 4742 tus
1917 4680 2116 4736 domini
2143 4677 2367 4734 maximi
2402 4675 2605 4732 Urbani
2636 4674 2677 4729 ll
2708 4687 2856 4743 papa:
2887 4669 3099 4740 quinto,
3130 4664 3382 4718 incarna-

1803 4775 1968 4831 tionis
1993 4781 2172 4828 autem
2210 4769 2419 4824 Domini
2475 4767 2646 4822 nostri
2687 4764 2973 4831 Patrisque
3020 4755 3210 4814 mterni
3253 4750 3398 4814 Jesu.

1803 4867 2004 4924 Christi
2038 4881 2180 4920 anno
2214 4863 2372 4919 1092.

2523 4990 2658 5047 LXI.

1811 5091 2012 5147 Urbani
2061 5089 2125 5144 II
2161 5107 2312 5162 paptz
2353 5085 2680 5162 privilegium
2717 5094 2812 5158 pro
2863 5073 3179 5128 monasterio
3233 5069 3398 5124 Ποίησι-

2392 5148 2814 5210 hardsbomensi.

2402 5247 2581 5319 (Anno
2606 5239 2790 5308 1092.)

1871 5369 2181 5444 ['l'lmrt’ngia
2205 5380 2379 5429 sacra,
2403 5354 2767 5421 Francol'urti,
2801 5353 2954 5415 I757,
2985 5349 3098 5413 fol.,
3128 5363 3179 5419 p.
3215 5345 3340 5417 6LT

1887 5464 2134 5521 Unmnus
2171 5460 2483 5531 episcopus,
2515 5467 2704 5509 servus
2741 5461 3019 5508 servorum
3057 5443 3180 5508 Dei,
3209 5440 3392 5496 (ἶὶειι-

1815 5571 1987 5615 Βειιτο
2031 5555 2224 5611 dilecto
2260 5552 2312 5606 in
2358 5547 2576 5606 Christo
2617 5539 2805 5609 fratri,
2853 5538 3032 5596 abbati
3071 5531 3394 5591 venerabilis

1817 5647 2131 5707 monasterii
2161 5645 2374 5700 Sancta:
2416 5640 2513 5697 Dei
2555 5637 2833 5711 genitricis
2859 5643 2916 5689 et
2942 5627 3176 5701 Virginis
3210 5623 3393 5678 Mariae

1818 5740 2108 5812 Sanctique
2145 5735 2366 5796 Joannis
2401 5732 2768 5806 evangelista,
2795 5725 2938 5800 quod
2978 5724 3031 5779 in
3071 5721 3188 5776 loco
3227 5715 3394 5770 situm
3463 5747 3466 5750 -
