3888 6322
471 265 576 322 345

470 467 685 525 soribus
734 466 1051 537 regulariter
1108 468 1538 538 substituendis,
1595 473 1647 526 in
1709 485 2048 546 perpetuum.

470 558 638 620 Iustis
672 559 806 614 votis
840 575 1118 626 assensum
1160 561 1430 637 praebere,
1464 561 1734 636 justisque
1770 569 2050 636 petitioni-

470 651 572 710 bus
593 665 750 704 aures
772 653 1183 708 accommodare
1216 668 1314 708 nos
1341 657 1622 724 convenit,
1652 659 1775 728 qui,
1809 659 1934 716 licet
1971 661 2052 728 in~

469 743 615 813 digni
661 741 885 810 justitiaa
928 745 1181 800 custodes
1228 756 1390 814 atque
1429 763 1701 817 praecones
1743 751 1796 805 in
1839 753 2052 808 excelsa

470 833 836 903 apostolorum
863 836 1163 908 principum
1193 835 1334 891 Petri
1359 847 1412 893 et
1447 837 1594 894 Pauli
1625 842 1838 910 specula
1867 843 2049 912 positi,

470 925 700 988 quino
741 925 1077 994 disponente,
1104 927 1350 982 videmur
1390 930 1640 985 existere.
1684 931 1814 987 Tuis
1868 932 2053 1003 igitur,

469 1014 544 1070 iiii
579 1015 629 1069 in
666 1015 885 1070 Christo
932 1018 1255 1074 venerabilis
1299 1029 1460 1090 atque
1507 1023 1858 1088 charissime,
1891 1025 2054 1095 justis

467 1108 822 1178 petitionibus
867 1123 1205 1177 annuentes,
1266 1115 1655 1169 monasterium
1699 1115 2052 1188 chinhcris-

467 1199 741 1256 hrunnum
777 1201 887 1267 cui,
924 1203 1032 1256 Deo
1071 1212 1312 1271 auctore,
1339 1207 1625 1276 prmsides,
1675 1208 1740 1263 ad
1795 1209 2056 1264 honorem

470 1298 671 1348 sanctae
709 1290 800 1345 Dei
844 1292 1121 1362 genitricis
1174 1295 1494 1366 etYirginis
1544 1297 1726 1359 Mariae
1775 1299 2057 1369 sanctique

471 1382 695 1438 Joannis
723 1385 1082 1452 evangelistze,
1114 1402 1343 1456 quorum
1376 1390 1583 1450 nomini
1618 1391 1921 1450 dedicatum
1949 1403 2050 1461 est,

472 1473 573 1527 sub
603 1474 764 1528 tutela
791 1476 1097 1544 apostolicae
1127 1479 1273 1534 sedis
1303 1481 1610 1550 specialiter
1663 1481 2055 1541 coniovendum

472 1567 974 1637 protegendumqne
997 1571 1364 1640 suscepimus;
1395 1571 1543 1641 quod
1576 1572 1828 1629 nimirum
1873 1589 2060 1631 mona-z

474 1655 699 1710 sterinm
728 1655 1036 1714 Ludovicus
1063 1675 1246 1716 comes
1286 1661 1422 1716 infra
1454 1661 1644 1724 silvam
1676 1680 1794 1732 (pne
1832 1675 2057 1720 vocatur

1787 275 1851 345 ι).
1898 276 2146 334 unum
2177 280 2218 336 ιι
2257 282 2456 343 ram

470 387 554 434 est
583 377 674 446 qui
707 377 1296 445 Reginhcrisbrunnum
1321 379 1540 448 dicitur,
1580 381 1802 454 ejusque
1837 401 2053 464 succes-
2082 394 2138 458 AA

3639 298 3746 360 ΞΗ

2863 424 3018 479 [.th.

2158 504 2398 590 Urbani}:
2424 511 2483 563 ΙΙ
2506 517 2877 590 monachorum
2899 517 3377 590 iSiIt'aniacensium
3398 525 3749 590 possessiones

2225 579 2569 660 con/inunth
2599 584 2739 660 (iret,
2763 585 2957 660 inquit,
2974 591 3304 660 congregatio
3331 579 3508 645 vestra
3529 605 3576 647 et
3608 579 3750 650 locus

2226 647 2397 703 adhuc
2424 652 2570 710 nobis
2593 647 2889 726 incognitus
2913 647 3002 718 sit.
3037 676 3056 710 ι
3074 647 3097 659 ’
3162 647 3191 666 ”

2752 744 2934 817 (Auno
2964 748 3148 819 1092.)

2441 831 2721 904 [Macrum
2753 836 2948 890 Annal.
2980 837 3179 892 Bened.
3213 839 3278 903 ν,
3305 840 3461 912 297.]

2229 919 2446 976 Dilectis
2478 922 2601 978 ﬁliis
2647 923 2698 978 in
2738 925 2859 980 loco
2888 927 2982 997 qui
3015 927 3387 985 Silvaniacum
3432 932 3661 996 dicitur,
3689 933 3751 986 ad

2156 1012 2540 1082 omnipotentis
2571 1015 2662 1071 Dei
2707 1019 2989 1076 servitium
3020 1031 3074 1076 et
3101 1023 3418 1083 monasticae
3450 1023 3754 1095 disciplina:

2157 1104 2403 1160 militiam
2429 1109 2799 1179 congregatis,
2835 1110 3063 1167 salutem
3093 1122 3146 1167 et
3173 1113 3538 1184 apostolicam
3591 1116 3752 1172 bene-

2157 1195 2469 1266 dictionem.
3151 1257 3154 1260 .

2231 1287 2344 1342 Duo
2366 1288 2432 1342 ad
2461 1303 2558 1344 nos
2585 1304 2651 1344 ex
2693 1293 2884 1346 vestris
2910 1291 3170 1351 fratribus
3201 1294 3510 1360 venientes,
3543 1305 3750 1366 aposto—

2160 1374 2278 1430 lirte
2305 1376 2448 1432 sedis
2475 1377 2788 1447 suppliciter
2816 1381 3126 1451 expetivere
3158 1381 3476 1453 snﬁ‘ragium
3513 1395 3572 1438 ut
3601 1385 3751 1440 vides

2158 1463 2283 1519 licet
2312 1465 2429 1522 loco
2454 1478 2634 1524 vestro
2664 1470 2970 1539 apostolicae
2994 1471 3235 1530 tuitiouis
3259 1474 3614 1544 privilegium
3638 1492 3749 1531 me-

2159 1568 2426 1619 rerentur.
2487 1558 2623 1623 Nos,
2675 1560 2798 1622 licet
2864 1562 3214 1632 congregatio
3265 1574 3452 1618 vestra
3509 1575 3566 1620 et
3607 1565 3754 1619 locus

2159 1651 2335 1705 adhuc
2371 1652 2528 1708 nobis
2569 1652 2878 1724 incognitus
2923 1654 3024 1720 sit,
3052 1655 3178 1724 quia
3216 1662 3394 1710 tamen
3428 1658 3648 1726 magnis
3687 1659 3749 1711 ad

471 1744 672 1812 Luiba,
704 1748 936 1817 propriis
975 1751 1276 1820 sumptibus
1315 1751 1588 1819 ardiﬁcans
1624 1763 1677 1808 et
1715 1755 2052 1829 propriarum

2167 1755 2255 1795 nos
2303 1739 2582 1797 laboribus
2629 1752 3019 1812 pervenerunt,
3074 1760 3174 1815 pro
3229 1744 3385 1804 solita
3443 1746 3752 1816 apostolica:

471 1840 874 1906 possessionum
921 1841 1203 1897 collatione
1252 1845 1462 1910 ditaus,
1502 1861 1601 1916 pro
1629 1846 1822 1900 anima:
1860 1863 1970 1903 sua:
1995 1863 2059 1903 ac

471 1939 756 1997 parentum
805 1948 1023 1987 suorum
1076 1935 1250 1991 salute
1295 1936 1470 1999 beatis
1511 1937 1768 2007 apostolis
1807 1937 1968 1993 Petro
2005 1947 2060 1993 et

470 2018 639 2074 Paulo
679 2024 917 2088 noscitur
959 2026 1245 2094 obtulisse,
1295 2044 1359 2084 ac
1406 2029 1459 2083 in
1516 2027 1746 2086 Romani
1790 2029 2061 2099 pontiﬁcis

471 2108 844 2172 defensionem
872 2113 995 2183 jure
1024 2126 1286 2188 perpetuo
1315 2118 1610 2191 delegasse.
1648 2120 1776 2191 Ejus
1804 2137 1935 2191 ergo
1963 2138 2057 2177 vo-

473 2211 589 2255 tum
621 2205 938 2260 assertionis
965 2216 1164 2261 nostra:
1196 2207 1381 2264 favore
1426 2210 1734 2278 ﬁrmantes,
1768 2227 1864 2280 pro
1900 2210 2061 2280 hujus

472 2291 646 2358 nostri
672 2293 932 2366 privilegii
966 2296 1156 2366 pagina
1189 2299 1482 2367 apostolica
1513 2301 1835 2357 auctoritate
1862 2304 2057 2359 statui-

475 2396 596 2436 mus
627 2393 683 2436 ut
706 2375 1132 2460 quidquid'idem
1161 2388 1440 2467 religiosus
1463 2405 1645 2445 comes
1673 2391 1725 2445 in
1751 2394 2057 2474 mancipiis,

475 2472 532 2528 in
561 2474 796 2545 campis,
829 2475 1009 2540 silvis,
1042 2478 1242 2547 pratis,
1283 2481 1438 2550 aquis
1465 2497 1835 2553 aquarumque
1863 2472 2056 2538 deCur-

476 2566 645 2632 sibus,
675 2566 730 2632 in
758 2567 1076 2634 molendinis
1099 2584 1164 2630 ac
1186 2570 1237 2625 in
1267 2573 1467 2627 mansis
1489 2573 1634 2628 circa
1661 2573 1849 2628 silvam
1877 2574 2058 2631 Luibte

473 2658 786 2736 praedictam
818 2658 1042 2729 prmfato
1069 2662 1312 2718 ρωποι,ἰο
1345 2665 1603 2731 contulit,
1630 2666 1885 2736 quidquid
1925 2682 2060 2736 prae-

477 2759 624 2813 terea
654 2751 810 2806 hodie
835 2752 977 2822 juste
1007 2754 1274 2824 possidet,
1298 2755 1412 2811 sive
1441 2757 1491 2810 in
1516 2759 1811 2812 craSIinum
1838 2774 2059 2814 COIICCS-

475 2843 627 2898 sione
650 2844 983 2915 pontiﬁcum,
1008 2845 1331 2907 liberalitate
1360 2849 1660 2918 principum
1688 2850 1768 2904 vel
1789 2851 2059 2924 oblatione

467 2928 711 2986 ﬁdelium
732 2932 876 3002 jnste
902 2943 1063 3004 atque
1089 2938 1350 2998 canonice
1388 2940 1582 3008 p0terit
1612 2940 1865 3009 adipisci,
1900 2941 2056 2996 ﬁrma

475 3022 572 3090 tibi
628 3025 837 3094 tuisque
885 3028 1285 3084 successoribus
1329 3043 1393 3082 ac
1433 3028 1632 3084 illibata
1684 3040 2054 3100 permaneant.

2161 1832 2305 1890 sedis
2331 1833 2701 1892 misericordia
2729 1835 2973 1904 petitioni
3003 1850 3191 1891 eorum
3220 1845 3275 1891 et
3298 1845 3502 1892 vestrae
3535 1837 3753 1892 omnino

2163 1923 2352 1978 deesse
2390 1923 2680 1979 noluimus.
2709 1924 2815 1980 Per
2853 1927 3138 1997 praesentis
3167 1927 3331 1999 igitur
3357 1927 3570 1983 decreti
3611 1929 3753 1999 pagis

2165 2031 2292 2069 nam
2329 2014 2680 2072 concedimus
2704 2024 2762 2071 et
2796 2016 3184 2075 conﬁrmamus
3208 2017 3476 2088 quidquid
3522 2019 3674 2075 vobis
3699 2028 3752 2076 et

2163 2108 2282 2163 loco
2306 2115 2492 2164 vestro
2512 2123 2684 2179 usque
2719 2109 2772 2163 in
2799 2109 2940 2172 hanc
2961 2109 3154 2164 horam
3187 2109 3335 2178 juste
3361 2120 3421 2167 et
3457 2111 3751 2168 rationabi-

2163 2197 2285 2262 liter
2310 2212 2629 2262 concessnm
2655 2206 2760 2270 estll
2781 2211 2835 2254 et
2860 2199 3120 2270 quidquid
3157 2201 3211 2269 in
3240 2200 3490 2272 futurum
3515 2199 3665 2270 juste
3697 2212 3746 2256 et

2162 2289 2408 2360 legaliter
2440 2290 2785 2360 concedetur.
2829 2291 3182 2372 Quinetiam,
3215 2301 3295 2371 ut,
3328 2302 3613 2360 annuente
3641 2291 3744 2346 Do-

2161 2381 2332 2454 mino,
2355 2381 2666 2439 monasticae
2695 2381 2968 2452 religionis
2993 2384 3160 2452 vigor,
3185 2385 3276 2454 qui
3305 2383 3416 2439 illic
3438 2384 3558 2454 jam
3589 2384 3744 2440 trien-

2161 2472 2253 2528 nio
2278 2472 2530 2540 inolevit,
2561 2481 2616 2529 et
2647 2482 3031 2544 promoveatur
3082 2483 3138 2530 et
3183 2485 3430 2540 crescat,
3460 2475 3670 2530 vicinos
3695 2486 3746 2530 et

2161 2561 2317 2635 longe
2348 2565 2553 2635 positos
2577 2564 2934 2628 adhortamur
2978 2575 3037 2628 ut
3082 2567 3262 2636 locum
3304 2568 3483 2644 ipsum
3517 2569 3588 2636 ad
3613 2569 3746 2624 salu-

2163 2660 2269 2710 tem
2323 2653 2622 2711 animarum
2677 2670 2931 2721 suarum,
2987 2658 3252 2713 bonorum
3307 2673 3538 2714 suorum
3590 2659 3748 2720 colla-

2161 2745 2397 2802 tionibus
2435 2746 2720 2814 honorare,
2755 2750 2930 2808 ditare
2956 2758 3012 2806 et
3036 2749 3279 2821 exaltare
3297 2763 3617 2821 procurent,
3642 2762 3742 2808 etc.

2232 2834 2424 2890 Datum
2480 2852 2578 2908 per
2627 2854 2846 2908 manum
2893 2839 3125 2911 Joannis
3187 2839 3398 2902 diaconi
3460 2840 3745 2900 cardinalis.

2161 2943 2223 2990 nt
2249 2928 2370 2986 ldus
2389 2922 2610 3002 Aprilis,
2642 2932 2934 2990 indictione
2963 2950 3054 2990 xv.
3091 2933 3369 3006 Anagniae.

2875 3045 3052 3118 ant.

481 3117 827 3172 Decernimus
857 3133 984 3188 ergo
1037 3128 1097 3173 ut
1137 3119 1266 3173 nulli
1315 3122 1534 3176 omnino
1583 3121 1859 3178 hominum
1899 3122 2060 3186 liceat
2088 3129 2143 3192 G'
2165 3130 2509 3209 Urbanus‘lf
2535 3133 2787 3209 Ecclesia;
2814 3117 3054 3209 Piraum,
3089 3137 3151 3190 ob
3178 3138 3370 3209 civium
3394 3155 3523 3209 erga
3559 3139 3742 3202 Rom:

475 3209 616 3263 idem
649 3209 955 3265 coenobium
994 3220 1196 3265 temere
1230 3212 1575 3281 perturbare,
1620 3223 1714 3268 aut
1743 3213 1788 3267 ei
1817 3214 2061 3270 subditas

473 3300 844 3376 possessiones
867 3299 1080 3363 auferre
1103 3301 1186 3355 vel
1212 3301 1388 3356 ablata
1421 3303 1680 3369 retinere,
1710 3304 1953 3369 minuere
1977 3304 2061 3360 vel

476 3393 783 3448 temerariis
811 3393 1186 3452 vexationibus
1215 3393 1441 3465 fatigare
1460 3436 1475 3461 ,
1518 3397 1613 3451 sed
1641 3395 1821 3450 omnia
1853 3396 2061 3467 integra

475 3467 880 3550 conserventur,
909 3498 1098 3539 eorum
1142 3499 1239 3552 pro
1279 3500 1508 3554 quorum
1560 3483 1956 3540 sustentatione
1998 3499 2062 3552 ac

475 3574 864 3641 gubernatione
891 3592 1145 3631 concessa
1181 3585 1305 3631 sunt
1354 3576 1539 3636 usibus
1570 3576 1895 3632 omnimodis
1938 3592 2062 3648 pro—

475 3659 656 3725 futura
679 3702 694 3727 ,
718 3664 864 3717 Salvo
890 3665 1263 3736 episcoporum
1288 3664 1411 3734 jure
1437 3665 1728 3732 canonico;
1759 3677 1890 3721 sane
1919 3682 2061 3737 pra:-

476 3753 678 3806 dictum
709 3755 958 3808 comitem
989 3755 1153 3810 vestri
1189 3757 1421 3811 coenobii
1448 3757 1800 3823 advocatum,
1847 3759 1988 3813 sicut
2030 3773 2061 3813 a

477 3844 632 3897 vobis
657 3852 740 3899 est
771 3844 993 3907 eictns,
1024 3863 1360 3915 permanere,
1391 3850 1631 3918 quandiu
1663 3850 1879 3916 vixerit,
1913 3851 2060 3920 ejus-

477 3947 586 4002 que
608 3943 874 4003 posteros,
911 3937 955 3990 si
987 3937 1161 3991 idonei
1191 3937 1419 4004 fuerint,
1449 3948 1751 3997 statuentes
1775 3943 1839 3997 de
1865 3952 2061 3998 cmtero

477 4023 755 4086 sancimus
784 4032 843 4086 ut
871 4025 1048 4081 nullus
1079 4014 1317 4097 unquam
1346 4030 1510 4090 vestri
1552 4031 1868 4094 monasterii
1896 4031 2063 4088 advo—

476 4122 631 4171 catus
679 4129 800 4170 esse
828 4127 1149 4186 prtesumat,
1185 4118 1287 4173 nisi
1327 4135 1484 4190 quem
1541 4119 1737 4177 fratres
1787 4123 2066 4180 communi
2111 4179 2120 4184 ,

475 4223 743 4265 consensu
772 4209 1108 4280 providerint
1135 4211 1467 4283 eligendum;
1498 4213 1564 4269 ad
1598 4214 1851 4270 indicium
1875 4217 2066 4272 autem

473 4306 741 4369 percepta:
771 4298 927 4370 hujus
957 4316 986 4354 a
1021 4301 1263 4358 Romana
1289 4303 1526 4362 Ecclesia
1553 4304 1838 4372 libertatis,
1867 4321 2058 4362 secun—

473 4373 600 4443 dum
634 4387 745 4457 jam
790 4390 919 4446 dicti
958 4392 1172 4447 comitis
1219 4394 1684 4458 constitutionem,
1741 4409 1837 4466 per
1886 4412 2056 4454 annos

2233 3220 2353 3275 nam
2382 3201 2675 3275 Ecclesium
2703 3207 2908 3270 merita,
2935 3206 3260 3275 episcopatus
3289 3201 3606 3264 Corsicana:
3626 3213 3736 3265 utb-

2224 3272 2365 3340 jicit,
2394 3285 2594 3342 petente
2621 3272 2882 3332 Mathilda
2912 3272 3198 3331 comitissa.

2754 3366 2933 3438 (Anno
2971 3366 3154 3441 1092.)

2464 3454 2725 3529 [Ucueut
2744 3497 2760 3523 ,
2787 3455 2949 3512 Italia
2973 3475 3149 3527 sacra,
3173 3459 3238 3532 ill
3255 3500 3272 3527 ,
3303 3460 3457 3535 569.]

2236 3545 2486 3603 UBBANUS
2510 3547 2812 3617 episcopus,
2840 3563 3030 3605 servus
3071 3565 3353 3621 servorum
3397 3552 3529 3621 Dei,
3559 3554 3739 3622 dilectu

2163 3639 2216 3692 in
2269 3639 2484 3693 Christo
2530 3637 2688 3693 fratri
2744 3640 3046 3706 DMBERTO,
3097 3640 3418 3698 Pisauorum
3464 3646 3736 3720 episcopo,

2162 3729 2384 3799 ejusque
2407 3730 2819 3786 successoribus
2841 3732 3102 3789 canonice
3130 3733 3527 3793 substituendis
3555 3737 3606 3792 in
3627 3751 3736 3809 per—

2159 3837 2221 3893 pc
2233 3832 2400 3888 tuum.

2125 3957 2132 3960 _
2182 3901 2183 3904 “
2231 3911 2366 3966 Cum
2393 3911 2656 3979 universis
2676 3921 2876 3973 sanctae
2898 3913 3158 3979 Ecclesiae
3177 3915 3323 3991 ﬁliis,
3345 3933 3414 3972 ex
3437 3918 3733 3988 apostolicae

2161 4001 2305 4066 sedis
2330 4002 2755 4070 auctoritate,ob
2775 4005 3201 4064 benevolentiam
3224 3992 3500 4064 debitores
3519 4025 3615 4064 nos
3632 4009 3736 4063 exi-

2161 4104 2388 4158 stamus,
2416 4095 2522 4156 illis
2549 4105 2726 4154 tamen
2755 4097 2887 4160 locis
2916 4107 3078 4169 atque
3108 4100 3357 4171 personis
3386 4115 3510 4170 qua:
3543 4101 3734 4172 specie:

2159 4185 2266 4242 lius
2287 4202 2348 4241 ac
2377 4185 2696 4255 familiarius
2723 4185 2978 4248 Romanae
2991 4180 3267 4244 adhaerent
3295 4189 3572 4264 Ecclesia;
3595 4204 3731 4261 qua:—

2160 4291 2264 4347 que
2314 4277 2630 4347 ampliorem
2683 4277 2799 4346 ejus
2856 4279 3086 4349 gratiam
3131 4278 3435 4353 obedientia
3490 4279 3732 4356 gratiori,

2158 4367 2351 4424 olliciis
2372 4367 2826 4441 frequentioribus
2846 4378 2900 4434 et
2921 4369 3136 4438 auxiliis
3157 4370 3513 4441 amplioribus
3537 4385 3734 4443 prome-

475 4479 746 4549 Singulos,
779 4481 912 4537 duos
957 4493 1187 4540 amnem
1226 4494 1417 4541 vestrm
1459 4487 1659 4543 solidos
1708 4462 2057 4545 L'alemncnsi
2089 4481 2136 4536 ι)
2160 4469 2379 4526 rentur,
2429 4462 2766 4531 propensiori
2806 4477 2904 4516 nos
2939 4463 3189 4517 convenit
3231 4463 3518 4519 charitatis
3573 4464 3734 4534 studio

473 4571 674 4642 palatio
699 4573 1020 4644 persolvetis
1051 4593 1064 4630 :
1091 4577 1134 4630 si
1165 4578 1287 4646 quis
1322 4588 1502 4632 autem
1547 4581 1598 4633 in
1640 4581 1932 4636 crastinum
1971 4597 2058 4634 ar-

475 4663 854 4734 chiepiscopus
881 4675 975 4727 aut
996 4666 1301 4738 episcopus,
1329 4669 1621 4739 imperator
1645 4679 1740 4724 aut
1771 4685 1890 4740 rex,
1917 4671 2060 4741 prin-

472 4768 601 4826 ceps
630 4763 723 4810 aut
745 4756 884 4822 dux,
914 4772 1095 4813 comes
1124 4767 1217 4812 aut
1249 4759 1550 4822 vicecomes
1570 4802 1584 4826 ,
1615 4759 1782 4829 judex
1816 4770 1909 4816 aut
1937 4777 2059 4831 pcr-
2087 4815 2095 4822 ,

473 4859 606 4898 sona
634 4845 911 4915 quaelibet,
946 4857 1139 4917 potens
1178 4858 1273 4903 aut
1314 4850 1609 4920 impotens,
1643 4852 1820 4907 sciens
1869 4863 2056 4908 contra

473 4943 595 4983 eam
626 4933 936 5002 tentaverit,
961 4934 1196 4990 secundo
1219 4937 1442 5000 tertiove
1464 4939 1846 5004 commonitus,
1877 4940 1920 4994 si
1951 4955 2054 4994 non

474 5017 848 5080 satisfactione
877 5039 1114 5095 congrua
1151 5028 1540 5095 emendaverit,
1575 5043 1698 5086 eum
1731 5029 1958 5088 honoris
1973 5033 2057 5087 sui

472 5117 529 5163 et
553 5107 711 5172 ofﬁcii
733 5113 969 5179 periculo
1006 5115 1284 5187 subjacere
1322 5118 1682 5186 decernimus,
1714 5129 1770 5174 et
1794 5135 1823 5174 a
1857 5120 2055 5176 Christi

472 5208 638 5267 atque
663 5197 918 5257 Ecclesia:
941 5218 1165 5274 corpore
1192 5207 1512 5262 auctoritate
1535 5209 1815 5277 potestatis
1843 5221 2057 5280 aposto—

471 5286 592 5342 licze
636 5301 1011 5360 segregamus;
1055 5296 1499 5362 conservantibus
1527 5309 1709 5354 autem
1737 5313 1841 5368 pax
1881 5315 1910 5352 a
1948 5298 2055 5355 Deo

472 5387 527 5433 et
559 5378 927 5436 misericordia
958 5386 1337 5456 praesentibus,
1364 5399 1418 5443 et
1455 5387 1652 5444 futuris
1678 5389 1889 5456 saeculis
1922 5403 2052 5444 eon-

472 5477 737 5526 servetur.
769 5471 962 5535 Amen.

543 5559 679 5618 Data
696 5563 955 5637 Anagnia:
981 5583 1077 5638 per
1103 5585 1292 5627 manus
1326 5571 1550 5630 Joannis
1575 5582 1775 5632 sancta:
1798 5574 2053 5632 Romana:

473 5653 730 5718 Ecclesiae
748 5658 960 5714 diaconi
981 5660 1294 5726 cardinalis,
1318 5679 1348 5716 ιι
1376 5663 1495 5720 Kal.
1523 5666 1717 5738 April.,
1744 5666 1934 5724 indirt.
1963 5683 2049 5733 xv,

475 5761 616 5806 inuno
645 5747 937 5806 Dominica:
955 5748 1347 5808 Incarnationis
1371 5752 1525 5818 1092.

2159 4552 2465 4610 imminere.
2496 4553 2611 4624 Ipse
2653 4554 2797 4607 enim
2846 4569 2943 4623 per
2980 4554 3296 4625 prophetam
3339 4555 3602 4627 Dominus
3625 4555 3732 4609 ait:

2164 4663 2182 4696 ι
2221 4643 2653 4700 Honoriticantes
2691 4659 2777 4698 me
2807 4644 3212 4710 honoriﬁcabo;
3243 4666 3263 4710 ρ
3300 4644 3585 4715 discipulis
3617 4659 3735 4715 quo-

2158 4751 2264 4806 que
2290 4735 2407 4794 suis
2439 4735 2831 4807 angustiarum,
2867 4751 3002 4805 quas
3043 4750 3140 4804 pro
3168 4750 3233 4790 eo
3257 4735 3635 4806 pertulerant,
3661 4749 3732 4790 re-

2161 4827 2508 4882 tributionem
2548 4829 2872 4897 promittens
2900 4827 3034 4881 dixit
3066 4841 3081 4880 :
3117 4847 3134 4879 ι
3172 4826 3280 4883 Vos
3309 4827 3464 4894 estis,
3493 4829 3584 4899 qui
3615 4843 3728 4899 per-

2159 4918 2438 4976 mansistis
2489 4934 2703 4977 mecum
2770 4919 2821 4983 in
2883 4917 3272 4973 tentationibus
3320 4918 3487 4984 meis,
3549 4928 3605 4974 et
3648 4933 3733 4988 ego

2156 5010 2383 5080 dispono
2405 5011 2577 5076 vobis,
2605 5010 2746 5072 sicut
2774 5010 3042 5080 disposuit
3071 5009 3232 5074 Pater
3259 5024 3412 5064 meus
3439 5025 3680 5079 regnum.
3715 5030 3729 5060 ι

2157 5101 2292 5169 Quia
2327 5102 2492 5174 igitur
2529 5101 2583 5155 in
2630 5109 2776 5154 tanta
2830 5109 3046 5169 Iamque
3075 5099 3328 5153 diuturna
3370 5099 3734 5154 schismatico-

2159 5210 2276 5248 rum
2308 5200 2652 5267 tempestate,
2688 5190 3008 5246 Pisanorum
3040 5190 3272 5260 gloriosa
3310 5191 3540 5257 civitas,
3566 5190 3731 5245 multis

2151 5283 2466 5355 jamdudum
2496 5283 2770 5338 laboribus
2793 5290 2849 5336 et
2875 5281 3150 5350 obsequiis
3170 5291 3415 5336 sanctam
3446 5281 3727 5336 Romanam

2155 5390 2211 5438 et
2239 5380 2593 5451 apostolicam
2636 5377 2935 5440 Ecclesium
2977 5377 3078 5431 sibi
3119 5375 3247 5446 fecit
3293 5377 3616 5443 obnoxiam,
3652 5385 3725 5429 tua

2155 5489 2371 5545 quoque
2402 5473 2716 5544 fraternitas
2740 5471 2924 5537 divino
2948 5469 3232 5540 charitatis
3259 5469 3455 5532 ardore
3483 5484 3724 5527 succensa

2155 5567 2224 5622 ob
2249 5565 2490 5636 ejusdem
2524 5563 2583 5620 S.
2609 5563 2677 5617 Β.
2700 5563 2762 5617 Ε.
2789 5561 3094 5617 libertatem
3129 5573 3233 5612 non
3262 5559 3438 5614 solum
3461 5560 3718 5635 impendit,

2155 5659 2250 5716 sed
2276 5667 2331 5712 et
2365 5658 2480 5727 ipsa
2517 5672 2678 5727 super
2710 5654 2944 5725 impendi
2986 5665 3176 5722 parata
3208 5664 3327 5727 est,
3367 5662 3422 5708 et
3449 5652 3637 5725 nostris
3657 5649 3712 5702 la-

2153 5746 2374 5810 boribus
2421 5756 2736 5820 cooperata,
2765 5744 3074 5816 multisque
3124 5745 3296 5800 modis
3334 5742 3707 5817 tribulationum
