3888 6322
52 338 147 401 alii

1169 337 1527 398 EPISTliLIE
1562 342 1653 400 ET
1688 344 2097 410 PBIVILEGIA.

3183 369 3296 426 346

41 453 289 528 particeps
317 450 506 509 effecta
532 490 545 515 ,
578 462 904 522 cooperante
932 453 1191 520 Domino,
1218 458 1603 515 beneﬁciorum
1633 468 1680 525 Α
1708 464 2235 528 Commemoratione
2279 473 2532 532 Omnium
2560 468 2911 537 Sanctorum
2936 492 2950 545 .‘
2993 482 3291 542 Consecm-

38 546 228 613 meritis
250 544 570 615 respondere
593 559 878 611 curamus,
903 554 983 612 ut,
1008 547 1149 604 sicut
1178 556 1278 605 nes
1307 552 1609 622 praeterito.

40 654 143 693 runt
169 650 433 691 memores
458 649 673 700 sumus,
703 635 777 691 ita
799 644 854 693 et
885 638 982 706 ipsi
1016 648 1177 695 tanta:
1201 642 1389 710 gratia:
1425 644 1619 699 favore.

40 727 202 781 donati
232 726 427 781 futuris
453 727 780 796 temporibus
821 728 883 782 S.
922 729 988 783 Β.
1030 730 1091 785 Ε.
1120 731 1392 790 ﬁdeliores
1419 750 1484 790 ac
1513 734 1608 791 de-

37 816 250 877 votiores
282 816 551 881 existant,
582 825 637 879 et
674 818 976 889 benigniori
1010 823 1170 876 matri
1203 837 1421 894 semper
1454 826 1609 879 auxi-

36 905 215 971 tiando,
243 905 564 975 adjuvando,
595 907 944 977 obsequendo
972 913 1351 980 respondeant.
1402 916 1625 972 Divinte'

37 998 276 1069 siquidem
307 998 608 1075 maiestatis
638 1000 921 1071 dispositio
947 1003 1153 1059 Pisana:
1199 1007 1348 1061 urbis
1377 1008 1603 1077 gloriam

37 1090 216 1145 nostris
242 1090 574 1160 temporibus
599 1133 614 1157 ,
649 1102 702 1146 et
731 1090 1125 1149 Saracenorum
1168 1098 1457 1169 triumphis
1486 1100 1611 1154 illit-

37 1194 211 1247 strare,
237 1189 290 1236 et
316 1183 659 1237 srecularium
690 1199 873 1240 rerum
898 1188 1242 1256 provectibus
1266 1200 1627 1260 promovere,‘

38 1286 83 1337 ιιι
111 1289 210 1342 pne
236 1275 778 1341 comprovincialiluis
819 1277 1059 1333 exaltare
1094 1280 1317 1349 dignata
1359 1292 1462 1337 est.
1506 1283 1629 1338 an

37 1378 231 1434 propter
256 1373 307 1418 et
337 1380 437 1420 nos
460 1365 655 1420 divinae
677 1368 893 1436 pietatis
924 1381 1300 1440 prosecutores
1327 1382 1379 1427 et
1407 1390 1605 1444 coope-

42 1463 248 1519 ratores,
285 1469 405 1508 eam
436 1454 490 1509 in
521 1456 893 1525 spiritualibus
920 1474 1133 1530 quoque
1170 1460 1472 1530 gloriﬁcare
1512 1462 1607 1518 de-

38 1546 294 1607 crevimus,
321 1545 464 1601 sicut
492 1549 917 1616 pranlecessores
950 1561 1167 1607 nostros
1199 1554 1382 1608 multis
1407 1555 1604 1613 civita-

39 1637 159 1691 tibus
240 1636 365 1692 olim
430 1637 631 1696 fecisse
708 1642 1033 1712 scriptorum
1110 1644 1649 1701 ecclesiasticorum‘

40 1728 334 1785 testimoniis
358 1731 772 1801 comprobatur.
803 1734 1043 1790 Consilio
1067 1735 1251 1806 itaque
1272 1737 1603 1792 confralrum

1709 554 1855 611 tione
1905 559 2144 616 basilrcm
2170 570 2227 617 et
2271 563 2733 636 suti‘raganeorum
2782 573 3190 643 episcoporum,
3228 592 3294 634 ac

1707 648 2056 718 clericorum,
2085 663 2140 709 et
2167 670 2347 711 annuo
2378 660 2605 715 natalitii
2630 664 2703 716 tui
2730 664 2838 729 die,
2872 666 2924 720 in
2955 667 3295 725 solemnitate

1705 740 1867 795 etiam
1906 744 2050 800 beati
2094 750 2350 818 martyris
2388 760 2552 822 atque
2599 757 2867 825 pontiﬁcis
2916 759 3088 827 Sixti,
3142 761 3296 831 cujus

1709 830 2011 888 indumenti
2037 836 2208 891 honor
2228 839 2430 895 ellicaci
2453 853 2669 899 actuum
2692 847 2981 905 vivacitate
3000 830 3297 908 servandus

1706 931 1810 976 est.
1840 923 1967 993 Ejus
1995 942 2127 997 ergo
2158 937 2210 983 te
2249 931 2494 989 voluntas
2526 949 2621 1003 per
2656 940 2834 993 oumia
2868 944 3083 1011 genium
3122 945 3297 998 vindi-

1709 1014 2063 1085 care.'llujus
2089 1019 2231 1072 enim
2258 1020 2558 1078 indumenti
2597 1027 2789 1092 honor,
2828 1032 3103 1088 humilitas
3134 1044 3295 1103 atque

1702 1102 1914 1172 justitia
1942 1116 2044 1160 est.
2084 1108 2216 1163 Tota
2249 1110 2414 1180 igitur
2441 1123 2620 1169 mente
2652 1116 2966 1175 fraternitas
3002 1130 3088 1179 tua
3120 1138 3177 1177 se
3204 1102 3296 1187 ex-

1708 1194 1897 1251 bibere
1927 1197 2147 1254 festinet
2175 1202 2229 1255 in
2251 1205 2526 1273 prosperis
2561 1207 2841 1276 humilem,
2867 1222 2919 1266 et
2954 1213 3005 1267 in
3034 1215 3297 1278 adversis,

1707 1286 1751 1340 si
1783 1289 1998 1356 quando
2024 1292 2298 1359 eveniunt,
2344 1311 2466 1349 cum
2510 1298 2718 1368 justitia
2766 1312 3030 1369 erectum,
3063 1306 3298 1365 amicum

1707 1375 1885 1443 bonis,
1918 1380 2187 1447 perversis
2216 1385 2582 1453 contrarium;
2609 1389 2804 1445 nullius
2842 1406 3077 1462 unquam
3104 1394 3298 1452 faciem

1708 1481 1808 1535 pro
1860 1470 2086 1524 veritate
2123 1470 2432 1541 loquentem
2471 1490 2721 1545 premens
2765 1484 2890 1552 (sic,
2946 1494 3004 1538 ut
3039 1486 3181 1554 infra
3215 1488 3299 1545 in-

1708 1558 1925 1623 sistens,
1957 1561 2112 1631 etc.),
2144 1564 2529 1623 misericordiae
2575 1572 2830 1640 operibus
2864 1574 3017 1644 juxta
3044 1577 3297 1633 virtutem

1708 1650 2025 1705 substantim
2051 1652 2338 1721 insistens,
2370 1666 2424 1711 et
2448 1667 2627 1715 tamen
2662 1662 2912 1720 insistere
2938 1667 3097 1721 etiam
3133 1684 3296 1739 supra

1709 1738 1963 1795 virtutem
2000 1742 2244 1812 cupiens,
2274 1745 2507 1804 inﬁrmis
2537 1754 2893 1823 compatiens,
2925 1738 3297 1814 benevolenti-

40 1832 317 1878 nostrorum
342 1826 750 1896 episcoporum,
775 1830 1213 1901 presbyterorum
1250 1848 1315 1886 ac
1350 1833 1604 1888 diacono.
1711 1828 1810 1883 bttS
1836 1832 2201 1900 congaudens,
2225 1836 2293 1889 de
2322 1836 2513 1892 {lilrltis
2534 1843 2761 1907 gaudiis,
2799 1854 3051 1916 tanquam
3082 1848 3149 1902 de
3172 1865 3298 1918 pro.-

41 1930 143 1969 rum
190 1916 581 1983 eardinalium,
627 1919 965 1991 aliorumque
1006 1932 1317 1979 nostrorum
1370 1924 1629 1979 ﬁdelium‘

42 2020 264 2071 assensu,
307 2007 417 2063 imo
449 2010 707 2078 precibus
758 2012 997 2079 incitati,
1029 2015 1363 2070 charissimre
1391 2022 1637 2086 quoque"

43 2098 169 2153 beati
202 2099 337 2155 Petri
376 2100 509 2156 ﬁlim
538 2101 812 2160 Matlrildis
845 2106 1158 2171 comitisste,
1193 2122 1313 2177 qum
1341 2123 1399 2162 se
1426 2118 1607 2163 extre-

42 2191 136 2246 mis
160 2192 444 2261 quibusque
500 2210 599 2265 pro
624 2211 786 2252 causa
826 2198 1135 2268 apostolicae
1168 2201 1315 2256 sedis
1357 2201 1608 2271 exposuit

43 2282 232 2341 obnixis
246 2284 700 2355 postulationibus
717 2287 977 2357 inclinati,
1000 2292 1065 2345 ad
1090 2292 1348 2347 honorent
1375 2294 1608 2349 sanctis—

47 2373 177 2428 simae
199 2375 419 2431 domiute
458 2389 666 2433 nostra:
703 2379 795 2435 Dei
825 2382 1103 2451 genitricis
1142 2382 1355 2450 Mariae,
1388 2394 1605 2440 sancto-

48 2479 243 2536 rumque
268 2465 405 2523 Petri
434 2477 501 2523 et
519 2468 669 2525 Pauli
696 2471 1063 2540 apostolorum
1092 2476 1395 2545 principum
1417 2476 1602 2531 Corsi-

49 2573 173 2612 cana:
205 2559 384 2617 insula:
421 2562 772 2632 episcopatus
804 2567 1102 2635 regendos,
1149 2583 1213 2623 ac
1243 2569 1607 2638 disponendos

51 2661 217 2713 sancite
236 2652 437 2711 Pisanat
461 2655 861 2722 Eoclesiae,cui,
890 2668 1112 2715 auctore
1136 2662 1265 2727 Deo,
1287 2663 1607 2718 ehurissime

50 2742 192 2809 frater
209 2746 479 2810 Daiherte,
520 2749 800 2816 prtesides,
832 2732 1115 2820 praesentis
1140 2754 1343 2809 decreti
1367 2756 1605 2808 auctori-

53 2844 143 2890 tate
167 2839 553 2895 committimus
600 2852 765 2911 atque
807 2842 1147 2913 subjicirnus,
1199 2854 1379 2914 teque,
1436 2845 1642 2899 frater“

51 2930 366 2997 venerabilis,
393 2932 446 2987 in
479 2934 954 3005 archiepiscopum
989 2936 1229 3006 ejusdem
1269 2939 1455 2994 insulae
1478 2955 1606 3010 pro-

53 3033 310 3088 movemus,
362 3024 512 3081 idem
547 3024 686 3093 juris
713 3036 768 3080 et
818 3027 959 3081 idem
1002 3029 1224 3084 honoris
1259 3031 1362 3084 tuis
1391 3045 1606 3101 quoque

54 3114 418 3177 snecossoribus
444 3125 716 3184 perpetuo
746 3116 1105 3189 indulgentes,
1133 3121 1223 3189 qui
1254 3121 1384 3175 eleri
1416 3137 1479 3176 ac
1512 3138 1604 3190 po-

55 3200 142 3270 puli
171 3202 421 3261 electione
450 3206 698 3276 legitima
732 3223 828 3276 per
852 3208 1079 3263 Romani
1114 3212 1385 3279 pontificis
1418 3229 1610 3268 manus
1635 3175 1678 3231 Ο

56 3291 829 3369 intraverint,quemadmodum
861 3300 1258 3370 Landnlphum,
1283 3302 1610 3370 Gerardum,

57 3391 99 3437 et
141 3394 185 3441 te
224 3387 390 3457 ipsum
426 3391 719 3449 ordinatos
753 3407 872 3448 esse
913 3395 1276 3464 cognoscitur.
1315 3396 1611 3453 Corsicana

64 3478 229 3532 etenim
264 3479 456 3550 insula,
500 3490 610 3536 tam
642 3483 952 3553 prolixitate
988 3487 1288 3556 Spatiorum
1322 3503 1481 3557 quam
1515 3504 1613 3544 ue-

58 3565 267 3635 gligentia
302 3581 607 3640 pastorum,
637 3583 742 3626 tam
769 3573 1054 3629 insolentia
1080 3576 1421 3630 dominorum
1448 3592 1610 3647 quam

60 3669 324 3716 nostrorum
362 3664 741 3720 dissuelttdiue
778 3666 1100 3737 legatorum,
1142 3668 1325 3724 multis
1378 3669 1614 3723 interve-

60 3747 727 3825 ninntibusimpedimentis,
740 3756 806 3812 ab
821 3758 1128 3827 apostolica:
1141 3758 1285 3814 sedis
1305 3758 1551 3817 obedient
1563 3760 1611 3816 ia

64 3852 113 3905 az:
130 3842 389 3901 devotione
411 3846 715 3912 deferbuit,
737 3858 791 3902 et
813 3849 1151 3905 dissolutioni
1184 3866 1248 3906 ac
1273 3852 1610 3922 dissipationi

62 3930 228 4001 dedita,
274 3937 638 4006 ecclesiastici
684 3940 891 3997 ordinis
936 3957 1072 4013 pene
1101 3944 1341 3999 deservit
1374 3944 1615 4014 discipli-

63 4042 199 4095 nam,
239 4047 393 4101 quain
434 4034 687 4104 profecto
728 4046 819 4091 tua
864 4046 1189 4109 tuorumque
1232 4054 1609 4095 successorum

62 4118 321 4187 vigilantia,
360 4124 493 4193 quia
522 4138 581 4178 es
609 4124 712 4179 illis
740 4126 992 4191 vicinior,
1030 4137 1086 4182 et
1113 4129 1257 4185 sedis
1302 4128 1614 4198 apostolicae

64 4206 339 4268 familiarior
357 4231 440 4279 es,
464 4216 524 4270 in
546 4213 773 4283 justitize
806 4218 1070 4289 regulam,
1102 4228 1157 4274 et
1186 4220 1615 4276 Christianitatis

64 4302 286 4371 vigorem,
320 4317 601 4368 annuente
638 4309 886 4377 Domino,
926 4311 1210 4367 reformari
1247 4323 1497 4384 Optamus
1532 4324 1614 4369 at-

64 4408 146 4462 que
164 4400 516 4470 praecipimus.
545 4400 720 4469 Unde,
749 4403 922 4467 frater
946 4405 997 4459 in
1024 4405 1245 4461 Christo
1274 4407 1610 4475 charissime,

66 4497 225 4543 resra
256 4488 654 4559 jurisdietioni,
713 4494 1085 4565 dispositioni,
1135 4498 1615 4568 procurationique

71 4581 419 4641 committimus
460 4583 816 4641 ecclesiarum
865 4587 1080 4642 illarum
1132 4590 1269 4644 bona
1313 4590 1611 4645 secundum

68 4665 203 4725 Deum
231 4678 479 4745 regenda,
510 4677 843 4735 defendenda
863 4720 880 4747 ,
918 4690 973 4735 et
1002 4697 1122 4751 qua:
1154 4682 1293 4738 male
1315 4683 1611 4749 destructa,

67 4766 109 4809 et
130 4758 290 4819 illicite
318 4777 580 4838 usurpata
609 4769 966 4840 reperieritis,
994 4771 1044 4824 in
1069 4786 1197 4826 usus
1217 4772 1617 4829 ecclesiasticos

70 4852 380 4923 restituenda,
408 4870 488 4933 ut,
512 4869 735 4917 auctore
763 4861 893 4926 Deo,
940 4864 1049 4919 illic
1073 4864 1455 4922 ecclesiastica:
1492 4867 1617 4922 reli-

74 4939 222 5008 gionis
241 4946 518 5019 disciplina
541 4952 830 5007 referveat.
850 4954 1085 5009 l’alleum
1111 4956 1273 5024 igitur
1291 4957 1615 5013 fraternitati

72 5035 185 5097 tuae,
216 5037 601 5105 plenitudinem
660 5044 910 5100 videlicet
964 5048 1289 5116 pontificalis
1339 5050 1498 5105 ofﬁcit
1550 5067 1613 5106 ex

73 5125 340 5186 apostolicae
382 5133 528 5187 sedis
576 5132 902 5189 liberalitate
949 5138 1329 5204 concedimus,
1363 5155 1471 5209 quo
1493 5141 1619 5211 jure

71 5214 396 5278 ecclesiastico
443 5234 652 5283 tantum
704 5229 769 5282 ad
830 5229 1118 5284 missarum
1159 5231 1483 5288 celebranda
1531 5250 1618 5290 so—
1660 5242 1663 5245 ’

74 5301 238 5365 ieiunia
271 5314 391 5380 tibi,
423 5333 487 5371 ac
515 5321 919 5376 successoribus
950 5322 1054 5377 tuis
1077 5323 1150 5377 uti
1176 5322 1378 5391 licebit,
1404 5325 1469 5380 iis
1498 5335 1616 5381 tan-

74 5406 164 5449 tum
188 5403 270 5469 qui
308 5407 597 5479 subscripti
637 5420 766 5465 sunt
806 5412 996 5468 diebus
1034 5414 1396 5481 solemnibus,
1436 5416 1489 5471 id
1536 5426 1619 5472 est

73 5481 323 5569 Nativitate
374 5498 606 5567 Domini,
655 5502 989 5573 Epiphaniae,
1032 5503 1410 5577 llypapanton,
1438 5507 1627 5565 Carum

76 5576 276 5652 Domini,
307 5587 534 5657 Pascha,
560 5594 931 5662 Ascensionis,
958 5596 1307 5663 Pentecoste,
1337 5601 1507 5656 tribus
1531 5619 1618 5658 δο⁴

77 5665 403 5761 [comitatibus
432 5697 632 5743 sancta:
654 5689 747 5743 Dei
772 5691 1050 5760 genitricis
1080 5707 1144 5747 ae
1167 5694 1391 5761 virginis
1414 5694 1613 5761 Marite,

80 5754 310 5826 Natalitiis
340 5772 396 5829 S.
430 5773 651 5834 Joannis
685 5754 940 5851 Baptistae
978 5799 1040 5839 ac
1081 5784 1181 5840 SS.
1229 5754 1611 5855 apostolorum,

1710 1919 1842 1988 priis
1857 1921 2156 1987 exsultans,
2174 1925 2225 1977 in
2251 1928 2586 1998 corrigendis
2611 1933 2752 1989 vitiis
2769 1938 3015 2003 saeviens,
3042 1939 3094 1993 in
3118 1939 3302 1995 fruen-

1711 2009 1794 2065 dis
1847 2011 2141 2070 virtutibus
2191 2017 2502 2075 auditorum
2564 2024 2805 2080 animum
2856 2028 3188 2093 dentulcens,
3245 2033 3298 2086 in

1710 2105 1989 2162 iracundia
2039 2109 2207 2165 animi
2253 2112 2371 2168 sine
2425 2115 2503 2169 ira
2552 2126 2781 2175 terrens.
2836 2121 2949 2177 lloc
2982 2134 3086 2191 est,
3136 2124 3302 2179 frater

1709 2198 2053 2266 charissime,
2098 2202 2242 2270 pallii
2275 2207 2484 2276 accepti
2515 2208 2773 2279 dignitas,
2805 2228 2965 2281 quam
2995 2216 3038 2269 si
3071 2215 3302 2270 sollicite

1709 2289 2044 2354 servaveris,
2072 2290 2216 2359 quod
2268 2291 2402 2349 foris
2454 2298 2730 2367 accepisse
2777 2302 3111 2369 ostenderis,
3157 2304 3304 2360 intus

1711 2377 1955 2433 habebis.

1783 2468 1979 2527 Datum
2013 2471 2275 2544 Anagnire
2297 2491 2393 2547 per
2419 2494 2638 2535 manum
2669 2480 2894 2539 Joannis
2925 2483 2983 2539 S.
3013 2485 3074 2539 fi.
3105 2485 3164 2541 E.
3188 2486 3304 2542 dia«

1710 2561 1839 2619 coni
1881 2565 2210 2629 cardinalis,
2261 2584 2289 2621 κ
2320 2568 2438 2626 Kal.
2479 2569 2623 2637 Maii,
2658 2573 2847 2629 indict.
2889 2592 2979 2639 xv,
3011 2592 3154 2631 anno
3193 2577 3301 2632 Do-

1712 2654 1921 2709 minitae
1944 2654 2332 2717 incartnitionis
2358 2662 2523 2734 1092,
2566 2665 2914 2734 pontificatus
2942 2682 3070 2723 vero
3112 2669 3172 2723 D.
3202 2666 3305 2724 Ur-

1713 2746 1835 2800 bani
1865 2764 2016 2819 papte
2042 2750 2104 2817 ll,
2137 2768 2280 2808 anno
2304 2770 2353 2811 v.

2443 2860 2624 2924 LXIV.

1713 2950 2013 3035 Urfmrilf
2035 2958 2254 3025 epistola
2298 2959 2367 3013 ad
2404 2958 2829 3035 _B_[erengarium]
2864 2962 3304 3035 Tarraconensem

1781 3026 2252 3105 archiepiscopum.
2288 3026 2565 3105 τ-Μόηρι
2600 3026 2674 3086 ἲιε
2712 3034 2764 3087 in
2803 3026 3051 3105 erigenda
3089 3035 3306 3088 ecclesia

1784 3093 2173 3175 'IZtrr'rqconensi
2199 3100 2520 3175 negligenter
2551 3112 2670 3172 agn!
2690 3144 2705 3167 ,
2739 3093 2905 3175 utr/nev
2923 3106 3136 3173 primati
3154 3147 3167 3169 ,
3218 3122 3305 3157 nr-

1780 3165 2103 3242 cltiepigcopo
2134 3165 2403 3234 ’l'olc't'un'o,
2429 3189 2564 3226 nunc
2584 3165 2756 3228 suo—in
2780 3165 2828 3227 Η
2836 3165 3042 3242 ispuniu
3064 3165 3306 3229 murena

1782 3236 1897 3289 etin
1918 3233 2253 3295 Narbonensi
2267 3233 2536 3311 provincia
2550 3248 2828 3299 constituto
2843 3233 3060 3312 vicario,
3076 3246 3305 3301 obediat.

2324 3334 2503 3403 (Anno
2529 3336 2708 3407 109%.)

2092 3423 2321 3497 [Mansh
2368 3424 2569 3480 Concil.
2604 3426 2729 3491 XX,
2762 3427 2911 3499 682.]

1785 3511 1945 3568 Novit
1984 3515 2202 3571 dilectio
2241 3526 2361 3583 tua,
2402 3515 2573 3572 frater
2620 3519 2673 3571 in
2707 3517 2927 3573 Christo
2955 3520 3307 3590 venerabilis,

1715 3616 1821 3672 quo
1849 3611 2056 3671 tenore,
2086 3621 2192 3677 qua
2216 3607 2527 3663 conditione
2569 3607 2789 3677 pallium
2819 3610 2911 3664 tibi
2940 3611 3308 3680 privilegium-

1715 3707 1820 3762 que
1849 3696 2281 3751 conoesserimus
2310 3713 2323 3749 :
2350 3698 2618 3767 quomodo
2649 3699 2802 3753 nobis
2832 3708 2886 3754 et
2918 3709 2972 3755 ιιι
2992 3699 3044 3754 in
3068 3699 3170 3755 ﬁde
3193 3708 3311 3764 tua,

1715 3798 1770 3844 et
1798 3791 2283 3861 comprovinciales
2316 3792 2578 3861 primates
2615 3808 2710 3863 per
2739 3793 3001 3864 scriptum
3036 3792 3307 3864 promise-

1719 3881 1839 3937 ritis
1893 3898 1989 3941 vos
2038 3884 2089 3938 in
2142 3884 2540 3940 restitutionem
2593 3883 3021 3941 Tarraconensis
3065 3884 3310 3941 ecclesia:

1714 3976 2044 4034 omnimodis
2079 3977 2391 4044 insliluros;
2450 3994 2594 4034 nunc
2638 3988 2817 4035 autem
2863 3979 3131 4050 frequenti
3163 3978 3308 4034 fama

1716 4070 1966 4125 audimus
1993 4079 2229 4125 vestram
2257 4071 2401 4125 illam
2431 4072 2779 4138 industriam,
2806 4082 3044 4127 vestrum
3068 4072 3307 4126 studium

1709 4163 1823 4233 jam
1870 4180 2106 4231 cessare,
2152 4174 2206 4220 et
2245 4164 2708 4221 'l‘arraconensem
2760 4166 3154 4220 restitutionem
3188 4163 3305 4233 jam

1715 4273 1854 4327 pene
1875 4258 2126 4313 deﬁcere.
2154 4257 2229 4312 Te.
2255 4258 2417 4329 igitur
2442 4258 2638 4314 litteris
2667 4259 3023 4327 przesentibus
3046 4258 3307 4312 admone-

1718 4366 1837 4405 mus
1884 4359 1943 4403 nt
1972 4348 2130 4416 hujus
2166 4348 2290 4403 boni
2336 4349 2518 4420 operis
2543 4348 2893 4419 perfectionis
2924 4348 3143 4404 sedulus
3177 4363 3307 4417 ope-
3340 4396 3344 4400 Α

1719 4452 1866 4497 rator
1886 4442 2109 4497 exist-as.
2141 4441 2446 4496 Mem'neris
2470 4451 2648 4496 tamen
2673 4442 2742 4496 ita
2766 4450 2818 4497 te
2843 4442 3311 4513 archiepiscopum

1646 4524 1692 4583 Ῑ)
1720 4536 2047 4600 institutum,
2080 4544 2137 4589 ιιι
2163 4542 2273 4591 tam
2307 4543 2359 4588 tu
2392 4550 2554 4603 quam
2582 4535 2817 4590 universi
2844 4535 3136 4604 provincia:
3167 4532 3307 4587 Tar-

1721 4628 2038 4696 raconensis
2069 4629 2307 4699 episcopi
2339 4628 2602 4687 Toletano
2636 4640 2894 4701 tanquam
2940 4628 3155 4698 primati
3206 4627 3304 4681 de-

1719 4716 1893 4785 beatis
1926 4733 2048 4773 esse
2078 4717 2331 4787 subjecti.
2369 4719 2460 4776 Sic
2505 4720 2650 4775 enim
2697 4736 2725 4774 a
2768 4721 2920 4775 vobis
2951 4720 3001 4773 in
3034 4717 3312 4772 Toletana}
3342 4746 3345 4749 λ

1720 4807 1973 4865 Ecclesia:
1995 4811 2277 4882 privilegio
2299 4813 2654 4868 constitutum
2674 4822 2779 4877 est,
2803 4812 2944 4880 quod
2969 4824 3064 4864 nos
3077 4808 3307 4863 omnino

1719 4908 1895 4955 ratum
1931 4902 2181 4956 volumus
2213 4917 2550 4972 permanere.
2584 4902 2737 4956 Nunc
2765 4912 2945 4955 autem
2981 4900 3165 4961 nmlto
3189 4914 3305 4952 am-

1720 4990 1878 5060 plius,
1909 4991 2031 5061 quia
2064 4992 2112 5047 ei
2143 5002 2340 5049 nostra:
2368 4992 2746 5048 sollicitudinis
2777 4991 2919 5045 vices
2961 4990 3014 5043 in
3047 4988 3308 5058 Hispania

1721 5082 1970 5136 universa
2006 5084 2143 5137 etin
2193 5083 2529 5147 Narbonensi
2583 5082 2859 5154 provimia
2912 5080 3309 5145 ministrandas

1722 5170 2072 5240 i-tjunximus.

1788 5263 1978 5317 Datum
2015 5280 2083 5318 \‘ll
2124 5264 2291 5320 Kalen
2316 5267 2391 5322 las
2413 5265 2554 5319 Maii.

1720 5445 1967 5503 Urbanus
2009 5448 2073 5502 II
2107 5447 2377 5514 Guarino,
2418 5448 2723 5502 monasterii
2750 5446 2811 5503 S.
2842 5446 3113 5501 Laurentii
3146 5446 3308 5503 Aver-

1862 5520 1978 5573 smti
2008 5519 2206 5586 abbati,
2244 5520 2411 5573 mitra:
2430 5528 2477 5572 cl
2506 5518 2689 5571 annuli
2723 5535 2872 5573 usum
2904 5520 3155 5575 concedit.

2315 5611 2491 5677 (Anno
2516 5609 2697 5682 1092.)

1988 5700 2262 5771 [Μιιιιιιιη
2295 5702 2486 5756 Annal.
2524 5703 2747 5766 Benctl.,
2778 5704 2842 5767 V,
2874 5702 3028 5774 292.]

1789 5788 2047 5862 Anagniae
2081 5793 2395 5849 versitbatur
2429 5795 2582 5851 nonis
2610 5794 2731 5850 Maii
2769 5793 3016 5850 Urbanus
3040 5808 3174 5862 papa
3201 5792 3303 5847 hoc
