3888 6322
566 290 670 361 347

1816 287 1878 343 Β.
1922 286 2151 345 URBAN

2258 288 2259 291 “
2296 281 2496 340 PAPE
3681 291 3745 350 313

567 427 710 487 anno
754 424 863 486 quo
901 417 1140 479 tempore
1169 406 1479 477 apostolica:
1520 403 1877 476 protectionis
1921 403 2150 475 gratiam
2180 406 2231 465 Α
2257 400 2617 468 confirmavit,
2649 398 2729 454 sic
2763 404 3057 469 praestante
3086 395 3194 452 Deo
3249 397 3323 452 ab
3366 398 3589 453 omnium
3622 402 3749 459 viven-

569 503 829 572 impertiit
849 501 1086 556 Guarino
1112 499 1295 554 abbati
1312 497 1626 553 monaSterii
1656 494 1842 550 Sancti
1868 494 2155 556 Laurentii

569 584 843 664 martyris,
877 591 1019 661 quod
1048 588 1207 659 juxta
1234 590 1422 645 urbem
1448 589 1787 645 Aversanam
1808 587 1993 651 situm,
2009 585 2150 657 juris

565 686 709 747 beati
744 684 893 749 Petri
923 697 1045 740 esse
1085 682 1316 749 dicitur,
1359 690 1416 739 et
1465 682 1656 737 iisdem
1718 678 2049 749 temporibus
2085 679 2149 737 de

563 790 723 844 paruo
748 774 816 827 ad
841 789 1091 847 magnum
1112 771 1513 837 excrevisse.Ad
1537 771 1640 825 hoc
1664 784 1791 823 vero
1809 767 2146 839 privilegium

566 864 947 936 indulgendum
986 864 1108 918 ideo
1139 878 1200 918 se
1230 862 1505 917 inductum
1548 860 1625 915 ait
1651 860 1891 929 pontifex
1917 859 2058 927 quod
2084 858 2154 911 il-.

564 953 667 1017 lius
683 953 1011 1036 .mouasterii
1035 952 1226 1020 fratres
1252 950 1503 1006 Romana:
1530 952 1779 1009 Ecclesia:
1799 950 2151 1012 tribulationi-

564 1048 665 1108 bus,
687 1056 734 1100 et
764 1044 1019 1115 angustiis
1046 1043 1271 1112 ﬁdeliter
1292 1043 1815 1098 communicaverunt.
1840 1042 1987 1097 Inter
2017 1042 2157 1097 alias

563 1133 683 1203 ejus
696 1134 795 1199 loci
812 1131 1469 1212 prterogativasﬁuarino
1481 1132 1662 1195 abbati
1690 1130 2147 1201 ejusquesucces-

564 1224 780 1290 soribus
808 1222 1057 1283 concedit
1086 1239 1239 1285 usum
1273 1222 1443 1275 mitra:
1472 1221 1683 1275 ubilibet
1709 1222 1764 1275 in
1791 1220 2152 1277 celebrationi-

566 1315 662 1367 bus
702 1314 1034 1377 diuinorum;
1078 1310 1265 1366 annuli
1283 1327 1418 1365 -vero
1461 1319 1669 1365 tantum
1708 1310 1762 1363 in
1806 1310 2151 1370 celebratione

568 1404 850 1468 missarum
880 1404 1263 1473 pra'cipuaram
1286 1403 1655 1473 festivitatem,
1679 1411 1726 1456 et
1757 1417 2003 1462 consessu
2025 1416 2150 1459 cou-

566 1494 834 1560 ciliorum.

639 1588 838 1655 Datum
891 1588 1147 1657 Anagnia:
1195 1604 1288 1657 per
1329 1604 1544 1651 manum
1591 1586 1841 1650 Joannis,
1889 1583 1946 1640 S.
1979 1583 2045 1643 Η.
2081 1582 2149 1645 Ε.

564 1679 777 1743 diaconi
807 1680 1124 1747 cardinalis,
1158 1682 1446 1738 indictione
1482 1698 1572 1746 xv,
1606 1680 1778 1745 Nonis
1828 1680 1982 1744 Maii,
2010 1695 2153 1734 anno

564 1770 855 1832 ﬂaminica:
896 1772 1273 1837 incarnationis
1304 1773 1462 1840 1092,
1481 1773 1817 1843 pontiﬁcatus
1837 1787 1975 1831 anno
1999 1785 2051 1825 v.

1279 1882 1371 1937 LX
1381 1882 1465 1937 Vl.

562 1972 767 2029 Urbani
796 1974 859 2029 II
886 1976 1110 2044 epistola
1126 1976 1196 2029 ad
1227 1974 1445 2030 Petrum
1475 1974 1714 2029 abbatem
1758 1973 2061 2027 Cauensem.
2083 2002 2152 2013 --

710 2045 788 2101 De
814 2046 1095 2119 privilegiis
1126 2046 1360 2121 ejusdem
1389 2046 1704 2107 monasterio
1731 2045 2007 2103 concessis.

1163 2138 1343 2210 (Anno
1370 2136 1551 2202 1092-)

964 2228 1182 2300 [Mansu
1219 2227 1428 2295 Concil,
1451 2227 1574 2292 XX,
1601 2225 1754 2297 652.]

642 2318 891 2374 Unuauus
945 2319 1253 2388 episcOpus,
1303 2332 1494 2373 servus
1528 2332 1805 2372 servorum
1860 2315 1976 2382 Dei,
2003 2330 2156 2371 reve—

568 2409 883 2473 rentissimo
912 2409 1064 2464 fratri
1096 2411 1307 2475 l’srno,
1356 2408 1591 2465 coenobii
1638 2407 1898 2469 Cavensis
1949 2407 2151 2471 abbati,

565 2510 624 2557 et
643 2500 1046 2564 successoribus
1098 2501 1360 2561 canonice
1402 2500 1809 2573 promovendis,
1840 2499 2077 2559 salutem
2100 2506 2157 2554 et

570 2592 921 2669 apostolicam
948 2591 1380 2653 benedictionem
1411 2591 1465 2646 in
1496 2600 1835 2662 perpetuum.

639 2681 774 2736 Cum
805 2682 1072 2737 universis
1111 2690 1314 2737 sancta:
1334 2680 1592 2744 Ecclesiae
1612 2682 1859 2752 partibus
1889 2695 1988 2750 pro
2011 2680 2157 2735 sedis

567 2773 878 2843 apostolica:
940 2774 1265 2830 auctoritate
1320 2788 1386 2835 ac
1452 2771 1825 2827 benevolentia
1878 2769 2155 2826 debitores

571 2866 889 2933 existamus,
923 2865 1028 2920 illis
1062 2875 1239 2926 tamen
1272 2863 1405 2919 locis
1432 2873 1595 2939 atque
1624 2863 1872 2934 personis
1897 2862 1997 2931 qui
2036 2877 2156 2930 spe-

564 2953 759 3013 cialius
789 2968 852 3008 ac
879 2953 1199 3013 familiarius
1226 2953 1485 3012 Romana:
1526 2953 1852 3013 adhaeserint
1877 2951 2154 3019 Ecclesia),

566 3043 767 3112 quique
796 3043 1073 3114 amplioris
1109 3042 1385 3114 religionis
1413 3045 1587 3113 gratia
1634 3044 1882 3099 eminere.
1924 3057 2157 3115 noscun~

2220 494 2385 586 _tium
2410 493 2541 564 jugo
2595 491 2829 547 liberum
2878 504 3050 561 usque
3079 490 3148 545 ad
3196 497 3446 559 tempora
3490 506 3645 548 nosm
3676 512 3751 566 ρετ.

2251 584 2469 640 mansit.
2494 582 2705 638 Nostris
2733 590 2914 636 autem
2936 580 3126 636 diebus
3153 579 3461 650 Alpbanus,
3486 581 3753 642 Salernum

2250 676 2508 731 Ecclesiae
2556 673 3023 743 archiepiscopus,
3055 670 3342 726 confrater
3364 680 3562 735 noster,
3591 674 3645 727 ad
3664 675 3755 743 ejus.

2250 768 2373 821 dem
2399 765 2501 819 loci
2548 764 2936 834 subjectionem
2982 761 3157 817 modis
3185 761 3359 831 coepit
3404 762 3631 817 omnibus
3649 767 3758 819 anhe-

2249 856 2394 922 lare._
2431 855 2597 910 Nobis
2651 855 2835 924 itaque
2885 851 3300 921 disponentibus
3347 850 3607 906 basilicam
3648 854 3757 923 ipsius

2250 937 2355 1002 loéi
2387 946 2663 1011 dedicare,
2691 945 2791 999 ille.
2811 959 2922 999 suae
2948 942 3204 997 Ecclesia:
3230 941 3407 995 minui
3426 939 3546 1011 jura
3583 941 3754 996 clauim

2251 1036 2364 1101 bat,
2389 1035 2479 1090 cui
2506 1049 2607 1089 nos
2632 1049 2701 1090 ex
2725 1033 3033 1088 abundanti.
3075 1032 3513 1088 satisfactionem
3560 1030 3674 1100 juris
3701 1038 3759 1090 ob-

2253 1124 2473 1187 tulimus
2510 1143 2524 1178 :
2554 1124 2644 1179 ille
2665 1133 2870 1190 autem,
2897 1140 3026 1193 cum
3062 1124 3131 1179 ad
3157 1122 3494 1194 postulatum
3512 1134 3563 1180 et
3588 1138 3758 1195 accepta
3832 1110 3833 1121 ‘

2253 1224 2365 1271 tum
2387 1215 2621 1273 actionis
2639 1213 2930 1275 terminum]
2956 1215 3319 1286 pervenisset,
3335 1215 3596 1270 actionem
3615 1219 3759 1287 aggreii
3832 1270 3833 1275 η

2251 1304 2529 1359 refutavit.
2981 1291 2985 1295 ’

2323 1397 2415 1452 Sic
2449 1411 2547 1452 nos
2573 1397 2937 1467 praesentibus
2976 1396 3239 1453 fratribus
3282 1394 3493 1451 nostris
3515 1396 3763 1451 reverenda

2250 1486 2405 1541 simis
2423 1487 2693 1557 episcopis
2718 1486 2922 1542 Ubaldo
2952 1485 3266 1553 Sabinensi,
3280 1483 3511 1541 Oddone
3528 1486 3763 1547 Albanensi,

2249 1579 2490 1634 Berardo
2520 1579 2879 1644 Praenestino,
2907 1578 3116 1634 Joanne
3144 1576 3563 1656 Tusculanensi,
3585 1576 3763 1630 Brunonc

2252 1666 2501 1739 Signino,
2520 1667 2788 1739 Rangerio
2810 1668 3096 1738 Regitano,
3110 1666 3362 1723 Gerardo
3373 1665 3765 1736 TrojanoJoanne

2180 1769 2225 1829 Β
2252 1757 2607 1829 llioppolano,
2657 1767 2713 1814 et
2738 1759 3109 1815 cardinalibus
3150 1758 3419 1813 Ecclesiae
3467 1766 3646 1812 nostra:
3681 1756 3764 1811 llcr-
3832 1826 3833 1835 ξ

2255 1867 2455 1907 marino
2480 1853 2800 1922 presbytero
2829 1866 2896 1905 ex
2948 1850 3108 1905 titulo
3136 1849 3390 1917 Quatuor
3433 1848 3763 1911 Coronatorum,
3832 1852 3833 1919 1

2255 1940 2518 2013 Gregorio
2546 1945 2866 2014 presbytero
2909 1942 3050 1997 tituli
3078 1941 3267 1998 Sancti
3296 1940 3510 2005 Vitalis,
3556 1939 3766 1995 Benedicto

2254 2036 2573 2105 presbytero
2600 2036 2818 2091 Sanctae
2848 2034 3137 2102 Susannae,
3169 2037 3445 2108 Gregorio
3494 2051 3557 2091 ex
3594 2037 3762 2091 diaconi:
3832 2034 3833 2105 1

2258 2124 2473 2181 Sancta:
2495 2126 2680 2183 Mariae
2712 2127 2770 2181 in
2795 2128 2881 2183 via
2917 2128 3072 2194 Lata,
3100 2129 3315 2184 Joanne
3342 2145 3410 2185 ex
3442 2126 3663 2184 diaconia
3682 2126 3766 2180 Sin-
3832 2124 3833 2194 ξ

2256 2227 2357 2277 ctu:
2382 2218 2563 2272 Maria:
2615 2218 2668 2272 in
2720 2218 2905 2275 schola
2957 2219 3166 2283 Grieca,
3223 2221 3394 2276 Petro
3422 2234 3487 2275 ex
3520 2218 3764 2275 diaconiain

2258 2308 2461 2364 Sancto
2482 2309 2744 2376 Adriano,
2768 2310 2971 2368 Jacobo
2989 2327 3059 2367 ex
3077 2312 3332 2367 diaconia
3353 2311 3536 2367 Sancti
3555 2309 3765 2369 Eustachii,

2255 2407 2312 2453 et
2338 2398 2623 2456 Tencrone
2677 2416 2745 2459 ex
2775 2401 3025 2463 diaconia
3056 2401 3241 2457 Sancti
3300 2401 3520 2473 Georgii
3550 2401 3610 2455 ad
3636 2398 3759 2453 Velum

2257 2511 2501 2558 aureum.
2542 2496 2882 2565 diaconibus,
2912 2498 3327 2553 astanteetiam
3358 2494 3677 2551 dilectissimo
3698 2492 3773 2544 lilio.

2258 2596 2447 2642 nostro
2477 2587 2615 2643 duce
2654 2588 2901 2661 Rogerio
2934 2606 3058 2646 cum
3117 2591 3409 2649 innumera
3456 2589 3763 2646 clericorumet

2258 2675 2521 2735 laicorum
2551 2679 2731 2745 turba,
2764 2680 3322 2748 praestanteDomino
3336 2688 3521 2737 nostro
3547 2676 3765 2733 JesuChri.

2259 2776 2364 2851 ste,
2391 2769 2544 2837 cujus
2566 2770 2771 2835 vicem,
2816 2770 2944 2828 licet
2970 2771 3256 2841 immeriti,
3288 2774 3530 2842 gerimus
3565 2774 3611 2827 in
3646 2768 3763 2829 terris,

2258 2859 2327 2921 ad
2354 2859 2616 2916 honorem
2641 2877 2866 2918 summa:
2891 2872 2946 2921 et
2969 2863 3258 2919 individua:
3287 2863 3571 2918 Trinitatis
3591 2857 3763 2915 manibus
3832 2857 3833 2879 ξ

2260 2952 2462 3007 nostris
2486 2953 2720 3022 propriis
2744 2954 2798 3009 in
2840 2954 3030 3009 eodem
3059 2955 3197 3018 loco,
3232 2957 3328 3025 qui
3357 2954 3639 3009 Metelliana
3669 2949 3761 3004 Cara
3832 2960 3833 3025 ἦ

2262 3043 2552 3114 vulgariter
2607 3054 2969 3115 nuncupatur,
3004 3046 3296 3125 basilicam
3354 3045 3685 3102 dedicavimus
3708 3040 3760 3092 die

569 3145 677 3200 tur,
706 3136 1042 3206 propensiori
1069 3151 1168 3190 nos
1211 3135 1475 3190 inducunt
1509 3136 1794 3191 cbaritatis
1820 3135 1999 3190 studio
2054 3134 2155 3188 im-
2182 3149 2222 3205 (ς
2256 3132 2532 3190 Nonarum
2562 3135 2982 3206 Septembrium,
3037 3139 3384 3209 indulgentes
3438 3139 3597 3195 eidem
3641 3146 3762 3189 mona-

570 3226 797 3282 minere.
844 3226 1168 3297 Apostolica:
1231 3241 1361 3299 ergo
1412 3226 1687 3282 memoriae
1744 3226 2159 3296 przedecessoris

568 3320 742 3375 nostri
772 3319 1018 3391 Gregorii
1048 3319 1265 3395 septimi
1308 3319 1573 3379 institutis
1604 3319 1846 3375 tenacius
1877 3318 2157 3373 adhaeren-

567 3420 673 3479 tes,
703 3412 949 3469 Cavense
1001 3413 1332 3479 coenobium,
1377 3411 1465 3468 cui
1509 3426 1721 3468 summa
1771 3410 1961 3482 religio
1993 3410 2156 3480 viget,

564 3506 711 3576 quod
757 3507 869 3576 ipse
912 3506 1261 3578 singulariter
1316 3505 1528 3573 dilexit,
1556 3513 1612 3562 et
1636 3520 1750 3564 suae
1802 3504 2160 3561 institutionis

567 3595 849 3666 privilegio
871 3597 1244 3665 eomiuunivit,
1290 3611 1389 3653 nos
1412 3610 1628 3667 quoque
1658 3595 1820 3666 hujus
1846 3594 2016 3651 nostri
2048 3594 2162 3666 pri-

570 3683 751 3754 vilegii
781 3685 976 3755 pagina
1025 3686 1441 3753 communimus,
1480 3695 1535 3742 et
1569 3688 1638 3742 ab
1660 3687 1806 3743 omni
1850 3697 1957 3742 tam
1985 3702 2152 3742 δωριισ

576 3773 706 3827 laris
736 3788 898 3844 quam
938 3773 1319 3831 ecclesiasticae
1347 3791 1592 3847 personae
1613 3777 1739 3850 jugo
1791 3777 2017 3834 liberum
2039 3793 2161 3833 esse

573 3863 795 3917 οιιιηὶηο
825 3865 1186 3920 decernimus.
1216 3866 1361 3921 idem
1413 3884 1650 3938 namque
1672 3869 2000 3939 apostolicus
2028 3884 2159 3939 pon-

574 3954 727 4018 tifex,
743 3954 867 4009 dum
893 3956 947 4010 in
968 3956 1205 4012 Romana
1225 3970 1413 4013 sancta
1434 3960 1673 4015 Ecclesia
1692 3962 2161 4019 archidiaconatus

571 4047 750 4101 adlmc
789 4046 964 4102 oliicio
994 4048 1328 4121 fungeretur,
1355 4052 1671 4123 pratdictum
1718 4053 1895 4109 locum
1926 4072 1955 4109 a
1982 4055 2159 4111 Gisul~

573 4140 703 4208 pho,
728 4140 1070 4197 Salernitano
1116 4152 1245 4199 tunc
1270 4145 1531 4217 principe,
1566 4147 1618 4201 in
1650 4146 1803 4216 cujus
1855 4164 2015 4203 manu
2049 4148 2162 4203 fue~

571 4236 677 4295 rat,
706 4230 1016 4298 postulavit.
1069 4232 1247 4288 Cellas
1266 4250 1481 4306 quoque
1512 4235 1789 4305 plurimas,
1820 4253 1955 4307 quas
1990 4253 2160 4309 usque

575 4318 643 4372 ad
702 4318 752 4373 id
807 4321 1066 4390 temporis
1118 4324 1351 4393 spatium
1412 4326 1555 4381 idem
1609 4328 1860 4398 princeps
1896 4329 1952 4383 in
1998 4345 2161 4385 manu

573 4410 797 4478 propria
826 4410 1152 4480 detinuerat,
1177 4415 1243 4469 ab
1276 4416 1393 4485 ipso
1422 4418 1736 4488 acquirens,
1763 4420 1937 4477 cidem
1970 4429 2160 4477 sancto

2260 3225 2430 3281 sterio
2481 3227 2942 3297 contemplatione
2973 3228 3253 3297 cujusdam
3315 3224 3658 3300 praerogativa:
3684 3232 3760 3287 spe-

2261 3317 2413 3375 cialis
2443 3316 2750 3381 cltaritatis,
2784 3334 2944 3389 quam
2976 3321 3186 3391 experti
3217 3320 3424 3375 ﬁtimus
3449 3320 3500 3374 in
3528 3315 3763 3371 eodemeo~

2261 3409 2424 3465 nobio
2454 3449 2470 3475 ,
2520 3411 2630 3465 imo
2668 3411 2849 3480 potius
2896 3410 3192 3481 perfractam
3239 3410 3517 3484 religionis
3557 3406 3763 3462 observan-
3832 3410 3833 3423 π

2265 3504 2420 3570 tiam,
2464 3501 2592 3557 dum
2633 3503 2812 3559 adhuc
2847 3517 3092 3560 essemus
3122 3504 3175 3559 in
3220 3504 3522 3560 minoribus
3567 3494 3762 3555 ordinibus
3832 3546 3833 3563 ἦ

2260 3590 2563 3649 constituti.
3832 3576 3833 3583 “

2336 3682 2403 3740 Ut
2428 3683 2737 3754 quicunque
2771 3683 2826 3738 in
2857 3693 3001 3739 statu
3029 3685 3387 3754 pmaiteutiae,
3416 3680 3622 3737 Domino
3640 3672 3761 3743 θρίω·

2260 3770 2428 3839 lanle,
2457 3772 2620 3829 fuerit
2647 3773 2875 3845 positus,
2927 3784 2980 3829 et
3034 3775 3103 3830 ad
3133 3774 3340 3830 dictum
3372 3774 3540 3828 locum
3558 3763 3756 3822 aecum.
3832 3764 3833 3771 ‘

2262 3865 2431 3927 fuerit
2454 3867 2527 3922 ibi
2560 3883 2667 3922 uno
2699 3868 2786 3923 die
2811 3878 2939 3924 ante
2985 3868 3155 3938 ipsius
3196 3868 3439 3923 basilicae
3484 3850 3761 3947 consecratis

2263 3973 2412 4024 nem,
2441 3968 2497 4013 et
2524 3974 2622 4030 per
2646 3966 2816 4015 totum
2847 3957 2989 4016 diem
3031 3965 3377 4028 sequentem,
3427 3969 3521 4011 nec
3544 3963 3634 4006 non
3656 3940 3758 4034 indit

2263 4046 2415 4104 Jovis
2439 4048 2636 4114 sancti,
2662 4055 2826 4120 atque
2873 4063 2971 4116 per
3012 4056 3179 4105 totam
3210 4048 3356 4103 diem
3405 4040 3610 4100 Veneris
3644 4036 3759 4089 Sancti

2264 4148 2603 4210 sequentem,
2649 4140 2716 4195 de
2771 4140 3029 4196 omnibus
3075 4140 3340 4211 peccatis,
3391 4140 3455 4195 de
3490 4131 3652 4206 quibus
3681 4133 3758 4176 te"!

2263 4235 2536 4293 contritus
2568 4234 2734 4292 fuerit
2759 4243 2817 4292 et
2861 4236 3164 4303 confessus,
3193 4236 3339 4292 illam
3394 4223 3759 4317 indulgentiamtl

2262 4327 2478 4384 veniam
2502 4343 2532 4381 a
2562 4328 2792 4384 Domino
2840 4340 3229 4399 consequantur,
3277 4344 3442 4400 quam
3472 4324 3756 4380 merereturm

2265 4424 2444 4478 eundo
2474 4432 2528 4478 et
2551 4424 2825 4480 redeundo
2856 4426 2923 4479 ad
2957 4435 3206 4482 sanctum
3229 4426 3486 4483 Jacobum
3507 4405 3757 4485 Composlc"

576 4501 698 4557 loco
730 4504 961 4559 contulit
987 4506 1230 4563 absolute
1248 4524 1371 4564 cum
1412 4513 1665 4566 onmibus
1714 4513 2089 4569 habitantibus
2110 4522 2164 4569 et
2195 4517 2240 4571 Ι)
2266 4516 2471 4587 ianum,
2506 4518 2728 4588 reliquis
2770 4533 2902 4573 vero
2949 4520 3282 4589 temporibus
3310 4531 3369 4576 et
3396 4518 3571 4573 diebus
3602 4498 3757 4573 sing‘llis

574 4592 920 4660 habitatoris,
953 4604 1060 4650 tam
1080 4596 1135 4652 in
1161 4597 1354 4653 Cilenti
1404 4611 1587 4656 monte
1616 4600 1840 4673 ejusque
1887 4603 2161 4673 pertinen-

576 4678 689 4744 tiis,
718 4696 877 4748 quam
903 4682 955 4735 in
987 4681 1119 4739 locis
1144 4684 1430 4751 Pasciano,
1460 4686 1789 4756 Metelliano,
1821 4701 2000 4745 castro
2027 4690 2165 4745 San-

574 4768 648 4822 cti
678 4768 974 4839 Adjutoris,
998 4782 1054 4829 et
1080 4775 1529 4843 pertinentiarum
1554 4781 1870 4834 eorumdem
1896 4780 2159 4848 locorum,

536 4928 541 4933 ἢ
580 4875 705 4914 cum
757 4862 1013 4932 juribus,
1077 4867 1360 4937 angariis,
1405 4871 1766 4941 parangariis,
1815 4872 2162 4942 pensionibus

582 4948 796 5017 solutis,
823 4962 932 5008 tam
992 4956 1205 5012 ratione
1259 4967 1524 5013 terrarum
1573 4975 1736 5030 quam
1785 4977 1883 5030 pro
1924 4962 2164 5032 quolibet

583 5037 806 5095 t'oculari
830 5041 1067 5111 ipsorum
1098 5045 1367 5114 locorum,
1406 5048 1549 5105 sicut
1574 5066 1675 5106 nos
1719 5053 1819 5123 ipsi
1851 5053 1905 5107 in
1936 5054 2164 5126 registro

580 5129 751 5199 ipsius
772 5132 1024 5205 principis
1045 5137 1380 5194 enucleatius
1420 5140 1653 5197 vidimus
1681 5143 1967 5199 contineri.
1992 5144 2163 5211 Quam

582 5223 933 5279 donationem
982 5243 1081 5283 nos
1142 5231 1470 5289 auctoritate
1529 5235 1825 5305 apostolica
1889 5250 1957 5291 ex
2014 5246 2165 5292 certa

580 5316 810 5371 scientia
860 5318 1266 5380 confirmamus.
1313 5324 1584 5383 Praeterea
1629 5328 1942 5383 Cluniacum
1987 5329 2164 5384 locum

583 5411 731 5467 illum
765 5413 1030 5470 famosum
1058 5417 1312 5488 dirigens,
1352 5423 1475 5477 inde
1525 5431 1576 5479 te
1598 5432 1657 5477 ut
1684 5424 1933 5479 abbatem
1972 5426 2166 5493 praadi-

582 5512 673 5559 εἱο
709 5507 1040 5564 monasterio
1067 5523 1405 5580 praeponeret
1435 5515 1647 5582 ascivit,
1705 5533 1865 5587 quem
1911 5517 2166 5588 deinceps

581 5613 703 5651 cum
755 5599 1025 5656 universis
1090 5601 1345 5670 subjectis
1390 5606 1504 5662 sive
1542 5608 1695 5675 locis,
1741 5608 1852 5664 sive
1895 5611 2162 5679 personis,

581 5693 933 5760 singulariter
974 5695 1183 5761 dilexit,
1248 5698 1379 5753 fovit
1425 5712 1587 5771 atque
1639 5704 1807 5759 tuitus
1855 5714 1989 5769 est;
2041 5721 2165 5761 mox

587 5786 827 5856 pontifex
852 5787 1265 5861 factus,_eorum
1295 5791 1595 5852 libertatem
1608 5795 1824 5868 decreti
1866 5797 1947 5853 sui
1972 5798 2165 5870 pagina

2264 4623 2428 4664 causa
2461 4608 2768 4663 devotionis
2802 4608 2929 4664 illuc
2976 4611 3297 4667 accedentes
3324 4619 3549 4681 quatuor
3570 4604 3755 4656 annorum

2266 4707 2322 4755 et
2384 4700 2604 4756 totidem
2657 4699 3134 4771 quadragenaer
3183 4701 3558 4775 indulgentiam
3608 4692 3755 4777 ευοτυξη

2263 4796 2612 4860 peccatorum
2664 4788 2949 4847 obtineant
3016 4792 3085 4847 de
3136 4791 3281 4847 sedis
3328 4786 3613 4864 apostolica:
3644 4780 3755 4864 gr?!"

2264 4881 2510 4952 speciali.
2537 4881 2641 4948 Qui
2668 4895 2800 4936 vero
2830 4882 2897 4936 ad
2922 4882 3192 4952 capellam
3234 4862 3385 4939 tuam
3409 4882 3551 4939 sitam
3571 4862 3755 4927 incedet"

2266 4973 2622 5040 monasterio,
2653 4988 2719 5031 ac
2743 4976 2934 5030 eodem
2966 4975 3053 5031 die
3087 4982 3460 5031 consecratam
3482 4983 3566 5042 per
3602 4961 3755 5043 veneru-

2265 5066 2428 5123 bilem
2457 5065 2687 5123 fratrem
2735 5075 2983 5122 nostrum
3039 5067 3355 5136 praedictum
3407 5052 3753 5120 Brunonech"

2266 5172 2487 5229 scopum
2512 5157 2819 5229 Signinum,
2848 5158 2901 5213 in
2953 5158 3144 5213 diebus
3173 5167 3230 5214 et
3256 5150 3607 5237 festivitatibus
3627 5144 3751 5237 sum:

2265 5249 2427 5305 dictis
2459 5250 2689 5315 venerit,
2723 5259 2934 5321 septem
2961 5265 3134 5305 annos
3156 5260 3213 5306 et
3243 5250 3459 5305 totidem
3476 5235 3750 5322 quadrati"?as

2266 5342 2333 5398 de
2360 5342 2695 5412 indulgentia
2720 5358 2818 5412 pro
2848 5344 2960 5398 suis
2989 5343 3225 5412 peccatis
3270 5337 3519 5397 confessis
3554 5346 3579 5383 a
3602 5324 3746 5378 donum)

2267 5443 2655 5504 οοηεθτιιιειιυι·.
2678 5436 3016 5489 Accedentes
3050 5434 3299 5490 similiter
3323 5435 3390 5489 ad
3418 5420 3651 5487 ecclesiam
3664 5418 3755 5504 et)":

2268 5536 2529 5582 structam
2581 5527 2635 5581 in
2684 5526 2848 5583 casali
2896 5526 3073 5581 cidem
3126 5525 3453 5581 monasterio
3493 5496 3744 5580 adiam"et

2267 5614 2551 5681 eminenti,
2577 5613 2883 5670 dedicatam
2918 5615 3035 5684 ipso
3067 5615 3155 5670 die
3186 5613 3412 5685 perjam
3453 5609 3615 5665 dictum
3642 5592 3742 5685 νθξθ·

2270 5706 2496 5761 rabilem
2529 5707 2750 5763 fratrem
2780 5716 3023 5763 nostrum
3053 5708 3386 5777 Rangcrium
3407 5698 3656 5775 episcopum
3676 5674 3737 5773 “,6.

2270 5800 2533 5872 gitanum,
2562 5801 2617 5858 in
2666 5801 2854 5861 diebus
2888 5802 3038 5860 festis
3086 5802 3378 5872 praedictis,-
3421 5810 3505 5855 nec
3548 5796 3627 5842 non
3648 5778 3737 5828 ειυί
