3888 6322
27 392 122 447 5w

1138 369 1500 427 EPISTOLAE
1542 369 1629 424 ET
1670 363 2073 423 l‘iilVlLEGlA.

3156 365 3275 441 sua

26 502 256 557 υιιιιιὶΙιυε
302 491 687 552 festivitatibus
734 487 975 559 Virginis
1016 487 1283 558 gloriosae,
1314 486 1383 541 ad
1440 484 1592 554 cujus
1621 482 1810 552 Ajure
1835 476 2109 535 communi
2162 490 2323 545 super
2374 476 2471 532 hoc
2516 477 2660 532 edito
2692 477 2742 531 in
2789 477 2970 549 aliquo
3013 494 3118 534 non
3171 483 3273 543 obs

26 592 325 650 vocabulum
349 594 666 644 constructa
692 593 778 640 est
801 581 1030 638 ecclesia
1048 588 1587 650 memorata,septem

26 702 180 742 anuos
208 693 261 737 et
288 681 667 750 quadragenas
701 678 925 733 totidem
958 678 1024 732 de
1050 676 1385 747 indulgentia
1419 691 1450 730 a
1478 676 1586 730 Do-

25 778 155 830 mino
174 777 601 842 promereantur.

85 906 451 965 Concedentes
481 912 536 958 et
573 902 750 958 edicto
797 909 1057 972 perpetuu
1085 899 1488 963 confirmantes,
1530 902 1591 953 ut

28 1012 126 1055 tant
154 1010 204 1053 tu
232 1012 396 1065 quam
430 1008 776 1049 successores
804 978 895 1047 tui
950 1008 1046 1063 per
1077 1001 1250 1046 terras
1290 991 1365 1044 tui
1405 1005 1591 1043 mona-

26 1090 157 1145 sterii
198 1087 412 1142 habitas
466 1094 520 1139 et
559 1083 833 1139 habendas
889 1082 1059 1138 libere
1105 1082 1280 1152 possis
1331 1080 1590 1134 ecclesias

27 1189 344 1241 construere,
376 1190 501 1229 cum
532 1189 695 1228 cruce
737 1173 977 1243 signare,
1002 1173 1214 1240 aliaque
1260 1169 1589 1240 pontificalia

27 1280 73 1323 et
98 1264 387 1337 spiritualia
424 1278 703 1328 exercere,
733 1276 1018 1320 sacrorum
1049 1248 1300 1314 ordinum
1348 1259 1591 1313 collatio-

28 1362 139 1423 nis,
190 1356 539 1411 basilicarum
596 1364 653 1408 et
701 1353 956 1407 altarium
1014 1351 1479 1415 consecrationis,
1527 1366 1591 1405 ac

28 1448 311 1502 chrismatis
347 1446 732 1507 confectiouis,
791 1444 885 1499 tibi
933 1444 1148 1512 tuisque
1188 1443 1590 1499 successoribus

30 1540 264 1591 duntaxat
314 1536 569 1591 abdicata
618 1537 833 1605 penitus
887 1543 1174 1606 potestate.
1226 1535 1591 1589 Decernentes

29 1641 75 1682 ut
104 1640 199 1682 tam
228 1629 395 1698 ipsius
454 1615 687 1683 cteuobii
740 1637 921 1697 caput,
975 1642 1136 1697 quam
1185 1626 1425 1681 ecclesia:
1456 1640 1591 1695 quas

30 1738 150 1776 nunc
172 1721 350 1786 habet,
404 1721 524 1776 sive
564 1720 809 1791 plebanzc
857 1719 1078 1785 fuerint,
1134 1718 1219 1773 vel
1262 1718 1491 1782 rurales,
1535 1718 1588 1772 in

1689 580 1887 628 stante.

1759 663 1982 730 Insuper
2024 666 2355 713 memoratus
2422 656 2912 714 excellentissimus
2969 659 3106 723 dux,
3147 657 3267 715 visa

1689 748 1997 817 huiusmodi
2028 746 2385 802 dedicationis
2418 746 2781 813 solemnitate,
2810 757 3182 817 compunctus,
3208 756 3271 807 ut

1690 842 1981 906 credimus,
2019 838 2203 893 divino
2251 837 2477 907 Spiritu,
2531 837 2686 891 nobis
2730 846 2785 892 et
2830 819 3269 909 nostro‘apostoe

1690 930 1821 993 latui
1851 930 2110 984 attentius
2145 928 2490 999 supplicavit,
2526 936 2585 981 ut
2613 928 2959 982 donationem
2982 937 3035 993 et
3064 928 3269 991 contire

1691 1024 2010 1087 mationem,
2041 1036 2202 1090 quam
2230 1020 2364 1091 ipse
2400 1020 2574 1074 cidem
2607 1014 2940 1073 monasterio
2982 1020 3163 1078 facere
3200 1020 3279 1077 ob

1691 1110 2048 1168 reverentiam
2070 1118 2270 1165 sanctae
2315 1118 2370 1162 et
2398 1107 2687 1162 individua:
2709 1107 3033 1170 Trinitatis;
3065 1116 3121 1161 et
3146 1123 3283 1161 suo-ﬁ
3360 1096 3361 1099 ¹

1693 1189 1818 1257 rum
1836 1213 2183 1272 peccatorum
2216 1200 2532 1265 remedium,
2564 1199 2896 1265 intendebat,
2930 1199 3274 1267 dignaremur

1696 1296 2025 1350 auctoritate
2050 1292 2343 1362 apostolica
2378 1292 2723 1355 confirmare,
2784 1300 3084 1358 nostroque
3120 1304 3274 1343 man-2

1690 1386 1944 1440 daremus
1977 1385 2140 1438 inseri
2170 1381 2451 1452 privilegio
2484 1381 2788 1451 diligenter.
2819 1380 2928 1434 Nos
2976 1380 3140 1449 igitur
3161 1378 3285 1439 suis,

1692 1477 1744 1530 in
1779 1478 1883 1531 hac
1916 1485 2072 1546 parte
2118 1472 2709 1543 precibusjustissimis
2744 1473 3011 1538 inclinati,
3051 1474 3102 1526 in
3129 1472 3275 1525 favu-

1691 1582 1805 1620 rem
1835 1564 2001 1635 ipsius
2021 1563 2143 1628 loci,
2163 1578 2322 1632 quem
2342 1562 2562 1633 speciali
2589 1562 2969 1631 prosequimur
2987 1561 3279 1615 dilectione

1691 1658 1893 1728 pariter
1943 1664 1999 1711 et
2054 1654 2362 1718 devotione,
2414 1654 2794 1708 coucessioucs
2841 1661 2897 1707 et
2952 1653 3277 1707 donationes

1693 1749 1836 1817 ipsas
1872 1747 1924 1800 in
1953 1754 2138 1801 nostro
2160 1745 2412 1815 praesenti
2440 1743 2723 1814 privilegio
2751 1743 2915 1798 inseri
2947 1742 3177 1797 fecimus
3206 1743 3276 1797 ad

29 1816 220 1868 civitate
246 1824 299 1867 et
319 1814 546 1869 dimcesi
574 1814 947 1867 tantummodo
979 1811 1320 1867 Salernitana
1350 1810 1582 1875 situatae,
1616 1840 1659 1897 Β
1689 1810 1975 1892 θ’δυιριωη,
2012 1867 2020 1873 ,

30 1908 87 1960 ab
108 1906 235 1959 enini
261 1904 382 1973 jure
412 1913 468 1959 et
490 1904 870 1971 iurisdictione
899 1902 1191 1973 episcopali
1241 1902 1350 1955 sint
1398 1915 1552 1954 exem
1574 1931 1588 1941 ο

30 2010 135 2067 ριτρ,
164 1999 224 2053 de
254 1998 593 2069 plenitudine
621 1998 907 2068 potestatis
939 2006 995 2052 et
1020 1996 1190 2067 gratia
1220 1995 1437 2065 speciali
1467 2011 1482 2061 ;
1513 1996 1586 2048 ita

34 2101 81 2143 ut
101 2090 231 2145 nullo
259 2091 377 2159 jure
406 2106 510 2145 seu
542 2090 659 2145 foro
690 2089 1035 2153 contentiosa
1065 2097 1120 2141 tu
1148 2088 1232 2143 vel
1266 2087 1353 2141 tui‘
1373 2101 1588 2141 succes-

33 2198 168 2235 sures
191 2180 368 2237 fratres
396 2182 576 2251 ipsius
607 2181 924 2245 monasterii
952 2196 1045 2235 seu
1075 2179 1257 2237 clerici
1282 2177 1587 2242 saeculares,

36 2272 79 2325 in
111 2274 336 2339 praedicta
387 2273 617 2328 civitate
663 2281 720 2326 et
763 2272 981 2327 ditecesi
1034 2285 1130 2340 per
1188 2268 1589 2328 Salernitanum

37 2362 282 2430 pncsulern
315 2378 376 2418 ac
422 2363 726 2432 capitulum
757 2362 1098 2437 aliquatenus
1125 2360 1588 2429 constringantur,

38 2453 247 2519 quinimc
303 2439 557 2508 ecclesiae
613 2469 736 2507 cum
804 2453 1057 2507 omnibus
1113 2452 1227 2506 suis
1273 2449 1486 2519 juribus
1537 2457 1593 2502 et

43 2544 344 2610 pertinentiis
365 2545 532 2626 pleno
548 2543 670 2612 jure
689 2542 797 2619 ipsi
844 2542 1176 2597 monasterio
1206 2541 1314 2596 sint
1340 2540 1588 2594 subditae.

42 2632 86 2683 Si
114 2647 224 2687 vero
260 2634 469 2703 aliquos
499 2635 567 2689 de
613 2635 717 2689 tuis
756 2633 1060 2697 monachis,
1093 2646 1186 2686 seu
1220 2631 1447 2686 clericos
1494 2645 1594 2684 sae-

44 2723 239 2786 culares,
269 2726 317 2778 in
363 2726 618 2780 ecclesiis
665 2724 902 2779 civitatis
958 2723 1231 2793 praedictae
1270 2730 1325 2777 et
1371 2719 1591 2775 dioecesi

45 2825 401 2871 cntumorantes
432 2816 509 2869 ad
544 2831 733 2870 sacros
759 2814 993 2885 elegeris
1020 2813 1239 2868 ordines
1262 2809 1593 2881 promoveri,

44 2902 176 2959 liceat
207 2907 293 2962 tibi
352 2909 575 2977 tuisque
621 2906 1022 2963 successoribus
1076 2916 1453 2973 quemcunque
1482 2916 1597 2955 ma-

48 2994 181 3049 lueris
216 2997 529 3067 episcopum
584 3011 904 3060 convoeare,
960 2992 1250 3050 dummodo
1299 2990 1598 3047 catholicus

48 3086 195 3153 fuerit,
225 3088 310 3143 sed
364 3089 415 3142 in
472 3088 597 3142 aliis
645 3088 973 3142 dimcesibus
1020 3085 1280 3154 requisilo
1336 3084 1598 3138 duntaxat

1803 1924 2146 1994 Privilegium
2184 1924 2392 1994 Rogerii
2424 1924 2570 1977 ducis
2600 1923 2917 1976 monasterio
2950 1919 3192 1975 Cavensi.

1761 2015 2042 2075 Concessit
2088 2014 2353 2083 siquidem
2407 2013 2694 2082 praedictus
2738 2012 2843 2064 dux
2894 2011 3064 2065 eidem
3098 2023 3280 2063 mona-

1692 2109 1861 2165 sterio
1931 2108 1984 2164 in
2036 2115 2403 2176 perpetuum,‘
2436 2114 2495 2159 ut
2549 2113 2732 2173 patres
2783 2102 2911 2157 dicti
2964 2100 3278 2155 monasterii

1692 2201 1897 2269 absque
1926 2197 2168 2268 qualibet
2216 2196 2604 2251 contrarietate
2653 2193 2926 2248 haeredum
2974 2202 3030 2245 et
3066 2205 3281 2244 succes-

1692 2307 1873 2353 surum
1897 2305 2117 2345 suorum
2147 2289 2357 2357 possint
2385 2287 2605 2357 exigere
2652 2296 2707 2340 et
2737 2286 2979 2353 recipere
3012 2284 3278 2351 integram

1693 2382 1982 2446 decimam,
2008 2392 2215 2450 partem
2242 2378 2469 2449 piscium
2497 2378 2587 2448 qui
2618 2376 2759 2447 capti
2798 2375 3000 2430 fuerint
3040 2374 3092 2427 in
3146 2373 3282 2426 mari

1695 2490 1724 2527 a
1753 2469 1965 2527 valloue
2016 2471 2108 2541 qui
2157 2472 2224 2525 de
2271 2470 2596 2526 Gallocauda
2650 2466 3014 2541 [Gallocauta]
3060 2465 3279 2524 dicitur.

1696 2581 1867 2634 usque
1921 2564 1988 2618 ad
2040 2562 2262 2616 fluvium
2309 2564 2376 2616 de
2426 2561 2601 2616 Caetra
2650 2559 3045 2632 [Cmteranui
3076 2566 3159 2611 est
3217 2556 3287 2609 de

1699 2659 1971 2715 territorio
2004 2658 2174 2728 ipsius
2202 2655 2519 2709 monasterii
2550 2669 2646 2723 per
2693 2652 2933 2721 quinque
2967 2650 3130 2703 millia
3163 2662 3285 2717 pas~

1697 2768 1855 2807 suum
1909 2751 2053 2805 intra
2112 2764 2285 2803 mare.
2338 2746 2665 2801 Prazdictum
2716 2760 2847 2799 vero
2897 2742 3284 2798 monasterium

1698 2842 2053 2898 mercimonia
2109 2856 2209 2895 sua
2264 2840 2472 2908 absque
2526 2838 2672 2893 omni
2714 2838 2953 2900 datioue,
3000 2834 3285 2896 solutione,

1698 2951 1794 2989 seu
1822 2934 2056 2997 exitura,
2086 2931 2255 2986 libere
2289 2931 2507 2997 vendat,
2542 2930 2739 2984 nedum
2778 2927 2830 2981 in
2862 2925 2976 2981 suis
3006 2922 3284 2978 littoribus

1698 3029 1780 3081 vel
1815 3027 2097 3096 portubus,
2148 3026 2256 3080 imo
2305 3038 2401 3095 per
2458 3033 2629 3077 totum
2681 3037 2836 3077 suum
2892 3019 3145 3072 ducatum
3180 3024 3287 3068 tam

1700 3118 1875 3182 ipsum
1924 3117 2234 3172 emnobium
2280 3130 2442 3185 quam
2487 3122 2730 3168 ementes
2783 3109 2899 3178 ejus
2938 3106 3288 3164 mercimonia

48 3187 257 3274 an'ms
303 3180 619 3233 d'mcesauo
652 3197 665 3232 ³
720 3179 787 3233 de
836 3179 1033 3274 quiqu
1088 3176 1335 3274 mdes?“
1387 3175 1505 3231 suis;
1538 3175 1591 3229 in
1622 3199 1668 3261 C
1700 3175 1897 3262 liberos
1922 3204 2204 3261 constituit
2233 3175 2491 3274 perpetuo
2523 3220 2551 3255 a
2582 3175 2825 3271 qualibet
2868 3196 3286 3268 praeparatione.

49 3271 131 3339 jam
176 3274 303 3327 dicta
378 3274 607 3329 civitate
671 3283 726 3327 et
782 3273 1003 3339 dioecesi
1067 3272 1201 3327 nihil
1251 3271 1591 3326 dimccsanus

50 3360 224 3427 exigere
281 3373 596 3430 praesumat,
654 3363 761 3417 imo
816 3363 993 3432 potius
1048 3370 1153 3415 tam
1216 3360 1489 3426 monachi,
1547 3360 1593 3415 si

51 3446 199 3504 clerici
227 3451 521 3515 defuerint,
546 3467 709 3522 quam
734 3452 835 3521 ipsi
869 3452 1075 3515 clerici,
1101 3452 1306 3520 absque
1322 3466 1592 3528 quorum-

53 3535 156 3592 libet
210 3542 647 3597 contradictione
698 3552 867 3596 totum
929 3541 1162 3596 cilicium
1214 3539 1593 3606 sacerdotale,

53 3628 167 3696 quod
224 3633 529 3688 animarum
597 3649 729 3689 cura
776 3631 946 3704 exigit
1006 3630 1082 3688 et'
1112 3630 1386 3701 requirit,
1438 3627 1599 3684 Exer-

54 3728 194 3773 ccaut.

119 3854 179 3922 De
205 3855 284 3912 bis
309 3866 496 3911 autem
524 3871 645 3926 qua:
673 3872 702 3910 a
740 3855 1023 3912 catholicis
1067 3854 1394 3912 Christianis
1424 3853 1597 3910 eidem

60 3946 347 4001 monasterio
374 3956 491 4000 tam
536 3946 681 3999 inter
708 3946 859 4000 vivos
878 3961 1042 4016 quam
1090 3946 1145 4001 in
1198 3945 1384 4017 ultima
1417 3944 1602 3999 volun-

60 4047 143 4092 tale
189 4040 373 4093 donata
418 4038 628 4092 fuerint
675 4038 757 4093 vel
810 4038 988 4110 legata
1039 4054 1071 4094 a
1127 4053 1474 4108 quocunque,
1519 4036 1603 4092 vel

60 4130 341 4201 ubicunque,
379 4130 514 4185 nulli
537 4130 912 4211 episcoporum
937 4131 1367 4193 dimcesanorum
1394 4129 1602 4185 licitum

62 4223 133 4285 sit,
165 4234 396 4291 quartam
431 4224 522 4278 vel
557 4222 769 4278 tertiam
801 4230 1013 4293 partem
1044 4222 1096 4275 in
1123 4222 1252 4292 ipsis
1290 4222 1481 4289 legatis
1510 4238 1604 4276 seu

64 4312 259 4380 donatis,
288 4324 391 4369 tam
438 4315 493 4369 iu
548 4312 838 4374 stabilibus
865 4328 1026 4385 quam
1061 4313 1113 4365 in
1144 4311 1451 4377 mobilibus,
1486 4311 1604 4365 exi-

64 4420 163 4472 gere
216 4415 469 4476 praetextu
537 4404 951 4469 consuetudinis
1002 4402 1406 4472 cujuscumque.
1455 4402 1523 4457 Et
1560 4400 1605 4455 si

66 4512 277 4562 processu
305 4497 564 4569 temporis
593 4513 690 4568 per
735 4511 1089 4567 quoscunque
1141 4504 1330 4550 contra
1363 4504 1602 4548 tenorem

68 4585 330 4655 hujusmodi
378 4599 579 4644 nostra:
628 4586 995 4642 concessionis
1035 4585 1199 4639 fuerit
1251 4598 1348 4653 per
1394 4582 1605 4652 aliquos

67 4692 365 4752 atleutatum,
415 4685 546 4740 illud
582 4698 649 4739 ex
692 4697 836 4738 nunc
885 4681 1225 4736 decernimus
1269 4677 1482 4747 juribus
1513 4694 1605 4731 va-

69 4785 269 4843 cuatum,
302 4776 713 4848 praescriptione
772 4774 828 4829 in
878 4774 979 4828 hoc
1010 4771 1152 4843 longi
1207 4770 1465 4839 temporis
1494 4784 1600 4822 non

70 4879 297 4924 currente.
328 4871 384 4924 Si
418 4871 541 4939 quis
587 4883 718 4923 vero
768 4868 834 4920 ad
884 4866 1131 4920 eumdem
1158 4863 1331 4918 locum
1380 4860 1465 4914 vel
1494 4860 1609 4927 ejus

71 4956 287 5027 ecclesias
332 4944 431 5015 sibi
476 4958 809 5030 sepulturam
868 4955 1110 5024 elegerit,
1166 4953 1369 5007 licitum
1412 4952 1481 5004 sit
1516 4949 1608 5003 tibi

76 5049 248 5120 tuisque
274 5052 677 5109 successoribus
705 5061 759 5104 et
787 5048 1044 5102 fratribus
1078 5047 1127 5098 iu
1161 5044 1409 5099 ecclesiis
1441 5044 1611 5113 ipsius

73 5143 267 5197 cueuobii
322 5141 778 5211 commorantibus
827 5140 997 5209 ipsum
1049 5138 1100 5190 in
1151 5151 1249 5188 suo
1300 5133 1613 5191 C(euieterio

78 5232 266 5297 sepelire
296 5236 497 5307 absque
523 5232 810 5304 cujuslibet
838 5226 1291 5296 contradictione,
1320 5223 1612 5277 dunuuodo

83 5321 378 5381 Christianus
401 5336 456 5381 et
509 5324 811 5381 catholicus
841 5322 1126 5377 habeatur.
1176 5317 1475 5371 Statuimus
1527 5314 1608 5368 iu-

82 5428 211 5481 διψθτ
242 5430 492 5489 perpetuo
513 5419 819 5480 valiturum,
857 5424 915 5469 ut
936 5412 1150 5483 quoties
1182 5411 1325 5466 inter
1355 5408 1637 5464 vassallos.

82 5501 280 5571 ejusdem
307 5510 612 5565 monasterii
642 5520 763 5566 orta
788 5507 950 5563 fuerit
973 5504 1220 5575 qumstio,
1268 5501 1406 5572 quod
1439 5502 1612 5569 ipsum

86 5600 294 5662 Quamvis
343 5604 617 5675 contingat
659 5602 989 5664 ctenobium,
1052 5597 1215 5651 liceat
1254 5595 1347 5648 tibi
1403 5592 1613 5659 tuisque

86 5695 444 5750 successoribus
504 5706 557 5751 et
609 5696 849 5765 partibus
907 5692 1068 5764 [forte
1118 5683 1385 5760 patribus]
1444 5684 1611 5752 ipsius

88 5784 295 5847 querelas
341 5786 636 5853 huiusmodi
693 5785 958 5851 decidere,
1024 5780 1237 5855 justitia
1296 5776 1604 5839 mediante,

1698 3297 1927 3355 Indulsit
1986 3298 2150 3352 etiam
2182 3295 2325 3367 quod
2363 3310 2551 3349 omnes
2603 3293 2849 3346 homines
2896 3305 3031 3358 quos
3088 3287 3305 3347 dictum

1700 3390 2008 3446 coenobium
2038 3388 2206 3444 habet
2230 3397 2283 3442 et
2323 3386 2541 3441 habebit
2596 3386 2646 3437 in
2699 3381 2969 3453 przetlictis
2996 3379 3149 3442 locis,
3182 3377 3291 3431 Me-

1703 3481 1945 3546 telliano,
1992 3478 2278 3541 Pasciauo,
2320 3474 2504 3531 villula
2556 3472 2845 3541 adjaceuti,
2905 3476 3085 3524 castro
3116 3466 3291 3521 sancti

1701 3573 1985 3644 Adjutoris
2016 3572 2068 3625 in
2110 3569 2307 3625 Cilenti
2348 3574 2555 3631 monte,
2606 3572 2660 3619 et
2686 3560 3028 3634 pertinentiis
3076 3572 3293 3613 eorum-

1702 3664 1823 3719 dem
1862 3662 2127 3726 locorum,
2162 3669 2272 3715 tam
2329 3656 2513 3713 clerici
2574 3670 2735 3726 quam
2783 3651 2904 3707 laici
2942 3664 3154 3719 semper
3184 3648 3295 3703 sint

1702 3751 1859 3808 liberi
1890 3751 1958 3806 ab
1987 3751 2134 3806 omni
2163 3747 2450 3803 exactione
2497 3744 2760 3815 pecunia),
2811 3741 2892 3795 vel
2938 3755 3117 3794 rermn
3150 3753 3284 3808 qua-

1703 3842 1958 3898 rumlibet
1989 3841 2242 3906 aliarum,
2274 3854 2408 3910 quas
2432 3852 2531 3908 pro
2560 3835 2738 3905 aliqua
2762 3832 3173 3903 Opportunitate
3201 3829 3289 3884 vel

1705 3948 1871 3989 causa
1922 3932 2058 4003 ipse,
2116 3931 2198 3986 sui
2250 3930 2497 3985 haeredes
2544 3927 2629 3981 vel
2663 3924 2761 3997 [et]
2796 3937 3140 3979 successores
3198 3919 3296 3975 ali-

1707 4027 1926 4097 quando
1957 4025 2213 4080 duxerint
2236 4040 2264 4076 a
2311 4022 2427 4077 suis
2457 4020 2767 4075 hominibus
2821 4017 3119 4077 faciendas,
3154 4021 3210 4067 et
3239 4020 3297 4066 ut

1705 4119 1774 4173 de
1802 4117 1936 4187 ipsis
1990 4113 2303 4170 hominibus
2333 4113 2566 4167 liberam
2594 4124 2780 4165 curam
2830 4102 3089 4177 [curiam]
3119 4110 3171 4156 et
3218 4100 3297 4155 fo-

1708 4208 2024 4264 risfacturas
2061 4220 2251 4262 omnes
2287 4204 2405 4258 sine
2434 4202 2541 4257 ullo
2575 4216 2673 4256 suo
2704 4197 2880 4267 bajulo
2919 4196 2999 4251 vel
3049 4194 3297 4248 ministro

1708 4297 1955 4354 habeatis
1986 4337 2000 4361 ,
2060 4308 2117 4351 et
2162 4297 2215 4349 in
2264 4294 2416 4351 curia
2465 4293 2633 4362 ipsius
2682 4286 2995 4344 monasterii
3044 4299 3139 4354 per
3181 4282 3299 4351 ejus

1709 4405 2039 4445 summosam
2090 4387 2315 4443 veniant
2369 4386 2435 4440 ad
2489 4383 2759 4455 justitiam
2816 4377 3119 4433 faciendam
3167 4381 3221 4427 et
3265 4388 3317 4445 ag

1706 4480 1980 4550 judicibus
2009 4494 2146 4548 quos
2173 4477 2254 4532 eis
2297 4475 2599 4531 statueritis
2622 4471 2855 4528 debeant
2902 4463 3295 4520 rationabiliter

1638 4550 1682 4603 D
1707 4569 1961 4644 judicari,
1987 4584 2123 4639 quos
2145 4576 2199 4622 et
2225 4567 2465 4622 notarios
2506 4566 2747 4635 publicos
2775 4557 3043 4615 statuendi
3075 4555 3298 4609 liberam

1714 4666 1868 4722 vobis
1899 4661 2089 4719 tribuit
2140 4659 2467 4722 facultatem,
2527 4666 2633 4710 tam
2689 4655 2741 4709 in
2794 4650 2972 4707 causis
3029 4644 3321 4711 civilibus,

1715 4772 1877 4828 quam
1908 4755 1962 4809 in
2004 4750 2379 4808 criminalibus
2408 4747 2659 4803 omnibus
2681 4739 3062 4815 praetermissis
3090 4734 3321 4803 causis,

1716 4826 1783 4905 de
1814 4848 2013 4919 quibus
2048 4840 2395 4899 condemnati
2453 4828 2693 4907 legitime
2737 4835 2971 4889 debeant
3020 4827 3180 4891 mori,
3233 4826 3324 4899 de.

1717 4939 1837 4993 aliis
1862 4945 2044 4992 autem
2074 4930 2447 4989 criminalibus
2467 4928 2738 4991 omnibus,
2764 4925 2829 4979 de
2858 4923 3053 4993 quibus
3081 4933 3300 4990 poenam

1718 5030 1879 5084 aliam
1912 5028 2117 5096 absque
2146 5035 2320 5080 morte
2372 5022 2553 5077 subire
2604 5019 2856 5080 debeant,
2905 5013 3166 5084 quidquid
3199 5026 3298 5067 vo—

1721 5121 1931 5177 lueritis
1973 5117 2205 5173 faciatis.
2255 5115 2517 5171 Similiter
2542 5119 2597 5166 et
2628 5111 2694 5163 de
2738 5105 2950 5171 duellis,
3003 5105 3047 5159 si
3078 5119 3142 5159 ex
3167 5105 3325 5175 ipsis

1721 5214 1901 5269 causis
1932 5209 2348 5266 intervenerint.
2406 5202 2806 5273 Appellatiuncs
2834 5211 2963 5253 vero
3020 5198 3063 5251 si
3102 5196 3303 5250 fuerint

1722 5308 1917 5362 vestris
1977 5303 2288 5359 hominibus
2333 5307 2672 5369 Opportunw,
2712 5291 2779 5346 ad
2818 5297 3054 5345 vestram
3093 5288 3299 5341 curiam

1725 5400 2041 5471 appelletur,
2058 5395 2311 5465 quoniam
2335 5386 2594 5461 quidquid
2622 5387 2673 5440 iu
2698 5383 2967 5455 prwdictis
2994 5379 3302 5436 hominibus

1724 5493 1965 5546 locorum
1990 5489 2249 5558 ipsorum,
2280 5494 2335 5539 et
2364 5484 2416 5536 in
2448 5479 2743 5534 lenimento
2772 5478 2824 5532 in
2858 5493 2965 5547 quo
2996 5481 3295 5534 morantur,

1725 5592 1909 5657 posset
1959 5582 2073 5651 ipse
2099 5582 2204 5635 dux
2238 5590 2291 5636 et
2333 5581 2448 5649 ejus
2477 5588 2821 5633 successores
2844 5571 3073 5642 erigere,
3111 5576 3165 5621 et
3187 5574 3299 5619 sta-

1724 5689 1914 5739 tuere,
1964 5683 2017 5729 et
2066 5672 2321 5727 ordinare
2353 5710 2366 5733 ,
2421 5668 2692 5724 statuendi
2744 5673 2800 5721 et
2850 5660 3091 5731 erigendi
3144 5658 3300 5714 vobis

1721 5776 1979 5842 perpetuo
2003 5763 2183 5822 tribuit
2214 5768 2558 5833 potestatem.
2575 5756 2852 5815 Concessit
2880 5754 3044 5809 etiam
3068 5748 3219 5806 vobis
3247 5747 3299 5802 in
