3888 6322
516 340 619 397 551

1795 330 1873 384 .u.
1921 326 2172 385 causan
2212 325 2252 380 ll
2286 326 2493 394 name

3695 337 3795 397 35%

520 461 874 533 perpetuum,
916 461 975 506 ut
1014 451 1066 506 iu
1119 445 1439 521 quacunque
1484 454 1637 518 parte
1681 446 1764 502 sui
1796 446 2024 505 ducatus
2048 451 2101 496 tu
2132 440 2178 499 Δ
2204 456 2359 503 suum
2389 438 2793 525 sacramentum
2835 451 2962 500 tunc
3010 436 3166 502 nobis
3195 451 3550 520 praesentibus
3588 460 3790 523 pressi.

522 544 611 602 vel
639 560 985 604 successores
1015 544 1089 597 tui
1123 542 1483 613 personaliter
1510 538 1739 600 fueritis,
1767 545 1822 594 et
1850 551 1988 589 nitus
2016 534 2107 589 vel.

524 639 708 710 plures
724 637 971 693 homines
1001 636 1075 692 ibi
1103 627 1308 690 fuerint
1325 635 1394 689 ad
1418 640 1671 696 mortem,
1703 630 1788 686 vel
1827 630 1892 683 ad
1926 629 2098 697 quod-

519 727 651 784 libet
679 727 1001 800 supplicium
1018 725 1269 798 iudicati,
1284 725 1503 796 possitis
1526 739 1642 789 eos,
1665 723 1805 779 sicut
1824 721 2108 776 volueritis-

519 823 849 890 iiberare,et
873 823 1180 892 ubicunque
1217 836 1316 892 per
1354 835 1512 875 suum
1535 819 1785 878 ducatum
1812 817 2107 880 transitum.

517 910 779 983 feceritis,
827 913 1122 983 obviosque
1173 910 1472 976 habueritis
1533 909 1593 963 in
1646 914 1828 970 vestro
1871 905 2112 964 transitu-

516 1004 931 1070 condemnatos,
979 1003 1071 1073 qui
1097 1001 1164 1058 ad
1197 999 1546 1071 suspendium
1599 997 1680 1052 vel
1728 993 2114 1054 decollationis,

518 1095 849 1164 supplicium
875 1095 1247 1165 deportentur,
1279 1091 1509 1155 valeatis
1531 1104 1647 1157 eos,
1701 1088 1747 1149 si
1798 1088 1948 1144 vobis
1984 1086 2103 1157 pla-

517 1187 714 1252 cuerit,
745 1186 928 1242 facere
960 1186 1201 1241 liberari.
1349 1173 1358 1178 ’

592 1267 650 1334 εἴ
675 1294 802 1334 vero
824 1277 1070 1332 homines
1085 1275 1303 1333 vassalli
1320 1275 1488 1347 ipsius
1507 1271 1818 1330 monasterii
1846 1269 2106 1335 vendunt,

521 1368 776 1432 offerunt,
807 1369 1031 1435 donant,
1070 1377 1125 1422 et
1157 1367 1330 1422 modis
1357 1365 1478 1421 aliis
1503 1364 1742 1420 alienant
1774 1372 1946 1418 tersas
1971 1375 2106 1428 quas

522 1461 592 1515 ab
641 1459 830 1515 eodem
870 1459 1204 1520 monasterio
1258 1465 1465 1523 tenent,I
1516 1462 1871 1522 asserantque
1919 1466 2106 1504 eormn

521 1547 941 1604 consuetudines
991 1562 1112 1608 esse
1156 1555 1217 1601 ut
1255 1547 1306 1601 id
1349 1544 1559 1616 possint
1597 1542 1812 1605 facere,
1871 1539 2106 1600 saucivit

521 1650 576 1696 et
607 1640 836 1695 firmiter
859 1639 1093 1696 inhibuit
1121 1639 1412 1710 praedictus
1437 1636 1568 1700 dux,
1598 1647 1653 1692 ut
1682 1649 1872 1691 omnes
1900 1641 2097 1697 terras,

521 1747 658 1804 quas
687 1733 790 1802 ipsi
843 1731 1093 1788 homines
1145 1730 1214 1784 ab
1269 1729 1457 1783 eodem
1498 1725 1748 1780 ρωποι)ἰο
1800 1729 2003 1786 tenent,
2051 1727 2108 1778 et

2201 640 2426 694 prorsus
2489 625 2644 680 irrita
2700 637 2978 698 reputetur

2205 542 2338 599 tum,
2380 543 2433 589 et
2486 549 2582 604 per
2609 551 2760 591 suam
2797 537 2936 594 hanc
2992 541 3326 596 sanctionem
3381 545 3699 609 constituit.
3742 559 3791 602 ut

3022 647 3035 684 :
3079 639 3136 685 et
3181 645 3510 702 quocunque
3555 643 3795 703 tempore

2204 718 2378 784 ipsum
2401 717 2669 785 hmredem
2703 728 2759 774 et
2788 736 3137 778 successores
3162 739 3288 779 suos
3310 739 3479 796 super
3508 726 3620 780 hoc
3641 729 3794 781 dme-

2204 807 2333 861 ritis.
2362 807 2731 876 postulandus.
2766 811 2914 867 dedit
2944 821 2997 869 et
3019 813 3239 890 reliquit
3282 816 3364 871 eis
3413 815 3684 871 omnibus
3710 823 3796 872 sub

2204 899 2398 956 divinis
2429 908 2736 970 nostraeque
2765 903 3156 967 benedictionis
3203 906 3427 962 obtentu
3492 907 3728 962 firmiter
3751 910 3799 962 in

2206 992 2497 1060 mandatis,
2530 1003 2588 1049 ut.
2609 994 2754 1065 ipsas
2783 1008 2978 1055 clunes
3026 997 3408 1062 concessiones
3440 1008 3501 1053 et
3530 1001 3799 1068 exceptio-

2208 1096 2304 1137 nes
2332 1098 2429 1153 per
2454 1099 2640 1146 eorum
2680 1086 2833 1151 vobis
2885 1086 3164 1157 privilegia
3194 1087 3427 1145 debeant
3480 1087 3802 1147 confirmare

2205 1173 2321 1228 sine
2347 1175 2494 1230 omni
2519 1176 2693 1245 pretio
2743 1185 2798 1230 et
2827 1177 2983 1246 taedio
3042 1177 3347 1245 tarditatis;
3375 1188 3440 1250 et
3459 1177 3652 1232 nullus
3677 1178 3802 1247 ipso-

2206 1279 2325 1317 rum
2356 1275 2652 1335 prmsntnat
2671 1282 2766 1323 eas
2793 1267 3092 1340 infringere
3141 1268 3224 1324 vel
3264 1269 3648 1338 mutarc,_sed
3680 1269 3802 1340 ipsas

2208 1355 2399 1410 ill-.osas
2422 1373 2640 1415 servare
2665 1357 2898 1426 debeant
2922 1368 2978 1417 et
3026 1369 3227 1424 tenere,
3280 1362 3458 1418 donec
3498 1377 3600 1416 vos
3633 1363 3690 1416 in
3723 1378 3804 1416 sua

2209 1439 2482 1499 baeredum
2512 1458 2565 1501 et
2593 1463 2979 1505 successorum
3016 1435 3238 1508 'suorum
3270 1449 3378 1506 fide
3423 1451 3656 1506 sincera
3711 1450 3804 1505 foe

2208 1536 2328 1598 ritis
2348 1548 2744 1606 permanentes.
2782 1539 2929 1611 Quas
2977 1542 3386 1607 concessiones,
3434 1541 3804 1596 conﬁrmatio-

2209 1643 2334 1696 nes,
2399 1631 2791 1702 exceptiones,
2827 1618 2894 1687 et
2939 1632 3302 1704 indulgentias
3358 1631 3598 1692 collatas
3647 1634 3808 1688 eidem

2209 1722 2546 1783 monasterio
2577 1737 2676 1800 per
2725 1723 2900 1797 ipsum
2949 1723 3364 1783 dilectissimum
3399 1723 3576 1779 filium
3629 1726 3804 1780 ducem

533 1799 656 1891 qua:
679 1799 986 1876 alienantur
1009 1819 1216 1888 absque
1239 1818 1407 1887 ipsius
1432 1813 1804 1884 requisitione,
1822 1811 2113 1874 dummodo
2144 1799 2192 1854 Β
2212 1812 2504 1883 Roget-ium
2559 1814 2916 1880 ratificamus,
2967 1816 3334 1886 approbamus
3367 1853 3385 1880 ,
3436 1824 3498 1871 et
3549 1830 3624 1871 ex
3677 1829 3805 1870 certa

520 1911 808 1974 evidenter
855 1918 1114 1981 appareat
1168 1907 1314 1977 quod
1370 1905 1540 1977 ipsius
1587 1901 1903 1964 monasterii
1959 1900 2108 1966 sint,

519 1999 684 2055 liceat
711 2001 864 2056 vobis
891 2015 986 2055 eas
1031 2013 1254 2068 caperel
1300 2004 1356 2052 et
1405 1997 1472 2050 ad
1503 1994 1780 2050 dominum
1805 1991 1974 2065 ipsius
2001 2004 2113 2052 eq:-

520 2092 668 2158 ttobii
715 2107 994 2156 revocare,
1038 2087 1641 2156 eonsuetudinealiqna
1681 2099 1788 2143 non
1834 2083 2108 2144 obstante,

523 2181 631 2236 nisi
659 2180 865 2247 forsan,
917 2182 1061 2252 quod
1116 2191 1292 2234 terras
1340 2178 1486 2246 ipsas
1522 2175 1815 2230 habuerint
1865 2172 2113 2242 pra‘scris-

523 2271 800 2340 [itionibus
827 2271 1086 2340 legitimis
1141 2269 1224 2330 vel
1275 2267 1396 2323 aliis
1432 2266 1596 2337 justis
1647 2263 1948 2326 rationibus
1989 2263 2112 2318 inde

525 2360 748 2423 vale‘ant
771 2377 831 2416 se
861 2362 1021 2423 tueri.
1897 2431 1900 2434 ἢ

596 2451 848 2523 Largitus,
896 2460 981 2506 est
1026 2465 1243 2526 quoque
1266 2449 1379 2520 jam
1434 2449 1613 2510 dictus
1647 2445 1754 2509 dux~
1794 2453 1854 2499 ut
1891 2444 1938 2500 si
1990 2444 2114 2522 quis

522 2561 593 2602 ex
656 2546 768 2602 suis
804 2528 1126 2610 comitibus,
1173 2543 1512 2607 .baronibus,
1569 2539 1832 2596 militibus
1882 2539 2112 2607 aliisque

525 2634 810 2691 catholicis
835 2634 1150 2690 hominibus
1179 2633 1343 2688 totius
1369 2631 1452 2687 sui
1485 2631 1736 2698 ducatus,
1779 2630 1847 2686 de
1877 2645 1942 2685 eo
1968 2630 2111 2699 quod

530 2725 600 2781 ab
628 2725 747 2797 ipso
797 2725 850 2779 in
888 2725 1109 2780 fetidum
1149 2731 1358 2788 tenent,
1403 2721 1678 2781 voluerint
1712 2721 1764 2776 iu
1796 2730 2004 2792 partem
2028 2719 2128 2776 vel

527 2819 581 2871 iu
622 2826 793 2872 totum
819 2818 968 2874 dicto
1001 2816 1332 2872 monasterio
1350 2813 1548 2869 offerre
1571 2823 1626 2869 et
1669 2813 1929 2878 alienare,
1959 2822 2112 2884 pote-

525 2915 722 2967 statem
773 2907 902 2964 illud
957 2909 1194 2963 habeant
1246 2906 1476 2962 faciendi
1528 2903 1763 2974 qualiter
1817 2906 2106 2970 voluerint,

524 2997 839 3071 dictumque
869 3000 1258 3056 monaSterium
1291 2999 1429 3055 bona
1479 2998 1590 3067 ipsa
1619 2999 1684 3053 ad
1725 2998 1898 3068 ipsum
1933 2999 2110 3054 taliter

529 3089 779 3145 devoluta
801 3092 918 3152 sine
939 3092 1085 3148 omni
1116 3107 1211 3146 sua
1230 3091 1618 3160 hreredumque
1644 3099 1700 3146 et
1729 3105 2105 3146 successorum

526 3197 751 3244 suorum
801 3185 1236 3246 contradictione
1283 3184 1446 3245 liceat
1487 3183 1791 3254 percipere,
1848 3185 2024 3238 valeat
2056 3185 2108 3238 in

523 3291 625 3332 suo
674 3276 912 3333 dominio
966 3277 1223 3345 retinere,
1274 3285 1328 3333 et
1361 3293 1388 3331 a
1444 3279 1687 3347 quolibet
1733 3277 1979 3342 servitio,
2026 3277 2129 3331 vel-

523 3369 928 3441 praeparatione
955 3368 1172 3432 fetidum
1230 3370 1432 3439 ipsum,
1459 3370 1543 3424 vel
1581 3384 1708 3442 pars
1733 3370 1921 3439 ipsius,
1957 3368 2111 3422 dein-.-

521 3474 650 3528 eeps
694 3461 767 3516 sit
825 3461 1085 3521 imtnnue.
1122 3462 1178 3516 Si
1222 3478 1352 3518 vero
1391 3462 1588 3532 aliquis
1627 3471 1733 3516 tam
1779 3461 1846 3517 de
1869 3459 2112 3517 vassallis

525 3551 699 3620 ipsius
728 3553 1076 3618 monasterii,
1124 3571 1287 3625 quam
1327 3555 1396 3610 de
1440 3554 1586 3622 aliis,
1636 3566 1827 3610 tenens
1862 3555 1928 3610 de
1956 3553 2112 3610 bonis

524 3642 638 3696 suis
684 3643 970 3702 stabilibus
997 3645 1084 3702 vel
1116 3647 1426 3711 mobilibus,
1459 3647 1578 3702 sine
1621 3647 1832 3705 mercde
1873 3646 2112 3717 legitimo

525 3729 612 3786 vel
637 3733 870 3787 naturali
900 3734 1218 3800 decesserit,
1254 3736 1340 3790 vel
1391 3736 1735 3810 forisfaetum
1767 3737 1984 3801 fecerit,
2014 3751 2114 3806 per

525 3823 673 3892 quod
727 3819 847 3895 ipsa
897 3825 967 3882 ad
998 3842 1191 3881 manus
1249 3827 1560 3899 reipublicze
1613 3828 1680 3884 de
1733 3829 1858 3900 jure
1893 3823 2133 3898 possent"

528 3912 816 3982 applicari,
868 3914 1078 3971 licitum
1129 3918 1199 3973 sit
1232 3918 1386 3972 vobis
1412 3933 1506 3990 per
1534 3934 1632 3974 vos
1658 3919 1846 3974 eadem
1875 3918 2015 3980 bona
2045 3920 2114 3974 ad

527 4011 769 4060 vestrum
831 4005 1126 4060 dominium
1178 4022 1452 4076 revocare,
1483 4009 1630 4064 omni
1677 4024 1773 4064 sua
1815 4008 2109 4078 hatredttm,

528 4108 906 4154 successorum
938 4111 1184 4163 suorum,
1235 4099 1542 4156 ofﬁcialinm
1572 4102 2003 4162 contradictiOne
2028 4118 2113 4158 re-

528 4196 699 4252 mota,
729 4188 876 4243 nulla
915 4205 1082 4260 super
1132 4193 1290 4250 bonis
1347 4193 1481 4264 ipsis
1538 4203 1812 4265 potestate
1860 4196 1964 4251 sibi
2027 4197 2113 4252 vel

527 4275 840 4345 reipublicae
891 4292 1206 4348 reservata,
1244 4283 1517 4340 Tenentes
1568 4286 1919 4342 nihilominus
1972 4288 2113 4345 bona

526 4369 700 4440 ipsius
751 4373 1065 4428 monasterii
1115 4377 1384 4432 concessit
1431 4391 1526 4432 vos
1572 4391 1733 4447 posse
1781 4378 2112 4435 ad‘vestram

527 4461 738 4516 ettriam
793 4479 1010 4530 vocare,
1065 4467 1129 4520 ad
1168 4467 1470 4525 docendum
1531 4471 1766 4540 qualiter
1809 4470 1952 4528 bona
1996 4473 2110 4544 ipsa

527 4560 783 4611 teneant:
809 4563 865 4609 et
898 4555 1001 4611 nisi
1025 4559 1423 4616 rationabili-ter
1454 4561 1732 4619 docuerint
1756 4563 1894 4619 bona
1919 4565 2111 4620 eadem

523 4641 596 4696 ad
641 4659 701 4699 se
746 4657 1015 4715 Spectare,
1060 4649 1144 4704 vel
1194 4666 1253 4706 se
1288 4653 1700 4724 prmscriptione
1749 4655 2004 4724 legitima,
2038 4658 2116 4712 vi-

520 4734 724 4791 delicet
771 4740 1110 4807 centenario,
1160 4744 1500 4804 ostenderint
1546 4761 1605 4801 se
1653 4748 1914 4813 munitus,
1972 4751 2109 4804 bona

524 4828 640 4898 ipsa
679 4830 907 4888 valeatis
935 4833 1113 4888 taliter
1140 4847 1401 4904 occupata
1447 4839 1512 4892 ad
1541 4838 1835 4894 dominintn
1871 4840 2111 4910 ejusdem

523 4922 838 4976 monasterii
885 4926 1216 4980 auctoritate
1256 4927 1414 4995 hujus
1453 4928 1803 5000 indulgentiae
1830 4947 2109 4999 revocare,

516 5014 646 5084 iure
674 5019 946 5074 communi
969 5035 1132 5091 super
1187 5023 1330 5077 hunc
1383 5022 1672 5079 articulum
1716 5026 1930 5095 penitus
1962 5042 2114 5083 revo-

521 5115 675 5163 cato.

597 5200 882 5258 Conicessit
906 5205 1129 5276 insuper
1157 5205 1311 5260 vobis
1341 5204 1395 5260 in
1432 5214 1777 5278 perpetuum,
1811 5217 1871 5262 ut
1907 5210 1951 5264 si
1998 5219 2110 5278 tua,

521 5306 906 5348 successorum
934 5305 990 5350 et
1018 5305 1230 5366 patrum
1257 5297 1430 5369 ipsius
1471 5300 1782 5354 monasterii
1823 5299 2112 5355 manifesta

521 5383 682 5453 culpa
716 5399 822 5440 non
853 5384 1205 5442 intervenerit
1242 5399 1430 5446 contra
1476 5390 1725 5445 eumdem
1755 5391 1969 5455 ducem,
2003 5391 2086 5446 ba:

525 5477 686 5530 redcs
713 5484 767 5529 et
790 5490 1139 5533 successores
1167 5494 1314 5548 suos,
1346 5490 1403 5537 et
1431 5482 1703 5552 prtedictze
1730 5499 1840 5539 suae
1885 5498 2114 5554 congre-

520 5569 763 5637 g‘tliOHiS
791 5569 992 5626 futuris
1042 5573 1374 5641 temporibus
1401 5585 1622 5646 propter
1661 5576 1959 5646 quamlibet
1986 5592 2114 5631 can-

522 5677 640 5718 sam
669 5663 831 5720 aliam
865 5664 1089 5732 fuerint,
1114 5665 1197 5720 vel
1225 5665 1277 5720 in
1310 5675 1502 5736 totum,
1535 5669 1618 5724 vel
1653 5669 1707 5724 in
1732 5681 1938 5740 partem
1975 5669 2113 5725 obli-

525 5757 668 5814 vioni
726 5760 933 5835 tradita:
988 5760 1071 5819 vel
1122 5758 1356 5829 omissae,
1388 5769 1441 5816 ct
1483 5764 1816 5835 prmscriptio
1859 5765 1973 5834 ipsa
2016 5777 2113 5832 per

2211 1905 2440 1961 scientia
2463 1905 2879 1973 confirmamus,
2912 1907 3242 1974 auctoritate
3286 1907 3594 1986 apostolica
3623 1917 3683 1963 et
3709 1909 3802 1980 plc-

2211 1997 2798 2068 nitudine.potestatis._

2288 2091 2657 2156 Decernentes
2698 2099 2758 2152 et
2814 2089 2996 2151 edicto
3045 2097 3309 2162 perpetuo
3361 2089 3715 2150 roborantes,
3758 2101 3802 2140 t

2212 2181 2522 2252 quicunque
2577 2183 2783 2244 dictum
2848 2183 3240 2238 monasterium
3300 2181 3353 2242 in
3408 2181 3529 2236 suis
3565 2180 3805 2249 juribus.

2213 2272 2652 2343 possessionibus
2714 2279 2772 2327 et
2827 2270 3176 2326 libertatibus
3237 2271 3462 2335 lieserit,
3511 2278 3610 2322 aut
3658 2273 3802 2324 etiam

2212 2364 2652 2434 perturbaverit,
2703 2362 2869 2418 liceat
2916 2362 3063 2428 tibi,
3119 2363 3535 2420 successoribus
3588 2365 3719 2428 tuis,
3757 2373 3804 2416 et

2215 2453 2460 2524 patribus
2505 2453 2678 2523 ipsius.
2722 2453 3038 2513 monasterii
3061 2495 3089 2524 ,_
3134 2452 3513 2522 cujuscunque
3569 2455 3804 2525 praemi-

2217 2547 2415 2602 nentiae
2445 2546 2560 2603 sive
2617 2554 2792 2601 status
2836 2545 3062 2610 fuerint,
3112 2545 3259 2616 ipsos
3309 2547 3654 2602 auctoritate
3685 2562 3804 2617 prie-

2213 2639 2384 2694 sentis
2411 2637 2584 2692 nostri
2609 2637 2876 2709 privilegii
2917 2637 3176 2693 canonica
3206 2623 3810 2710 moniiionepmmissa

2213 2730 2706 2794 excommunicare,
2768 2737 2826 2786 et
2874 2730 3380 2788 excommunicatos
3435 2730 3562 2787 fore
3611 2735 3802 2786 mnu:-

2216 2823 2374 2886 tiare,
2426 2831 2588 2892 atque
2633 2821 2776 2892 quod
2811 2820 3020 2877 absolvi
3079 2835 3183 2876 non
3230 2823 3467 2891 possint,
3523 2826 3633 2880 nisi
3663 2827 3806 2895 digne

2213 2912 2632 2980 satisfecerint;
2684 2913 2967 2984 privilegio
3021 2912 3099 2968 eis
3155 2927 3444 2983 concesso,
3499 2918 3592 2972 vel
3629 2934 3799 2974 conce-

2213 3004 2390 3059 dendo
2416 3004 2560 3074 quod
2583 3004 3043 3060 excommunicari
3089 3013 3146 3058 et
3185 3005 3440 3062 interdici
3475 3023 3589 3064 non
3613 3010 3802 3078 possint

2214 3093 2578 3168 aliquatenus,
2643 3109 2748 3149 non
2803 3094 3082 3162 obStante,
3130 3095 3232 3149 nisi
3277 3096 3345 3152 de
3391 3096 3609 3154 indultu
3639 3097 3796 3166 hujus-

2215 3184 2361 3245 modi
2416 3185 2636 3255 plenam
2689 3193 2744 3240 et
2803 3200 3118 3254 expressam
3175 3186 3406 3242 fecerint
3460 3189 3797 3243 mentionem.

2215 3275 2276 3339 Si
2307 3276 2433 3345 quis
2476 3285 2661 3331 autem
2699 3287 2889 3336 contra
2923 3277 3062 3333 hanc
3116 3278 3287 3334 nostri
3325 3279 3538 3337 decreti
3585 3283 3797 3334 auctori-

2217 3377 2389 3428 tatem
2415 3369 2603 3424 venire
2664 3369 2976 3435 tentaverit,
3028 3369 3176 3424 salva
3208 3369 3357 3426 sedis
3401 3371 3796 3440 apostolicae-1

2213 3461 2516 3532 legatorum
2543 3462 2660 3532 ejus
2707 3461 3018 3534 reverentia
3062 3469 3118 3517 et
3143 3461 3431 3534 dignitate,
3471 3463 3616 3519 sciat
3656 3477 3714 3516 se
3747 3462 3792 3513 Β.

2214 3553 2363 3611 Petri
2391 3553 2624 3624 apostoli
2672 3553 2901 3625 gratiam
2939 3553 3292 3617 amissurum,
3321 3564 3394 3622 et
3446 3553 3796 3624 indignatione

2215 3648 2509 3718 apostolica
2541 3645 2866 3702 feriendum.
2903 3645 3231 3701 Obedientes
3258 3661 3390 3701 vero
3413 3656 3471 3700 et
3503 3646 3791 3714 lmjusmodi

2215 3740 2479 3812 privilegii
2505 3739 2710 3810 scripta
2760 3749 3047 3794 servantes
3098 3738 3316 3808 dignam
3365 3753 3396 3791 a
3428 3737 3544 3793 Deo
3586 3738 3790 3792 retribu-

2217 3831 2422 3886 tionem
2483 3828 2793 3900 recipiant,
2843 3835 2899 3883 et
2952 3827 3394 3886 benedictionem
3457 3826 3788 3905 apostolica

2213 3930 2637 3993 consequantur.

2786 4027 3246 4068 SUBSCMPTIONES.

2286 4107 2398 4178 Ego
2442 4105 2696 4168 Urbanus
2753 4106 3038 4162 catholica:
3064 4104 3319 4162 Ecclesiae
3346 4104 3636 4175 cpiscopus
3680 4105 3786 4158 sub—

2213 4198 2427 4269 scripsi.

2285 4290 2399 4360 Ego
2440 4289 2682 4346 Ubaldus
2711 4287 3031 4346 Sabinensis
3055 4288 3350 4359 episcopus
3379 4287 3693 4357 subscripsi.

2285 4382 2399 4453 Ego
2439 4381 2710 4436 Berardus
2738 4380 3107 4437 Praenestinus
3140 4379 3433 4449 episc0pus
3485 4376 3778 4448 subscripsi.

2289 4475 2402 4546 Ego
2425 4475 2576 4530 Oddo
2601 4473 2926 4530 Albancnsis
2950 4471 3239 4542 episcopus
3265 4471 3589 4541 subscripsi.

2290 4556 2402 4639 Ego
2427 4566 2664 4621 Joannes
2693 4566 2998 4621 Asculanus
3027 4565 3316 4634 episcopus
3339 4563 3655 4633 subscripsi.

2286 4660 2399 4730 Ego
2440 4659 2619 4714 Bruuo
2651 4657 2912 4728 Signinus
2935 4657 3223 4728 episcopus
3244 4655 3568 4725 subscripsi.

2284 4751 2396 4820 Ego
2422 4750 2658 4804 Joannes
2683 4747 3048 4818 Rioppolauns
3070 4747 3354 4816 episcopus
3378 4744 3684 4814 subscripsi.

2283 4845 2395 4914 Ego
2421 4843 2722 4914 Rangerins
2747 4841 3044 4912 Regitanus
3067 4840 3352 4910 cpiscopus
3383 4836 3685 4907 subscripsi.

2274 4938 2388 5005 Ego
2411 4936 2688 4992 Gerardus
2711 4934 2984 5006 Trojauus
3015 4935 3304 5004 cpiscopus
3330 4933 3646 5002 subscripsi.

2282 5029 2396 5100 Ego
2427 5028 2766 5082 llermannus
2815 5027 3099 5096 presbyter
3149 5023 3446 5080 cardinalis
3477 5019 3757 5089 subscripsi.

2283 5121 2396 5189 Ego
2419 5118 2714 5189 Gregorius
2749 5118 3034 5187 presbyter
3060 5114 3352 5176 cardinalis
3374 5113 3677 5184 subscripsi.

2285 5210 2397 5282 Ego
2421 5210 2744 5266 Benedictus
2771 5209 2968 5280 prcsby
2981 5217 3062 5262 ter
3087 5205 3382 5262 cardinalis
3411 5201 3703 5272 subscripsi.

2283 5303 2480 5358 Datum
2509 5301 2720 5356 Salerni
2750 5316 2848 5370 per
2875 5314 3064 5353 manus
3091 5296 3317 5352 Joannis
3347 5311 3520 5352 sacra:
3549 5296 3759 5349 Romam:

2213 5395 2474 5451 Ecclesiae
2502 5392 2714 5450 diaconi
2745 5390 3043 5446 cardinalis
3072 5398 3266 5443 octavo
3292 5388 3508 5444 decimo
3537 5381 3755 5448 Kalendas

2214 5487 2488 5553 Oetobris,
2525 5485 2714 5557 quinta
2771 5483 2982 5538 decima
3037 5480 3374 5545 indictione,
3430 5494 3570 5534 anno
3614 5469 3756 5530 Domi-

2215 5580 2351 5635 niue
2414 5575 2810 5634 incarnationis
2867 5574 3154 5629 millesimo
3211 5573 3555 5644 nonagesimo
3604 5578 3752 5623 secutis

2215 5673 2306 5738 do,
2339 5669 2690 5742 pontificatus
2722 5668 2932 5725 domini
2978 5666 3180 5722 Urbani
3233 5681 3384 5738 papa:
3413 5660 3618 5722 secundi
3639 5668 3748 5711 anno

2214 5763 2422 5835 quinto.
