3888 6322
61 330 154 388 553
1180 326 1533 385 EPISTOLAZ
1565 325 1652 381 ET
1676 316 2077 386 PRIVILEGIA.

1646 436 1692 493 Α
2390 468 2617 526 vaut.

724 436 929 494 LXVII.

59 532 279 586 Urbanus
319 529 378 583 11
409 528 470 585 S.
501 524 768 591 Brunoni,
798 529 1269 583 Cartlmsiunorum
1305 530 1607 598 fundatori,

115 612 159 656 et
201 601 399 653 Lanino
439 602 623 653 asserit
661 598 834 653 locum
877 618 909 653 η
939 601 1159 667 Rogerio
1187 604 1372 653 comite
1407 616 1612 653 conces-

118 687 222 725 sum
253 681 299 723 et
328 688 360 723 a
410 669 704 734 Theodoro,
733 671 974 739 episcopo
1004 669 1301 739 Scyllacino
1327 671 1608 737 conﬁrma-

118 752 236 793 tum.

630 831 807 898 (Anno
834 828 1017 899 1092.)

55 923 189 993 [Λεία
224 929 527 975 sanctorum
584 917 1126 993 Bollundagctobris
1153 928 1282 974 tom.
1318 918 1406 985 lll,
1443 916 1529 972 die
1558 916 1610 982 6,

669 1004 792 1058 pag.
829 988 979 1060 645.]

114 1079 348 1134 υκιιΑΝυε
387 1079 692 1148 episcopus,
723 1094 914 1133 servus
942 1094 1223 1133 servorum
1260 1079 1374 1141 Dei,
1400 1078 1615 1132 dilectis

50 1173 95 1223 in
128 1172 335 1225 Christo
357 1170 485 1225 filiis
508 1170 746 1225 BRUNONI
791 1182 843 1224 et
876 1171 1078 1225 [λωικο
1110 1172 1337 1225 salutem
1388 1180 1441 1225 et
1483 1186 1614 1239 apo-

51 1263 271 1316 stolicam
304 1261 761 1316 benedictionem.

110 1352 206 1405 Pia:
244 1350 541 1406 voluntatis
585 1349 811 1405 affectus
853 1353 1030 1405 studio
1069 1353 1229 1406 debet
1257 1358 1615 1420 prosequente

47 1441 301 1510 compleri.
326 1439 465 1507 Quia
496 1441 659 1512 igitur
678 1441 849 1495 nostri
870 1440 1027 1496 oﬂieii
1060 1442 1304 1504 interest,
1338 1454 1614 1495 servorum

53 1532 131 1585 Dei
159 1533 339 1600 quieti,
377 1540 543 1602 prout
572 1530 831 1587 Dominus
866 1547 1022 1602 posse
1054 1533 1285 1598 dederit,
1311 1530 1614 1601 providere,

48 1625 369 1693 petitionibus
394 1625 619 1691 vestris,
651 1626 748 1680 ﬁlii
787 1625 841 1680 in
871 1626 1091 1681 Christo
1113 1627 1421 1682 charissimi
1446 1637 1500 1683 et
1528 1643 1617 1683 re-

50 1714 418 1777 verendissimi,
461 1714 760 1769 clementer
804 1717 1114 1771 annuimus.
1160 1716 1263 1770 Per
1292 1716 1450 1785 hujus
1485 1734 1617 1789 ergo

3181 308 3289 399 £51

1718 572 1917 661 Url'umi
1970 578 2031 632 11
2078 581 2306 661 ρρὶδιοιρ-
2342 585 2410 634 ml
2464 584 2795 661 Rayrroldum
2845 590 3293 661 archiepiscopum

1787 644 2168 732 I‘lemensf’m'el
2192 644 2569 722 sull'raganeosv
2581 656 2714 732 ejus.
2740 691 2817 732 j—
2846 660 2977 732 Illos

1782 715 2090 852 ἷζέιιῶηὲςξηα
2133 715 2324 791 γραεξι
2364 715 2814 785 ἱιπονεηιᾟὶηιὶιιί
2838 741 2886 787 et
2914 715 3289 787 altera'mldnci

1977 806 1991 842 l
2056 828 2070 843 .

1977 806 2070 843 ιηι.

2308 882 2487 951 (Anno
2514 882 2696 954 1092.)

2117 970 2332 1043 [MANSI,
2360 974 2559 1030 Concil.
2590 977 2718 1042 XX,
2745 979 2895 1053 686.]

1714 1144 1720 1151 θ
1787 1080 2033 1138 υηΒΑΝυε
2067 1086 2367 1157 cpiscopus,
2395 1104 2581 1145 servus
2615 1108 2891 1149 servorum
2924 1096 3039 1161 Dei,
3072 1109 3292 1154 veneram

1714 1168 1912 1239 bilibus
1952 1172 2316 1231 confratribus
2363 1186 2416 1233 et
2461 1183 2791 1251 coepiscopis
2849 1185 3134 1241 Ravxa‘wo
3193 1190 3293 1241 Re-

1715 1262 1918 1323 mensi,
1951 1275 2005 1317 et
2039 1263 2394 1338 sull‘raganeis
2420 1269 2555 1339 ejus,
2591 1273 2816 1327 salutem
2852 1284 2904 1329 et
2946 1278 3297 1346 apostolicam

1713 1352 2165 1409 benedictionem.

1788 1439 1843 1493 Si
1892 1443 2227 1500 sacerdotale
2273 1447 2416 1515 quod
2462 1449 2649 1517 geritis
2690 1451 2930 1507 ofﬁcium
2980 1456 3293 1511 considera-

1718 1531 1861 1585 tione
1901 1531 2082 1587 debita
2128 1540 2448 1606 pensaretis,
2482 1542 2615 1596 tanti
2659 1541 2913 1598 facinoris
2960 1546 3179 1601 infamia
3227 1549 3294 1602 ad

1717 1634 1879 1675 aures
1930 1632 2146 1679 nostras
2200 1626 2391 1680 saltem
2453 1631 2714 1699 impunita
2774 1648 2878 1687 non
2940 1636 3295 1704 pervenisset.

1718 1710 1851 1767 Cum
1888 1715 2030 1769 enim
2076 1716 2257 1771 domui
2309 1717 2473 1775 Israel
2511 1722 2877 1791 speculatores
2927 1742 2957 1779 a
2998 1726 3105 1781 Deo
3147 1727 3293 1793 dati,

50 1805 300 1877 apostolici
338 1806 611 1876 privilegii
658 1808 908 1878 paginam
935 1808 1229 1876 apostolica
1289 1811 1611 1865 auctoritate
1646 1783 1692 1843 Β
1720 1802 1902 1873 impiis
1927 1805 2231 1876 impietates
2276 1823 2405 1865 suas
2443 1815 2764 1868 annuntiare
2794 1825 2847 1868 et
2887 1830 2985 1884 pro
3020 1817 3179 1873 domo
3218 1819 3293 1872 ls-

52 1899 311 1955 statuimus
348 1907 406 1951 ut
452 1898 611 1953 locus
637 1898 747 1966 ille,
777 1914 937 1969 quem
980 1901 1361 1957 inhabitationi
1396 1912 1609 1971 vestras,

52 1991 339 2059 disponente
374 1989 640 2056 Domino,
670 1991 941 2062 elegistis,
970 2007 1001 2046 a
1030 1991 1185 2062 jugo,
1210 2001 1495 2062 potestate,
1530 1994 1615 2048 in-

49 2079 189 2148 juria,
219 2079 455 2134 molestia
490 2081 738 2135 omnium
769 2074 1046 2137 hominum
1081 2083 1303 2138 omnino
1323 2083 1462 2139 liber
1486 2100 1611 2140 cum

51 2179 151 2222 tota
186 2168 307 2222 silva
340 2179 391 2224 et
430 2179 643 2235 monte,
669 2179 813 2225 terra
848 2181 904 2226 et
945 2186 1082 2241 aqua
1110 2172 1163 2226 in
1191 2173 1422 2242 spatium
1455 2174 1615 2229 unius

51 2259 201 2329 leuga:
227 2258 337 2330 [nl.,
371 2260 573 2333 leucar]
603 2262 656 2316 in
681 2263 827 2316 omni
850 2272 1002 2333 parte
1028 2263 1300 2331 adjacenti
1334 2265 1386 2319 in
1435 2275 1613 2320 vestra

54 2350 344 2405 omnimodis
392 2359 447 2405 et
476 2366 858 2408 successorum
905 2362 1211 2408 vestrorum
1260 2356 1615 2426 dispositione

54 2449 355 2509 permaneat,
393 2442 542 2497 sicut
573 2444 722 2498 vobis
747 2460 775 2497 a
801 2443 994 2498 dilecto
1020 2458 1210 2498 nostro
1238 2444 1346 2499 ﬁlio
1380 2445 1612 2516 Rogerio

58 2532 228 2584 comite
252 2533 592 2588 contionatus
619 2542 700 2587 est
720 2576 734 2600 ,
782 2543 837 2588 et
864 2550 894 2588 a
919 2533 1195 2589 eonfratre
1223 2545 1410 2591 nostro
1439 2536 1613 2591 Theo‘

56 2622 186 2688 doro,
215 2624 548 2695 Squillacino
570 2629 843 2699 episeopo,
876 2630 1243 2685 confirmatus.
1273 2626 1485 2685 Nemini
1530 2632 1614 2686 in-

59 2717 445 2782 traprazdictum
505 2720 738 2788 spatium
786 2720 949 2774 liceat
975 2735 1222 2789 pascuae,
1271 2722 1615 2792 agricultura:

58 2819 132 2859 seu
164 2808 465 2876 piscationis
505 2820 597 2864 aut
644 2810 912 2882 lignorum
945 2813 1231 2867 occasione
1257 2822 1350 2866 aut
1372 2828 1615 2882 quacun-

59 2910 144 2963 que
168 2912 225 2952 ex
251 2913 407 2953 causa
446 2900 612 2955 vobis
667 2910 760 2955 aut
786 2901 982 2956 vestris
1030 2902 1434 2957 successoribus
1468 2902 1613 2973 inju-

61 2986 171 3039 riam
195 2998 277 3042 aut
320 2989 629 3046 molestiam
662 2992 920 3063 irrogare,
958 2994 1052 3048 sed
1096 3002 1264 3047 totum
1312 2994 1610 3049 secundum

59 3077 350 3135 voluntatem
384 3092 624 3136 vestram
654 3084 999 3153 possideatis,
1043 3085 1361 3155 dispouatis,
1393 3086 1613 3140 ordine-

61 3169 114 3221 tis
142 3180 189 3223 et
229 3174 477 3239 erogetis.
518 3174 573 3227 Si
621 3174 748 3244 quid
795 3184 1053 3243 praeterea
1097 3176 1418 3247 episcopalis
1447 3177 1608 3233 ollicii

60 3256 377 3328 indigueritis,
420 3262 496 3317 ad
523 3277 683 3332 quem
736 3263 1075 3331 potissimum
1108 3265 1408 3320 vicinorum
1436 3267 1609 3321 antis-

62 3346 188 3401 titum
212 3350 492 3407 volueritis
522 3354 832 3407 recurrendi
860 3355 1109 3423 praesenti
1143 3355 1360 3411 decreto
1384 3356 1609 3413 liberam

61 3434 291 3496 iiccntiam
329 3443 700 3513 indulgemus.
735 3444 1078 3499 Decimarum
1115 3461 1331 3515 quoque
1354 3464 1509 3502 usum
1540 3464 1607 3504 ex

58 3532 240 3599 vestris,
264 3534 343 3589 vel
370 3550 669 3604 puerorum
702 3545 1007 3590 vestrorum
1040 3536 1316 3593 laboribus
1343 3540 1506 3593 vestri
1524 3541 1609 3610 ju-

61 3619 119 3675 ris
141 3637 247 3679 esse
275 3640 585 3681 censemus.
616 3625 768 3693 Quod
806 3627 850 3682 si
900 3643 1021 3697 qua:
1070 3644 1363 3699 puerorum
1400 3640 1608 3684 vestro-

60 3723 153 3763 rum
182 3709 371 3769 oll‘ensa
404 3716 721 3786 contigerit,
754 3716 805 3769 in
856 3724 1033 3770 vestra
1066 3726 1272 3771 tantum
1306 3733 1466 3771 manu
1492 3734 1610 3772 om¢

61 3800 126 3855 nis
163 3817 330 3859 eorum
375 3808 653 3861 correctio
705 3815 943 3862 maneat.
984 3808 1095 3863 Nec
1141 3810 1280 3864 ullus
1319 3825 1377 3865 se
1412 3812 1477 3865 de
1523 3812 1607 3866 his

60 3902 154 3955 qua:
175 3892 234 3946 ad
253 3908 343 3949 vos
357 3896 658 3964 pertinent,
681 3896 800 3951 sine
822 3906 999 3952 vestra
1024 3898 1299 3953 voluntate
1322 3901 1608 3956 occasione

60 3977 204 4050 aliqua
246 3984 596 4050 intromittat,
634 3998 900 4057 quatenus
929 3989 1311 4059 omnipotentis
1342 3991 1434 4045 Dei
1480 4008 1606 4061 spr-

58 4067 272 4130 cul'ationi
300 4077 491 4133 liberis
521 4078 793 4134 mentibus
818 4079 1104 4145 insistatis,
1134 4090 1187 4133 et
1209 4080 1273 4134 ad
1303 4080 1418 4149 ejus
1448 4081 1602 4138 faciei

60 4160 384 4237 dulcedinem,
443 4171 566 4240 ipso
622 4180 949 4239 prrestante,
1010 4173 1294 4241 pervenire
1358 4174 1602 4230 valeatis.

59 4252 172 4310 Sane
206 4259 245 4313 si
281 4262 399 4329 quis
448 4262 512 4316 in
538 4254 833 4317 crastinum
882 4263 1320 4332 archiepiscopus
1367 4274 1461 4318 aut
1488 4265 1603 4334 cpio

60 4357 238 4417 scapus,
263 4352 460 4423 impera
474 4363 559 4407 tor
588 4363 681 4408 aut
724 4369 842 4419 rex,
877 4354 1129 4424 princeps
1150 4363 1241 4407 aut
1272 4356 1398 4422 dux,
1422 4340 1604 4411 comes

1712 1894 1825 1949 rael
1871 1911 2085 1951 murum
2130 1912 2402 1968 apponere
2441 1900 2748 1969 deberetis,
2802 1905 3043 1973 qualibet
3089 1908 3296 1961 ratione

1710 2000 1808 2039 vos
1836 1986 1945 2053 pati
1974 1988 2212 2056 potuisse
2240 1990 2523 2057 miramur,
2547 2002 2606 2045 ut
2631 2002 2738 2046 tam
2771 1994 2956 2064 inclyti
2990 1996 3140 2064 regni
3176 2008 3298 2059 re»,

1713 2071 1929 2127 humani
1984 2076 2204 2144 pudoris
2249 2077 2472 2146 oblitus,
2516 2080 2682 2135 divini
2735 2081 2944 2137 timoris
2987 2083 3299 2147 immemor,

1712 2172 1900 2221 contra
1934 2164 2053 2230 jus,
2092 2176 2280 2221 contra
2321 2167 2431 2233 fas,
2476 2179 2667 2225 contra
2709 2171 2888 2243 legum
2928 2184 2982 2228 et
3026 2189 3299 2229 canonum

1714 2255 2044 2321 sanctiones,
2069 2267 2257 2313 contra
2289 2262 2451 2315 totius
2482 2263 2761 2318 catholica:
2792 2264 3043 2319 Ecclesia).
3068 2282 3291 2321 consue.

1714 2347 1948 2410 tudiucs,
1983 2358 2209 2403 etsuam
2247 2366 2471 2406 uxorem
2520 2354 2824 2408 inordinate
2856 2356 3215 2425 relinqueret,
3243 2366 3293 2409 et

1714 2439 1999 2509 propinqui
2040 2442 2120 2495 sui
2165 2441 2446 2513 coniugem
2488 2460 2676 2499 amore
2718 2445 2818 2500 sibi
2873 2446 3081 2502 nefario
3130 2464 3291 2519 copu-

1716 2528 1875 2583 laret.
1907 2530 2059 2597 Quod
2095 2531 2295 2587 factum
2343 2534 2529 2603 utique
2556 2544 2611 2589 et
2647 2538 2793 2606 regni
2830 2538 2994 2591 totius
3020 2537 3291 2593 confusio-

1717 2634 1865 2683 nem,
1907 2629 1961 2675 et
2005 2621 2369 2677 Ecelesiarum
2405 2635 2707 2679 vestrarum
2738 2628 3141 2699 dissipationem
3172 2644 3289 2699 por-

1718 2708 1909 2775 tendit,
1958 2719 2013 2765 et
2059 2712 2127 2767 ad
2172 2714 2409 2768 animam
2463 2725 2698 2770 vestram
2743 2719 3004 2773 redundat
3053 2718 3297 2773 infamia.-

1716 2799 1969 2857 Peccanti
2000 2803 2165 2869 enim,
2196 2819 2317 2859 cum
2347 2806 2547 2874 possis,
2591 2823 2697 2861 non
2729 2810 3131 2878 contradicere,
3165 2826 3287 2866 con-

1718 2893 1922 2947 sentire
1955 2902 2058 2949 est.
2108 2891 2184 2951 Te
2227 2907 2431 2963 autem,
2480 2898 2797 2954 charissime
2839 2900 3114 2956 confrater
3155 2902 3292 2973 Ray-

1716 2983 1897 3045 noldo,
1930 3000 2071 3039 noxa
2107 2986 2222 3041 hme
2262 2988 2496 3042 maxime
2521 2990 2729 3059 impetit
2754 3030 2769 3055 ,
2798 3006 2893 3058 pro
2918 3005 2982 3045 eo
3012 2992 3151 3060 quod
3193 2991 3292 3046 Sil-

1716 3078 2057 3133 vanectensis
2106 3077 2382 3146 subjectus
2425 3078 2520 3133 tibi
2581 3081 2903 3150 episcopus,
2949 3082 3053 3135 hoc
3095 3081 3296 3150 publici

1712 3165 1962 3220 adulterii
1995 3167 2231 3230 crimen,
2272 3183 2400 3231 suo,
2444 3176 2503 3222 ut
2544 3169 2881 3235 audivimus,
2927 3170 3163 3224 ﬁrmavit
3202 3185 3290 3226 as-

1711 3272 1895 3321 sensu,
1924 3272 2047 3311 cum
2090 3258 2317 3313 moechis
2354 3258 2457 3314 illis
2499 3260 2893 3315 benedictionis
2939 3260 3292 3317 sacerdotalis

1711 3365 1928 3404 manum
1957 3349 2231 3419 imposuit.
2258 3350 2409 3416 Quod
2441 3350 2543 3404 etsi
2573 3349 2719 3403 licite
2746 3352 3031 3414 nuberent,
3063 3351 3296 3421 higamis

1710 3450 1889 3495 tamen
1920 3441 2154 3509 impendi
2183 3440 2477 3495 secundum
2506 3456 2741 3496 canones
2763 3457 2869 3495 non
2903 3441 3088 3496 liceret
3113 3460 3126 3495 :
3150 3455 3291 3497 nunc

1712 3532 1875 3603 igitur
1899 3530 2049 3584 vobis
2077 3530 2372 3599 apostolica
2398 3514 2719 3585 auctoritate
2744 3531 3088 3601 przecipimus
3121 3542 3177 3587 ut
3206 3534 3299 3587 his

1709 3620 1839 3674 visis
1886 3620 2177 3691 apicibus,
2228 3617 2370 3688 quod
2419 3620 2583 3674 etiam
2636 3634 2740 3674 non
2779 3621 3091 3691 juhentibus
3138 3620 3290 3677 nobis

1702 3712 2019 3782 jamdudum
2069 3710 2261 3765 fecisse
2310 3720 2544 3766 vestram
2593 3712 2931 3782 prudentiam
2985 3711 3295 3776 decuisset,

1710 3813 1919 3858 mature
1963 3803 2256 3858 convenire
2280 3803 2486 3857 curetis
2518 3817 2695 3873 regem
2727 3843 2742 3868 ,
2771 3811 2825 3857 et
2856 3818 2923 3857 ex
2964 3804 3057 3858 Dei
3102 3814 3287 3859 nostra

1705 3896 1910 3968 pariter
1956 3902 2010 3949 et
2041 3902 2220 3948 vestra
2251 3902 2406 3963 parte
2437 3893 2707 3947 instanter
2741 3895 3155 3959 commoneatis,
3202 3910 3290 3948 ar-

1706 3987 1902 4058 guatis,
1950 3984 2280 4057 obsecrctisi,
2328 3984 2655 4054 increpetis,
2702 3993 2759 4039 et
2801 4001 2831 4039 a
2879 3995 3026 4041 tanto
3070 3998 3289 4057 tamque

1709 4078 1976 4133 horrendo
2028 4076 2271 4132 facinore
2320 4076 2584 4132 desistere
2627 4075 2984 4147 compellatis.
3042 4078 3194 4144 Quod
3242 4079 3286 4131 si

1705 4171 2117 4241 contempserit,
2152 4179 2207 4225 et
2246 4169 2401 4224 nobis
2430 4177 2485 4224 et
2515 4168 2666 4223 vobis
2709 4171 3006 4224 necessitas
3040 4169 3287 4223 immine-

1703 4264 1806 4328 bit,
1839 4272 1895 4316 ut
1926 4265 1993 4317 ad
2029 4262 2371 4317 ulciscendas
2410 4261 2607 4316 divina:
2636 4261 2769 4331 legis
2810 4260 3036 4330 injurias
3064 4277 3162 4330 pro
3190 4276 3286 4315 no-

1705 4355 1803 4409 stri
1829 4354 1993 4408 oflicii
2022 4354 2206 4409 debito
2231 4354 2601 4423 accingamur,
2637 4362 2689 4408 et
2716 4340 2950 4410 Phiuees
2972 4354 3147 4424 gladio
3172 4353 3289 4407 Ma-

62 4447 133 4491 aut
170 4440 489 4511 vicecomes,
525 4445 689 4513 judex
730 4454 823 4499 aut
872 4461 1100 4514 persona
1133 4445 1385 4515 qmelibet
1412 4457 1602 4516 potens
1633 4473 1679 4527 ι)
1704 4448 1937 4501 diauitas
1962 4448 2234 4502 adulteros
2257 4447 2617 4517 perferemus.

61 4540 133 4584 aut
155 4533 426 4604 impotens,
450 4538 611 4608 hujus
634 4539 802 4593 nostri
830 4538 1095 4609 privilegii
1124 4539 1370 4609 paginam
1398 4538 1596 4607 sciens,

61 4632 214 4678 contra
240 4642 355 4683 eam
402 4638 610 4686 temere
653 4631 839 4686 venire
877 4630 1187 4694 tcntaverit,
1220 4634 1454 4688 secundo
1496 4643 1603 4687 ter-

62 4707 175 4764 tiove
200 4718 585 4785 commonitus,
644 4716 696 4773 ‘si
778 4732 884 4771 non
934 4716 1310 4774 satisfactiOne
1363 4720 1603 4790 congrua

61 4806 402 4874 emendaverit,
434 4825 556 4864 eum
582 4808 803 4864 honoris
830 4808 910 4863 sui
934 4819 989 4863 et
1017 4807 1174 4864 oﬂicii
1206 4810 1447 4879 periculo
1475 4813 1607 4868 subd

59 4891 206 4959 jacere
233 4902 592 4967 decernimus,
622 4910 677 4956 et
715 4888 743 4956 a
783 4901 986 4956 Christi
1012 4911 1173 4971 atque
1197 4903 1450 4957 Ecclesia:
1480 4920 1602 4959 cor-

62 4998 165 5050 pore
191 4994 507 5047 auctoritate
551 4993 837 5061 potestatis
882 4993 1189 5061 apostolicaz
1229 5008 1598 5063 segregamus.

61 5073 476 5137 Conservantibus
514 5094 692 5138 autem
736 5100 840 5153 pax
899 5098 929 5137 a
979 5086 1085 5138 Deo
1122 5094 1179 5139 et
1228 5084 1598 5139 misericordia

63 5174 371 5231 pmsentibus
412 5190 478 5230 ae
508 5174 703 5230 futuris
745 5175 957 5231 sazculis
994 5185 1363 5231 conservetur.
1401 5176 1597 5243 Amen,

62 5270 210 5324 amen,
246 5280 420 5321 amen.

120 5350 287 5409 Datum
323 5375 418 5429 per
449 5375 665 5415 manum
702 5360 927 5416 Joannis
957 5360 1015 5415 S.
1048 5361 1111 5416 κ.
1141 5360 1203 5415 Ε.
1239 5361 1451 5417 diaconi
1478 5377 1601 5416 car-I

66 5436 244 5508 dinalis,
272 5450 439 5517 pridie
467 5450 587 5506 ldus
614 5452 887 5517 Octobris,
919 5453 1209 5507 indictione
1238 5455 1431 5522 prima,
1457 5470 1599 5508 anno

68 5524 317 5594 Dominieae
356 5541 742 5597 incarnationis
790 5542 1076 5597 millesimo
1122 5544 1469 5612 nonagesimo
1515 5559 1599 5597 sc-

66 5625 230 5687 cundo,
268 5632 605 5699 pontiﬁcatus
653 5643 830 5691 autem
876 5634 1075 5689 domini
1125 5636 1322 5690 Urbani
1373 5634 1411 5687 ll
1457 5651 1597 5688 anno

68 5724 235 5777 (paulo.

1774 4539 2028 4593 Eamdem
2069 4554 2285 4609 quoque
2329 4540 2639 4593 instantiam
2690 4554 2789 4609 pro
2831 4539 3109 4609 ereptione
3155 4553 3289 4592 cora

1701 4626 1891 4684 fratris
1930 4629 2102 4683 nostri
2151 4630 2505 4684 Carnotensis
2546 4631 2782 4701 episcopi
2830 4630 3099 4683 adhibete.
3130 4628 3281 4696 Quod

1700 4724 1744 4779 si
1780 4724 1999 4779 monitis
2025 4724 2239 4786 vestris,
2272 4723 2361 4792 qui
2385 4738 2505 4791 eum
2537 4725 2711 4794 cepit,
2740 4725 3113 4793 obtemperare
3149 4737 3281 4776 con-

1704 4819 2000 4889 tentpserit,
2033 4832 2129 4872 vos
2155 4825 2212 4871 et
2243 4817 2414 4885 ipsqu
2439 4816 2985 4871 excommunicationi
3012 4812 3288 4882 subjicitc,

1700 4919 1753 4965 et
1778 4910 2015 4965 castellis
2040 4910 2090 4963 in
2120 4911 2525 4980 quibuscumque
2553 4926 2673 4965 eum
2718 4907 3015 4973 retinuerit,
3040 4917 3094 4962 et
3123 4916 3292 4962 terra!

1699 5002 1815 5072 ejus
1849 5002 2089 5056 divinum
2135 5001 2372 5057 officium
2424 5004 2751 5065 iuterdicite,
2798 5016 2862 5055 ne
2890 5000 3083 5055 similia
3120 5000 3288 5055 deind

1700 5110 1827 5165 ceps
1859 5096 1908 5148 iu
1940 5097 2069 5149 viris
2112 5096 2271 5165 hujus
2309 5097 2515 5151 ordinis
2560 5103 2975 5165 prmsumaatur.
3019 5094 3089 5150 Ut
3133 5096 3287 5148 ordia

1700 5201 1821 5239 llelll
1856 5195 2092 5239 vestrum
2124 5186 2377 5258 diligitis,
2429 5187 2499 5240 ita
2542 5187 2644 5241 hoc
2681 5184 2988 5242 accelerare
3024 5186 3289 5241 omuilms'r

1701 5280 1873 5334 modis
1902 5282 2180 5351 sata-getis.
2216 5281 2415 5337 Valete.

1772 5372 1902 5426 Data
1949 5384 2102 5428 sexto
2141 5373 2405 5430 Kalendas
2446 5372 2782 5440 Novembris,
2832 5387 2975 5429 anno
3025 5368 3283 5447 videlicet

1700 5464 1792 5521 Dei
1827 5466 2024 5522 Christi
2061 5466 2215 5522 l0'3‘2.
