3888 6322
635 316 742 375 355

1331 441 1512 499 LXIX.

636 543 836 598 Urbani
867 541 922 594 II
950 535 1165 608 epistola
1195 535 1275 608 nd_
1305 533 1632 608 (ἷοΪΪνίιιιιηιτ
1655 529 1909 608 ,αἰξὺοιερι
1939 525 2209 608 ﬁsdfbini

708 595 1140 680 Andegarc'nsent,
1164 617 1209 660 et
1238 595 1551 680 licinio-rtem,
1580 601 1814 652 abbatem
1845 597 1901 649 S.
1939 595 2210 680 Trinitatis

709 667 1134 735 Vindocinensis.’
1153 707 1223 716 —
1252 674 1382 727 Illos
1408 672 1650 723 hortatur
1672 680 1724 721 ut
1758 684 1907 721 suum
1940 667 2002 719 de
2029 681 2209 718 eorum

675 748 1044 805 controversia
1070 744 1374 800 sententiam
1400 742 1688 794 observent.

1228 837 1404 906 (Anno
1430 831 1611 899 1092.)

1022 929 1237 1002 {MANSL
1277 924 1474 979 Concil.
1503 922 1599 977 XX
1624 961 1641 989 ,
1669 919 1818 992 684.]

702 1024 951 1079 [ineamus
974 1023 1472 1088 episcopus,servus
1501 1028 1775 1067 servormn
1809 1009 2209 1077 Deialilectisin

630 1113 849 1168 Christo
873 1109 997 1162 filiis
1028 1107 1301 1160 Gorrmno
1334 1102 1516 1155 abbati
1541 1100 1726 1154 Sancti
1761 1099 1938 1151 Albini
1966 1097 2214 1166 Andcgt-

633 1200 839 1262 vensis‘,
862 1205 915 1250 et
940 1197 1174 1249 BERNONI
1207 1192 1385 1246 abbati
1412 1190 1624 1244 Sancta!
1655 1187 1936 1241 Trinitatis
1961 1185 2214 1240 Vindoci-

633 1289 843 1351 nensis.
898 1285 1124 1339 salutem
1144 1290 1197 1336 et
1229 1279 1577 1350 apostolicam
1609 1275 2068 1331 benedictionent.

701 1379 858 1431 Anno
884 1373 1171 1428 Dominicte
1223 1368 1610 1424 incarnationis
1663 1366 1819 1429 109:2,
1865 1363 2213 1434 pontificatus

636 1467 806 1522 nostri
857 1482 933 1530 v,
988 1459 1282 1519 indictione
1330 1472 1387 1525 t,
1419 1475 1540 1514 cum
1594 1472 1768 1512 essem
1825 1458 1878 1510 in
1931 1455 2211 1524 provincia

635 1556 896 1611 Calabria:
947 1554 1086 1623 apud
1154 1551 1542 1606 monasterium
1595 1547 1810 1602 Sanctae
1865 1545 2047 1599 Mariae
2095 1552 2213 1613 qua:

636 1647 834 1700 dicitur
863 1645 928 1698 de
980 1643 1201 1702 Matina,
1224 1640 1471 1694 monachi
1503 1638 1689 1692 Sancti
1726 1635 1924 1701 Albini,
1952 1634 2212 1690 Girardus

636 1737 806 1806 prior,
834 1731 989 1798 Milo,
1023 1733 1350 1802 Stephanus,
1383 1731 1641 1784 adversus
1672 1729 1964 1781 monachos
1998 1729 2212 1781 Sancta?

637 1825 921 1879 Trinitatis
973 1824 1038 1879 de
1091 1821 1432 1884 Vindocino,
1481 1819 1870 1872 Frotmttndum
1926 1819 2156 1886 priorem
2191 1857 2206 1882 ,

634 1917 979 1988 lngcbaldum
1010 1915 1313 1976 ostiarium,
1347 1913 1437 1982 qui
1468 1920 1760 1983 prmsentes
1796 1910 2021 1964 aderant
2077 1925 2210 1965 con-

643 2007 818 2076 questi
859 2015 982 2060 sunt
1011 2005 1153 2076 quod
1193 2003 1621 2057 Vindocinenscs
1677 2000 1877 2054 fratres
1929 1999 2211 2054 ecclesiam

636 2101 822 2155 Sancti
883 2096 1177 2153 Clementis
1230 2096 1614 2162 Credonensis,
1669 2109 1787 2164 qua:
1847 2109 1877 2148 a
1935 2094 2213 2148 monachis

636 2191 829 2247 Sancti
879 2186 1056 2244 Albini
1101 2191 1243 2260 juste
1300 2188 1596 2243 secundum
1651 2188 1863 2241 illorum
1913 2197 2211 2258 temporttm

636 2280 1077 2334 consuetudinem
1097 2279 1382 2347 acquisita,
1397 2287 1449 2332 et
1474 2293 1570 2347 per
1594 2279 1813 2349 triginta
1839 2294 2012 2334 annos
2032 2273 2214 2349 quiete

636 2382 692 2426 et
742 2368 860 2426 sine
914 2372 1305 2440 interruptione
1353 2383 1620 2440 possessa,
1674 2370 1935 2426 violenter
1979 2372 2212 2427 ablatam

638 2463 839 2532 injuste
866 2457 1194 2515 detinerent.
1258 2460 1358 2527 Qui
1417 2476 1538 2514 cum
1582 2461 1696 2514 suis
1741 2461 2113 2518 instrumentis
2159 2473 2214 2519 et

637 2555 943 2608 rationibus
969 2568 1185 2608 causam
1211 2569 1362 2607 suam
1386 2553 1671 2607 defendere
1695 2554 2015 2622 niterentur,
2040 2557 2214 2626 primo

635 2641 722 2694 die
746 2639 1188 2710 proclamationis
1212 2653 1298 2694 res
1327 2639 1415 2694 diu
1443 2649 1498 2694 et
1529 2640 1752 2695 multum
1786 2642 2042 2697 ventilata
2070 2640 2214 2700 nullo

634 2729 808 2798 potuit
865 2729 969 2782 fine
1021 2728 1322 2796 terminari,
1364 2729 1603 2783 secundo
1653 2745 1782 2786 vero
1830 2731 1914 2786 die
1963 2732 2215 2787 similiter

635 2817 861 2874 multum
901 2821 1164 2882 discussa,
1194 2820 1260 2873 ad
1291 2821 1495 2874 nullum
1525 2831 1702 2877 tamen
1739 2833 1819 2878 est
1847 2823 2008 2879 finem
2050 2825 2215 2880 dedu-

636 2920 745 2975 cta,
769 2913 853 2966 die
874 2923 1050 2966 autem
1074 2913 1333 2979 tertio,xu
1353 2914 1560 2968 scilicet
1589 2910 1856 2971 Kalendas
1874 2913 2208 2984 Decembris,

636 3003 1003 3059 residentibus
1058 3005 1212 3058 nobis
1277 3005 1330 3058 in
1396 3007 1635 3076 Anglone
1698 3008 1917 3063 civitate
1982 3010 2210 3079 Apulitc,

634 3094 1052 3163 praesidentibus
1076 3095 1340 3166 religiosis
1366 3107 1419 3150 et
1441 3096 1837 3154 vcncrabilibus
1874 3108 1982 3154 tam
2005 3103 2208 3169 episco-
2237 3102 2283 3164 ο

635 3181 738 3253 pls,
771 3199 931 3252 quam
981 3195 1183 3240 sancta!
1241 3183 1495 3241 Romamc
1526 3183 1778 3242 Ecclesia:
1822 3189 2208 3256 cardinalibns,

634 3274 749 3327 sive
773 3272 1119 3341 diaconibus;
1146 3274 1453 3331 astantibus
1479 3278 1641 3331 etiam
1668 3275 1936 3334 nobilibus
1958 3276 2214 3336 Romanis

631 3373 686 3417 et
717 3365 1010 3420 comitibus
1048 3364 1253 3434 Apulia:
1315 3367 1748 3435 gloriosissimis,
1797 3366 2098 3426 Boamunte
2155 3381 2212 3426 ct.

631 3453 963 3520 Guilleimo;
999 3470 1056 3509 re
1083 3455 1278 3509 iterum
1315 3457 1402 3511 diu
1431 3457 1735 3511 etmnltum
1770 3458 2050 3526 inquisita,
2097 3468 2214 3514 tati-

631 3543 752 3597 dem
781 3543 1078 3613 inspirante
1109 3544 1217 3599 Deo
1243 3544 1476 3599 lucidius
1501 3546 1674 3600 eluxit
1712 3547 1763 3602 in
1815 3564 1980 3617 quam
2032 3554 2214 3619 potius

633 3643 838 3702 partem
865 3634 1070 3702 justitia
1101 3635 1420 3691 declinaret.
1455 3635 1587 3691 Cum
1618 3638 1761 3692 enim
1803 3649 2032 3709 utraque
2088 3657 2212 3711 pars

633 3723 749 3776 suis
779 3722 930 3779 nobis
948 3723 1357 3792 allegationibus
1386 3728 1652 3792 obviarct,
1678 3739 1731 3782 et
1756 3730 1881 3785 hinc
1905 3733 2209 3801 pactionem

637 3811 934 3874 abbatum,
999 3815 1465 3870 confirmationem
1531 3819 1887 3887 pontificum,
1957 3822 2212 3878 Romana:

637 3902 891 3956 Ecclesiae
910 3903 1204 3974 legatorum
1222 3946 1236 3969 ,
1269 3906 1414 3960 illinc
1429 3923 1556 3962 vero
1580 3909 1876 3978 legitimum
1908 3913 2207 3979 introitum,

637 4002 692 4047 et
712 3994 1028 4048 canonicam
1063 3996 1277 4066 triginta
1311 4013 1571 4052 annorum
1617 4003 2015 4070 possessionem
2056 4007 2211 4060 nobis

634 4093 988 4152 opponerent,
1020 4101 1118 4140 nos
1149 4086 1238 4156 qui
1263 4089 1498 4141 ontnium
1528 4088 1763 4144 fidelium
1813 4107 2007 4149 causas
2057 4110 2209 4164 tequa

637 4173 790 4228 lance
821 4189 1049 4243 pensare
1081 4177 1360 4242 debemus,
1389 4181 1670 4250 utriusque
1694 4182 1909 4237 utilitati
1933 4185 2211 4253 providen-

635 4275 752 4332 tes,
785 4267 958 4334 ipsam
989 4266 1136 4323 litem
1187 4271 1488 4326 concordia:
1536 4273 1906 4332 convenientis
1957 4279 2210 4347 aequitate

632 4357 894 4413 decidere
947 4349 1255 4416 maluimus.
1313 4363 1515 4420 Omnes
1571 4366 1734 4438 igitur
1783 4369 1873 4438 qui
1925 4371 2204 4425 nobiseum

633 4449 858 4505 aderant
891 4451 1032 4506 hanc
1055 4454 1375 4508 sententiam
1402 4455 1791 4524 collaudantcs,
1817 4463 2206 4516 consentienti-

631 4539 732 4594 bus
768 4540 1041 4609 prtedictis
1092 4543 1378 4614 utriusque
1427 4550 1658 4604 coenobii
1708 4549 2004 4618 fratribus,
2046 4562 2101 4608 et
2151 4555 2202 4608 in

630 4645 824 4685 manus
871 4643 1088 4688 nostras
1134 4635 1292 4690 fidem
1324 4637 1626 4712 pollicendo
1674 4640 2036 4709 firmantibus,
2069 4659 2204 4700 con-

631 4728 814 4783 cordia
849 4738 902 4782 ct
932 4729 1202 4798 paxinter
1242 4745 1338 4788 eos
1386 4735 1488 4788 hoc
1537 4737 1698 4791 modo
1747 4738 1923 4806 posita
1969 4747 2089 4804 est;
2146 4748 2204 4794 ut

631 4819 838 4874 scilicet
857 4821 1275 4879 Vindocinenses
1290 4827 1538 4881 monachi
1555 4831 1620 4883 de
1641 4829 1726 4883 his
1745 4832 1915 4885 tribus
1939 4832 2202 4898 ecclesiis,

632 4921 725 4966 aut
751 4913 1037 4970 ecclesiam
1069 4915 1389 4972 Manitilium
1423 4919 1506 4974 vel
1532 4920 1716 4976 Sancti
1749 4922 2026 4978 Saturnini
2051 4967 2064 4984 .
2088 4929 2204 4980 sive

633 5001 818 5058 Sancti
839 5005 1062 5062 Joannis
1091 5024 1250 5079 supra
1287 5009 1550 5080 Ligerim,
1586 5027 1750 5066 unam
1776 5029 1938 5084 quam
1970 5031 2203 5085 congre-

633 5093 778 5159 gatio
807 5103 915 5148 tota
959 5094 1174 5153 Sancta:
1216 5097 1501 5156 Trinitatis
1525 5100 1767 5171 elegerit,
1795 5118 1916 5157 eum
1953 5106 2205 5161 omnibus

634 5195 754 5248 qua:
797 5183 860 5236 ad
919 5189 1159 5243 eamdem
1209 5191 1494 5247 ecclesiam
1555 5202 1662 5246 tam
1715 5195 2000 5249 mobilibus
2040 5212 2201 5265 quam

634 5270 993 5331 innuobilibus
1019 5280 1243 5338 interius
1265 5286 1612 5358 exteriusque
1652 5288 1716 5342 ad
1765 5305 2000 5358 prtesens
2031 5292 2199 5362 perti-

634 5369 786 5427 nent,
815 5363 952 5420 infra
975 5369 1089 5426 dies
1115 5374 1334 5445 triginta
1361 5386 1645 5448 postquam
1675 5381 1896 5436 domum
1919 5382 2178 5438 redierint

632 5457 962 5544 monasterio
1036 5461 1219 5521 Sancti
1269 5469 1446 5524 Albini
1495 5473 1547 5526 in
1601 5483 1918 5544 perpetuum
1966 5475 2198 5530 tradant.

630 5541 854 5637 Fratres
891 5549 1070 5621 itaque
1110 5556 1165 5610 S.
1198 5559 1377 5617 Albini
1431 5581 1644 5620 omnem
1689 5569 1832 5622 litem
1875 5583 2199 5637 omnemque

630 5635 955 5698 calumniam
979 5658 1045 5697 ex
1065 5660 1226 5703 causa
1272 5652 1373 5708 hac
1422 5658 1472 5710 in
1503 5673 1693 5715 manus
1722 5671 1935 5717 nostras
1964 5672 2020 5717 et
2067 5635 2196 5716 νέην

1883 300 1942 356 Β.
1975 296 2204 356 URBAN

2323 295 2405 351 PA
2414 295 2530 365 PJE
3721 309 3783 363 535

2242 405 2694 466 Adocinensium
2757 405 2988 461 fratrum
3049 406 3353 463 refutarunt
3405 428 3417 463 :
3463 409 3785 474 Vimlocinenss

2313 514 2444 553 vero
2493 515 2658 554 unam
2711 499 3148 569 supradictarum
3196 502 3536 557 ecclesiarum
3577 505 3622 558 in
3664 523 3786 566 mana;

2313 600 2529 645 nostras
2555 589 2927 654 reddiderunt,
2959 600 3017 645 et
3043 607 3140 662 per
3175 607 3273 646 nos
3318 594 3531 649 eosdem
3580 601 3788 653 monachos

2313 680 2688 734 investiernnt.
2703 678 2958 733 Praesenti
2979 679 3141 750 igitur
3156 683 3475 738 auctoritate
3497 683 3788 743 fratemitatan

2313 780 2551 824 vestram
2583 768 2957 832 admonemus,
2999 777 3052 822 et
3075 770 3439 840 przecipimus,
3467 781 3524 825 ut
3544 773 3629 827 hoc
3647 786 3788 842 pactum

2314 877 2343 916 a
2395 860 2552 915 nobis
2579 857 2884 913 intentione
2932 860 3083 928 pacis
3127 869 3181 915 et
3230 862 3430 931 quietis
3476 862 3790 932 dispositumrt

2313 961 2598 1015 statutum,
2625 952 2770 1008 omni
2804 951 3048 1022 tempore
3090 952 3349 1022 deinceps
3380 963 3550 1006 ratttm
3592 963 3636 1008 et
3674 959 3790 1009 incon-

2313 1061 2528 1100 cussum
2581 1045 2810 1099 teneatis
2853 1053 2910 1099 et
2938 1044 3265 1098 observetis.
3308 1045 3636 1114 Quaecunque
3681 1059 3790 1100 autem

2314 1151 2440 1206 pars
2469 1136 2609 1191 hanc
2640 1147 2842 1192 nostra:
2871 1137 3164 1192 decisionis
3201 1138 3524 1192 sententiam
3573 1155 3660 1193 non
3679 1155 3792 1194 suscr-

2311 1229 2472 1300 perit,
2501 1228 2586 1283 vel
2620 1229 2922 1299 transgredi
2968 1231 3415 1300 prtesumpserit,
3465 1238 3567 1283 tam
3611 1245 3790 1283 canonum

2315 1320 2593 1376 severitati
2622 1319 2942 1388 subiaceat,
2984 1335 3148 1389 quam
3193 1320 3451 1390 legitima:
3494 1323 3792 1389 compositionis

2313 1425 2558 1480 pinnam,
2593 1411 2647 1464 id
2675 1419 2758 1466 est
2782 1411 2901 1465 auri
2930 1419 3150 1467 centum
3180 1410 3442 1466 librarum
3467 1411 3694 1466 sustineat
3729 1423 3790 1464 et:

2313 1519 2476 1558 causa
2499 1503 2713 1572 penitus
2731 1504 2911 1558 cadat.

2390 1594 2520 1648 Data
2543 1593 2766 1649 Tarenti
2793 1609 2887 1648 vnt
2921 1584 3042 1647 Kal.
3069 1592 3336 1652 Deceml).

3017 1707 3185 1764 LXX.

2317 1799 2517 1857 Urbani
2561 1799 2622 1855 11
2669 1801 2886 1862 epistola
2919 1800 2989 1852 ad
3030 1799 3308 1854 Robertum
3335 1798 3604 1855 Flnndrire
3623 1801 3792 1854 comiter.

2598 1902 2667 1912 —
2690 1870 2757 1925 Ut
2786 1889 2816 1924 a
2845 1871 3095 1925 vexandis
3126 1869 3329 1924 clericis
3357 1870 3623 1924 abstineat.

2669 2028 2676 2033 ε
2899 1962 3077 2032 (Anno
3119 1961 3301 2031 1092.)

2707 2051 2924 2124 [Massa
2955 2052 3156 2106 Concil.
3189 2051 3307 2119 XX,
3349 2052 3503 2123 745.]

2393 2147 2637 2202 [insanus
2659 2147 2965 2216 episcopus,
2995 2139 3186 2201 servus
3219 2160 3508 2201 servorum
3547 2146 3648 2210 Dei,
3671 2145 3792 2198 dilecto

2314 2237 2424 2291 tilio
2453 2251 2549 2290 suo
2605 2235 2887 2300 Romano,
2937 2235 3100 2289 totius
3131 2233 3406 2290 Flandrite
3452 2242 3655 2290 strenuo
3686 2233 3792 2294 militi,

2315 2325 2545 2380 salutem
2575 2335 2628 2380 et
2653 2325 3004 2394 apostolicam
3035 2325 3497 2380 benedictionem.

2385 2417 2678 2484 Memento,
2738 2416 3060 2472 charissima
3101 2417 3196 2482 fili,
3249 2429 3514 2486 quantum
3543 2415 3792 2486 omttipotesti

2313 2505 2424 2560 Deo
2460 2505 2681 2569 debeas,
2705 2507 2794 2576 qui
2825 2515 2877 2560 te
2899 2514 3082 2561 contra
3111 2505 3448 2561 voluntatem
3471 2517 3711 2577 parentum
3728 2515 3794 2556 tuo

2315 2611 2433 2650 rum
2461 2596 2528 2650 de
2557 2611 2722 2666 parvo
2755 2611 3026 2666 magnum,
3060 2596 3125 2649 de
3151 2611 3390 2665 paupere
3419 2596 3644 2658 divitem,
3675 2595 3721 2646 de
3738 2592 3794 2644 ltu-

2314 2689 2427 2742 mili
2459 2688 2749 2758 gloriosum
2779 2687 3078 2758 principem
3124 2684 3272 2756 fecit,
3303 2697 3360 2742 et
3411 2688 3550 2756 quod
3597 2687 3793 2740 maximum

2313 2789 2416 2845 οδῑ,
2450 2780 2593 2835 inter
2646 2779 2826 2835 saeculi
2871 2780 3143 2851 principes
3170 2795 3378 2843 rarum,
3420 2781 3542 2834 dote
3569 2778 3793 2831 litterarum.

2313 2871 2552 2926 scientia:
2581 2879 2743 2940 atque
2770 2869 3050 2939 religionis
3073 2869 3312 2925 donavit.
3344 2869 3480 2937 Ejus
3502 2869 3646 2941 igitur
3666 2880 3794 2920 uicino:

2313 2970 2451 3030 esto,
2477 2963 2566 3032 qui
2596 2974 2646 3016 te
2677 2962 2835 3017 talem
2868 2961 2994 3018 fecit
3031 2971 3088 3018 et
3119 2963 3373 3019 omnibus
3399 2963 3570 3018 modis
3589 2961 3794 3016 elaborat

2316 3055 2482 3110 tantis
2533 3054 2815 3110 beneficiis
2849 3070 2955 3109 non
3007 3055 3303 3110 inveniaris
3349 3055 3610 3126 ingratus.
3657 3052 3793 3107 Bonan

2314 3149 2478 3215 igitur
2505 3163 2628 3202 eum
2682 3148 2736 3202 in
2769 3147 3026 3202 Ecclesiis
3055 3148 3191 3212 suis,
3217 3157 3274 3203 et
3301 3147 3536 3202 ulterius
3572 3144 3657 3200 sub
3687 3142 3795 3208 aliqnt

2312 3241 2600 3296 occasione
2644 3254 2738 3293 eos
2791 3238 3192 3308 qualescunque
3243 3238 3356 3292 sint
3417 3252 3612 3293 vexare
3656 3232 3796 3288 minin:

2311 3345 2628 3401 praesumas,
2663 3345 2762 3384 nec
2789 3345 2978 3384 eorum
3009 3329 3210 3397 praedia
3239 3328 3293 3382 in
3334 3336 3463 3383 tuos
3488 3341 3610 3382 usus
3641 3330 3796 3394 posm-

2315 3434 2432 3472 rum
2468 3418 2672 3472 exitum
2709 3417 2940 3487 redigas.
2973 3416 3082 3472 Nec
3125 3417 3410 3487 pecuniam
3435 3432 3533 3472 seu
3561 3423 3796 3485 (ιιιωευιηίιε

2312 3509 2379 3562 de
2414 3507 2737 3578 patrimonio
2771 3523 2871 3563 suo
2907 3509 2987 3562 eis
3022 3506 3321 3573 dimittunt,
3359 3500 3619 3561 violenter
3641 3501 3793 3556 autem

2313 3597 2418 3653 Sed
2460 3598 2627 3652 libera
2655 3599 2725 3652 sit
2755 3599 2834 3653 eis
2884 3596 3109 3652 facultas
3163 3605 3216 3652 ct
3251 3596 3362 3652 Deo
3392 3595 3666 3659 serviendi,
3686 3600 3724 3644 et
3748 3601 3795 3640 as

2307 3688 2393 3742 sui
2419 3687 2725 3757 patrimonii
2751 3687 3050 3756 cuicunque
3073 3686 3340 3741 voluerint
3357 3677 3795 3756 impendendioccl

2311 3777 2355 3832 si
2385 3777 2674 3846 praetendis
2700 3777 2802 3832 hoc
2829 3791 2893 3830 ex
2919 3778 3143 3846 antiquo
3174 3791 3271 3830 usu
3299 3776 3353 3829 in
3389 3783 3534 3830 terra
3562 3783 3637 3827 tua
3659 3782 3796 3839 proce-

2311 3868 2469 3934 sissc,
2502 3868 2643 3922 scire
2682 3868 2846 3922 debes
2874 3867 3190 3922 Creatorem
3234 3877 3385 3920 tuum
3432 3867 3662 3920 dixisse:
3689 3878 3702 3908 ι
3732 3858 3795 3925 [ιιι

2310 3975 2430 4014 sum
2465 3961 2686 4025 veritas,
2727 3979 2745 4013 ι
2785 3975 2888 4014 non
2915 3969 3092 4014 autem
3121 3973 3249 4014 usus
3278 3959 3360 4012 vel
3382 3950 3795 4015 consuetudo.th

2311 4067 2442 4120 ergo
2466 4051 2722 4118 diximus,
2749 4051 2820 4104 fili
2843 4051 3186 4118 charissime,
3208 4051 3458 4105 volumus
3507 4059 3559 4105 et
3599 4065 3679 4118 per
3709 4046 3792 4097 ictu

2311 4145 2674 4214 apostolorum
2706 4144 2964 4215 principis
3005 4142 3185 4198 claves
3223 4142 3568 4212 principimus
3609 4145 3657 4192 ut
3678 4135 3795 4188 obsu-

2310 4256 2424 4305 ves,
2451 4250 2506 4296 et
2539 4256 2700 4310 super
2747 4240 2998 4296 libertate
3046 4239 3365 4294 clericorum
3407 4245 3460 4291 te
3487 4234 3716 4291 Christum
3740 4226 3795 4278 ho-

2311 4344 2594 4390 norantem
2624 4333 2979 4399 honorifices;
3018 4333 3133 4402 ipse
3160 4345 3289 4386 vero
3314 4329 3646 4384 attestatione
3667 4320 3725 4378 sui
3747 4320 3794 4385 ir

2240 4460 2286 4519 ι)
2311 4425 2423 4480 sius
2449 4425 2894 4480 honorificantcm
2927 4439 2985 4478 se
3019 4420 3428 4519 bonorifieabit.
3453 4420 3590 4474 Vale.

2381 4515 2514 4570 Data
2541 4514 2840 4570 Castraneti
2865 4530 2920 4570 tv
2945 4514 3124 4568 Nonas
3149 4511 3481 4567 Decembris.

3002 4604 3182 4660 LXXI.

2310 4694 2509 4750 Urbani
2541 4695 2604 4751 11
2639 4694 2857 4767 epistola
2885 4695 2954 4748 ad
2982 4694 3176 4767 clerum
3207 4703 3254 4767 et
3299 4692 3554 4767 populatur
3574 4685 3794 4767 Atrebates-

2377 4783 2505 4821 sem.
2538 4797 2609 4806 —
2651 4764 2735 4826 Ut,
2785 4781 3001 4819 excusso
3022 4765 3155 4834 jugo
3198 4763 3579 4834 Cameracensis
3619 4763 3791 4834 episcopi.
3850 4763 3851 4834 ξ

2376 4838 2672 4906 episcopum
2697 4837 2888 4904 eligant
2922 4852 2953 4887 α
2984 4827 3380 4901 ηἱειὶοροιὶιαηο
3413 4827 3769 4886 consecrandum.

2903 4926 3078 4996 (Anno
3101 4922 3280 4993 1092.)

2699 5016 2916 5090 [MANSI,
2949 5015 3151 5070 Concil.
3186 5014 3302 5074 XX.
3336 5012 3488 5087 671.]

2379 5108 2628 5166 [Insanus
2653 5110 2956 5178 episcopus,
2988 5121 3177 5161 servus
3204 5119 3482 5160 servorum
3511 5101 3613 5165 Dei,
3636 5095 3790 5153 clamet

2308 5202 2505 5273 populo
2535 5200 2904 5264 Atrebatensi,
2937 5197 3166 5254 salutem
3219 5207 3275 5252 et
3322 5193 3648 5266 apostolicam
3680 5188 3789 5240 δεῦε-

2307 5294 2618 5350 dictionem.

2372 5383 2745 5440 Atrebatensis
2792 5381 3054 5446 Ecclesia,
3080 5394 3187 5434 una
3209 5394 3278 5436 ex
3315 5374 3642 5433 nobilioribus
3667 5359 3788 5422 Eccle-

2302 5477 2399 5533 siis
2418 5473 2958 5544 eomprovincialibus
2985 5470 3268 5526 Remensis
3311 5465 3624 5537 metropolis,
3651 5455 3786 5550 solettr
3850 5545 3851 5550 η

2303 5568 2459 5623 nibus
2487 5581 2751 5622 canonum
2797 5562 3162 5619 monumentis
3209 5559 3352 5627 feta,
3384 5559 3506 5613 olim
3553 5541 3784 5642 principii!ls
3850 5545 3851 5594 Ῐ

2303 5660 2460 5715 sedes
2493 5657 2836 5729 episcopatus
2863 5654 2984 5720 fuit,
3009 5653 3288 5724 proprium
3314 5648 3601 5721 pontificem
3628 5637 3779 5694 habuit;
