3888 6322
47 339 141 398 55Ἱ
1179 321 1535 380 ΕΡΙΒῚὈῘΛΕ
1576 320 1662 376 ET
1702 319 2112 377 PRIVILEGIA.
2226 345 2238 354 ~
3184 318 3292 384 358

47 467 186 508 suam
209 446 482 504 dioecesim
509 451 562 499 et
590 449 786 498 caetera
811 438 1285 510 poutiﬁcaliajura
1318 436 1490 492 ﬁrmis
1511 450 1608 490 an-
1639 440 1684 498 Λ
1707 431 2257 495 .communicavimus,
2287 445 2387 486 nec
2427 430 2655 488 mortuis
2687 432 3088 490 communicare
3125 433 3292 491 debe-

45 543 278 615 tiquitate
321 540 589 594 rationum
639 534 1019 591 instrumentis
1059 532 1313 587 obtinuit.
1349 530 1610 586 Volumus
1715 526 1877 598 mus].
1931 526 2158 580 Constat
2201 540 2332 594 ergo
2371 526 2626 594 quoniam
2664 526 2861 597 quibus
2904 527 3041 583 vivis
3092 528 3176 599 (ut
3223 545 3291 585 ex

45 639 212 704 itaque
234 642 287 688 et
313 629 611 701 apostolica
651 626 979 682 auctoritate
1008 624 1353 695 praecipimus
1383 631 1460 686 ut,
1481 619 1610 690 jugo
1711 621 1960 692 opposito
1983 617 2292 688 loquamur)
2325 619 2870 685 connnunieavimus,
2899 621 3130 676 mortuis
3159 637 3295 690 quo-

43 723 436 784 Cameracensis
463 718 815 789 subjectionis
842 717 912 772 ab
946 717 1187 773 Ecclesia
1213 726 1394 771 vestra
1416 729 1609 770 excus-
1712 726 1817 782 que
1865 710 2266 766 communicare
2295 722 2605 779 possumus.
2652 708 2761 765 Nos
2806 711 2966 781 plane
3011 712 3152 767 inter
3187 714 3294 768 duo

44 835 115 885 so,
137 827 188 872 et
222 823 441 884 recepta
471 812 736 883 dignitate
764 812 958 883 primis
1007 808 1346 878 temporibus
1372 808 1611 862 rationa-
1712 801 2074 872 oppugnantis
2106 798 2286 870 positi,
2316 799 2461 854 inter
2507 799 2705 868 impios
2730 801 2982 856 videlicet
3021 810 3073 856 et
3119 803 3296 858 schis-

43 909 126 964 1ιίΙὶ
154 906 409 961 ﬁrmitate
444 917 717 974 possessa,
747 900 1078 956 cardinalem
1107 900 1418 970 episcopum
1458 899 1612 953 vobis
1713 893 1964 957 malicos,
1997 888 2363 944 schismaticis
2408 888 2518 943 ullo
2570 890 2730 944 modo
2759 891 3160 947 communicare
3187 908 3292 946 non

43 1011 90 1054 et
120 997 368 1054 Ecclesia:
426 1004 619 1050 vestrae
660 993 845 1048 utilem
891 993 1113 1062 eligere,
1141 1000 1196 1047 et
1231 991 1463 1046 electum
1514 1004 1613 1060 per
1712 996 2018 1054 possumus,
2051 989 2144 1035 aut
2180 981 2306 1036 licet
2350 994 2366 1034 :
2403 981 2781 1050 peccatoribus
2819 999 2972 1049 vero,-
3004 993 3059 1038 et
3084 987 3290 1053 prmtltr-

43 1103 245 1144 manum
298 1084 705 1155 metmpolitani
746 1083 913 1138 vestri
955 1097 1300 1149 consecrare,
1328 1090 1385 1136 et
1429 1081 1612 1137 Eccle-
1713 1075 1872 1128 nibus
1897 1073 2259 1142 dispensative
2289 1083 2571 1143 propterea
2609 1075 3146 1142 communicavimus,
3169 1078 3294 1146 quia

43 1182 124 1234 sia:
146 1189 333 1234 vestrm
371 1178 716 1232 incardinare
745 1176 1026 1231 studeatis.
1059 1175 1119 1230 Ei
1150 1191 1280 1231 vero
1323 1175 1414 1245 qui
1442 1190 1608 1231 cano.
1711 1173 1767 1220 et
1796 1164 2092 1219 Ecclesiam
2119 1164 2380 1220 hactenus
2402 1171 2846 1219 sustentaverunt
2869 1173 2924 1219 et
2945 1179 3002 1220 se
3026 1164 3216 1220 ﬁdeles
3240 1167 3293 1220 in

44 1271 152 1324 nico
171 1284 436 1326 consensu
467 1267 597 1323 cleri
642 1276 698 1323 et
730 1260 909 1337 pepuli
933 1267 1138 1322 electus
1179 1267 1364 1330 fuerit,
1390 1275 1610 1336 aposlo-
1712 1265 1989 1328 Ροειθνιηη
2031 1255 2372 1327 ΡοῙΙίοοῐιιιιΐ·
2409 1254 2658 1324 Alioquin
2688 1264 2903 1324 oportet
2926 1271 3024 1311 nos
3045 1257 3113 1311 de
3139 1256 3300 1327 hujus

44 1347 135 1410 lica
167 1355 489 1410 auctoritate
520 1353 892 1409 interdicimus
919 1367 986 1406 ne
1018 1353 1330 1423 impositam
1371 1353 1472 1407 sibi
1499 1351 1612 1408 ele-
1715 1348 1899 1402 mundi
1928 1348 2174 1418 partibus
2203 1347 2371 1403 exire.
2400 1346 2513 1402 Sub
2539 1364 2643 1418 qua
2685 1347 2850 1402 etiam
2883 1348 3175 1418 sponsione
3199 1363 3301 1403 nos

46 1447 255 1502 ctionem
280 1445 716 1502 dissimulatione
741 1444 920 1512 aliqua
951 1444 1110 1516 lmjus
1133 1459 1286 1500 novae
1309 1444 1612 1499 ordinatio-
1713 1440 1762 1496 ei
1795 1454 1966 1510 nuper
2012 1439 2068 1494 in
2115 1438 2258 1494 beati
2289 1439 2436 1494 Petri
2476 1438 2736 1495 natalitiis
2774 1438 3167 1494 absolutionem
3211 1439 3298 1493 in-

49 1539 121 1594 nis
146 1537 522 1608 subterfugiat.
556 1537 706 1594 Solet
733 1540 878 1595 enim
909 1538 1024 1594 ﬁeri
1063 1546 1123 1592 ut
1155 1537 1408 1594 Ecclesia:
1429 1552 1614 1607 perse-
1721 1531 2004 1586 dulsimus.
2025 1529 2163 1598 Quia
2190 1544 2319 1600 ergo
2343 1530 2634 1600 praedictus
2656 1530 2739 1584 vir
2762 1544 2938 1600 neque
2967 1530 3301 1585 nominative

47 1632 256 1685 cutiouis
289 1639 535 1700 tempore
557 1630 672 1687 suis
692 1631 999 1698 ordinibus,
1032 1629 1146 1686 suis
1173 1629 1405 1700 populis,
1437 1630 1615 1685 subsi-
1723 1621 2243 1683 excommunicalIIS.
2274 1634 2450 1689 neque
2485 1619 2894 1676 communicans
2921 1635 3044 1675 cum
3077 1635 3298 1675 excom-

49 1723 139 1778 diis
160 1723 312 1779 etiam
345 1722 737 1793 temporalibus
775 1722 1069 1790 destitutae,
1100 1722 1220 1777 aliis
1247 1721 1614 1792 temporaliter
1716 1713 2009 1768 municalis
2052 1727 2117 1768 OX
2181 1713 2397 1767 ηοῐιιῖιιθ
2463 1713 2615 1778 cxiii.
2667 1713 2760 1767 εει]
2844 1713 2898 1768 in
2959 1712 3169 1768 Domini
3218 1715 3301 1768 Sili

48 1814 432 1868 conunittantur
465 1813 764 1880 Ecclesiis;
798 1822 1088 1885 postquam
1116 1827 1248 1869 vero
1283 1812 1370 1868 his
1416 1813 1612 1880 quibus
1647 1815 1688 1873 Β
1717 1807 1822 1860 ﬁde
1875 1815 2036 1875 atque
2073 1802 2297 1859 servitio
2322 1805 2639 1875 permansit,
2676 1803 2803 1860 licet
2846 1805 3000 1860 nobis
3026 1806 3304 1875 dispensa-

51 1906 320 1961 imminutte
368 1907 622 1972 fuerant,
661 1906 772 1961 Deo
800 1907 1068 1969 donante,
1116 1904 1394 1959 abundare
1439 1919 1615 1972 cmpe-

52 1996 162 2058 riut,
192 1997 470 2064 pristinam
501 1997 772 2066 recipiant
803 1996 1145 2067 dignitatem.

111 2088 412 2156 Caslraueti,
444 2103 504 2143 tv
543 2087 722 2144 Nonas
755 2085 1089 2142 Decembris.

728 2177 940 2233 LXXII.

57 2271 232 2325 Urbani
256 2269 311 2325 11
329 2271 556 2342 epistola
578 2270 646 2324 ad
672 2268 991 2324 Rainoldum
1021 2267 1325 2342 Reatensem
1367 2263 1620 2342 archiepi-

117 2359 326 2410 scopum.
356 2335 439 2382 ’-
478 2342 698 2394 Mandat
747 2349 1022 2410 ut,rqncm
1074 2337 1244 2390 clerus
1296 2335 1619 2404 populusque

114 2409 441 2466 Atrebatenst's
473 2410 748 2481 elegerint,
776 2409 1071 2478 episcopum
1099 2415 1379 2460 consecret.

627 2498 807 2568 (Anno
835 2497 1017 2566 1092.)

408 2589 646 2663 [MANSI,
676 2584 877 2642 Concil.
917 2584 1041 2651 XX,
1075 2583 1227 2656 670.]

119 2682 346 2741 Unas-aus
371 2685 689 2754 episcopus,
731 2695 919 2736 servus
946 2691 1225 2734 servorum
1267 2674 1394 2738 Dei,
1424 2673 1620 2728 dilecto

61 2778 286 2832 conlralri
317 2776 630 2838 llarnowo,
661 2773 957 2827 Remorum
1008 2769 1444 2839 archiepiscopo,
1476 2765 1621 2820 salu-

63 2878 154 2924 tem
181 2877 230 2923 et
257 2866 616 2938 apostolicam
647 2863 1104 2919 benedictionem.

121 2957 320 3013 Noverit
356 2967 448 3012 tua
491 2951 982 3025 fraternitas‘quod
1025 2947 1402 3005 Atrebatensis
1436 2945 1622 3002 Eccle-

67 3052 130 3106 sia
157 3067 248 3106 una
295 3065 358 3107 ex
407 3049 692 3105 nobilibus
725 3045 984 3102 Ecclesiis
1027 3041 1312 3099 Remensis
1349 3048 1624 3110 metropo-

68 3140 119 3194 lis
144 3141 248 3207 luit,
278 3149 330 3196 et
360 3139 656 3211 pontiﬁces
680 3138 828 3192 viros
869 3134 1306 3206 religiosissimos
1335 3141 1390 3188 et
1428 3140 1620 3186 caetera

68 3231 357 3299 plllllIIICllIia
403 3231 537 3299 jura
583 3228 753 3284 ﬁrmis
792 3227 1062 3282 rationum
1111 3224 1459 3280 monimentis
1484 3223 1624 3278 obti-

74 3323 186 3374 nuit.
216 3321 533 3377 Mandamus
563 3321 742 3389 itaque
773 3317 864 3373 tibi
896 3325 1058 3386 atque
1085 3315 1426 3386 praecipimus
1456 3323 1516 3369 ut
1557 3313 1620 3367 il-

76 3409 186 3475 lum,
214 3425 361 3480 quem
390 3410 643 3467 Ecclesia
687 3409 776 3464 illa
806 3409 1068 3464 canonico
1105 3421 1372 3463 consensu
1408 3405 1536 3461 cleri
1572 3414 1626 3460 et

73 3504 220 3570 populi
251 3504 346 3558 sibi
384 3504 436 3559 in
498 3504 809 3573 episcopum
856 3501 1106 3572 elegerit,
1131 3514 1451 3555 consecrare
1480 3507 1534 3554 et
1555 3498 1627 3554 ei-

73 3591 171 3646 dcm
199 3595 444 3650 Ecclesia:
490 3595 836 3650 incardinare
885 3609 991 3648 non
1035 3591 1273 3648 diﬁ'eras.
1308 3589 1458 3646 Solet
1481 3590 1625 3645 enim

75 3682 166 3734 ﬁeri
205 3693 258 3738 ut
308 3684 570 3740 Ecclesia:
617 3682 1012 3754 persecutionis
1053 3691 1295 3752 tempore
1337 3680 1450 3736 suis
1484 3679 1629 3734 ordi-

75 3771 228 3836 nibus,
276 3773 386 3828 suis
433 3773 678 3844 populis,
729 3771 986 3828 subsidiis
1035 3769 1196 3826 etiam
1244 3768 1630 3840 temporalibus

75 3864 310 3920 destituta:
333 3867 456 3923 aliis
496 3865 869 3936 temporaliter
895 3864 1304 3920 committantur
1333 3861 1627 3928 Ecclesiis';

75 3964 324 4024 postquam
363 3971 505 4013 vero
558 3957 643 4012 his
676 3957 872 4027 quibus
913 3955 1209 4010 imminut-.e
1249 3955 1486 4017 fuerant.
1521 3952 1632 4008 Deo

1720 1895 1848 1958 live,
1879 1895 1929 1949 id
1959 1903 2064 1957 est,
2093 1895 2327 1964 quandiu
2372 1908 2466 1948 eos
2505 1895 2762 1963 patimur,
2793 1895 2911 1964 ejus
2943 1894 3304 1966 elecmosynis

1717 1984 2121 2041 communicare
2161 1993 2215 2037 et
2244 1984 2482 2038 defuncti
2533 1983 2770 2038 animam
2801 1983 3127 2040 Christiana:
3177 1983 3305 2041 τεῆς

1718 2078 1894 2148 giouis
1923 2078 2098 2133 modis
2127 2075 2379 2132 omnibus
2408 2076 2688 2146 adjuvare.

2387 2184 2624 2243 LXXIV.

1721 2279 1923 2335 Urbani
1973 2277 2033 2333 11
2096 2279 2315 2349 epistola
2382 2280 2451 2349 ad
2504 2280 2806 2334 Anselmurn
2858 2279 3302 2337 Mediolanensem

1791 2345 2255 2420 archiepiscopum.
2285 2379 2355 2389 —
2386 2345 2458 2403 De
2493 2351 2918 2404 reconciliatione
2945 2350 3230 2420 lapsorum.

2217 2439 2397 2509 (Anno
2440 2437 2787 2507 l088-l095.)

2113 2528 2325 2600 [Mmsn
2371 2529 2571 2584 Concil.
2608 2527 2726 2595 XX,
2765 2529 2917 2603 645.]

1796 2619 2118 2674 Discretioni
2169 2628 2368 2672 nostra:
2411 2619 2641 2682 videtur,
2693 2629 2962 2688 quatenus
3008 2620 3305 2676 secundum

1720 2711 1972 2780 praecepti
2003 2711 2176 2765 nostri
2207 2705 2470 2776 tenorem,
2496 2710 2713 2780 quando
2737 2710 3035 2766 secundum
3065 2709 3309 2766 ecclesia:

1721 2807 1920 2853 vestrae
1951 2811 2154 2855 morem
2185 2815 2370 2855 sacros
2397 2801 2620 2856 daturos
2648 2801 2978 2871 quibuslibet
3007 2801 3128 2858 aliis
3162 2803 3310 2857 ordi-

1724 2902 1823 2942 nes
1851 2888 2177 2943 benedicere
2222 2889 2476 2960 cmperis,
2510 2905 2624 2958 eos,
2661 2906 2798 2961 quos
2837 2901 2923 2945 tua
2973 2891 3187 2946 duxerit
3224 2906 3311 2945 so-

1723 2981 1881 3036 lertia
1919 2981 2371 3047 reconciliandos,
2406 2984 2548 3037 inter
2576 2983 2998 3038 benedicendum
3030 2997 3086 3038 et
3120 2998 3314 3038 manus

1729 3071 2114 3143 imponendum
2143 3072 2312 3127 facias
2339 3071 2635 3139 interesse;
2677 3073 2873 3143 quibus
2899 3083 3093 3127 caetera
3127 3071 3309 3127 omnia

1651 3169 1696 3230 C
1727 3165 2530 3221 c'onseCrationisinstrmnenta
2555 3164 3308 3236 praeteruuctionisexplebis,
3388 3191 3390 3194 -

1725 3268 1779 3315 ct
1799 3259 1879 3314 sic
1901 3274 1965 3313 ac
1989 3267 2176 3315 sancta
2207 3257 2509 3314 ministeria
2546 3258 2940 3314 reconciliabis.

2411 3368 2628 3428 LXXV.

1726 3463 2028 3537 Guernerio
2066 3457 2479 3537 dlerseburgensi
2528 3461 2831 3515 conceditur
2887 3469 2940 3512 nt
2978 3458 3196 3512 clericus
3223 3457 3313 3537 qni

1798 3534 1972 3603 lapide
1998 3532 2146 3612 jacto
2191 3531 2409 3613 ριιεῖιέπι
2440 3531 2790 3613 interemerat,
2844 3539 3080 3596 snscepta
3125 3531 3314 3597 sempi-

1798 3601 1946 3658 terna
1980 3601 2399 3670 pwnitentia,'in
2436 3617 2534 3655 suo
2567 3601 2752 3654 ordine
2775 3609 3098 3669 permaneat.

1971 3691 2401 3763 (Fragmentum.
2437 3718 2510 3730 --
2536 3688 2694 3744 Anno
2723 3685 3079 3758 1088-1095.)

1806 3785 2123 3859 [(ἶιιΑτιΑΝι,
2158 3783 2388 3846 Decret.,
2419 3797 2579 3837 causa
2609 3782 2653 3845 l,
2683 3781 2808 3838 dist.
2833 3779 2923 3845 50,
2947 3795 3068 3850 cap.
3103 3776 3220 3850 '57.]

1801 3876 2015 3933 Clerieo
2031 3873 2268 3944 jacieute
2294 3873 2526 3945 lapidem
2552 3889 2685 3944 puer
2709 3872 2910 3927 dicitur
2935 3872 3315 3940 interemptus.

1732 3969 1844 4025 Nos
1869 3983 1970 4038 pro
2006 3980 2192 4020 amore
2225 3973 2320 4019 tuo
2370 3965 2422 4018 in
2475 3979 2573 4020 suo
2602 3964 2792 4019 ordine
2821 3979 2942 4019 eum
2999 3975 3320 4032 permanere

75 4043 380 4114 disponente,
410 4048 696 4104 abundare
723 4047 1008 4117 coeperint,
1038 4047 1324 4116 pristinam
1371 4044 1631 4115 recipiant

1751 4062 2098 4118 )ermittimus
2129 4079 2142 4114 :
2174 4071 2235 4116 ut
2264 4070 2446 4115 tamen
2485 4071 2699 4129 semper
2728 4057 2779 4112 in
2821 4054 3137 4128 paenitentia
3162 4064 3215 4108 et
3249 4054 3319 4107 ti-

77 4131 378 4204 dignitatem.
413 4139 603 4194 Solius
632 4137 1136 4208 etenim'apostolici
1182 4144 1267 4192 est
1292 4136 1634 4206 episcopatus

78 4224 395 4297 coitjungere,
423 4229 751 4298 conjunctos
777 4227 1102 4298 disjungere,
1138 4235 1231 4281 aut
1277 4227 1440 4281 etiam
1466 4241 1637 4281 novos

81 4326 385 4375 construere.
437 4319 638 4376 Fretus
668 4320 852 4388 itaque
905 4327 1087 4374 nostra
1119 4319 1444 4372 auctoritate
1488 4316 1538 4371 id
1571 4331 1638 4371 ne

81 4405 244 4464 timeas
280 4412 601 4484 adimplere.
632 4411 939 4467 Voluntatis
963 4411 1163 4465 etenim
1207 4419 1405 4464 noslrm
1429 4418 1508 4462 est
1533 4408 1636 4461 Re-

81 4501 254 4588 Inensis
268 4502 626 4573 [{.,Remeusi
644 4513 699 4558 et
718 4503 1290 4573 mos,episcopatuum.
1315 4498 1514 4570 [nam]
1539 4499 1640 4552 Ec-
1668 4528 1719 4588 ι)

83 4584 235 4643 clesiaa
271 4592 397 4647 olim
439 4609 514 4647 xu
545 4594 914 4664 episcopatum
942 4591 1280 4660 dignitatem,
1316 4590 1422 4644 Deo
1449 4603 1643 4658 coepe-

83 4688 234 4748 rante,
271 4683 322 4738 in
349 4685 642 4756 pristinum
681 4685 906 4756 gradum
945 4695 1216 4738 revocare.
1597 4685 1605 4692 ‘

730 4792 964 4850 LXXIII.

88 4883 261 4942 Urbani
288 4889 348 4944 II
369 4889 590 4960 epistola
612 4889 680 4943 ad
702 4886 1063 4960 Gttimnndum
1094 4883 1642 4960 episcopttm_dversa-

145 4975 279 5013 nam.
308 4991 377 5001 —
399 4953 470 5016 id
499 4963 637 5032 quod
665 4961 730 5014 de
761 4957 1048 5020 llic/tarda,
1077 4956 1190 5024 ﬁlio
1229 4953 1476 5017 Burrelli,
1505 4954 1643 5022 fece-

147 5029 227 5097 rit,
247 5033 447 5101 probat.
1229 5071 1231 5073 .

569 5123 750 5195 (Anno
785 5119 1139 5189 loss-toea.)

169 5231 449 5305 [GIA‘I‘MNI
481 5236 709 5300 Decret.,
741 5250 907 5292 causa
935 5245 1090 5298 xxrv,
1120 5245 1212 5302 qu.
1235 5231 1289 5293 9.,
1321 5243 1442 5299 cap.
1472 5225 1552 5298 3.]

156 5323 286 5382 Sane
303 5329 445 5398 quod
468 5344 632 5400 super
655 5327 930 5383 Richardo
968 5324 1082 5380 ﬁlio
1111 5321 1306 5378 Borclli
1333 5327 1511 5375 vestra
1537 5317 1648 5372 fra-

98 5416 302 5473 ternitas
337 5420 513 5491 egisse
557 5418 791 5474 innotuit
815 5433 914 5489 pro
943 5415 1061 5470 zelo
1106 5413 1225 5480 Dei,
1258 5420 1315 5468 et
1343 5410 1646 5465 animarum

100 5503 362 5579 cbaritate,
391 5512 688 5568 laudamus.
725 5511 832 5566 Sed
868 5525 973 5564 non
1009 5505 1143 5562 adeo
1168 5503 1485 5566 timendum,
1543 5505 1648 5554 nan

105 5591 222 5647 adeo
247 5609 326 5653 est
369 5600 524 5656 vobis
569 5601 637 5656 ab
682 5599 802 5669 ejus
839 5595 1198 5668 eleemosynis
1247 5590 1647 5649 abstinendum.

109 5678 234 5738 Inter
249 5697 467 5744 caeteros
493 5691 690 5760 quippe
729 5696 916 5744 nostra
954 5685 1080 5742 ﬁdei
1111 5691 1296 5755 patres
1323 5681 1515 5736 beatus
1543 5677 1652 5732 Leo

115 5784 228 5840 φερε
269 5778 450 5835 doctor
486 5779 730 5850 egregius
783 5777 1006 5848 [quibus
1062 5773 1232 5840 vivis,
1288 5770 1488 5841 inquit,
1541 5782 1647 5823 non

1737 4168 1889 4209 more
1911 4160 2253 4224 permaneat.

2411 4235 2648 4292 LXXVI.

1743 4334 1948 4403 Urbani
1970 4332 2030 4386 II
2055 4331 2284 4403 epistola
2303 4330 2370 4383 ad
2395 4329 2663 4382 Albertum
2691 4325 2986 4403 episcopatu
3018 4322 3318 4403 Metensem.

1808 4434 1882 4446 —
1905 4402 1971 4457 Ut
2000 4404 2054 4457 in
2084 4393 2423 4455 'saccrdotem
2468 4393 2767 4468 quemdam,
2799 4393 3104 4466 dignitatem
3147 4393 3323 4449 Simo-

1814 4477 1961 4531 niace
1989 4471 2235 4543 adeptum
2267 4470 2666 4524 mansuetudine
2696 4476 2897 4521 utatur.

2239 4561 2427 4631 (Anno
2478 4558 2830 4627 lost-1093.)

1994 4650 2523 4726 [ϐιιιιτιλδιλῦεενει.
2549 4648 2610 4706 C.
2637 4649 2674 4714 l,
2706 4664 2800 4720 qu.
2823 4647 2856 4702 5
2876 4689 2893 4713 ,
2912 4663 2962 4702 c.
2997 4646 3078 4719 5.]

1815 4745 2170 4805 Pratsentium
2199 4744 2540 4817 portitorem,
2565 4758 2726 4813 quem
2779 4750 3062 4812 parentum
3121 4736 3328 4794 incuria

1745 4855 1842 4911 per
1861 4835 2149 4910 pecuniam
2176 4852 2282 4892 non
2312 4836 2585 4906 episcopo,
2609 4834 2703 4889 sed
2758 4832 2969 4888 cuidam
3024 4827 3328 4900 principum

1745 4932 1862 5002 ejus
1887 4932 2090 4996 datam,
2117 4931 2344 4986 invitum
2367 4926 2655 4984 sacerdotii
2682 4925 2999 4996 dignitatem
3029 4919 3331 4977 obtinuisse

1750 5021 2094 5095 signiﬁcasti,
2121 5020 2252 5076 licet
2303 5016 2479 5074 sancti
2528 5031 2767 5071 canones
2797 5009 3172 5084 deponendum
3209 5023 3330 5065 esse

1754 5121 2042 5178 testentur,
2070 5121 2285 5178 tamen,
2329 5110 2455 5180 quia
2503 5107 2714 5177 culpam
2761 5106 2923 5160 istam
2978 5102 3227 5180 nesciens
3279 5107 3326 5154 et

1756 5217 1976 5264 coactus
1996 5205 2266 5262 commisit
2290 5222 2303 5258 :
2324 5214 2380 5260 et
2406 5204 2532 5274 quia
2563 5201 2631 5257 ab
2659 5201 2847 5256 eodem
2871 5198 3057 5254 ordine
3079 5207 3139 5252 ut
3168 5195 3335 5264 depo-

1753 5309 1994 5365 neretur,
2053 5296 2375 5369 supplicavit
2421 5295 2702 5350 ultroneus
2733 5332 2748 5358 ,
2790 5307 2856 5346 ex
2900 5287 3334 5359 consideratione

1757 5389 2101 5445 discretionis
2154 5388 2311 5458 (quae
2368 5394 2542 5441 mater
2591 5393 2676 5439 est
2721 5384 2962 5438 omnium
3034 5378 3334 5447 virtutum)

1758 5478 1929 5550 magis
1978 5493 2141 5549 quam
2187 5491 2251 5531 ex
2284 5477 2464 5546 rigore
2487 5489 2783 5539 canonum,
2817 5469 3206 5527 misericordiae
3259 5467 3338 5543 vi-

1760 5587 1915 5628 scera
1945 5571 2252 5627 adhibendo
2293 5571 2468 5640 ipsum
2494 5569 2548 5624 in
2581 5570 2772 5624 eodem
2798 5566 2990 5622 ordine
3033 5576 3174 5625 esse,
3226 5558 3338 5614 l‘ra-

1761 5662 2002 5718 ternitati
2028 5671 2131 5717 tuae
2153 5661 2486 5716 consulimus
2517 5679 2532 5716 :
2567 5660 2640 5715 ita
2673 5669 2876 5721 tamen,
2899 5652 3022 5710 utsi
3045 5647 3338 5722 fEcclesia

1762 5752 1875 5819 illa,
1906 5751 1994 5808 cui
2026 5750 2325 5823 deseruit-ﬁ
2360 5750 2697 5810 sacerdotum
2745 5745 3025 5817 penuriam
3059 5755 3164 5796 non
3199 5735 3340 5808 pati-
