3888 6322
616 319 722 378 359

1901 319 1961 375 Β.
2002 318 2253 376 υηΒΑΝι
2310 319 2352 374 ll
2398 318 2601 377 PAP/E

3725 333 3786 391 569

621 447 709 503 tur
733 478 749 503 ,
799 449 1097 508 suspensus
1153 450 1183 489 a
1231 435 1567 493 sacerdotali
1607 435 1784 493 oflicio
1833 449 2199 508 permaneat:
2232 449 2281 503 Λ
2309 439 2431 495 dem
2462 440 2720 496 Ecclesia:
2747 441 2916 499 frater
2956 452 3138 501 noster
3163 446 3411 503 Dolensis
3451 450 3788 524 archiepiscopus

618 528 761 598 quod
784 529 828 582 si
855 528 1083 582 fortasse
1112 527 1365 582 Ecclesite
1382 528 1591 584 utilitas
1618 530 1879 599 exegerit,
1908 539 1967 584 ttt
2012 545 2199 585 curam

617 614 898 695 regimiuis
961 627 1237 682 assumat,
1295 618 1457 674 liceat
1508 623 1557 673 ei
1611 634 1674 674 ex
1725 619 2078 675 concessione
2119 622 2200 677 sui

618 710 862 780 episcopi
910 708 1250 779 fratrumque
1307 710 1611 765 obcdientia
1657 711 1978 767 sacerdotali
2026 711 2202 768 oflieio

618 801 791 872 fungi.

1287 887 1542 947 LXXV".

619 974 818 1037 Urbani
837 992 986 1050 pupa:
1019 979 1081 1054 Ii
1104 983 1320 1054 epistola
1370 983 1438 1037 ad
1466 984 1731 1038 universos
1786 985 2047 1054 episcoiios
2077 984 2200 1038 Bria

685 1053 901 1124 (Aﬂifilifl’.
920 1083 989 1091 —
1031 1053 1241 1124 Dolensi
1270 1054 1509 1123 episcopo
1530 1055 1763 1108 concedit
1785 1053 2027 1124 pallium,
2058 1056 2201 1111 salvo

682 1118 808 1191 jure
840 1121 1160 1177 Turonensis
1184 1118 1457 1177 Ecclesia};

1209 1212 1395 1283 (Anno
1425 1213 1606 1282 l095.)

829 1300 1126 1373 infamem,
1155 1302 1451 1357 Tlteaaurus
1484 1305 1693 1371 anecd.,
1718 1304 1806 1371 Ill,
1838 1292 1988 1379 878.]

690 1390 990 1461 Expeteudi
1013 1392 1161 1461 pallii
1193 1393 1363 1462 gratia
1399 1392 1675 1448 eonfratcr
1722 1405 1907 1451 noster
1935 1394 2002 1449 Il.
2045 1394 2200 1469 [ιιοιέ

616 1480 830 1552 landus]
858 1522 873 1545 ,
931 1483 1176 1539 Dolensis
1227 1486 1512 1557 episeOpus
1560 1498 1747 1543 nostro
1788 1505 1848 1545 se
1888 1492 2202 1560 conspectui

616 1584 1034 1641 reprresentans,
1068 1577 1240 1631 sancti
1284 1579 1700 1646 praedecessoris
1745 1581 1918 1636 nostri
1956 1581 2199 1651 Gregorii

618 1659 706 1714 νη
740 1661 950 1719 litteras
977 1665 1190 1731 obtulit,
1225 1683 1360 1736 quas
1396 1668 1535 1722 idem
1592 1670 1924 1739 apostolicus
1961 1672 2197 1740 pontifex

615 1766 716 1820 pro
797 1753 976 1809 Eveno
1032 1755 1245 1813 Dolensi
1301 1759 1556 1829 episcopo
1617 1771 1811 1816 vestrae
1872 1764 2197 1819 fraternitati

615 1844 988 1899 mandaverat.
1023 1844 1237 1902 Illarum
1261 1849 1447 1920 itaque
1478 1851 1785 1907 litterarum
1818 1861 2002 1909 tenore
2027 1856 2200 1910 contis

611 1935 845 1989 nebatur
868 1937 1010 2006 quod
1031 1938 1204 1994 eidem
1231 1939 1414 1995 Eveuo
1448 1942 1739 2011 pranlictus
1768 1943 2013 2011 pontifex
2050 1946 2198 2015 pallii

609 2036 771 2082 usum
796 2044 893 2099 pro
921 2039 1099 2086 vestra
1124 2040 1178 2087 et
1206 2034 1369 2088 totius
1392 2034 1685 2102 provincia“:
1734 2035 2023 2091 dilectinnc
2072 2054 2203 2093 con-

610 2121 854 2183 cesserit,
876 2135 937 2175 ea
960 2122 1272 2178 cenditione
1298 2123 1543 2178 intersita
1563 2133 1621 2178 ut
1641 2136 1943 2195 opportuno
1963 2136 2204 2199 tempore

612 2207 874 2264 exhibere
903 2226 961 2265 se
1013 2212 1323 2268 nullatenus
1373 2224 1653 2269 recusaret
1696 2216 1761 2269 ad
1808 2217 2200 2274 discutiendam

614 2298 1011 2364 querimoniam
1042 2316 1203 2370 quam
1260 2302 1598 2359 Turonensis
1652 2307 2090 2378 archiepiscopus
2136 2311 2202 2366 de

614 2385 954 2455 subiectione
983 2391 1127 2446 sedis
1159 2392 1323 2457 illius,
1347 2403 1402 2447 et
1427 2393 1493 2447 dc
1524 2404 1717 2463 negata
1740 2396 1843 2451 sibi
1869 2399 2200 2465 obedientia,

610 2476 934 2547 iampridem
962 2483 1101 2551 apud
1129 2498 1283 2537 suam
1313 2494 1362 2538 ct
1398 2495 1805 2542 antecessorum
1850 2503 2075 2545 suorum
2124 2492 2202 2547 fec

614 2579 770 2625 cerat
822 2574 1196 2631 audientiam.
1252 2574 1507 2645 Sequitur
1545 2587 1669 2649 post
1728 2581 1843 2636 haec
1900 2581 1953 2637 in
1999 2583 2200 2639 eisdem

614 2658 812 2716 litteris
847 2678 861 2716 :
897 2680 916 2713 ι
959 2662 1111 2730 Quod
1144 2664 1189 2719 si
1224 2666 1437 2722 ratione
1463 2668 1747 2738 etiustitia
1770 2669 2199 2740 demonstrante,

613 2758 671 2803 ut
702 2751 749 2806 ci
781 2752 1024 2820 subiecta
1052 2770 1174 2811 esse
1205 2758 1401 2813 debeat
1450 2761 1783 2831 apparuerit,
1836 2777 1936 2819 nos
1985 2765 2202 2834 quidem

612 2856 816 2901 sancta:
838 2848 1168 2907 Turonensis
1203 2853 1459 2909 Ecclesiae
1481 2854 1569 2924 ius
1598 2872 1753 2911 suum
1785 2859 2125 2926 conservari,
2148 2869 2205 2916 et

615 2937 853 2992 debitam
885 2940 1275 3009 subiectionem
1329 2959 1360 2998 a
1408 2944 1622 3000 Dolensi
1657 2946 1899 3002 Ecclesia
1955 2949 2201 3004 exhiberi

616 3026 868 3083 volumus
904 3032 1277 3101 etapostolica
1327 3037 1653 3091 auctoritate
1699 3053 2001 3096 censemus.
2036 3040 2200 3097 Usum

618 3126 796 3172 tamen
829 3120 975 3188 pallii
1004 3136 1108 3197 non
1135 3120 1315 3178 minus
1339 3124 1466 3181 huic
1502 3128 1723 3198 suisque
1773 3131 2198 3196 successoribus,

614 3207 786 3261 donec
814 3222 1012 3271 eorum
1046 3210 1299 3268 introitus
1328 3223 1381 3268 ct
1413 3215 1515 3269 vita
1548 3216 1839 3286 probabilis
1868 3218 2049 3285 fuerit,
2079 3236 2203 3277 eone

614 3297 858 3353 cedimus
900 3308 954 3353 et
998 3299 1296 3358 firmamus.
1332 3302 1390 3359 Si
1427 3314 1553 3358 Vero
1575 3307 1643 3360 ab
1675 3306 1833 3375 hujus
1855 3307 2204 3377 subiectionis

606 3384 737 3455 iugo
770 3402 890 3444 eam
921 3390 1153 3445 solutam
1191 3408 1311 3449 esse
1352 3394 1506 3464 legali
1537 3397 1848 3452 defensione
1875 3401 2200 3467 constiterit,

615 3492 953 3550 quaecunque
982 3481 1084 3536 sibi
1121 3483 1399 3555 dignitatis
1437 3488 1715 3560 privilegia
1742 3491 1809 3545 de
1834 3501 2031 3546 cwtero
2057 3510 2204 3549 com-

617 3579 803 3637 petere
826 3572 939 3626 visa
964 3572 1184 3641 fuerint,
1207 3579 1505 3647 apostolica
1544 3572 1653 3636 non
1689 3582 1980 3653 denegabit
2014 3596 2203 3642 aucto-

614 3661 772 3725 ritas,
792 3671 952 3733 atque
974 3665 1189 3725 interim
1198 3670 1319 3731 ,utei
1337 3671 1476 3726 sicut
1490 3673 1899 3743 archiepiscopo
1911 3676 2203 3746 subiectio-

615 3768 743 3807 nem
783 3765 838 3810 et
860 3756 1222 3814 obedientiam
1258 3763 1561 3820 exhibeatis
1584 3769 1839 3836 prteseuti
1878 3772 2204 3828 auctoritate

616 3846 1020 3903 constituimus.
1053 3867 1074 3902 ι
1111 3850 1408 3908 Prtedictus
1438 3854 1620 3924 itaque
1646 3860 1920 3914 confrater
1944 3870 2000 3915 et
2025 3864 2206 3934 coepib

614 3941 814 4003 seopus
842 3933 980 3991 Roll.
999 3953 1182 3994 coram
1216 3940 1475 3998 fratribus
1506 3947 1708 4001 nostris
1730 3965 1893 4019 super
1913 3933 2199 4023 Evangelia

613 4034 805 4080 sancta
829 4025 1038 4097 iuravit
1064 4031 1189 4099 quia
1220 4047 1359 4103 papa
1391 4033 1689 4107 Gregorius
1720 4040 1805 4093 \‘ll
1838 4041 2026 4097 harum
2054 4042 2198 4100 litte-

612 4129 799 4170 rarqu
827 4120 1151 4175 sententiam
1185 4124 1394 4179 miserit
1420 4127 1693 4198 episcopis
1713 4131 2025 4195 Britauuize,
2056 4144 2111 4189 et
2146 4136 2197 4189 iu

610 4209 910 4278 exemplari
961 4210 1049 4266 illo
1081 4228 1181 4268 nec
1243 4215 1421 4271 minus
1474 4233 1577 4275 nec
1632 4221 1860 4292 amplius
1910 4224 2200 4282 haberetur

606 4313 771 4368 quam
808 4301 861 4355 in
892 4301 1089 4359 litteris
1127 4320 1264 4375 quas
1296 4307 1410 4379 ipse
1440 4311 1609 4368 misit.
1639 4312 1729 4369 Sic
1762 4330 1863 4371 nos
1896 4317 1963 4374 de
1982 4328 2201 4390 aposto-

608 4390 841 4446 licarum
866 4392 1170 4452 litterarum
1193 4401 1424 4457 veritate
1450 4402 1672 4472 firmati,
1700 4407 1956 4476 przedicto
1982 4411 2195 4466 confra—

610 4487 678 4538 tri
711 4494 899 4541 nostro
960 4490 1059 4543 sub
1096 4491 1285 4547 eadem
1327 4496 1636 4553 conditione
1689 4499 1831 4568 pallii
1884 4517 2078 4558 munus
2127 4516 2193 4559 ex

606 4577 917 4644 apostolica:
940 4581 1085 4636 sedis
1108 4582 1432 4643 liberalitate
1480 4592 1870 4649 concessimus.
1898 4595 2034 4650 Eum
2064 4611 2195 4668 ergo

606 4669 673 4723 ad
734 4686 831 4727 vos
887 4675 1187 4731 auxiliante
1237 4678 1466 4735 Domino
1509 4684 1866 4754 remittentes,
1921 4688 2194 4747 dilectioni

604 4767 801 4817 vestra:
830 4763 1028 4821 litteris
1054 4770 1412 4837 praesentibus
1433 4777 1901 4843 commendamus,
1926 4786 1981 4832 ut
2017 4778 2191 4850 ipsum

602 4868 729 4908 cunt
755 4858 901 4911 tuitui
929 4860 1135 4915 honore
1161 4870 1215 4916 et
1255 4864 1559 4919 reverentia
1588 4868 1965 4938 suscipientes,
1998 4872 2063 4925 ad
2111 4889 2196 4930 re-

604 4946 941 5001 stituendum
1020 4959 1287 5020 susceptae
1349 4952 1606 5008 Ecclesize
1673 4964 1874 5013 statum
1936 4959 2196 5016 fraternis

604 5035 887 5094 affectibus
921 5051 975 5095 et
1004 5042 1198 5098 ofiiciis
1229 5042 1518 5110 adiuvetis.

604 5212 812 5318 Ur'bani
837 5226 1077 5318 πέμπει]
1106 5228 1325 5318 cpistqiu
1352 5229 1422 5318 ad
1446 5231 1705 5318 pritgcipes
1734 5234 2188 5318 etJtopufum‘Do-

677 5293 834 5373 tensis
876 5293 1219 5418 chlesiwl—
1246 5298 1315 5355 Ut
1334 5293 1514 5356 abluta
1536 5293 1750 5358 Dolensi
1772 5293 2023 5361 Ecclesia:
2052 5308 2186 5363 bona

677 5373 925 5418 restituar:
953 5402 970 5418 .

676 5373 970 5419 restituant.

1198 5464 1375 5537 (Anno
1404 5464 1589 5537 l095.)

923 5547 1196 5621 [Maurum
1222 5554 1307 5609 ubi
1334 5573 1515 5627 supra,
1541 5557 1646 5613 col.
1681 5558 1832 5632 879].

674 5638 991 5698 Audivimus
1020 5643 1265 5701 Dolensis
1285 5646 1541 5704 Ecclesiae
1563 5651 1699 5707 bona
1724 5652 1798 5707 ita
1823 5667 1920 5723 per
1946 5662 2184 5712 vestram

601 5732 913 5790 Violentiam
944 5737 1229 5809 usurpari,
1256 5751 1317 5794 ut
1348 5739 1481 5796 nihil
1506 5741 1730 5811 iustitia:
1756 5744 1822 5800 de
1855 5746 2015 5803 rebus
2034 5747 2182 5817 eius-

2307 530 2376 583 R.
2408 530 2764 605 [Rollandus]
2817 535 2993 589 valeat
3044 537 3308 593 obtinere.
3358 539 3652 597 Mandamus
3690 544 3790 615 igitur

2306 620 2588 676 dilectioni
2617 633 2811 680 vestrae
2840 641 2909 681 ne
2957 628 3203 683 ecclesize
3255 627 3425 700 ipsius
3469 630 3596 685 bona
3642 634 3791 691 uilerivs

2303 713 2541 769 retinere
2570 714 2741 771 invito
2764 718 3020 788 episeOpo
3059 722 3429 789 przesumatis;
3458 722 3669 793 alioquin
3706 729 3792 783 satis

2302 803 2612 871 apostolica:
2643 805 3066 876 indignationem
3090 810 3400 874 invenietis,
3429 820 3483 866 et
3508 827 3793 885 quamcunqte

2304 892 2358 946 in
2416 909 2511 949 vos
2575 899 2907 952 sententiam
2974 902 3117 955 idem
3184 901 3351 956 frater
3400 912 3577 958 noster
3617 907 3792 959 eanonira

2302 990 2633 1045 auctoritate
2691 992 3023 1063 dictaverit,
3079 1011 3181 1053 nos
3232 999 3555 1054 auctoritate
3588 1002 3793 1070 apostolis:

2302 1079 2771 1139 confirmabimus.

2972 1196 3208 1257 LXXIX.

2305 1272 2549 1339 Urbanus
2596 1284 2661 1340 ΙΙ
2695 1290 3067 1344 cauohicorum
3107 1291 3290 1347 Sancti
3342 1280 3502 1345 Pauli
3536 1292 3793 1350 Narbonensis

2371 1357 2691 1424 propositum
2715 1362 2873 1413 vitam
2905 1362 3195 1430 regularem
3221 1363 3504 1431 proﬁtendi
3531 1366 3759 1432 conﬁrmet.

2890 1450 3087 1518 (Anno
3120 1451 3316 1520 1095.)

2304 1531 2325 1604 [
2349 1532 2524 1589 Gallia
2546 1535 2867 1611 Christiana.
2898 1548 3028 1611 tom.
3064 1541 3150 1606 Vl;
3180 1542 3364 1611 lustri,
3390 1559 3445 1611 Ρ.
3474 1542 3638 1611 ἳϐκοι
3663 1547 3793 1601 arcltii.

2694 1610 3021 1680 archiepisc.
3057 1611 3117 1666 S.
3139 1600 3292 1667 Pauli
3320 1600 3581 1686 Nat-bon]

2377 1710 2627 1773 Unnauus
2653 1719 2961 1791 cpiscopus,
2987 1737 3180 1779 servus
3211 1732 3496 1781 servorum
3524 1727 3629 1792 Dei,
3660 1728 3795 1783 dilectis

2233 1803 2274 1857 Β
2302 1808 2353 1863 in
2386 1808 2607 1865 Christo
2649 1812 2772 1868 filiis
2799 1812 3114 1870 ϐυιιιειιιο
3144 1816 3345 1879 abbati,
3392 1828 3446 1873 et
3481 1816 3590 1886 eius
3625 1819 3796 1874 fratribts

2304 1898 2358 1952 in
2390 1898 2621 1954 ecclesia
2668 1899 2818 1957 Beati
2848 1901 2999 1958 Pauli
3049 1919 3209 1962 secus
3238 1924 3429 1964 muros
3475 1908 3702 1966 Narbona
3723 1913 3793 1965 siti.

2308 1988 2469 2042 vitam
2511 1990 2813 2061 regularem
2860 1995 3144 2064 professis,
3173 2007 3227 2053 et
3252 2014 3447 2054 eorum
3493 2005 3797 2058 successorilrs

2306 2080 2359 2133 in
2390 2082 2652 2150 regularis
2684 2084 2806 2141 vita:
2837 2089 2885 2140 οἱ
2908 2093 3180 2146 servantia
3219 2096 3590 2163 permansuris
3613 2098 3654 2152 in
3677 2116 3794 2169 perte

2306 2180 2479 2226 tuum.

2376 2263 2488 2319 Pite
2520 2265 2812 2325 voluntatis
2861 2255 3086 2329 affectus
3119 2278 3489 2348 "prosetiuente
3528 2279 3663 2336 debet
3688 2281 3795 2336 studit

2307 2355 2607 2421 confoveri,
2644 2367 2702 2412 ut
2737 2361 3106 2420 ecclesiastica
3157 2367 3368 2423 utilitas
3401 2370 3679 2439 apostolica:
3712 2373 3795 2425 settle

2312 2442 2496 2500 favere
2540 2448 2685 2503 vires
2721 2453 2950 2522 accipiat
2974 2464 3030 2510 et
3063 2468 3363 2513 accrescat.
3392 2460 3712 2532 Omnipotenti
3741 2462 3795 2515 De

2304 2535 2474 2602 mino,
2503 2538 2657 2609 cuius
2685 2541 2869 2597 melior
2894 2556 2966 2598 est
2998 2548 3364 2604 misericordia
3409 2570 3562 2623 super
3586 2555 3704 2619 ritas,
3726 2570 3795 2623 gra~

2307 2628 2411 2682 tias
2439 2632 2673 2699 egimus,
2715 2634 2839 2702 quia
2873 2648 3185 2694 sanctorum
3240 2641 3472 2699 Patrum
3506 2646 3651 2700 vitam
3672 2646 3794 2715 prolv-

2305 2721 2467 2776 bilem
2499 2726 2765 2782 renovare
2808 2732 3190 2799 proposuistis,
3223 2744 3277 2789 et
3316 2739 3616 2807 apostolica
3638 2740 3793 2793 instituti

2305 2809 2564 2867 doctrinae
2612 2813 2925 2883 primordiis
2967 2820 3225 2877 Ecclesia:
3277 2834 3487 2881 sanetae
3528 2827 3720 2889 insolita,
3744 2827 3794 2880 sci

2304 2915 2584 2960 crescente
2628 2904 2740 2977 iam
2789 2914 2927 2980 pene
2974 2912 3187 2979 deleta,
3218 2908 3576 2974 'resuscitarc
3620 2919 3790 2973 instinctu

2308 3001 2482 3053 sancti
2525 3001 2762 3070 Spiritus
2807 3003 3123 3061 devovistis.
3162 3008 3287 3063 Dua‘:
3336 3010 3488 3065 enim
3526 3010 3589 3064 ab
3629 3010 3793 3065 Ecclesia

2306 3101 2507 3145 sanctae
2535 3092 2847 3161 primordiis
2869 3096 2993 3151 vitae
3020 3095 3135 3165 eius
3156 3109 3284 3153 sunt
3307 3099 3439 3156 ﬁliis
3468 3102 3715 3163 instituta;
3736 3113 3792 3153 ttat

2306 3195 2412 3248 qua
2444 3181 2783 3263 infirmorum
2827 3185 3079 3243 debilitas
3110 3191 3417 3257 retinetur;
3452 3194 3609 3249 altera
3634 3208 3712 3263 qua
3734 3192 3795 3244 lo:-

2309 3270 2504 3325 tiorutn
2550 3257 2723 3328 ‘virt'us
2773 3276 2929 3330 beata
2976 3279 3311 3353 perficitur;
3351 3298 3463 3337 una
3515 3283 3793 3338 remaneas'tn

2306 3350 2479 3431 Segor
2508 3365 2752 3433 parvula,
2777 3365 2945 3422 altera
2967 3370 3032 3424 ad
3064 3372 3261 3426 montis
3286 3372 3485 3429 altiora
3506 3372 3791 3431 consuadent

2308 3453 2537 3509 alteram
2568 3465 2815 3513 tenentes
2841 3459 3173 3528 inferiorem,
3204 3458 3363 3519 bonis
3393 3469 3614 3521 terrenis
3632 3474 3790 3520 utuntur.

2306 3543 2531 3599 alteram
2565 3558 2854 3618 sequentes
2882 3551 3244 3621 superiorem,
3294 3553 3345 3609 bl
3367 3571 3439 3610 na
3478 3566 3665 3612 terrena
3686 3554 3794 3621 despi-

2303 3638 2451 3693 ciunt
2475 3648 2530 3694 et
2546 3641 2871 3712 relinquunt.
2899 3644 3023 3703 "th
3038 3656 3240 3716 autem,
3261 3665 3385 3721 qua:
3404 3667 3437 3707 a
3461 3654 3667 3709 terrenis
3680 3652 3792 3706 tﬁrino

2304 3727 2491 3785 favore
2536 3732 2842 3800 di‘vertitur,
2894 3735 2946 3791 in
3000 3738 3139 3792 duas
3174 3755 3311 3804 pene
3346 3742 3588 3813 eiusdem
3619 3740 3791 3813 propositi

2302 3821 2606 3890 portiones,
2638 3826 3026 3882 canonieorum
3078 3828 3287 3885 scilicet
3333 3842 3391 3887 et
3440 3833 3789 3889 monachorum:

2303 3911 2420 3967 haec
2461 3915 2694 3970 secunda
2724 3932 2821 3987 per
2871 3918 3107 3973 divinam
3141 3922 3573 3979 misericordiam
3622 3923 3791 3993 frequen.

2304 4010 2415 4057 tata
2444 4005 2578 4060 satis
2604 4004 2717 4075 iam
2759 4009 2957 4064 saeculo
2985 4011 3240 4069 universo
3270 4014 3485 4082 elucet;
3523 4017 3672 4087 prima
3701 4026 3789 4067 vero;

2301 4088 2671 4150 deCalesccnte
2701 4095 2914 4153 fervore
2945 4099 3206 4167 fidelium,
3228 4101 3340 4171 iam
3374 4122 3512 4176 pene
3536 4106 3717 4162 omnino
3735 4103 3789 4153 dt-

2299 4178 2453 4236 fluxit
2485 4199 2499 4236 :
2535 4183 2677 4240 hanc
2721 4199 2933 4260 martyr
2972 4199 3028 4245 et
3066 4193 3305 4261 pontifex
3350 4195 3594 4252 Urbanus
3620 4191 3788 4251 instituit

2300 4272 2440 4329 hanc
2484 4274 2820 4347 Augusﬁnus
2862 4282 2976 4336 suis
3008 4284 3210 4355 regulis
3244 4287 3541 4353 ordinavit,
3586 4285 3789 4343 bancllie-

2298 4381 2555 4438 ronymus
2587 4370 2701 4426 suis
2722 4372 2964 4443 epistolis
2993 4376 3323 4433 informavit.
3357 4380 3549 4453 Itaque
3569 4395 3657 4435 non
3680 4378 3789 4433 mine

2299 4460 2375 4517 ris
2396 4477 2533 4529 pene
2561 4465 2934 4521 :rstimandutit
2964 4478 3047 4522 est
3073 4472 3250 4525 meriti
3274 4474 3441 4528 vitam
3468 4475 3599 4530 hanc
3617 4468 3789 4527 Eccle‘ir

2297 4552 2624 4621 primitivam
2654 4557 2929 4625 aspirante
2955 4570 3009 4615 et
3036 4576 3397 4634 prosequente
3436 4566 3630 4621 Domini
3653 4561 3787 4632 Spiril"

2297 4643 2583 4709 suscitare,
2616 4661 2777 4714 quam
2829 4647 3109 4707 florentem
3149 4658 3532 4713 monachorum
3564 4656 3785 4723 religionem

2296 4730 2540 4801 eiusdem
2575 4732 2809 4803 Spiritus
2855 4746 3256 4809 perseverantia
3288 4750 3572 4803 custodire.
3616 4744 3785 4801 Vcstntm

2297 4837 2425 4892 ergo
2455 4834 2664 4891 votum,
2707 4838 2947 4886 vestrum
2976 4837 3310 4906 propositum
3358 4842 3524 4905 nostri
3551 4836 3787 4893 anctoritaw

2297 4913 2456 4970 olIicii
2506 4918 2913 4984 confirmamus.
2959 4933 3013 4978 et
3047 4926 3230 4983 firmos
3264 4944 3359 4985 vos
3396 4933 3447 4985 in
3471 4948 3532 4986 eo
3580 4930 3785 5001 persiste!!!

2302 5006 2676 5077 adhortamur,
2736 5019 2790 5065 et
2834 5020 3090 5083 tanquam
3130 5017 3239 5072 Deo
3282 5020 3592 5075 exhortante
3632 5033 3707 5090 per
3724 5025 3784 5067 πω

2306 5095 2671 5155 obsecramus.
2727 5101 2976 5169 Quandiu
3044 5107 3209 5178 igitur
3265 5111 3318 5166 in
3373 5112 3527 5183 huius
3589 5104 3783 5179 religionis

2298 5190 2643 5246 observantia
2673 5207 2771 5250 vos
2805 5209 2871 5251 ac
2894 5198 3060 5253 vestri
3089 5203 3481 5270 permanserint
3503 5210 3779 5258 successores

2296 5294 2399 5336 nos
2436 5281 2735 5339 Ecclesium
2792 5296 3031 5343 vestram
3082 5290 3182 5347 sub
3218 5295 3518 5363 apostolica:
3565 5293 3685 5348 sedis
3717 5286 3780 5339 lui-

2297 5373 2445 5429 tioue
2485 5374 2773 5435 fovendam
2813 5380 3127 5453 recipimus,
3166 5369 3332 5443 salvis
3368 5397 3538 5444 tamen
3566 5377 3778 5458 privilﬁis

2294 5476 2350 5521 et
2367 5465 2491 5535 iure
2525 5471 2789 5527 canonico
2814 5471 3179 5533 Narbonensis
3212 5479 3484 5536 antistitis.
3509 5479 3627 5547 Quia
3644 5468 3776 5527 veroitl

2293 5561 2448 5617 vobis
2475 5562 2653 5617 adhuc
2680 5565 2899 5633 quidam
2924 5570 3165 5640 suntqui
3194 5586 3263 5627 ne
3280 5571 3405 5629 dum
3436 5588 3491 5629 se
3518 5572 3625 5626 huic
3644 5575 3775 5635 meO‘

2292 5653 2401 5709 sito
2430 5655 2782 5725 devoverant,
2817 5661 3105 5717 statuimus
3125 5670 3290 5734 atque
3314 5678 3583 5721 censemus
3609 5668 3673 5719 ut,
3708 5650 3773 5748 illi

2292 5748 2466 5803 autad
2491 5748 2793 5818 regularem
2819 5752 2982 5807 vitam
3011 5756 3410 5831 convcrsis,taut
3430 5758 3491 5811 dc
3510 5751 3672 5810 saeculo
3686 5760 3771 5798 ctut-

2229 3161 2274 3222 C

2225 4521 2273 4579 D
