3888 6322
650 347 754 402 563
1915 339 1974 392 Β.
2017 336 2242 394 URBAN

2317 340 2344 393 tl
2374 340 2571 396 rara;
3701 358 3760 415 5.,

654 460 770 531 ejus
797 458 1013 514 monitis
1043 455 1436 527 obsequamini,
1482 462 1540 510 ut
1566 463 1743 511 errata
1771 454 2058 525 'praeterita
2093 467 2208 508 cor-
2241 456 2286 509 Α
2312 458 2614 524 petentibus
2663 457 2917 513 fratribus
2967 459 3157 514 eadem
3208 472 3526 516 sacramenta
3574 470 3699 534 gratis
3733 484 3765 528 εί

654 556 906 626 rigentes,
940 551 1004 606 ad
1045 549 1451 606 DominiCorum
1489 555 1878 618 praeceptorum
1923 547 2217 602 obscrvan-
2322 550 2438 603 sine
2484 550 2660 620 aliqua
2711 550 2974 620 pravitate
3009 551 3318 607 exhibeant.
3367 553 3562 624 Insuper
3586 567 3713 614 autem
3730 562 3763 615 li.
3832 547 3833 624 1

647 645 782 700 tiam
813 639 1223 700 convertamini.
1245 638 1486 694 Clericos
1520 653 1656 709 quos
1684 647 1873 696 contra
1910 646 2222 693 sanctorum
2301 639 2469 694 'Petri
2494 640 2862 709 apostolorum
2896 641 3156 711 principis
3183 644 3492 698 auctoritate
3515 648 3719 704 sancimus
3734 665 3766 707 ut
3832 661 3833 708 1

653 751 918 792 canonum
998 731 1340 804 disciplinam
1410 731 1730 786 mulieribus
1779 729 2042 799 cepulari,
2095 744 2223 782 con-
2324 745 2512 786 omnes
2540 731 2907 802 cujuscunque
2945 733 3270 788 conditionis
3301 734 3527 790 homines
3562 736 3770 796 clericoset

655 836 855 898 tempto
896 824 1180 882 catholicae
1206 821 1465 877 Ecclesiae
1499 835 1620 885 usu,
1649 820 1976 890 accepimus,
2011 827 2228 889 aposto-
2322 819 2513 889 laicos,
2548 822 2639 892 qui
2685 822 2739 876 in
2784 830 2960 877 morte
3001 822 3087 878 vel
3118 823 3228 877 vita
3257 823 3325 878 ad
3365 825 3677 894 praescriptum
3705 845 3770 882 me

657 917 757 972 lica
791 915 1114 971 auctoritate
1159 911 1500 983 praecipimus
1529 920 1588 965 ut
1627 911 1695 965 ab
1724 909 2030 986 hujusmodi
2075 907 2224 962 aliis-

651 1021 760 1077 que
787 1007 982 1076 quibus
1023 1003 1372 1066 involvuntur
1414 1000 1637 1072 ﬂagitiis
1688 1000 1908 1056 omnino
1945 999 2226 1061 desistant,

656 1109 712 1154 et
739 1099 1031 1155 secundum
1066 1094 1324 1150 antistitis
1368 1094 1449 1150 sui
1473 1094 1732 1165 judicium
1766 1093 1960 1149 divinae
1989 1107 2045 1147 se
2075 1106 2228 1146 man-

656 1193 841 1262 eipent
885 1188 1151 1246 servituti.
1210 1184 1266 1242 Si
1297 1201 1445 1251 vero,
1479 1186 1621 1254 quod
1667 1185 1835 1250 absit,
1871 1193 2056 1239 nostra
2096 1197 2232 1254 pra:-

659 1281 909 1353 ceptione
939 1287 1276 1350 contempta,
1314 1285 1495 1331 vestro
1531 1273 1758 1330 antistiti
1801 1273 1868 1326 ad
1912 1271 2099 1326 salutis
2137 1285 2232 1326 ve-

663 1383 789 1428 strae
800 1372 1065 1442 jacturam
1078 1371 1425 1443 pertinaciter
1444 1368 1699 1424 resistere
1721 1366 1946 1421 ulterius
1975 1380 2232 1434 praesum-

665 1464 882 1532 pseritis
911 1505 924 1530 ,
975 1479 1355 1534 quamcunque
1402 1462 1456 1516 in
1508 1475 1604 1516 vos
1654 1459 1979 1528 sententiam
2014 1457 2233 1529 .justitia

666 1554 902 1607 dictante
932 1551 1234 1622 protulerit,
1262 1566 1360 1607 nos
1389 1548 1730 1604 auctoritatis
1759 1557 1956 1602 nostra:
1999 1546 2236 1616 pondere

667 1643 1068 1697 confirmamus.

740 1733 869 1787 Data
902 1749 966 1786 xv
999 1731 1114 1787 Kal.
1148 1731 1392 1802 Augusti.

1257 1867 1261 1871 ’
1303 1860 1582 1918 LXXXIII.

670 1956 906 2025 Epistola
944 1955 1146 2025 urbani
1190 1969 1339 2025 paper
1363 2024 1368 2025 ί
1390 1951 1448 2006 II
1469 1952 1578 2025 _ad_
1611 1966 1785 2025 omnes
1829 1949 2030 2018 ﬁdeles.
2056 1979 2123 2025 ττ-
2157 1947 2237 2003 De

735 2026 948 2080 ecclesia
981 2019 1198 2079 Sancta!
1232 2019 1419 2077 Maria:
1455 2021 1755 2076 Casinensis
1782 2019 2095 2088 monasterii
2126 2037 2156 2073 a
2183 2035 2238 2073 se

740 2105 1060 2158 ransecrata,
1093 2103 1139 2147 et
1166 2092 1436 2163 privilegio
1461 2092 1685 2145 munita.

1259 2183 1436 2254 (Anno
1469 2182 1649 2255 .1095.)

1061 2276 1273 2348 [MANSI,
1307 2273 1509 2330 Concil.
1550 2275 1670 2340 XX,
1705 2273 1854 2345 643.]

745 2370 991 2427 Unam-ws
1011 2369 1327 2439 cpiscqius,
1363 2382 1552 2421 servus
1579 2379 1858 2421 servorum
1884 2364 1996 2428 Dei,
2025 2363 2240 2418 univer-

674 2464 817 2518 sitati
847 2462 1046 2518 Christi
1075 2459 1309 2515 tidelium
1351 2465 1536 2512 notum
1568 2458 1621 2512 in
1654 2465 1990 2527 perpetuum.

728 2552 946 2607 'Divinae
977 2548 1340 2605 miserationis
1367 2547 1586 2613 intuitu,
1630 2545 1786 2614 cujus
1833 2559 2081 2607 munere,
2114 2543 2242 2598 licet

673 2645 951 2710 immeriti,
983 2643 1262 2699 catholicae
1305 2640 1560 2696 Ecclesiae
1597 2638 1967 2705 praesidemus,
2017 2645 2071 2692 et
2117 2636 2238 2690 uui-

673 2754 842 2795 vcrsae
910 2735 1145 2792 ﬁdelium
1211 2741 1508 2806 potestates
1575 2730 1915 2796 consistunt,
1983 2727 2242 2784 condecet

674 2828 980 2901 apostolicae
1016 2825 1160 2881 sedis
1206 2824 1346 2895 piam
1398 2821 1810 2879 sollicitudinem
1850 2830 1904 2875 et
1954 2819 2241 2890 benignam

673 2919 981 2990 principum
1021 2914 1476 2988 magniﬁcentiam
1505 2913 1858 2970 ecclesiarum
1889 2911 2121 2968 debitam
2148 2927 2242 2967 cu—

675 3027 791 3065 ram
840 3025 1052 3079 gerere,
1101 3017 1157 3064 et
1207 3020 1307 3080 pro
1360 3021 1544 3060 earum
1594 3001 1727 3076 'pace
1778 3014 1831 3059 et
1887 3005 2069 3074 quiete
2121 3018 2242 3057 cum

2327 914 2643 978 nasterium,
2672 923 2726 968 et
2761 913 3020 969 ecclesias
3049 913 3184 983 ejus,
3214 925 3269 970 et
3295 915 3409 972 loca
3438 932 3545 971 cum
3573 919 3690 974 rebus
3708 925 3771 976 suis

2330 1005 2583 1073 transire,
2611 1015 2704 1060 aut
2728 1006 2777 1060 in
2812 1007 2925 1060 suis
2951 1006 3197 1062 domibus
3228 1019 3594 1063 commorantes
3615 1012 3773 1078 qualibet

2332 1097 2469 1153 bona
2503 1098 2817 1168 temporalia
2845 1111 2944 1152 sua
2970 1099 3430 1170 cleemosynarum
3458 1099 3685 1169 largitione
3703 1118 3773 1156 coc-

2333 1187 2474 1244 ferrc
2528 1189 2818 1254 voluerint,
2875 1188 3081 1244 nullius
3128 1189 3482 1243 contradictio
3530 1188 3775 1254 inhibeatn

2336 1281 2527 1335 iisdem
2565 1293 2902 1350 quaecunque
2948 1278 3298 1342 contulerint,
3351 1277 3617 1348 patrocinio
3651 1291 3774 1346 aptat-:-

2335 1371 2450 1427 lica:
2479 1371 2622 1427 sedis
2665 1369 2827 1425 iidem
2870 1368 3071 1424 fratres
3102 1369 3287 1438 quiete
3311 1376 3366 1422 et
3389 1367 3664 1437 generaliter
3681 1367 3773 1420 litin:
3832 1367 3833 1438 ξ

2334 1471 2592 1532 perpetuo
2619 1460 2988 1531 possidebunt.
3832 1463 3833 1532 γ

2408 1553 2758 1609 Decernimus
2780 1545 2943 1606 etiam
2971 1560 3030 1606 ut
3051 1550 3180 1606 nulli
3211 1551 3427 1606 omnino
3454 1549 3680 1604 hominum
3704 1565 3776 1617 pra-

2340 1643 2504 1699 fatum
2560 1641 2948 1698 monasterium
3006 1649 3207 1695 temere
3246 1639 3575 1710 perturbare,
3617 1647 3682 1691 ant
3716 1638 3776 1704 ejte

2340 1735 2708 1806 possessiones
2733 1733 2964 1797 auferre,
2998 1733 3262 1798 minuere,
3307 1733 3387 1787 vel
3412 1731 3594 1788 ablatas
3618 1732 3776 1784 retinere.

2267 1797 2315 1857 Β
2343 1797 2434 1882 seu
2486 1823 2814 1896 quibuslibet
2870 1797 3254 1880 vexationibus
3301 1822 3517 1892 fatigare
3558 1818 3682 1892 [deest
3710 1820 3777 1887 {ent

2342 1914 2620 1988 audeant],
2649 1914 2798 1971 omni
2830 1913 2987 1970 titulo
3029 1928 3194 1985 super
3219 1927 3283 1968 ea
3332 1927 3387 1966 re
3418 1908 3706 1979 quarumlibet
3731 1923 3776 1972 op-

2341 2009 2669 2080 positionqu
2708 2021 2922 2075 semper
2957 2005 3201 2060 excluso.
3243 2003 3566 2072 Indulgemus
3590 2010 3716 2053 autem
3741 2013 3779 2048 θα

2345 2104 2457 2158 Ιιως
2511 2099 2693 2157 omnia
2739 2097 3044 2170 apostolica:
3092 2097 3237 2152 sedis
3288 2107 3501 2165 paterna
3547 2093 3708 2163 pietate,
3737 2091 3778 2140 Ill-

2343 2197 2488 2251 ducti
2518 2205 2571 2251 et
2599 2192 2931 2250 confratrum
2969 2200 3278 2248 nostrorum
3309 2191 3531 2245 discreto
3554 2185 3731 2248 consilio,
3755 2193 3779 2231 rt

2345 2287 2724 2358 praedictorum
2750 2285 2990 2340 virorum
3034 2284 3295 2340 nobilium
3342 2292 3546 2338 strenuo
3573 2280 3780 2335 inlcn'enia,

2343 2385 2400 2432 et
2440 2377 2565 2446 quia
2591 2373 2982 2432 monasterium
3022 2373 3198 2443 ipsum
3248 2381 3377 2442 post
3415 2370 3651 2424 introitum
3673 2363 3781 2418 Nunt-

2345 2483 2667 2524 mannorum
2733 2482 2856 2522 cum
2917 2465 3215 2520 intrinseca
3266 2463 3351 2518 sui
3396 2459 3780 2532 exspoliatione,ct

2344 2560 2588 2616 locorum
2621 2573 2844 2614 suorum
2875 2556 3175 2612 miserabili
3208 2554 3600 2627 depopulatione
3629 2565 3711 2603 cum
3740 2562 3782 2598 5:-

2344 2651 2584 2724 crilegiis
2631 2649 3079 2719 usurpationibus
3123 2648 3496 2718 episcoporum
3525 2645 3727 2698 innumera
3745 2637 3782 2686 lt:-

2345 2748 2521 2820 gcnda
2566 2746 2895 2802 detrimenta
2916 2752 2970 2798 et
2995 2741 3213 2814 indigna
3240 2739 3515 2802 sustinuit,
3543 2749 3639 2806 qua:
3666 2729 3782 2820 brevia-

2347 2819 2443 2894 tim
2488 2837 2543 2891 in
2591 2834 2878 2906 privilegio
2921 2833 3138 2889 comitis
3175 2831 3354 2886 Amici
3402 2819 3782 2885 nottuttur.'lalilws

2347 2945 2477 2999 ergo
2524 2927 2828 2983 rationibus
2873 2925 3077 2995 apertis
3123 2932 3396 2978 commota
3443 2921 3617 2974 viscera
3658 2909 3783 2982 pietatis

2350 3021 2660 3092 apostolicae
2707 3018 2890 3083 sedis,
2949 3015 3345 3071 monasterium
3402 3011 3530 3066 idem
3573 3020 3666 3062 cum
3700 3001 3782 3054 rete

665 3103 822 3158 omni
865 3101 1138 3170 diligentia
1174 3097 1598 3154 misericorditer
1625 3096 1928 3150 insudare:
1977 3102 2243 3164 quatenus
2274 3143 2318 3206 C
2351 3089 2603 3167 omnibus
2653 3110 2766 3165 suis
2813 3107 3012 3162 habilis
3057 3115 3113 3161 el
3159 3103 3444 3168 habendis,
3487 3089 3782 3166 tanquamw

676 3193 728 3246 id
785 3191 967 3246 divina
1019 3196 1277 3259 operante
1331 3186 1655 3248 clementia,
1718 3185 1917 3254 quique
1974 3183 2094 3253 jura
2151 3200 2246 3240 sua

674 3299 830 3353 aequo
879 3281 1249 3337 moderamine
1295 3277 1672 3348 possidentes,
1720 3275 1930 3345 praelati
1987 3273 2146 3328 simul
2197 3282 2250 3330 et

673 3371 877 3428 subditi
903 3411 920 3438 ,
950 3371 1155 3441 pariter
1189 3367 1455 3438 attingere
1483 3366 1698 3421 valeant
1727 3365 1793 3419 ad
1821 3363 2086 3434 promissa
2119 3361 2251 3418 fide-

665 3466 813 3522 libus
861 3464 1057 3536 gaudia
1115 3459 1466 3532 sempiterna.
1532 3457 1642 3514 Nos
1707 3457 1890 3527 itaque
1945 3455 1996 3510 in
2051 3453 2249 3510 Casino

609 3575 611 3578 ‘
668 3572 857 3616 monte
909 3560 1142 3615 filiorum
1187 3565 1497 3613 nostrorum
1549 3554 1765 3626 Rogerii
1815 3553 1988 3624 (Ιιιίιὶξτμ⁴
2014 3561 2070 3609 et
2107 3552 2248 3608 Boa-

677 3653 859 3707 mundi
910 3651 1093 3706 fratris
1142 3650 1290 3721 ejus,
1339 3657 1394 3705 et
1450 3647 1678 3704 Ursonis
1725 3647 1970 3709 abbatis,
2026 3658 2248 3715 precum

678 3745 930 3799 instantia
972 3743 1203 3813 fatigati,
1247 3758 1369 3796 cum
1403 3741 1746 3797 multitudine
1785 3741 2122 3797 eonfratrum
2153 3754 2251 3794 no-

678 3847 911 3890 strorum
951 3834 1326 3904 episcoporum
1371 3833 1438 3887 ad
1487 3832 1915 3888 consecrandum
1961 3830 2248 3890 Bantinum

680 3929 1063 3984 monasterium
1107 3926 1161 3981 in
1191 3927 1393 3982 honore
1423 3925 1518 3981 Dei
1549 3924 1854 3981 Genetricis
1879 3931 2250 3981 constructum

680 4021 866 4076 eadem
895 4019 1187 4074 auxiliante
1218 4017 1564 4089 pervenimus
1588 4035 1603 4084 ;
1646 4031 1878 4086 eumque
1900 4014 2252 4084 opitulatione

683 4112 892 4168 Domini
937 4109 1438 4167 consecrationibus
1482 4109 1600 4180 ejus
1639 4109 1842 4164 nostris
1889 4107 2098 4164 devotis
2134 4123 2250 4162 ma-

681 4205 836 4259 nibus
885 4191 983 4258 rite
1026 4201 1282 4272 peractis,
1308 4203 1628 4256 eorumdem
1670 4201 1909 4256 virorum
1959 4199 2249 4255 illustrium

678 4306 732 4352 et
779 4303 1013 4352 suorum
1045 4293 1299 4368 comitum
1347 4301 1400 4348 et
1446 4294 1706 4348 baronum
1766 4291 2250 4348 interventionibus

677 4388 803 4458 piis,
835 4389 902 4442 ad
932 4399 1195 4442 summam
1246 4385 1486 4457 ejusdem
1535 4385 1864 4452 libertatem,
1899 4385 2246 4440 securitatem

2351 3200 2496 3255 Petri
2532 3197 2965 3268 possessionem,
2999 3191 3154 3263 cujus
3180 3202 3264 3248 est
3308 3200 3363 3247 et
3394 3190 3480 3260 jus
3512 3196 3560 3243 et
3582 3181 3773 3255 propriae

2347 3308 2376 3346 a
2409 3267 2624 3361 juribus
2652 3288 2942 3352 universis,
2982 3280 3146 3356 atque
3175 3285 3414 3340 servitiis
3441 3277 3671 3350 cujuslibet
3685 3267 3781 3361 dish}

2351 3359 2476 3439 tatis
2523 3381 2609 3438 vel
2661 3380 2870 3436 ordinis
2918 3378 3162 3434 omnium
3209 3376 3510 3438 hominum,
3555 3359 3781 3423 anathemati

2348 3476 2525 3548 ειειάίο
2552 3474 2711 3544 digne
2757 3471 3086 3529 subtrahunt
3127 3478 3182 3525 et
3213 3468 3522 3525 defendunt.
3548 3462 3616 3516 Ad
3633 3453 3781 3547 iudicium

2349 3545 2528 3622 autem
2561 3573 2829 3636 perceptae
2855 3562 3012 3633 hujus
3041 3579 3073 3617 a
3119 3561 3366 3618 Romana
3399 3554 3606 3615 Ecclesia
3631 3545 3782 3604 libertati?

2348 3675 2447 3729 per
2493 3672 2666 3712 annos
2711 3655 2954 3729 singulos
2997 3655 3114 3710 auri
3161 3653 3380 3709 unciam
3428 3649 3565 3706 nobis
3601 3639 3781 3702 nostris!“

2350 3750 2752 3808 successoribus
2819 3747 3061 3819 ejusdem
3135 3744 3452 3803 monasterii
3509 3740 3681 3795 abbales
3719 3740 3781 3797 Μ’

2351 3844 2579 3900 solvent.

2422 3937 2477 3990 Si
2511 3949 2616 4004 (Illa
2641 3933 2807 4004 igitur
2829 3933 2882 3987 in
2911 3932 3152 3988 futurum
3181 3927 3538 3987 ecclesiastica
3567 3910 3782 4004 saecularis“

2350 4039 2582 4096 persona
2610 4022 2752 4076 hanc
2779 4032 2982 4078 nostra:
3009 4020 3420 4078 constitutionis
3442 4014 3649 4086 paginam
3667 4000 3783 4096 scient»

2350 4129 2541 4176 contra
2604 4134 2725 4175 eam
2785 4126 2991 4171 temere
3033 4114 3235 4168 'venire
3301 4105 3593 4167 tentaverit,
3649 4086 3782 4182 W‘

2355 4211 2587 4267 tertiove
2614 4207 2943 4265 commonita
2965 4246 2982 4272 ,
3008 4204 3112 4259 nisi
3143 4213 3357 4258 reatum
3396 4212 3538 4256 suum
3565 4191 3682 4280 diti“?

2355 4301 2591 4357 factione
2613 4297 2945 4362 correxerit,
2976 4296 3262 4367 potestatis
3302 4291 3604 4358 honorisque
3619 4279 3678 4336 sui
3694 4275 3776 4367 digiti

2355 4405 2464 4452 tate
2503 4405 2712 4461 careat,
2758 4405 3014 4460 reamque
3052 4405 3112 4445 se
3151 4390 3337 4447 divino
3369 4384 3557 4458 judicio
3579 4359 3784 4431 existereth

678 4490 732 4534 et
777 4495 985 4549 pacem,
1022 4495 1051 4534 a
1099 4480 1428 4535 monasterio
1471 4479 1610 4549 ipso,
1654 4488 1705 4533 et
1732 4477 1976 4533 ecclesiis
2026 4477 2162 4547 ejus,
2195 4485 2243 4530 et

2317 4499 2670 4560 tperpetrata
2712 4489 3000 4559 iniquitate
3041 4497 3354 4559 cognoscat,
3396 4495 3448 4541 et
3488 4499 3514 4537 a
3545 4463 3786 4559 sacratissiﬂf“

681 4573 841 4629 rebus
887 4587 950 4627 ac
1001 4571 1132 4626 locis
1175 4571 1424 4626 omnibus
1466 4569 1578 4626 suis
1621 4569 1817 4624 habitis
1862 4578 1916 4625 et
1963 4567 2243 4632 habendis,

677 4665 859 4718 omnia
881 4660 1204 4734 episcopalia
1230 4661 1350 4732 jura
1375 4669 1430 4717 et
1460 4660 1702 4732 publicas
1726 4676 1914 4716 omnes
1939 4659 2248 4715 exactiones

581 4789 590 4798 ο
680 4756 974 4828 apostolica
1027 4754 1348 4811 auctoritate
1398 4751 1637 4824 gener-ai
1687 4763 1942 4824 perpetua
1991 4753 2250 4808 constitu-

681 4851 826 4903 tione
874 4846 1227 4903 exclusimus.
1276 4844 1528 4898 Attamen
1578 4859 1606 4896 a
1660 4845 1772 4897 sola
1825 4852 2036 4897 tantum
2080 4843 2253 4898 Ache-

681 4939 895 4993 rontina
952 4936 1185 4994 ecclesia
1247 4933 1461 4990 Sanctae
1517 4933 1818 4987 Anastasiae
1874 4934 2011 4987 intra
2069 4949 2251 4988 muros

681 5029 918 5084 civitatis
952 5035 1264 5084 constructa
1313 5024 1686 5080 Acherontino
1721 5023 2128 5092 archiepisc0po
2157 5039 2254 5077 an-

680 5120 766 5175 nis
795 5119 1018 5190 singulis
1059 5133 1226 5176 unam
1270 5116 1388 5172 auri
1436 5116 1651 5171 unciam
1701 5114 1976 5184 suscipere
2016 5114 2252 5185 indulge-

684 5227 823 5266 mus.
877 5212 1001 5270 Haac
1047 5217 1250 5273 interea
1312 5212 1763 5286 irrefragabiliter
1810 5220 2144 5278 statuentes,
2198 5221 2256 5266 ut

603 5303 606 5306 ’
682 5300 948 5367 chrisma,
998 5305 1175 5360 oleum
1225 5313 1497 5368 sanctum,
1537 5303 1976 5360 consecrationes
2001 5299 2288 5357 altarium~

682 5408 778 5450 seu
823 5393 1208 5464 basilicarum,
1255 5397 1624 5453 ordinationes
1672 5393 1960 5450 cleriorum
2009 5407 2251 5458 suorum,
2298 5415 2300 5418 ·

681 5495 735 5541 et
801 5495 994 5541 caetera
1056 5489 1354 5558 spiritualia
1418 5495 1756 5545 sacramenta
1785 5527 1800 5552 ,
1861 5485 1931 5540 ab
1988 5486 2254 5557 episcOpis

683 5576 1010 5633 dimcesanis
1039 5619 1054 5641 ,
1107 5578 1191 5634 vel
1250 5580 1660 5649 quibuscunque
1708 5576 1992 5632 catholicis
2037 5575 2252 5632 Bantini

684 5666 996 5722 monasterii
1039 5666 1235 5722 fratres
1276 5668 1577 5737 accipiant,
1609 5667 1702 5737 qui
1744 5667 1998 5721 mandato
2033 5677 2252 5736 aposto-

684 5759 797 5814 lica:
826 5759 968 5814 sedis
999 5767 1050 5814 et
1094 5759 1419 5815 auctoritate
1457 5758 1654 5813 suﬂ'ulli
1699 5757 1930 5822 faveant,
1961 5767 2015 5812 et
2040 5757 2242 5812 eisdem

2353 4596 2585 4652 corpore
2637 4597 2702 4636 ac
2751 4581 3014 4650 sanguine
3068 4570 3162 4635 Dei
3211 4589 3267 4634 et
3317 4575 3517 4635 Domini
3557 4550 3786 4628 redemplm‘

2355 4677 2528 4729 nostri
2579 4673 2705 4729 Jesu
2756 4672 2961 4728 Christi
3003 4672 3176 4726 aliena
3227 4671 3348 4738 fiat;
3396 4662 3614 4738 atquein
3643 4656 3778 4709 δίκην

2354 4769 2606 4824 examine
2658 4766 2859 4821 divina:
2908 4764 3096 4820 ultioni
3145 4765 3441 4836 subjaceat.
3481 4750 3658 4813 Cunctis
3687 4747 3785 4827 ault't'f

2354 4860 2530 4915 eidem
2580 4874 2677 4913 sua
2721 4857 2843 4926 jura
2889 4857 3231 4911 servantibus
3273 4857 3345 4910 sit
3385 4868 3482 4924 pax
3516 4836 3787 4926 DoniinittttSIf'

2356 4952 2482 5007 Jesu
2515 4951 2737 5014 Christi,
2766 4959 3035 5018 quatenus
3059 4959 3114 5005 et
3136 4949 3223 5004 hic
3256 4948 3481 5002 fructum
3509 4942 3633 4995 bona!
3653 4922 3785 5012 39"wa

2355 5045 2678 5116 Ρθνθίρίθηῑ.
2743 5017 2799 5102 et
2857 5045 2998 5116 apud
3055 5042 3357 5096 districtum
3415 5033 3618 5104 jttdit‘t‘m
3660 5017 3786 5086 mm"

2356 5147 2572 5195 interna:
2599 5141 2748 5211 pacis
2776 5139 3075 5194 inveniant.
3104 5136 3297 5196 Amen,
3327 5145 3494 5186 amen.

2453 5252 2819 5322 Sequebantur
2879 5250 2984 5322 isto
3051 5233 3443 5322 subscriptiones
3503 5210 3785 5322 αιίιξξηξίφῗὲί

2359 5293 2898 5391 Porrol‘ponliﬁcium
2942 5320 3180 5391 signum,
3212 5293 3271 5391 iii
3298 5329 3396 5391 quo
3425 5293 3773 5391 αηοετῗίῆνξᾶξῗ

2359 5359 2382 5376 ι
2410 5359 2529 5405 γηυ
2571 5359 2898 5391 νυ,...,.ν......
2928 5359 3180 5400 ..ηυητηη
3298 5359 3392 5385 .,_-
3427 5359 3503 5375 er,
3697 5359 3784 5399 qm.

2357 5409 2531 5456 mina,
2567 5401 2614 5445 et
2655 5408 2686 5445 a
2731 5399 2874 5459 tergo
2923 5403 3176 5459 imagines
3220 5385 3423 5459 plumbo
3462 5362 3782 5459 [υξςιῗέῆξξξξπί

2357 5480 2474 5516 cum
2513 5432 2770 5531 ejusmodi
2800 5430 2854 5512 ἱῗι
2898 5430 3100 5531 exuuio
3124 5430 3780 5531 circ'itlojnscr'iplt'g'li

2357 5489 2474 5516 cum
2513 5489 2769 5534 Ejualﬂufo‘l
2801 5489 2854 5512 ιιι
2898 5489 3090 5512 (λι-μων
3124 5489 3319 5510 ιυιιιιυ
3346 5489 3575 5542 lucu-Ir":
3603 5489 3780 5558 ’τω-κῇ

2355 5532 2695 5658 ἓξὲῗέἐῗτυε
2745 5530 2886 5586 DEUS
2940 5545 3006 5584 ΕΤ
3073 5527 3256 5583 PATER
3310 5524 3485 5578 Deum
3538 5523 3612 5565 ao:

2399 5618 2600 5658 HBISTI.
