3888 6322
47 317 143 374 565

671 438 954 494 LXXXIV.

50 562 274 618 Urbanus
304 557 362 610 11
398 555 575 611 statuit
606 565 662 608 ut
691 556 780 625 qui
807 553 986 607 diebus
1033 553 1196 625 certis
1229 552 1601 625 monasterium

94 630 165 684 ος.
205 628 390 683 Maria:
418 626 669 688 adierint.
693 621 1022 694 peccatorum
1055 623 1378 676 absolutione
1421 621 1604 690 fruan—

121 714 216 753 ΗΠ.

633 805 808 876 (Anno
834 805 1015 875 i093.)

335 897 617 971 [UGHELLI,
650 897 813 952 Italia
841 914 1019 962 sacra,
1047 896 1157 961 VII,
1187 895 1303 967 ‘27.]

117 1012 354 1066 [lucanus
381 1010 688 1079 episcopus,
713 1021 902 1062 servus
928 1014 1205 1062 servarum
1240 1003 1352 1064 Dei.
1386 1005 1451 1056 ad
1491 1018 1612 1073 per-

52 1116 245 1175 petuam
272 1103 350 1158 rei
374 1101 716 1166 memoriam,
745 1100 812 1154 ad
834 1100 1092 1155 honorem
1128 1110 1349 1152 summae
1377 1105 1429 1151 et.
1475 1096 1613 1147 indi-

53 1197 205 1249 viduae.
238 1179 730 1262 sanctisssimaeque
767 1187 1066 1243 Trinitatis.

114 1281 382 1352 Perpetuis
415 1278 746 1350 temporibus
784 1278 1055 1333 duraturae
1099 1276 1227 1344 ipsa:
1258 1273 1517 1328 stationes
1562 1283 1615 1328 et

60 1372 376 1444 indulgentia:
407 1385 504 1440 per
530 1370 804 1426 Urbanum
833 1383 1022 1438 papam
1048 1366 1340 1422 secundum
1370 1364 1618 1435 religioso

56 1477 101 1520 et
135 1463 418 1519 venerabili
463 1461 793 1517 monasterio
833 1461 1046 1515 Sanctae
1085 1457 1266 1511 Maria:
1305 1459 1372 1512 de
1421 1445 1616 1522 Pauso,

61 1557 326 1627 vulgariler
368 1565 684 1625 nuncupato
734 1555 1089 1616 Deventuum,
1141 1549 1293 1618 cujus
1335 1549 1618 1604 ecclesiam

60 1649 180 1700 idem
205 1661 446 1702 summus
471 1643 712 1716 pontifex
739 1644 987 1697 manibus
1007 1640 1238 1712 propriis
1259 1640 1618 1703 consecravit,

1196 297 1548 360 EPISTOLIE
1589 297 1676 354 ΕΤ
1716 297 2125 354 PRIVILEGIA.

1630 416 1681 472 A

3172 301 3274 359 566

2367 432 2620 486 LXXXV.

1707 543 1909 600 Urbani
1937 543 1996 596 II
2042 543 2256 614 epistola
2284 544 2352 596 ad
2381 543 2713 614 Raynoldum
2742 545 3038 600 Remensem
3081 550 3279 604 arclne‘

1776 616 2062 683 piscopum.
2083 644 2151 685 —_
2175 613 2337 666 Illum
2361 613 2617 682 vituperat
2638 619 2776 685 quod
2800 618 3018 670 electum
3061 621 3279 674 Atreba—

1779 697 1972 739 tensem
1997 683 2228 737 nondum
2253 686 2647 738 consecraverit.

2289 798 2464 864 (Anno
2495 797 2676 867 1095.)

2112 886 2324 958 ίΜΑΝει,
2357 887 2558 942 Concil.
2602 889 2716 956 XX,
2749 892 2896 964 671.]

1785 1003 2033 1058 Unnnncs
2061 1003 2378 1073 episcopus,
2432 1018 2622 1058 servus
2659 1019 2938 1062 servorum
2980 1009 3104 1075 Dei,
3139 1027 3288 1066 reve-

1718 1095 2034 1149 rendissimo
2079 1095 2341 1149 confratri
2399 1103 2454 1151 et
2496 1097 2814 1167 coepiscopo
2857 1099 3148 1159 Runacoo
3186 1105 3291 1159 Re-

1717 1183 1908 1250 mensi,
1940 1183 2166 1239 salutem
2207 1193 2260 1240 et
2283 1185 2632 1254 apostolicam
2665 1188 3112 1246 benedictionem.

1788 1273 1940 1340 Quod
1968 1274 2034 1328 de
2065 1274 2412 1330 Atrebatensi
2451 1276 2692 1332 Ecclesia
2729 1281 3128 1351 constituimus,
3169 1297 3290 1338 cum

1720 1378 1816 1433 pro
1869 1364 2190 1440 animarum
2210 1367 2384 1422 salute
2436 1369 2750 1437 multiplici,
2801 1379 2915 1425 tum
2971 1387 3068 1442 pro
3099 1383 3293 1428 vestra:

1721 1455 2033 1525 metropolis
2063 1459 2540 1529 redintegratione,
2577 1471 2688 1514 tum
2736 1462 2899 1516 etiam
2939 1472 3039 1534 pro
3075 1464 3297 1535 justitim

1720 1546 2053 1600 exhibitione
2081 1549 2424 1616 perfecimus.
2455 1550 2564 1603 Etsi
2591 1551 2736 1604 enim
2764 1551 2816 1605 in
2865 1559 3108 1622 tempore
3133 1554 3299 1609 frater

1690 1636 1897 1694 .fratri.
1928 1651 2084 1691 soror
2127 1639 2299 1692 sorori
2343 1639 2426 1692 vel
2451 1641 2606 1695 annis
2649 1641 2842 1707 minor,
2872 1642 2956 1696 vel
2982 1641 3299 1702 inﬁrmitate

62 1741 133 1793 die
174 1754 307 1794 nono
346 1737 621 1792 Kalendas
670 1734 1027 1806 Septembris,
1071 1745 1344 1788 concessae
1376 1741 1619 1786 contem-
1651 1760 1696 1819 Β
1723 1728 1986 1783 defectior
2011 1731 2413 1798 committatur,
2445 1747 2552 1785 non
2602 1741 2778 1788 tamen
2826 1734 3029 1791 idcirco
3079 1751 3201 1791 cum
3233 1745 3300 1791 att

62 1833 272 1900 platione
298 1829 584 1900 cujusdam
612 1828 984 1900 prmrogativa:
1015 1825 1311 1898 spiritualis
1360 1826 1647 1881 sanctita--

66 1935 137 1986 ns,
164 1939 314 1993 quam
345 1931 612 1992 expertus
651 1920 754 1974 fuit
784 1921 836 1974 in
871 1919 1058 1974 eodem
1089 1917 1359 1983 ccenobio,
1390 1916 1498 1970 imo
1527 1929 1622 1985 po-

65 2004 155 2070 tius
182 2025 390 2087 propter
417 2013 722 2085 perfectam
759 2012 1034 2082 religionis
1071 2009 1470 2067 observantiam
1497 2008 1624 2063 dum
1665 2004 1667 2007 ’

67 2116 192 2160 rssel
232 2107 280 2160 in
329 2105 524 2161 eodem
578 2103 828 2159 coenobio
885 2102 938 2156 in
991 2099 1292 2155 minoribus
1342 2097 1625 2154 ordinibus

71 2200 374 2266 umsliltlltts,
405 2197 667 2254 videlicet
694 2197 839 2268 quod
873 2210 1063 2252 omnes
1093 2194 1280 2250 ﬁdeles
1325 2207 1487 2249 causa
1527 2193 1626 2249 de-

75 2289 275 2343 votionis
321 2290 530 2344 dictum
583 2286 974 2342 monasterium
1032 2283 1314 2340 visitantes
1369 2281 1625 2352 praedicta

71 2383 145 2436 uie
171 2380 332 2435 Nonas
355 2379 636 2435 Kalendas
666 2377 1024 2448 Septembris,
1056 2384 1110 2431 et
1143 2388 1240 2445 per
1277 2381 1448 2429 totum
1485 2372 1628 2428 diem

76 2482 379 2542 sequentem,
410 2484 628 2526 necnon
655 2469 708 2524 in
753 2470 840 2524 die
867 2467 1015 2525 Jovis
1040 2466 1235 2532 sancti,
1262 2475 1318 2520 et
1345 2479 1440 2535 per
1460 2471 1628 2519 totum

80 2564 270 2621 Veneris
294 2565 494 2632 sancti,
523 2571 576 2619 et
604 2575 700 2633 per
720 2571 988 2626 octavam,
1011 2569 1068 2616 et
1095 2557 1235 2613 festa
1260 2554 1634 2611 Resurrectio-

77 2658 146 2710 nis
180 2658 472 2727 sequentia,
521 2664 578 2710 et
622 2657 675 2710 in
721 2653 971 2712 omnibus
1024 2648 1408 2706 festivitatibus
1457 2647 1633 2702 beata:

81 2748 277 2818 Virginis
305 2748 493 2804 Mariae
537 2749 603 2803 de
646 2746 894 2801 omnibus
919 2743 1156 2815 peccatis
1182 2741 1248 2796 de
1275 2741 1468 2810 quibus
1492 2736 1634 2793 'con-

79 2839 183 2894 fessi
227 2840 444 2904 fuerint,
511 2840 592 2895 vel
643 2839 833 2894 saltem
880 2835 1128 2900 contriti,
1189 2850 1310 2889 cuiu
1361 2831 1635 2902 proposito

80 2932 356 2997 conﬁtendi,
384 2933 688 3002 plcnariam
718 2937 1122 3000 consequantur
1149 2926 1558 2998 indulgentiam,
1584 2935 1637 2976 et

1723 1817 2208 1885 emancipationem
2239 1818 2472 1886 venerit,
2505 1820 2683 1875 tutelae
2713 1821 2829 1890 ejus
2855 1822 2938 1878 vel
2975 1838 3120 1901 curae
3159 1824 3300 1897 lega-

1724 1908 1866 1962 libus
1899 1908 2269 1964 sanctionibus
2295 1909 2612 1980 subjacebit.
2636 1909 2942 1968 Gravamnr
2970 1914 3133 1985 igitur
3160 1917 3301 1984 quod

1692 2024 1697 2029 ·
1723 2002 1850 2057 huic
1875 2009 2072 2057 nostrae
2102 2002 2508 2068 constitutioni,
2533 2011 2587 2058 et
2613 2013 2716 2058 tum
2744 2005 3055 2075 metropolis
3081 2006 3302 2060 restitu-

1727 2086 1868 2147 tioni
1908 2083 2090 2148 tandiu
2139 2101 2246 2146 tam
2287 2093 2640 2174 obstinaciter
2677 2095 2954 2159 restitisti,
2989 2104 3043 2151 et
3072 2098 3301 2152 electum

1727 2183 2101 2239 Atrebatensis
2128 2183 2385 2239 Ecclesia:
2405 2198 2728 2240 consecrare
2757 2201 2930 2255 ttsque
2959 2186 3120 2242 hodie
3144 2188 3307 2243 distu-

1697 2273 1858 2329 .listi.
1887 2273 2015 2329 Tute
2062 2274 2226 2344 igitur
2253 2276 2571 2331 reverentia;
2608 2278 2959 2347 praesentium
3004 2278 3305 2335 litterarum

1730 2365 2051 2420 auctoritate
2088 2366 2434 2436 praecipimus
2468 2376 2528 2421 ut
2556 2369 2804 2423 eumdem
2854 2369 3108 2436 electum,
3161 2382 3306 2440 post-

1699 2473 1703 2478 ·
1731 2462 1893 2525 quam
1924 2455 2027 2510 has
2052 2455 2262 2512 litteras
2279 2452 2503 2524 videris,
2532 2456 2670 2511 infra
2707 2458 2926 2528 triginta
2949 2459 3160 2514 dierum
3188 2475 3312 2529 spa-

1733 2545 1866 2600 tium
1894 2557 2217 2601 consecrare
2241 2548 2525 2615 procures,
2550 2547 2699 2603 omni
2742 2547 3057 2604 tortitudine
3083 2559 3308 2616 semota,

1731 2642 1879 2695 omni
1930 2639 2364 2695 dissimulatione
2412 2642 2738 2710 postposita.
2772 2641 2924 2708 Quod
2980 2642 3024 2696 si
3068 2640 3314 2697 fortassis

1694 2751 1701 2756 '
1735 2733 2015 2788 occultiori
2043 2733 2221 2802 aliquo
2243 2732 2468 2787 consilio
2493 2732 2785 2802 adimplere
2812 2733 3072 2798 nolueris,
3099 2748 3219 2787 eum
3246 2735 3312 2786 ad

1737 2840 1837 2879 nos
1867 2839 1987 2878 eum
2019 2817 2321 2879 litterarum
2371 2833 2582 2878 tuarum
2615 2823 2991 2893 astipulatione
3029 2823 3334 2880 transmit-.

1739 2925 1810 2968 te.
1844 2912 1900 2968 Si
1926 2928 2054 2968 vero
2080 2922 2130 2967 et
2160 2914 2263 2968 hoc
2290 2913 2700 2983 contempseris,
2730 2928 2828 2970 nos
2850 2927 2974 2968 eum
3000 2913 3066 2967 ad
3107 2928 3203 2968 nos
3230 2927 3318 2968 ve-

82 3026 313 3091 gaudeant
335 3025 597 3080 omnibus
648 3021 997 3094 indulgentiis
1037 3019 1295 3090 plenariis
1343 3015 1633 3087 perpetuis,
1700 3007 1857 3061 nire
1909 3007 2257 3076 praecipimus
2321 3008 2747 3062 consecrationis
2792 3007 3021 3078 gratiam
3075 3016 3318 3078 receptu-

81 3127 123 3170 ct
163 3118 538 3188 temporalibus
593 3115 784 3186 gratiis
833 3124 887 3170 et
937 3111 1385 3176 remissionibus,
1441 3108 1634 3177 quibus
1664 3113 1706 3173 C
1743 3113 1878 3152 I‘llm-
2177 3129 2179 3133 ⁴
3173 3113 3176 3120 '

83 3212 282 3277 gaudent
306 3209 664 3280 personaliter
696 3208 887 3264 civitas
907 3216 962 3261 et
981 3205 1208 3261 ecclesia
1240 3202 1419 3258 Sancti
1450 3200 1635 3256 Jacobi

85 3305 137 3353 de
158 3302 505 3371 Compostella
530 3319 545 3368 ;
576 3301 800 3371 reliquis
839 3313 969 3354 vero
999 3297 1332 3368 temporibus
1361 3303 1414 3350 et
1453 3293 1640 3349 diebus
1699 3305 1706 3309 '

88 3394 282 3459 festivis,
309 3411 476 3451 causa
522 3393 822 3449 devotionis
863 3391 988 3446 illuc
1033 3389 1369 3451 accedentes,
1409 3394 1640 3455 quatuor

88 3501 230 3540 annos
257 3498 306 3541 ct
334 3487 562 3542 totidem
607 3484 984 3554 quadragenas
1028 3480 1094 3534 de
1130 3492 1256 3533 vera
1311 3475 1640 3546 indulgentia

89 3588 477 3648 consequantur,
527 3578 592 3631 de
639 3575 784 3631 sedis
835 3571 1144 3644 apostolicae
1183 3569 1358 3640 gratia
1396 3566 1638 3637 speciali.

89 3668 171 3734 Qui
199 3685 314 3728 vero
335 3669 600 3740 capellam
625 3667 880 3736 majorem
915 3665 1084 3736 ipsius
1113 3658 1424 3717 monasterii
1454 3657 1642 3712 eadem

90 3760 161 3814 die
185 3771 550 3818 consecratam
579 3774 673 3830 per
696 3755 1056 3820 venerabilem
1086 3753 1311 3808 fratrem
1337 3750 1643 3804 Brunonem

91 3853 366 3924 episcopum
389 3855 722 3924 Signanum,
749 3850 802 3903 in
839 3847 1030 3904 diebus
1071 3842 1280 3900 festivis
1309 3849 1364 3896 et
1394 3840 1646 3894 omnibus
1702 3855 1705 3858 ·

94 3943 255 4000 diebus
293 3942 594 4000 Dominicis
635 3941 798 3996 totius
841 3938 967 3992 anni
1011 3934 1389 3997 visitaverint,
1439 3937 1645 3999 septem

95 4049 238 4091 annos
263 4045 314 4091 et
351 4036 584 4092 totidem
633 4033 1007 4104 quadragenas
1044 4029 1110 4084 de
1148 4043 1274 4082 vera
1311 4020 1646 4094 indulgentia

95 4138 483 4196 consequantur.
534 4125 824 4180 Visitantes
859 4123 1021 4178 etiam
1065 4118 1352 4175 ecclesiam
1399 4123 1648 4171 constru-

96 4223 212 4269 ctam
240 4217 288 4271 in
319 4217 488 4273 easali
534 4217 702 4286 ipsius
751 4211 1092 4278 monasterii,
1129 4217 1504 4266 consecratam
1556 4219 1650 4273 per
1711 4223 1715 4228 -

1712 4302 1716 4306 ·
1751 4285 1878 4354 quia
1926 4284 2042 4354 ipso
2079 4283 2400 4352 disponente
2438 4281 2490 4334 in
2533 4279 2880 4335 Atrebatensi
2922 4276 3184 4342 Ecclesia,
3214 4288 3335 4346 quae

1709 4393 1712 4396 ·
1756 4363 1940 4433 ιειηᾱὶιί
1983 4363 2189 4446 proprii
2222 4378 2459 4444 pastoris
2503 4373 2696 4428 solatio
2721 4363 2916 4439 caruit,
2947 4383 3090 4425 nunc
3120 4368 3335 4423 tandem

97 4312 423 4365 venerabilem
479 4309 700 4364 fratrem
729 4305 1042 4376 \Rogerium
1079 4303 1501 4374 episcopum.....
1537 4298 1650 4366 ipso

99 4400 169 4454 die
193 4417 239 4454 ix
257 4401 368 4456 Kal.
400 4401 765 4472 Septembris,
789 4408 845 4455 et
865 4398 1120 4454 omnibus
1147 4395 1336 4450 diebus
1360 4391 1653 4446 Dominicis

2395 3252 2676 3308 LXXXVI.

1744 3365 1944 3421 Urbani
1974 3367 2034 3420 ll
2061 3359 2298 3436 cpistola
2328 3368 2395 3420 ad
2422 3365 2760 3420 Lambertum
2786 3365 3171 3436 Atrebatenscm
3214 3366 3320 3432 epi-

1815 3454 2050 3507 scOpum.
2081 3431 2152 3478 -'—
2196 3437 2287 3507 Illi
2315 3435 2616 3507 gratulatur
2651 3451 2715 3490 ac
2763 3435 2825 3488 de
2855 3431 3208 3502 superioribus
3245 3431 3320 3485 ad

1819 3505 2154 3576 Ragnaldum
2188 3505 2376 3560 litteris
2404 3505 2665 3575 signiﬁcat

2342 3615 2520 3683 (Anno
2548 3615 2732 3686 1095.)
2877 3663 2881 3668 .

2124 3704 2314 3775 [ΜΑΝδι
2341 3705 2428 3758 ubi
2456 3721 2636 3775 supra,
2668 3705 2771 3760 col.
2798 3705 2949 3776 672.]

1821 3820 2070 3877 Unaanus
2101 3818 2406 3889 episcopus,
2440 3832 2629 3873 servus
2652 3806 2958 3873 servorum
2980 3816 3096 3883 Dei,
3127 3815 3326 3872 dilecto

1707 3923 1711 3927 '
1748 3910 2009 3968 confratri
2042 3919 2098 3966 et
2123 3909 2496 3965 consacerdoti
2528 3908 2849 3974 Luaenro,
2897 3908 3153 3964 Ec'clesiae
3179 3909 3332 3963 Atre-

1707 4039 1709 4042 -
1747 4004 1988 4061 batensis
2018 4003 2214 4068 electo,
2247 4001 2476 4056 salutem
2515 4010 2570 4057 et
2620 4000 2973 4072 apostolicam
3001 3999 3332 4055 benedictio-

1709 4121 1718 4125 '
1750 4111 1893 4152 nem.
2264 4105 2269 4128 ³
2512 4113 2514 4116 ’

1822 4189 2092 4244 Laetamur
2121 4196 2339 4258 propter
2369 4197 2419 4242 te
2441 4187 2493 4241 iu
2524 4186 2776 4255 Domino,
2802 4187 2970 4241 frater
2991 4183 3329 4250 cbarissime,

100 4479 369 4558 ctTestivis,
401 4503 456 4549 et
480 4457 648 4549 etiam
679 4493 734 4545 in
771 4490 962 4545 diebus
986 4486 1192 4543 festivis
1221 4485 1391 4540 beatae
1421 4479 1635 4550 Virgini:

1759 4467 2054 4525 secundum
2084 4475 2330 4521 nostrum
2358 4472 2683 4536 praeceptum
2717 4477 2888 4517 novus
2923 4468 3110 4530 pastor
3134 4457 3339 4514 electus

101 4580 272 4651 Mariis,
297 4587 362 4642 ad
397 4585 555 4656 cujus
580 4587 837 4640 honorem
872 4570 1182 4638 constructa
1227 4586 1310 4633 est
1343 4585 1398 4631 ct
1428 4589 1526 4630 suo
1567 4588 1658 4626 vo-

103 4673 267 4731 cabulo
287 4687 615 4747 nuncupata,
649 4674 959 4746 praedictam
988 4669 1373 4741 indulgentiam
1397 4679 1656 4720 annorum

104 4775 280 4834 Septem
333 4779 386 4825 et
436 4771 666 4824 totidem
719 4768 1188 4838 quadragenarum
1237 4767 1654 4828 consequantur.

284 4862 543 4932 Apparent
580 4861 690 4915 lucc
717 4859 892 4914 omnia
923 4873 987 4912 ea:
1026 4856 1166 4910 bulla
1198 4852 1456 4922 plumbea.

165 4950 337 5006 Datum
375 4952 585 5009 Salerni
637 4967 733 5022 per
778 4964 970 5005 manus
1008 4947 1263 5010 Joannis,
1307 4951 1507 4999 sancta:
1555 4939 1660 4993 Ro-

108 5055 255 5098 manae
295 5045 550 5102 Ecclesia:
603 5043 814 5102 diaconi
866 5040 1182 5104 cardiualis,
1232 5037 1440 5094 decimo
1471 5043 1661 5090 octavo
1715 5085 1722 5089 .

109 5127 343 5190 Kalendas
369 5133 640 5199 Octobris,
689 5133 982 5188 indictione
1010 5131 1209 5202 prima,
1259 5142 1400 5182 anno
1449 5124 1658 5180 Domini

111 5219 364 5280 millesimo
417 5225 764 5297 nonagesimo
819 5223 1009 5290 tertio,
1060 5217 1405 5292 pontificatus
1458 5214 1658 5270 Urbani

112 5325 240 5384 1³³1)ίὲ
260 5320 476 5375 secundi
503 5335 645 5375 anno
674 5327 852 5374 sexto.

1758 4574 1836 4613 es.
1864 4557 2155 4627 Speramus
2177 4556 2376 4610 etenim
2409 4569 2503 4623 per
2524 4553 2782 4608 divinitus
2811 4551 2906 4606 tibi
2931 4553 3113 4606 datam
3162 4548 3340 4604 scien»

1759 4650 1887 4704 tiam
1914 4657 1969 4704 et
1997 4648 2306 4719 religionem
2336 4643 2693 4717 quorumdam
2722 4641 3042 4698 vestratinm
3076 4637 3341 4693 relatione

1759 4742 1916 4798 nobis
1948 4742 2299 4806 insinuatam,
2333 4738 2628 4793 maximum
2653 4737 2825 4792 eidem
2857 4732 3114 4789 Ecclesiae
3142 4739 3340 4785 eteor-

1720 4883 1724 4886 .
1760 4833 2026 4906 poralium
2056 4841 2112 4888 et
2138 4831 2497 4901 spiritualium
2539 4843 2720 4884 rerum
2761 4824 3102 4906 commodum
3132 4821 3344 4876 adfutu-

1763 4945 1901 4985 rum.
1931 4927 2088 4982 Scire
2125 4932 2304 4979 autem
2351 4932 2404 4978 te
2434 4921 2682 4976 volumus
2724 4921 2789 4975 de
2812 4902 3223 4973 consecratione
3255 4922 3344 4966 tua

1762 5017 2172 5088 archiepiscopo
2208 5014 2517 5084 scripsisse.
2553 5011 2632 5065 Tu
2683 5008 2847 5078 igitur
2883 5007 2998 5078 ejus
3027 5003 3346 5075 conspectui

1762 5118 1817 5166 te
1863 5115 2195 5180 praesentare
2227 5118 2479 5176 procura.
2511 5101 2670 5168 Quod
2723 5101 2766 5155 si
2815 5097 2904 5153 ille
2948 5095 3089 5152 infra
3122 5093 3347 5180 triginta

1763 5173 1880 5258 dies
1910 5210 2194 5272 postquam
2226 5173 2444 5252 nostras
2493 5195 2705 5248 litteras
2735 5190 3032 5262 acceperit,
3063 5196 3114 5243 te
3156 5173 3348 5242 consel

1724 5354 1726 5356 τ
1764 5309 1918 5349 crare
1951 5293 2204 5353 uoluerit,
2253 5305 2351 5344 nos
2396 5297 2448 5342 te
2499 5285 2820 5355 quantocius
2862 5281 3102 5351 potueris
3130 5278 3200 5334 ad
3251 5292 3350 5332 nos

1723 5377 1727 5380 ’
1765 5377 1956 5442 venire
1984 5382 2350 5453 prmcipimus.
2381 5376 2601 5433 Interim
2631 5373 2934 5444 commissa:
2969 5370 3062 5426 tibi
3093 5365 3350 5423 Ecclesia:

1768 5480 1905 5533 bona
1930 5475 2165 5532 interius
2193 5471 2548 5541 exteriusque
2574 5467 2810 5524 custodi.

1840 5573 1975 5626 Data
2003 5585 2034 5623 v
2068 5566 2193 5622 ldus
2225 5562 2495 5620 Octobris.
