  <div class='ocr_page' id='page_1' title='image "/cluster/home/n/w/nwhite01/storage/ocr_20150623/151/hvd.32044015473796/189.png"; bbox 0 0 3888 6322; ppageno 0'>
   <div class='ocr_carea' id='block_1_1' title="bbox 1182 413 1481 468">
    <p class='ocr_par' dir='ltr' id='par_1_1' title="bbox 1182 413 1481 468">
     <span class='ocr_line' id='line_1_1' title="bbox 1182 413 1481 468; baseline 0 0"><span class='ocrx_word' id='word_1_1' title='bbox 1182 413 1481 468; x_wconf 77' lang='lat' dir='ltr'><strong>LXXXVII.</strong></span> 
     </span>
    </p>
   </div>
   <div class='ocr_carea' id='block_1_2' title="bbox 543 524 2111 650">
    <p class='ocr_par' dir='ltr' id='par_1_2' title="bbox 543 524 2111 650">
     <span class='ocr_line' id='line_1_2' title="bbox 543 524 2111 596; baseline 0.003 -14"><span class='ocrx_word' id='word_1_2' title='bbox 543 529 743 582; x_wconf 60' lang='lat' dir='ltr'><strong>Urbani</strong></span> <span class='ocrx_word' id='word_1_3' title='bbox 770 527 830 581; x_wconf 89' lang='grc' dir='ltr'><strong><em>ΙΙ</em></strong></span> <span class='ocrx_word' id='word_1_4' title='bbox 897 541 1009 596; x_wconf 71' lang='lat' dir='ltr'><strong>apd:</strong></span> <span class='ocrx_word' id='word_1_5' title='bbox 1037 525 1252 594; x_wconf 79' lang='lat' dir='ltr'><strong>epistola</strong></span> <span class='ocrx_word' id='word_1_6' title='bbox 1297 527 1366 579; x_wconf 85' lang='lat' dir='ltr'><strong>ad</strong></span> <span class='ocrx_word' id='word_1_7' title='bbox 1399 524 1680 579; x_wconf 80' lang='lat' dir='ltr'><strong>Geruldum</strong></span> <span class='ocrx_word' id='word_1_8' title='bbox 1717 529 1952 585; x_wconf 76' lang='lat' dir='ltr'><strong>abbatem</strong></span> <span class='ocrx_word' id='word_1_9' title='bbox 1995 532 2111 586; x_wconf 75' lang='grc' dir='ltr'><strong>Μο-</strong></span> 
     </span>
     <span class='ocr_line' id='line_1_3' title="bbox 613 544 2111 650; baseline 0 0"><span class='ocrx_word' id='word_1_10' title='bbox 613 597 824 650; x_wconf 82' lang='lat' dir='ltr'><strong>nasterii</strong></span> <span class='ocrx_word' id='word_1_11' title='bbox 848 544 982 650; x_wconf 45' lang='lat' dir='ltr'><strong>geni</strong></span> <span class='ocrx_word' id='word_1_12' title='bbox 1009 594 1370 650; x_wconf 78' lang='lat' dir='ltr'><strong>Pictaviensis.</strong></span> <span class='ocrx_word' id='word_1_13' title='bbox 1398 624 1468 633; x_wconf 93' lang='lat'><strong>——</strong></span> <span class='ocrx_word' id='word_1_14' title='bbox 1492 595 1866 650; x_wconf 82' lang='lat' dir='ltr'><strong>Adiudicatam</strong></span> <span class='ocrx_word' id='word_1_15' title='bbox 1896 604 2111 650; x_wconf 85' lang='lat' dir='ltr'><strong>canoni-</strong></span> 
     </span>
    </p>
   </div>
   <div class='ocr_carea' id='block_1_3' title="bbox 613 594 2113 655">
    <p class='ocr_par' dir='ltr' id='par_1_3' title="bbox 613 594 2113 655">
     <span class='ocr_line' id='line_1_4' title="bbox 613 594 2113 655; baseline 0.002 -3"><span class='ocrx_word' id='word_1_16' title='bbox 613 597 824 652; x_wconf 80' lang='lat' dir='ltr'><strong>nasterii</strong></span> <span class='ocrx_word' id='word_1_17' title='bbox 848 594 982 650; x_wconf 79' lang='lat' dir='ltr'><strong>Novi</strong></span> <span class='ocrx_word' id='word_1_18' title='bbox 1009 594 1370 651; x_wconf 78' lang='lat' dir='ltr'><strong>Pictaviensis.</strong></span> <span class='ocrx_word' id='word_1_19' title='bbox 1398 624 1468 633; x_wconf 90' lang='lat'><strong><em>——</em></strong></span> <span class='ocrx_word' id='word_1_20' title='bbox 1492 595 1866 655; x_wconf 82' lang='lat' dir='ltr'><strong>Adjudicatam</strong></span> <span class='ocrx_word' id='word_1_21' title='bbox 1896 604 2113 655; x_wconf 87' lang='lat' dir='ltr'><strong>canoni-</strong></span> 
     </span>
    </p>
   </div>
   <div class='ocr_carea' id='block_1_4' title="bbox 609 664 2112 726">
    <p class='ocr_par' dir='ltr' id='par_1_4' title="bbox 609 664 2112 726">
     <span class='ocr_line' id='line_1_5' title="bbox 609 664 2112 726; baseline 0.004 -7"><span class='ocrx_word' id='word_1_22' title='bbox 609 670 682 722; x_wconf 85' lang='lat' dir='ltr'><strong>cis</strong></span> <span class='ocrx_word' id='word_1_23' title='bbox 730 668 787 721; x_wconf 87' lang='lat' dir='ltr'><strong>in</strong></span> <span class='ocrx_word' id='word_1_24' title='bbox 831 664 1048 720; x_wconf 84' lang='lat' dir='ltr'><strong>concilio</strong></span> <span class='ocrx_word' id='word_1_25' title='bbox 1107 665 1422 720; x_wconf 83' lang='lat' dir='ltr'><strong>Santonensi</strong></span> <span class='ocrx_word' id='word_1_26' title='bbox 1468 664 1734 720; x_wconf 75' lang='lat' dir='ltr'><strong>ecclesiam</strong></span> <span class='ocrx_word' id='word_1_27' title='bbox 1790 668 1851 724; x_wconf 92' lang='lat' dir='ltr'><strong>S.</strong></span> <span class='ocrx_word' id='word_1_28' title='bbox 1899 669 2112 726; x_wconf 75' lang='lat' dir='ltr'><strong>Nicotui</strong></span> 
     </span>
    </p>
   </div>
   <div class='ocr_carea' id='block_1_5' title="bbox 607 732 2111 806">
    <p class='ocr_par' dir='ltr' id='par_1_5' title="bbox 607 732 2111 806">
     <span class='ocr_line' id='line_1_6' title="bbox 607 732 2111 806; baseline 0.003 -15"><span class='ocrx_word' id='word_1_29' title='bbox 607 753 754 791; x_wconf 84' lang='lat' dir='ltr'><strong>secus</strong></span> <span class='ocrx_word' id='word_1_30' title='bbox 799 751 976 789; x_wconf 84' lang='lat' dir='ltr'><strong>muros</strong></span> <span class='ocrx_word' id='word_1_31' title='bbox 1016 735 1161 806; x_wconf 72' lang='lat' dir='ltr'><strong>urbis</strong></span> <span class='ocrx_word' id='word_1_32' title='bbox 1215 732 1554 806; x_wconf 77' lang='lat' dir='ltr'><strong>I’ictaviensis</strong></span> <span class='ocrx_word' id='word_1_33' title='bbox 1603 738 1876 806; x_wconf 78' lang='lat' dir='ltr'><strong>conﬁrmat</strong></span> <span class='ocrx_word' id='word_1_34' title='bbox 1919 741 2111 795; x_wconf 80' lang='lat' dir='ltr'><strong>Mona-</strong></span> 
     </span>
    </p>
   </div>
   <div class='ocr_carea' id='block_1_6' title="bbox 607 803 1396 872">
    <p class='ocr_par' dir='ltr' id='par_1_6' title="bbox 607 803 1396 872">
     <span class='ocr_line' id='line_1_7' title="bbox 607 803 1396 872; baseline -0.001 -13"><span class='ocrx_word' id='word_1_35' title='bbox 607 807 762 860; x_wconf 83' lang='lat' dir='ltr'><strong>sterio</strong></span> <span class='ocrx_word' id='word_1_36' title='bbox 799 806 947 859; x_wconf 78' lang='lat' dir='ltr'><strong>Novo</strong></span> <span class='ocrx_word' id='word_1_37' title='bbox 978 803 1207 872; x_wconf 79' lang='lat' dir='ltr'><strong>ejusdem</strong></span> <span class='ocrx_word' id='word_1_38' title='bbox 1233 804 1396 858; x_wconf 84' lang='lat' dir='ltr'><strong>urbis.</strong></span> 
     </span>
    </p>
   </div>
   <div class='ocr_carea' id='block_1_7' title="bbox 1138 913 1523 984">
    <p class='ocr_par' dir='ltr' id='par_1_7' title="bbox 1138 913 1523 984">
     <span class='ocr_line' id='line_1_8' title="bbox 1138 913 1523 984; baseline 0 -16"><span class='ocrx_word' id='word_1_39' title='bbox 1138 915 1312 984; x_wconf 76' lang='lat' dir='ltr'><strong>(Anno</strong></span> <span class='ocrx_word' id='word_1_40' title='bbox 1346 913 1523 984; x_wconf 75' lang='lat'><strong>1095.)</strong></span> 
     </span>
    </p>
   </div>
   <div class='ocr_carea' id='block_1_8' title="bbox 720 1028 1935 1105">
    <p class='ocr_par' dir='ltr' id='par_1_8' title="bbox 720 1028 1935 1105">
     <span class='ocr_line' id='line_1_9' title="bbox 720 1028 1935 1105; baseline 0.001 -20"><span class='ocrx_word' id='word_1_41' title='bbox 720 1031 875 1103; x_wconf 89' lang='lat' dir='ltr'><strong>[Dom</strong></span> <span class='ocrx_word' id='word_1_42' title='bbox 919 1029 1194 1096; x_wconf 76' lang='lat' dir='ltr'><strong>Bououer,</strong></span> <span class='ocrx_word' id='word_1_43' title='bbox 1218 1028 1448 1094; x_wconf 83' lang='lat' dir='ltr'><strong>Rccueil,</strong></span> <span class='ocrx_word' id='word_1_44' title='bbox 1477 1038 1514 1085; x_wconf 85' lang='lat' dir='ltr'><strong>t.</strong></span> <span class='ocrx_word' id='word_1_45' title='bbox 1548 1029 1682 1098; x_wconf 87' lang='lat' dir='ltr'><strong>XIV,</strong></span> <span class='ocrx_word' id='word_1_46' title='bbox 1708 1047 1760 1102; x_wconf 87' lang='lat' dir='ltr'><strong>p.</strong></span> <span class='ocrx_word' id='word_1_47' title='bbox 1790 1032 1935 1105; x_wconf 89' lang='lat'><strong>706.]</strong></span> 
     </span>
    </p>
   </div>
   <div class='ocr_carea' id='block_1_9' title="bbox 608 1144 2113 1214">
    <p class='ocr_par' dir='ltr' id='par_1_9' title="bbox 608 1144 2113 1214">
     <span class='ocr_line' id='line_1_10' title="bbox 608 1144 2113 1214; baseline 0 -12"><span class='ocrx_word' id='word_1_48' title='bbox 608 1147 860 1204; x_wconf 59' lang='lat' dir='ltr'><strong>Unas-sus</strong></span> <span class='ocrx_word' id='word_1_49' title='bbox 915 1144 1239 1213; x_wconf 86' lang='lat' dir='ltr'><strong>episcopus,</strong></span> <span class='ocrx_word' id='word_1_50' title='bbox 1295 1157 1483 1199; x_wconf 87' lang='lat' dir='ltr'><strong>servus</strong></span> <span class='ocrx_word' id='word_1_51' title='bbox 1533 1159 1808 1200; x_wconf 87' lang='lat' dir='ltr'><strong>servorum</strong></span> <span class='ocrx_word' id='word_1_52' title='bbox 1866 1145 1989 1214; x_wconf 85' lang='lat' dir='ltr'><strong>Dei,</strong></span> <span class='ocrx_word' id='word_1_53' title='bbox 2059 1147 2113 1202; x_wconf 93' lang='lat' dir='ltr'><strong>in</strong></span> 
     </span>
    </p>
   </div>
   <div class='ocr_carea' id='block_1_10' title="bbox 537 1235 2114 1308">
    <p class='ocr_par' dir='ltr' id='par_1_10' title="bbox 537 1235 2114 1308">
     <span class='ocr_line' id='line_1_11' title="bbox 537 1235 2114 1308; baseline -0.001 -13"><span class='ocrx_word' id='word_1_54' title='bbox 537 1239 755 1295; x_wconf 87' lang='lat' dir='ltr'><strong>Christo</strong></span> <span class='ocrx_word' id='word_1_55' title='bbox 786 1237 893 1291; x_wconf 97' lang='lat' dir='ltr'><strong>ﬁlio</strong></span> <span class='ocrx_word' id='word_1_56' title='bbox 919 1236 1174 1292; x_wconf 74' lang='lat' dir='ltr'><strong>GEBALDO</strong></span> <span class='ocrx_word' id='word_1_57' title='bbox 1214 1235 1395 1289; x_wconf 89' lang='lat' dir='ltr'><strong>abbati</strong></span> <span class='ocrx_word' id='word_1_58' title='bbox 1444 1235 1753 1292; x_wconf 88' lang='lat' dir='ltr'><strong>Monasterii</strong></span> <span class='ocrx_word' id='word_1_59' title='bbox 1802 1237 1935 1293; x_wconf 88' lang='lat' dir='ltr'><strong>Novi</strong></span> <span class='ocrx_word' id='word_1_60' title='bbox 1970 1241 2114 1308; x_wconf 90' lang='lat' dir='ltr'><strong>quod</strong></span> 
     </span>
    </p>
   </div>
   <div class='ocr_carea' id='block_1_11' title="bbox 540 1318 2115 1396">
    <p class='ocr_par' dir='ltr' id='par_1_11' title="bbox 540 1318 2115 1396">
     <span class='ocr_line' id='line_1_12' title="bbox 540 1318 2115 1396; baseline 0.001 -14"><span class='ocrx_word' id='word_1_61' title='bbox 540 1330 592 1382; x_wconf 92' lang='lat' dir='ltr'><strong>in</strong></span> <span class='ocrx_word' id='word_1_62' title='bbox 621 1326 946 1384; x_wconf 88' lang='lat' dir='ltr'><strong>Pictaviensi</strong></span> <span class='ocrx_word' id='word_1_63' title='bbox 978 1325 1232 1381; x_wconf 90' lang='lat' dir='ltr'><strong>suburbio</strong></span> <span class='ocrx_word' id='word_1_64' title='bbox 1260 1325 1422 1379; x_wconf 89' lang='lat' dir='ltr'><strong>situm</strong></span> <span class='ocrx_word' id='word_1_65' title='bbox 1457 1334 1560 1390; x_wconf 90' lang='lat' dir='ltr'><strong>est,</strong></span> <span class='ocrx_word' id='word_1_66' title='bbox 1592 1318 1864 1396; x_wconf 84' lang='lat' dir='ltr'><strong>ipsiusque</strong></span> <span class='ocrx_word' id='word_1_67' title='bbox 1900 1341 2115 1384; x_wconf 89' lang='lat' dir='ltr'><strong>succes-</strong></span> 
     </span>
    </p>
   </div>
   <div class='ocr_carea' id='block_1_12' title="bbox 537 1414 1945 1488">
    <p class='ocr_par' dir='ltr' id='par_1_12' title="bbox 537 1414 1945 1488">
     <span class='ocr_line' id='line_1_13' title="bbox 537 1414 1945 1488; baseline -0.002 -14"><span class='ocrx_word' id='word_1_68' title='bbox 537 1419 749 1474; x_wconf 88' lang='lat' dir='ltr'><strong>soribus</strong></span> <span class='ocrx_word' id='word_1_69' title='bbox 773 1416 1086 1488; x_wconf 77' lang='lat' dir='ltr'><strong>regulariter</strong></span> <span class='ocrx_word' id='word_1_70' title='bbox 1113 1414 1498 1470; x_wconf 89' lang='lat' dir='ltr'><strong>substituendis</strong></span> <span class='ocrx_word' id='word_1_71' title='bbox 1527 1415 1579 1470; x_wconf 91' lang='lat' dir='ltr'><strong>in</strong></span> <span class='ocrx_word' id='word_1_72' title='bbox 1606 1424 1945 1486; x_wconf 89' lang='lat' dir='ltr'><strong>perpetuum.</strong></span> 
     </span>
    </p>
   </div>
   <div class='ocr_carea' id='block_1_13' title="bbox 606 1506 2115 1577">
    <p class='ocr_par' dir='ltr' id='par_1_13' title="bbox 606 1506 2115 1577">
     <span class='ocr_line' id='line_1_14' title="bbox 606 1506 2115 1577; baseline 0.001 -14"><span class='ocrx_word' id='word_1_73' title='bbox 606 1510 687 1563; x_wconf 87' lang='lat' dir='ltr'><strong>Ad</strong></span> <span class='ocrx_word' id='word_1_74' title='bbox 715 1509 816 1563; x_wconf 89' lang='lat' dir='ltr'><strong>hoc</strong></span> <span class='ocrx_word' id='word_1_75' title='bbox 845 1506 956 1562; x_wconf 87' lang='lat' dir='ltr'><strong>sedi</strong></span> <span class='ocrx_word' id='word_1_76' title='bbox 980 1506 1305 1576; x_wconf 71' lang='lat' dir='ltr'><strong>apostolicae,</strong></span> <span class='ocrx_word' id='word_1_77' title='bbox 1334 1507 1700 1577; x_wconf 89' lang='lat' dir='ltr'><strong>omnipotente</strong></span> <span class='ocrx_word' id='word_1_78' title='bbox 1735 1508 1845 1562; x_wconf 88' lang='lat' dir='ltr'><strong>Deo</strong></span> <span class='ocrx_word' id='word_1_79' title='bbox 1872 1517 1928 1563; x_wconf 89' lang='lat' dir='ltr'><strong>et</strong></span> <span class='ocrx_word' id='word_1_80' title='bbox 1954 1509 2115 1565; x_wconf 90' lang='lat' dir='ltr'><strong>beato</strong></span> 
     </span>
    </p>
   </div>
   <div class='ocr_carea' id='block_1_14' title="bbox 537 1599 2114 1669">
    <p class='ocr_par' dir='ltr' id='par_1_14' title="bbox 537 1599 2114 1669">
     <span class='ocr_line' id='line_1_15' title="bbox 537 1599 2114 1669; baseline 0 -15"><span class='ocrx_word' id='word_1_81' title='bbox 537 1601 697 1654; x_wconf 84' lang='lat' dir='ltr'><strong>Petro</strong></span> <span class='ocrx_word' id='word_1_82' title='bbox 721 1606 1069 1668; x_wconf 78' lang='lat' dir='ltr'><strong>cooperante,</strong></span> <span class='ocrx_word' id='word_1_83' title='bbox 1103 1599 1333 1669; x_wconf 90' lang='lat' dir='ltr'><strong>promoti</strong></span> <span class='ocrx_word' id='word_1_84' title='bbox 1357 1599 1751 1668; x_wconf 84' lang='lat' dir='ltr'><strong>cognoscimur,</strong></span> <span class='ocrx_word' id='word_1_85' title='bbox 1781 1608 1838 1653; x_wconf 93' lang='lat' dir='ltr'><strong>ut</strong></span> <span class='ocrx_word' id='word_1_86' title='bbox 1861 1613 1959 1668; x_wconf 88' lang='lat' dir='ltr'><strong>pro</strong></span> <span class='ocrx_word' id='word_1_87' title='bbox 1988 1600 2114 1654; x_wconf 89' lang='lat' dir='ltr'><strong>data</strong></span> 
     </span>
    </p>
   </div>
   <div class='ocr_carea' id='block_1_15' title="bbox 538 1689 2111 1761">
    <p class='ocr_par' dir='ltr' id='par_1_15' title="bbox 538 1689 2111 1761">
     <span class='ocr_line' id='line_1_16' title="bbox 538 1689 2111 1761; baseline -0.002 -14"><span class='ocrx_word' id='word_1_88' title='bbox 538 1692 795 1747; x_wconf 90' lang='lat' dir='ltr'><strong>divinitus</strong></span> <span class='ocrx_word' id='word_1_89' title='bbox 832 1689 1084 1746; x_wconf 86' lang='lat' dir='ltr'><strong>facultate</strong></span> <span class='ocrx_word' id='word_1_90' title='bbox 1133 1689 1448 1761; x_wconf 91' lang='lat' dir='ltr'><strong>injustitiam</strong></span> <span class='ocrx_word' id='word_1_91' title='bbox 1491 1689 1816 1760; x_wconf 85' lang='lat' dir='ltr'><strong>opprimere,</strong></span> <span class='ocrx_word' id='word_1_92' title='bbox 1847 1691 2111 1761; x_wconf 74' lang='lat' dir='ltr'><strong>justitiam</strong></span> 
     </span>
    </p>
   </div>
   <div class='ocr_carea' id='block_1_16' title="bbox 537 1769 2188 1853">
    <p class='ocr_par' dir='ltr' id='par_1_16' title="bbox 537 1769 2188 1853">
     <span class='ocr_line' id='line_1_17' title="bbox 537 1769 2188 1853; baseline -0.001 -15"><span class='ocrx_word' id='word_1_93' title='bbox 537 1785 746 1852; x_wconf 84' lang='lat' dir='ltr'><strong>erigere</strong></span> <span class='ocrx_word' id='word_1_94' title='bbox 775 1791 829 1838; x_wconf 91' lang='lat' dir='ltr'><strong>et</strong></span> <span class='ocrx_word' id='word_1_95' title='bbox 861 1781 1172 1853; x_wconf 80' lang='lat' dir='ltr'><strong>religionem</strong></span> <span class='ocrx_word' id='word_1_96' title='bbox 1202 1795 1396 1850; x_wconf 86' lang='lat' dir='ltr'><strong>augere</strong></span> <span class='ocrx_word' id='word_1_97' title='bbox 1425 1794 1704 1846; x_wconf 88' lang='lat' dir='ltr'><strong>curemus;</strong></span> <span class='ocrx_word' id='word_1_98' title='bbox 1751 1780 1891 1836; x_wconf 90' lang='lat' dir='ltr'><strong>unde</strong></span> <span class='ocrx_word' id='word_1_99' title='bbox 1928 1795 2110 1837; x_wconf 50' lang='lat' dir='ltr'><strong>servo.</strong></span> <span class='ocrx_word' id='word_1_100' title='bbox 2141 1769 2188 1829; x_wconf 87' lang='grc' dir='ltr'><strong><em>Β</em></strong></span> 
     </span>
    </p>
   </div>
   <div class='ocr_carea' id='block_1_17' title="bbox 539 1871 2110 1944">
    <p class='ocr_par' dir='ltr' id='par_1_17' title="bbox 539 1871 2110 1944">
     <span class='ocr_line' id='line_1_18' title="bbox 539 1871 2110 1944; baseline -0.003 -14"><span class='ocrx_word' id='word_1_101' title='bbox 539 1892 655 1930; x_wconf 90' lang='lat' dir='ltr'><strong>rum</strong></span> <span class='ocrx_word' id='word_1_102' title='bbox 682 1876 775 1930; x_wconf 90' lang='lat' dir='ltr'><strong>Dei</strong></span> <span class='ocrx_word' id='word_1_103' title='bbox 805 1874 973 1944; x_wconf 89' lang='lat' dir='ltr'><strong>quieti</strong></span> <span class='ocrx_word' id='word_1_104' title='bbox 1005 1871 1286 1944; x_wconf 84' lang='lat' dir='ltr'><strong>providere</strong></span> <span class='ocrx_word' id='word_1_105' title='bbox 1322 1885 1645 1941; x_wconf 81' lang='lat' dir='ltr'><strong>magquere</strong></span> <span class='ocrx_word' id='word_1_106' title='bbox 1680 1871 1999 1940; x_wconf 81' lang='lat' dir='ltr'><strong>satagimus,</strong></span> <span class='ocrx_word' id='word_1_107' title='bbox 2029 1880 2110 1938; x_wconf 88' lang='lat' dir='ltr'><strong>ut,</strong></span> 
     </span>
    </p>
   </div>
   <div class='ocr_carea' id='block_1_18' title="bbox 533 1961 2113 2031">
    <p class='ocr_par' dir='ltr' id='par_1_18' title="bbox 533 1961 2113 2031">
     <span class='ocr_line' id='line_1_19' title="bbox 533 1961 2113 2031; baseline -0.002 -11"><span class='ocrx_word' id='word_1_108' title='bbox 533 1982 564 2020; x_wconf 87' lang='lat' dir='ltr'><strong>a</strong></span> <span class='ocrx_word' id='word_1_109' title='bbox 597 1963 947 2019; x_wconf 62' lang='lat' dir='ltr'><strong>siccularibus</strong></span> <span class='ocrx_word' id='word_1_110' title='bbox 991 1961 1307 2018; x_wconf 89' lang='lat' dir='ltr'><strong>tumultibus</strong></span> <span class='ocrx_word' id='word_1_111' title='bbox 1345 1961 1524 2028; x_wconf 82' lang='lat' dir='ltr'><strong>liberi,</strong></span> <span class='ocrx_word' id='word_1_112' title='bbox 1552 1961 1747 2016; x_wconf 76' lang='lat' dir='ltr'><strong>divina:</strong></span> <span class='ocrx_word' id='word_1_113' title='bbox 1783 1962 2113 2031; x_wconf 84' lang='lat' dir='ltr'><strong>contempla-</strong></span> 
     </span>
    </p>
   </div>
   <div class='ocr_carea' id='block_1_19' title="bbox 535 2052 2110 2125">
    <p class='ocr_par' dir='ltr' id='par_1_19' title="bbox 535 2052 2110 2125">
     <span class='ocr_line' id='line_1_20' title="bbox 535 2052 2110 2125; baseline -0.003 -12"><span class='ocrx_word' id='word_1_114' title='bbox 535 2059 664 2113; x_wconf 91' lang='lat' dir='ltr'><strong>tioni</strong></span> <span class='ocrx_word' id='word_1_115' title='bbox 707 2057 984 2112; x_wconf 87' lang='lat' dir='ltr'><strong>ardentius</strong></span> <span class='ocrx_word' id='word_1_116' title='bbox 1035 2055 1296 2110; x_wconf 82' lang='lat' dir='ltr'><strong>inhaerere</strong></span> <span class='ocrx_word' id='word_1_117' title='bbox 1341 2052 1688 2124; x_wconf 73' lang='lat' dir='ltr'><strong>prmvaleant.</strong></span> <span class='ocrx_word' id='word_1_118' title='bbox 1749 2053 1879 2109; x_wconf 90' lang='lat' dir='ltr'><strong>Tuis</strong></span> <span class='ocrx_word' id='word_1_119' title='bbox 1927 2055 2110 2125; x_wconf 77' lang='lat' dir='ltr'><strong>igitur,</strong></span> 
     </span>
    </p>
   </div>
   <div class='ocr_carea' id='block_1_20' title="bbox 533 2144 2115 2214">
    <p class='ocr_par' dir='ltr' id='par_1_20' title="bbox 533 2144 2115 2214">
     <span class='ocr_line' id='line_1_21' title="bbox 533 2144 2115 2214; baseline -0.003 -9"><span class='ocrx_word' id='word_1_120' title='bbox 533 2148 849 2205; x_wconf 84' lang='lat' dir='ltr'><strong>cbarissinte</strong></span> <span class='ocrx_word' id='word_1_121' title='bbox 880 2147 950 2201; x_wconf 88' lang='lat' dir='ltr'><strong>ﬁli</strong></span> <span class='ocrx_word' id='word_1_122' title='bbox 975 2146 1206 2202; x_wconf 89' lang='lat' dir='ltr'><strong>Geralde</strong></span> <span class='ocrx_word' id='word_1_123' title='bbox 1235 2145 1422 2211; x_wconf 87' lang='lat' dir='ltr'><strong>abbas,</strong></span> <span class='ocrx_word' id='word_1_124' title='bbox 1454 2145 1557 2214; x_wconf 91' lang='lat' dir='ltr'><strong>piis</strong></span> <span class='ocrx_word' id='word_1_125' title='bbox 1586 2144 1745 2209; x_wconf 89' lang='lat' dir='ltr'><strong>votis,</strong></span> <span class='ocrx_word' id='word_1_126' title='bbox 1785 2154 1840 2199; x_wconf 90' lang='lat' dir='ltr'><strong>et</strong></span> <span class='ocrx_word' id='word_1_127' title='bbox 1868 2159 2115 2201; x_wconf 88' lang='lat' dir='ltr'><strong>reveren-</strong></span> 
     </span>
    </p>
   </div>
   <div class='ocr_carea' id='block_1_21' title="bbox 534 2233 2111 2306">
    <p class='ocr_par' dir='ltr' id='par_1_21' title="bbox 534 2233 2111 2306">
     <span class='ocr_line' id='line_1_22' title="bbox 534 2233 2111 2306; baseline -0.003 -12"><span class='ocrx_word' id='word_1_128' title='bbox 534 2239 737 2296; x_wconf 79' lang='lat' dir='ltr'><strong>dissitni</strong></span> <span class='ocrx_word' id='word_1_129' title='bbox 763 2237 1050 2293; x_wconf 83' lang='lat' dir='ltr'><strong>confratris</strong></span> <span class='ocrx_word' id='word_1_130' title='bbox 1077 2237 1269 2302; x_wconf 89' lang='lat' dir='ltr'><strong>nostri,</strong></span> <span class='ocrx_word' id='word_1_131' title='bbox 1285 2235 1555 2306; x_wconf 91' lang='lat' dir='ltr'><strong>quondam</strong></span> <span class='ocrx_word' id='word_1_132' title='bbox 1577 2243 1756 2290; x_wconf 91' lang='lat' dir='ltr'><strong>autem</strong></span> <span class='ocrx_word' id='word_1_133' title='bbox 1782 2233 1961 2290; x_wconf 90' lang='lat' dir='ltr'><strong>Patris</strong></span> <span class='ocrx_word' id='word_1_134' title='bbox 1984 2234 2111 2302; x_wconf 88' lang='lat' dir='ltr'><strong>mei,</strong></span> 
     </span>
    </p>
   </div>
   <div class='ocr_carea' id='block_1_22' title="bbox 536 2326 2114 2403">
    <p class='ocr_par' dir='ltr' id='par_1_22' title="bbox 536 2326 2114 2403">
     <span class='ocr_line' id='line_1_23' title="bbox 536 2326 2114 2403; baseline -0.001 -16"><span class='ocrx_word' id='word_1_135' title='bbox 536 2333 776 2403; x_wconf 82' lang='lat' dir='ltr'><strong>Ilugonis</strong></span> <span class='ocrx_word' id='word_1_136' title='bbox 837 2329 1208 2386; x_wconf 87' lang='lat' dir='ltr'><strong>Cluniacensis</strong></span> <span class='ocrx_word' id='word_1_137' title='bbox 1268 2327 1478 2382; x_wconf 89' lang='lat' dir='ltr'><strong>abbatis</strong></span> <span class='ocrx_word' id='word_1_138' title='bbox 1537 2326 1696 2397; x_wconf 89' lang='lat' dir='ltr'><strong>justis</strong></span> <span class='ocrx_word' id='word_1_139' title='bbox 1767 2327 2114 2396; x_wconf 87' lang='lat' dir='ltr'><strong>petitionibus</strong></span> 
     </span>
    </p>
   </div>
   <div class='ocr_carea' id='block_1_23' title="bbox 535 2417 2113 2486">
    <p class='ocr_par' dir='ltr' id='par_1_23' title="bbox 535 2417 2113 2486">
     <span class='ocr_line' id='line_1_24' title="bbox 535 2417 2113 2486; baseline -0.003 -9"><span class='ocrx_word' id='word_1_140' title='bbox 535 2432 877 2486; x_wconf 89' lang='lat' dir='ltr'><strong>annuentes,</strong></span> <span class='ocrx_word' id='word_1_141' title='bbox 927 2435 1143 2476; x_wconf 86' lang='lat' dir='ltr'><strong>omnem</strong></span> <span class='ocrx_word' id='word_1_142' title='bbox 1200 2418 1502 2472; x_wconf 84' lang='lat' dir='ltr'><strong>libertatem</strong></span> <span class='ocrx_word' id='word_1_143' title='bbox 1557 2417 1670 2472; x_wconf 84' lang='lat' dir='ltr'><strong>sive</strong></span> <span class='ocrx_word' id='word_1_144' title='bbox 1723 2417 2113 2473; x_wconf 87' lang='lat' dir='ltr'><strong>immunitatem</strong></span> 
     </span>
    </p>
   </div>
   <div class='ocr_carea' id='block_1_24' title="bbox 537 2511 2115 2581">
    <p class='ocr_par' dir='ltr' id='par_1_24' title="bbox 537 2511 2115 2581">
     <span class='ocr_line' id='line_1_25' title="bbox 537 2511 2115 2581; baseline -0.003 -9"><span class='ocrx_word' id='word_1_145' title='bbox 537 2526 716 2572; x_wconf 90' lang='lat' dir='ltr'><strong>vestro</strong></span> <span class='ocrx_word' id='word_1_146' title='bbox 740 2513 1272 2581; x_wconf 79' lang='lat' dir='ltr'><strong>Novo-Monasterio,</strong></span> <span class='ocrx_word' id='word_1_147' title='bbox 1317 2520 1438 2581; x_wconf 88' lang='lat' dir='ltr'><strong>post</strong></span> <span class='ocrx_word' id='word_1_148' title='bbox 1485 2511 1793 2581; x_wconf 86' lang='lat' dir='ltr'><strong>apostolicae</strong></span> <span class='ocrx_word' id='word_1_149' title='bbox 1841 2511 2115 2568; x_wconf 75' lang='lat' dir='ltr'><strong>memoria:</strong></span> 
     </span>
    </p>
   </div>
   <div class='ocr_carea' id='block_1_25' title="bbox 535 2597 2116 2677">
    <p class='ocr_par' dir='ltr' id='par_1_25' title="bbox 535 2597 2116 2677">
     <span class='ocr_line' id='line_1_26' title="bbox 535 2597 2116 2677; baseline -0.003 -16"><span class='ocrx_word' id='word_1_150' title='bbox 535 2603 781 2677; x_wconf 82' lang='lat' dir='ltr'><strong>Gregorii</strong></span> <span class='ocrx_word' id='word_1_151' title='bbox 811 2604 1350 2676; x_wconf 74' lang='lat' dir='ltr'><strong>VII-praedecessoris</strong></span> <span class='ocrx_word' id='word_1_152' title='bbox 1386 2603 1554 2659; x_wconf 88' lang='lat' dir='ltr'><strong>nostri</strong></span> <span class='ocrx_word' id='word_1_153' title='bbox 1598 2597 1934 2674; x_wconf 78' lang='lat' dir='ltr'><strong>privilegium</strong></span> <span class='ocrx_word' id='word_1_154' title='bbox 1963 2604 2116 2657; x_wconf 90' lang='lat' dir='ltr'><strong>attri-</strong></span> 
     </span>
    </p>
   </div>
   <div class='ocr_carea' id='block_1_26' title="bbox 533 2695 2116 2767">
    <p class='ocr_par' dir='ltr' id='par_1_26' title="bbox 533 2695 2116 2767">
     <span class='ocr_line' id='line_1_27' title="bbox 533 2695 2116 2767; baseline -0.003 -12"><span class='ocrx_word' id='word_1_155' title='bbox 533 2700 756 2760; x_wconf 86' lang='lat' dir='ltr'><strong>butum,</strong></span> <span class='ocrx_word' id='word_1_156' title='bbox 804 2713 900 2752; x_wconf 88' lang='lat' dir='ltr'><strong>nos</strong></span> <span class='ocrx_word' id='word_1_157' title='bbox 947 2712 1161 2766; x_wconf 89' lang='lat' dir='ltr'><strong>quoque</strong></span> <span class='ocrx_word' id='word_1_158' title='bbox 1213 2696 1495 2767; x_wconf 68' lang='lat' dir='ltr'><strong>prtesentis</strong></span> <span class='ocrx_word' id='word_1_159' title='bbox 1543 2695 1746 2751; x_wconf 89' lang='lat' dir='ltr'><strong>decreti</strong></span> <span class='ocrx_word' id='word_1_160' title='bbox 1794 2695 2116 2750; x_wconf 88' lang='lat' dir='ltr'><strong>auctoritate</strong></span> 
     </span>
    </p>
   </div>
   <div class='ocr_carea' id='block_1_27' title="bbox 535 2786 2114 2854">
    <p class='ocr_par' dir='ltr' id='par_1_27' title="bbox 535 2786 2114 2854">
     <span class='ocr_line' id='line_1_28' title="bbox 535 2786 2114 2854; baseline -0.003 -8"><span class='ocrx_word' id='word_1_161' title='bbox 535 2789 884 2846; x_wconf 85' lang='lat' dir='ltr'><strong>conferimus.</strong></span> <span class='ocrx_word' id='word_1_162' title='bbox 934 2789 1202 2844; x_wconf 83' lang='lat' dir='ltr'><strong>Praeterea</strong></span> <span class='ocrx_word' id='word_1_163' title='bbox 1248 2788 1308 2843; x_wconf 89' lang='grc' dir='ltr'><strong>Β.</strong></span> <span class='ocrx_word' id='word_1_164' title='bbox 1351 2786 1555 2843; x_wconf 85' lang='lat' dir='ltr'><strong>Nicolai</strong></span> <span class='ocrx_word' id='word_1_165' title='bbox 1605 2787 1914 2854; x_wconf 85' lang='lat' dir='ltr'><strong>ecclesiam,</strong></span> <span class='ocrx_word' id='word_1_166' title='bbox 1957 2801 2114 2842; x_wconf 92' lang='lat' dir='ltr'><strong>secus</strong></span> 
     </span>
    </p>
   </div>
   <div class='ocr_carea' id='block_1_28' title="bbox 535 2877 2114 2950">
    <p class='ocr_par' dir='ltr' id='par_1_28' title="bbox 535 2877 2114 2950">
     <span class='ocr_line' id='line_1_29' title="bbox 535 2877 2114 2950; baseline -0.002 -15"><span class='ocrx_word' id='word_1_167' title='bbox 535 2895 723 2937; x_wconf 89' lang='lat' dir='ltr'><strong>muros</strong></span> <span class='ocrx_word' id='word_1_168' title='bbox 747 2881 984 2935; x_wconf 85' lang='lat' dir='ltr'><strong>Pictavis</strong></span> <span class='ocrx_word' id='word_1_169' title='bbox 1013 2879 1080 2933; x_wconf 90' lang='lat' dir='ltr'><strong>ab</strong></span> <span class='ocrx_word' id='word_1_170' title='bbox 1109 2881 1313 2950; x_wconf 83' lang='lat' dir='ltr'><strong>Agnete</strong></span> <span class='ocrx_word' id='word_1_171' title='bbox 1337 2879 1613 2935; x_wconf 89' lang='lat' dir='ltr'><strong>comitissa</strong></span> <span class='ocrx_word' id='word_1_172' title='bbox 1642 2879 1983 2944; x_wconf 79' lang='lat' dir='ltr'><strong>aediﬁcatam,</strong></span> <span class='ocrx_word' id='word_1_173' title='bbox 2017 2877 2114 2933; x_wconf 88' lang='lat' dir='ltr'><strong>tibi</strong></span> 
     </span>
    </p>
   </div>
   <div class='ocr_carea' id='block_1_29' title="bbox 539 2970 2116 3043">
    <p class='ocr_par' dir='ltr' id='par_1_29' title="bbox 539 2970 2116 3043">
     <span class='ocr_line' id='line_1_30' title="bbox 539 2970 2116 3043; baseline -0.002 -16"><span class='ocrx_word' id='word_1_174' title='bbox 539 2973 751 3043; x_wconf 83' lang='lat' dir='ltr'><strong>tuisque</strong></span> <span class='ocrx_word' id='word_1_175' title='bbox 784 2970 1186 3028; x_wconf 79' lang='lat' dir='ltr'><strong>successoribus</strong></span> <span class='ocrx_word' id='word_1_176' title='bbox 1216 2981 1474 3042; x_wconf 88' lang='lat' dir='ltr'><strong>perpetuo</strong></span> <span class='ocrx_word' id='word_1_177' title='bbox 1517 2971 1895 3041; x_wconf 85' lang='lat' dir='ltr'><strong>possidendam</strong></span> <span class='ocrx_word' id='word_1_178' title='bbox 1921 2984 2116 3025; x_wconf 89' lang='lat' dir='ltr'><strong>conce-</strong></span> 
     </span>
    </p>
   </div>
   <div class='ocr_carea' id='block_1_30' title="bbox 535 3059 2112 3131">
    <p class='ocr_par' dir='ltr' id='par_1_30' title="bbox 535 3059 2112 3131">
     <span class='ocr_line' id='line_1_31' title="bbox 535 3059 2112 3131; baseline -0.001 -15"><span class='ocrx_word' id='word_1_179' title='bbox 535 3062 731 3128; x_wconf 90' lang='lat' dir='ltr'><strong>dimus,</strong></span> <span class='ocrx_word' id='word_1_180' title='bbox 763 3061 901 3117; x_wconf 90' lang='lat' dir='ltr'><strong>sicut</strong></span> <span class='ocrx_word' id='word_1_181' title='bbox 949 3079 976 3114; x_wconf 87' lang='lat' dir='ltr'><strong>a</strong></span> <span class='ocrx_word' id='word_1_182' title='bbox 1030 3060 1204 3130; x_wconf 88' lang='lat' dir='ltr'><strong>legato</strong></span> <span class='ocrx_word' id='word_1_183' title='bbox 1247 3069 1432 3116; x_wconf 88' lang='lat' dir='ltr'><strong>nostro</strong></span> <span class='ocrx_word' id='word_1_184' title='bbox 1488 3061 1681 3115; x_wconf 84' lang='lat' dir='ltr'><strong>Atnato</strong></span> <span class='ocrx_word' id='word_1_185' title='bbox 1735 3059 2112 3131; x_wconf 85' lang='lat' dir='ltr'><strong>Burdegalensi</strong></span> 
     </span>
    </p>
   </div>
   <div class='ocr_carea' id='block_1_31' title="bbox 540 3149 2118 3221">
    <p class='ocr_par' dir='ltr' id='par_1_31' title="bbox 540 3149 2118 3221">
     <span class='ocr_line' id='line_1_32' title="bbox 540 3149 2118 3221; baseline 0.002 -18"><span class='ocrx_word' id='word_1_186' title='bbox 540 3151 814 3221; x_wconf 85' lang='lat' dir='ltr'><strong>episcopo,</strong></span> <span class='ocrx_word' id='word_1_187' title='bbox 838 3161 891 3206; x_wconf 84' lang='lat' dir='ltr'><strong>et</strong></span> <span class='ocrx_word' id='word_1_188' title='bbox 919 3167 946 3203; x_wconf 85' lang='lat' dir='ltr'><strong>a</strong></span> <span class='ocrx_word' id='word_1_189' title='bbox 970 3149 1417 3205; x_wconf 88' lang='lat' dir='ltr'><strong>reverendissimo</strong></span> <span class='ocrx_word' id='word_1_190' title='bbox 1442 3150 1711 3207; x_wconf 87' lang='lat' dir='ltr'><strong>confratre</strong></span> <span class='ocrx_word' id='word_1_191' title='bbox 1747 3161 1933 3207; x_wconf 89' lang='lat' dir='ltr'><strong>nostro</strong></span> <span class='ocrx_word' id='word_1_192' title='bbox 1960 3150 2118 3206; x_wconf 87' lang='lat' dir='ltr'><strong>Petro</strong></span> 
     </span>
    </p>
   </div>
   <div class='ocr_carea' id='block_1_32' title="bbox 535 3238 2119 3314">
    <p class='ocr_par' dir='ltr' id='par_1_32' title="bbox 535 3238 2119 3314">
     <span class='ocr_line' id='line_1_33' title="bbox 535 3238 2119 3314; baseline 0.003 -22"><span class='ocrx_word' id='word_1_193' title='bbox 535 3238 855 3294; x_wconf 85' lang='lat' dir='ltr'><strong>Pictaviensi</strong></span> <span class='ocrx_word' id='word_1_194' title='bbox 885 3242 1156 3313; x_wconf 85' lang='lat' dir='ltr'><strong>episcopo,</strong></span> <span class='ocrx_word' id='word_1_195' title='bbox 1190 3242 1544 3314; x_wconf 63' lang='lat' dir='ltr'><strong>praesentibus</strong></span> <span class='ocrx_word' id='word_1_196' title='bbox 1575 3241 1840 3310; x_wconf 90' lang='lat' dir='ltr'><strong>episcopis</strong></span> <span class='ocrx_word' id='word_1_197' title='bbox 1871 3249 1926 3295; x_wconf 89' lang='lat' dir='ltr'><strong>et</strong></span> <span class='ocrx_word' id='word_1_198' title='bbox 1951 3241 2119 3296; x_wconf 88' lang='lat' dir='ltr'><strong>abba-</strong></span> 
     </span>
    </p>
   </div>
   <div class='ocr_carea' id='block_1_33' title="bbox 536 3327 2118 3396">
    <p class='ocr_par' dir='ltr' id='par_1_33' title="bbox 536 3327 2118 3396">
     <span class='ocr_line' id='line_1_34' title="bbox 536 3327 2118 3396; baseline 0 -13"><span class='ocrx_word' id='word_1_199' title='bbox 536 3329 698 3396; x_wconf 86' lang='lat' dir='ltr'><strong>tibus,</strong></span> <span class='ocrx_word' id='word_1_200' title='bbox 747 3345 869 3385; x_wconf 93' lang='lat' dir='ltr'><strong>cum</strong></span> <span class='ocrx_word' id='word_1_201' title='bbox 915 3330 1007 3385; x_wconf 88' lang='lat' dir='ltr'><strong>ﬁlii</strong></span> <span class='ocrx_word' id='word_1_202' title='bbox 1053 3333 1222 3389; x_wconf 88' lang='lat' dir='ltr'><strong>nostri</strong></span> <span class='ocrx_word' id='word_1_203' title='bbox 1264 3330 1532 3388; x_wconf 88' lang='lat' dir='ltr'><strong>Guillelmi</strong></span> <span class='ocrx_word' id='word_1_204' title='bbox 1575 3328 1790 3386; x_wconf 87' lang='lat' dir='ltr'><strong>comitis</strong></span> <span class='ocrx_word' id='word_1_205' title='bbox 1833 3327 2017 3384; x_wconf 74' lang='lat' dir='ltr'><strong>favore</strong></span> <span class='ocrx_word' id='word_1_206' title='bbox 2066 3329 2118 3383; x_wconf 92' lang='lat' dir='ltr'><strong>in</strong></span> 
     </span>
    </p>
   </div>
   <div class='ocr_carea' id='block_1_34' title="bbox 533 3418 2120 3492">
    <p class='ocr_par' dir='ltr' id='par_1_34' title="bbox 533 3418 2120 3492">
     <span class='ocr_line' id='line_1_35' title="bbox 533 3418 2120 3492; baseline -0.001 -19"><span class='ocrx_word' id='word_1_207' title='bbox 533 3418 762 3476; x_wconf 89' lang='lat' dir='ltr'><strong>concilio</strong></span> <span class='ocrx_word' id='word_1_208' title='bbox 828 3420 941 3492; x_wconf 79' lang='grc'><strong>(15)</strong></span> <span class='ocrx_word' id='word_1_209' title='bbox 1001 3421 1278 3476; x_wconf 88' lang='lat' dir='ltr'><strong>deﬁnitum</strong></span> <span class='ocrx_word' id='word_1_210' title='bbox 1337 3435 1459 3477; x_wconf 78' lang='lat' dir='ltr'><strong>esse</strong></span> <span class='ocrx_word' id='word_1_211' title='bbox 1537 3419 1888 3491; x_wconf 79' lang='lat' dir='ltr'><strong>cognovimus</strong></span> <span class='ocrx_word' id='word_1_212' title='bbox 1917 3459 1931 3482; x_wconf 94' lang='lat'><strong>,</strong></span> <span class='ocrx_word' id='word_1_213' title='bbox 1983 3418 2120 3473; x_wconf 87' lang='lat' dir='ltr'><strong>sicut</strong></span> 
     </span>
    </p>
   </div>
   <div class='ocr_carea' id='block_1_35' title="bbox 532 3511 2118 3576">
    <p class='ocr_par' dir='ltr' id='par_1_35' title="bbox 532 3511 2118 3576">
     <span class='ocr_line' id='line_1_36' title="bbox 532 3511 2118 3576; baseline 0.002 -13"><span class='ocrx_word' id='word_1_214' title='bbox 532 3519 587 3564; x_wconf 87' lang='lat' dir='ltr'><strong>et</strong></span> <span class='ocrx_word' id='word_1_215' title='bbox 638 3512 956 3568; x_wconf 79' lang='lat' dir='ltr'><strong>venerabilis</strong></span> <span class='ocrx_word' id='word_1_216' title='bbox 998 3513 1135 3568; x_wconf 89' lang='lat' dir='ltr'><strong>ﬁlius</strong></span> <span class='ocrx_word' id='word_1_217' title='bbox 1200 3522 1383 3568; x_wconf 88' lang='lat' dir='ltr'><strong>noster</strong></span> <span class='ocrx_word' id='word_1_218' title='bbox 1438 3511 1750 3576; x_wconf 82' lang='lat' dir='ltr'><strong>Rainaldus,</strong></span> <span class='ocrx_word' id='word_1_219' title='bbox 1807 3511 2118 3566; x_wconf 86' lang='lat' dir='ltr'><strong>monasterii</strong></span> 
     </span>
    </p>
   </div>
   <div class='ocr_carea' id='block_1_36' title="bbox 540 3600 2120 3674">
    <p class='ocr_par' dir='ltr' id='par_1_36' title="bbox 540 3600 2120 3674">
     <span class='ocr_line' id='line_1_37' title="bbox 540 3600 2120 3674; baseline 0 -20"><span class='ocrx_word' id='word_1_220' title='bbox 540 3600 602 3654; x_wconf 86' lang='grc' dir='ltr'><strong>Β.</strong></span> <span class='ocrx_word' id='word_1_221' title='bbox 635 3602 889 3672; x_wconf 85' lang='lat' dir='ltr'><strong>Cypriani</strong></span> <span class='ocrx_word' id='word_1_222' title='bbox 929 3604 1114 3670; x_wconf 87' lang='lat' dir='ltr'><strong>abbas,</strong></span> <span class='ocrx_word' id='word_1_223' title='bbox 1155 3619 1214 3659; x_wconf 90' lang='lat' dir='ltr'><strong>se</strong></span> <span class='ocrx_word' id='word_1_224' title='bbox 1247 3604 1455 3674; x_wconf 85' lang='lat' dir='ltr'><strong>publice</strong></span> <span class='ocrx_word' id='word_1_225' title='bbox 1497 3602 1847 3658; x_wconf 85' lang='lat' dir='ltr'><strong>constitutum</strong></span> <span class='ocrx_word' id='word_1_226' title='bbox 1885 3602 2120 3657; x_wconf 84' lang='lat' dir='ltr'><strong>veridica</strong></span> 
     </span>
    </p>
   </div>
   <div class='ocr_carea' id='block_1_37' title="bbox 535 3693 2120 3759">
    <p class='ocr_par' dir='ltr' id='par_1_37' title="bbox 535 3693 2120 3759">
     <span class='ocr_line' id='line_1_38' title="bbox 535 3693 2120 3759; baseline 0.002 -15"><span class='ocrx_word' id='word_1_227' title='bbox 535 3705 724 3745; x_wconf 88' lang='lat' dir='ltr'><strong>coram</strong></span> <span class='ocrx_word' id='word_1_228' title='bbox 753 3693 908 3749; x_wconf 88' lang='lat' dir='ltr'><strong>nobis</strong></span> <span class='ocrx_word' id='word_1_229' title='bbox 936 3695 1235 3749; x_wconf 80' lang='lat' dir='ltr'><strong>assertione</strong></span> <span class='ocrx_word' id='word_1_230' title='bbox 1269 3702 1492 3750; x_wconf 89' lang='lat' dir='ltr'><strong>testatus</strong></span> <span class='ocrx_word' id='word_1_231' title='bbox 1523 3703 1625 3749; x_wconf 90' lang='lat' dir='ltr'><strong>est.</strong></span> <span class='ocrx_word' id='word_1_232' title='bbox 1654 3693 1791 3759; x_wconf 81' lang='lat' dir='ltr'><strong>Quia</strong></span> <span class='ocrx_word' id='word_1_233' title='bbox 1819 3693 1960 3749; x_wconf 90' lang='lat' dir='ltr'><strong>enim</strong></span> <span class='ocrx_word' id='word_1_234' title='bbox 2005 3701 2120 3748; x_wconf 87' lang='lat' dir='ltr'><strong>sta-</strong></span> 
     </span>
    </p>
   </div>
   <div class='ocr_carea' id='block_1_38' title="bbox 546 3782 2121 3856">
    <p class='ocr_par' dir='ltr' id='par_1_38' title="bbox 546 3782 2121 3856">
     <span class='ocr_line' id='line_1_39' title="bbox 546 3782 2121 3856; baseline 0.003 -21"><span class='ocrx_word' id='word_1_235' title='bbox 546 3782 649 3836; x_wconf 89' lang='lat' dir='ltr'><strong>tuti</strong></span> <span class='ocrx_word' id='word_1_236' title='bbox 676 3784 923 3840; x_wconf 89' lang='lat' dir='ltr'><strong>canonici</strong></span> <span class='ocrx_word' id='word_1_237' title='bbox 951 3786 1243 3841; x_wconf 87' lang='lat' dir='ltr'><strong>secundum</strong></span> <span class='ocrx_word' id='word_1_238' title='bbox 1274 3787 1477 3856; x_wconf 88' lang='lat' dir='ltr'><strong>accepti</strong></span> <span class='ocrx_word' id='word_1_239' title='bbox 1523 3801 1553 3840; x_wconf 90' lang='lat' dir='ltr'><strong>a</strong></span> <span class='ocrx_word' id='word_1_240' title='bbox 1605 3786 1846 3840; x_wconf 79' lang='lat' dir='ltr'><strong>Romana</strong></span> <span class='ocrx_word' id='word_1_241' title='bbox 1881 3784 2121 3841; x_wconf 89' lang='lat' dir='ltr'><strong>Ecclesia</strong></span> 
     </span>
    </p>
   </div>
   <div class='ocr_carea' id='block_1_39' title="bbox 535 3872 2119 3945">
    <p class='ocr_par' dir='ltr' id='par_1_39' title="bbox 535 3872 2119 3945">
     <span class='ocr_line' id='line_1_40' title="bbox 535 3872 2119 3945; baseline 0.003 -19"><span class='ocrx_word' id='word_1_242' title='bbox 535 3872 800 3944; x_wconf 80' lang='lat' dir='ltr'><strong>privilegii</strong></span> <span class='ocrx_word' id='word_1_243' title='bbox 831 3882 1074 3929; x_wconf 88' lang='lat' dir='ltr'><strong>tenorem</strong></span> <span class='ocrx_word' id='word_1_244' title='bbox 1095 3874 1273 3930; x_wconf 86' lang='lat' dir='ltr'><strong>vivere</strong></span> <span class='ocrx_word' id='word_1_245' title='bbox 1302 3883 1760 3944; x_wconf 89' lang='lat' dir='ltr'><strong>contempserunt,</strong></span> <span class='ocrx_word' id='word_1_246' title='bbox 1785 3883 1841 3929; x_wconf 87' lang='lat' dir='ltr'><strong>et</strong></span> <span class='ocrx_word' id='word_1_247' title='bbox 1867 3875 1934 3929; x_wconf 90' lang='lat' dir='ltr'><strong>ab</strong></span> <span class='ocrx_word' id='word_1_248' title='bbox 1951 3874 2119 3945; x_wconf 88' lang='lat' dir='ltr'><strong>ipsius</strong></span> 
     </span>
    </p>
   </div>
   <div class='ocr_carea' id='block_1_40' title="bbox 535 3964 2117 4037">
    <p class='ocr_par' dir='ltr' id='par_1_40' title="bbox 535 3964 2117 4037">
     <span class='ocr_line' id='line_1_41' title="bbox 535 3964 2117 4037; baseline 0.002 -20"><span class='ocrx_word' id='word_1_249' title='bbox 535 3964 774 4020; x_wconf 87' lang='lat' dir='ltr'><strong>civitatis</strong></span> <span class='ocrx_word' id='word_1_250' title='bbox 802 3965 1056 4037; x_wconf 89' lang='lat' dir='ltr'><strong>episcopo</strong></span> <span class='ocrx_word' id='word_1_251' title='bbox 1086 3966 1199 4022; x_wconf 89' lang='lat' dir='ltr'><strong>sive</strong></span> <span class='ocrx_word' id='word_1_252' title='bbox 1227 3979 1259 4020; x_wconf 89' lang='lat' dir='ltr'><strong>a</strong></span> <span class='ocrx_word' id='word_1_253' title='bbox 1293 3965 1482 4037; x_wconf 80' lang='lat' dir='ltr'><strong>legatis</strong></span> <span class='ocrx_word' id='word_1_254' title='bbox 1508 3965 1710 4021; x_wconf 73' lang='lat' dir='ltr'><strong>nosuis</strong></span> <span class='ocrx_word' id='word_1_255' title='bbox 1737 3964 2018 4030; x_wconf 86' lang='lat' dir='ltr'><strong>admoniti,</strong></span> <span class='ocrx_word' id='word_1_256' title='bbox 2051 3965 2117 4020; x_wconf 91' lang='lat' dir='ltr'><strong>ad</strong></span> 
     </span>
    </p>
   </div>
   <div class='ocr_carea' id='block_1_41' title="bbox 537 4057 2116 4131">
    <p class='ocr_par' dir='ltr' id='par_1_41' title="bbox 537 4057 2116 4131">
     <span class='ocr_line' id='line_1_42' title="bbox 537 4057 2116 4131; baseline 0.001 -19"><span class='ocrx_word' id='word_1_257' title='bbox 537 4071 650 4113; x_wconf 87' lang='lat' dir='ltr'><strong>suae</strong></span> <span class='ocrx_word' id='word_1_258' title='bbox 689 4057 888 4131; x_wconf 80' lang='lat' dir='ltr'><strong>regula:</strong></span> <span class='ocrx_word' id='word_1_259' title='bbox 932 4059 1266 4130; x_wconf 86' lang='lat' dir='ltr'><strong>prepositum</strong></span> <span class='ocrx_word' id='word_1_260' title='bbox 1301 4058 1506 4115; x_wconf 89' lang='lat' dir='ltr'><strong>conniti</strong></span> <span class='ocrx_word' id='word_1_261' title='bbox 1545 4057 1894 4130; x_wconf 86' lang='lat' dir='ltr'><strong>pertinaciter</strong></span> <span class='ocrx_word' id='word_1_262' title='bbox 1919 4073 2116 4114; x_wconf 89' lang='lat' dir='ltr'><strong>renue-</strong></span> 
     </span>
    </p>
   </div>
   <div class='ocr_carea' id='block_1_42' title="bbox 537 4149 2114 4220">
    <p class='ocr_par' dir='ltr' id='par_1_42' title="bbox 537 4149 2114 4220">
     <span class='ocr_line' id='line_1_43' title="bbox 537 4149 2114 4220; baseline -0.001 -15"><span class='ocrx_word' id='word_1_263' title='bbox 537 4161 688 4216; x_wconf 92' lang='lat' dir='ltr'><strong>runt,</strong></span> <span class='ocrx_word' id='word_1_264' title='bbox 736 4165 844 4207; x_wconf 90' lang='lat' dir='ltr'><strong>non</strong></span> <span class='ocrx_word' id='word_1_265' title='bbox 898 4151 1191 4218; x_wconf 89' lang='lat' dir='ltr'><strong>immerito,</strong></span> <span class='ocrx_word' id='word_1_266' title='bbox 1225 4149 1378 4220; x_wconf 81' lang='lat' dir='ltr'><strong>juxta</strong></span> <span class='ocrx_word' id='word_1_267' title='bbox 1423 4149 1790 4219; x_wconf 81' lang='lat' dir='ltr'><strong>evangelicum</strong></span> <span class='ocrx_word' id='word_1_268' title='bbox 1834 4149 2114 4220; x_wconf 91' lang='lat' dir='ltr'><strong>judicium,</strong></span> 
     </span>
    </p>
   </div>
   <div class='ocr_carea' id='block_1_43' title="bbox 536 4240 2115 4313">
    <p class='ocr_par' dir='ltr' id='par_1_43' title="bbox 536 4240 2115 4313">
     <span class='ocr_line' id='line_1_44' title="bbox 536 4240 2115 4313; baseline -0.001 -17"><span class='ocrx_word' id='word_1_269' title='bbox 536 4256 762 4313; x_wconf 82' lang='lat' dir='ltr'><strong>regnum</strong></span> <span class='ocrx_word' id='word_1_270' title='bbox 792 4243 886 4299; x_wconf 89' lang='lat' dir='ltr'><strong>Dei</strong></span> <span class='ocrx_word' id='word_1_271' title='bbox 921 4243 988 4298; x_wconf 89' lang='lat' dir='ltr'><strong>ab</strong></span> <span class='ocrx_word' id='word_1_272' title='bbox 1011 4244 1091 4299; x_wconf 91' lang='lat' dir='ltr'><strong>eis</strong></span> <span class='ocrx_word' id='word_1_273' title='bbox 1126 4242 1386 4310; x_wconf 87' lang='lat' dir='ltr'><strong>ablatum,</strong></span> <span class='ocrx_word' id='word_1_274' title='bbox 1408 4252 1462 4298; x_wconf 86' lang='lat' dir='ltr'><strong>et</strong></span> <span class='ocrx_word' id='word_1_275' title='bbox 1487 4242 1696 4298; x_wconf 89' lang='lat' dir='ltr'><strong>fructus</strong></span> <span class='ocrx_word' id='word_1_276' title='bbox 1720 4240 1838 4310; x_wconf 92' lang='lat' dir='ltr'><strong>ejus</strong></span> <span class='ocrx_word' id='word_1_277' title='bbox 1867 4241 2115 4296; x_wconf 82' lang='lat' dir='ltr'><strong>facienti-</strong></span> 
     </span>
    </p>
   </div>
   <div class='ocr_carea' id='block_1_44' title="bbox 534 4331 2117 4406">
    <p class='ocr_par' dir='ltr' id='par_1_44' title="bbox 534 4331 2117 4406">
     <span class='ocr_line' id='line_1_45' title="bbox 534 4331 2117 4406; baseline -0.002 -17"><span class='ocrx_word' id='word_1_278' title='bbox 534 4333 638 4389; x_wconf 86' lang='lat' dir='ltr'><strong>bus</strong></span> <span class='ocrx_word' id='word_1_279' title='bbox 666 4335 850 4389; x_wconf 89' lang='lat' dir='ltr'><strong>datum</strong></span> <span class='ocrx_word' id='word_1_280' title='bbox 877 4343 981 4390; x_wconf 91' lang='lat' dir='ltr'><strong>est.</strong></span> <span class='ocrx_word' id='word_1_281' title='bbox 1015 4335 1203 4391; x_wconf 84' lang='lat' dir='ltr'><strong>Vestra</strong></span> <span class='ocrx_word' id='word_1_282' title='bbox 1238 4335 1418 4406; x_wconf 84' lang='lat' dir='ltr'><strong>itaque</strong></span> <span class='ocrx_word' id='word_1_283' title='bbox 1465 4334 1711 4400; x_wconf 90' lang='lat' dir='ltr'><strong>interest,</strong></span> <span class='ocrx_word' id='word_1_284' title='bbox 1744 4331 1838 4388; x_wconf 91' lang='lat' dir='ltr'><strong>ﬁlii</strong></span> <span class='ocrx_word' id='word_1_285' title='bbox 1878 4332 1933 4388; x_wconf 91' lang='lat' dir='ltr'><strong>in</strong></span> <span class='ocrx_word' id='word_1_286' title='bbox 1963 4331 2117 4388; x_wconf 85' lang='lat' dir='ltr'><strong>Chri-</strong></span> 
     </span>
    </p>
   </div>
   <div class='ocr_carea' id='block_1_45' title="bbox 1873 298 2548 358">
    <p class='ocr_par' dir='ltr' id='par_1_45' title="bbox 1873 298 2548 358">
     <span class='ocr_line' id='line_1_46' title="bbox 1873 298 2548 358; baseline 0.003 -4"><span class='ocrx_word' id='word_1_287' title='bbox 1873 300 1929 354; x_wconf 84' lang='lat' dir='ltr'><strong>B.</strong></span> <span class='ocrx_word' id='word_1_288' title='bbox 1976 298 2230 356; x_wconf 80' lang='lat' dir='ltr'><strong>URBANI</strong></span> <span class='ocrx_word' id='word_1_289' title='bbox 2269 299 2309 354; x_wconf 93' lang='lat' dir='ltr'><strong>II</strong></span> <span class='ocrx_word' id='word_1_290' title='bbox 2350 299 2548 358; x_wconf 68' lang='grc' dir='ltr'><strong>ΡΑΡΑΞ</strong></span> 
     </span>
    </p>
   </div>
   <div class='ocr_carea' id='block_1_46' title="bbox 2148 415 3785 494">
    <p class='ocr_par' dir='ltr' id='par_1_46' title="bbox 2148 415 3785 494">
     <span class='ocr_line' id='line_1_47' title="bbox 2148 415 3785 494; baseline 0.006 -22"><span class='ocrx_word' id='word_1_291' title='bbox 2148 416 2193 472; x_wconf 79' lang='grc' dir='ltr'>Α</span> <span class='ocrx_word' id='word_1_292' title='bbox 2220 415 2347 469; x_wconf 89' lang='lat' dir='ltr'><strong>laris</strong></span> <span class='ocrx_word' id='word_1_293' title='bbox 2381 415 2675 487; x_wconf 82' lang='lat' dir='ltr'><strong>disciplina:</strong></span> <span class='ocrx_word' id='word_1_294' title='bbox 2723 417 2896 474; x_wconf 86' lang='lat' dir='ltr'><strong>ordini</strong></span> <span class='ocrx_word' id='word_1_295' title='bbox 2928 417 3157 476; x_wconf 87' lang='lat' dir='ltr'><strong>sollicite</strong></span> <span class='ocrx_word' id='word_1_296' title='bbox 3199 418 3476 490; x_wconf 84' lang='lat' dir='ltr'><strong>insudare,</strong></span> <span class='ocrx_word' id='word_1_297' title='bbox 3509 431 3574 478; x_wconf 85' lang='lat' dir='ltr'><strong>ut</strong></span> <span class='ocrx_word' id='word_1_298' title='bbox 3599 435 3785 494; x_wconf 71' lang='lat' dir='ltr'><strong>quails</strong></span> 
     </span>
    </p>
   </div>
   <div class='ocr_carea' id='block_1_47' title="bbox 3691 312 3780 370">
    <p class='ocr_par' dir='ltr' id='par_1_47' title="bbox 3691 312 3780 370">
     <span class='ocr_line' id='line_1_48' title="bbox 3691 312 3780 370; baseline 0 0"><span class='ocrx_word' id='word_1_299' title='bbox 3691 312 3780 370; x_wconf 74' lang='lat'><strong>368</strong></span> 
     </span>
    </p>
   </div>
   <div class='ocr_carea' id='block_1_48' title="bbox 2217 506 3766 580">
    <p class='ocr_par' dir='ltr' id='par_1_48' title="bbox 2217 506 3766 580">
     <span class='ocr_line' id='line_1_49' title="bbox 2217 506 3766 580; baseline 0.009 -22"><span class='ocrx_word' id='word_1_300' title='bbox 2217 521 2244 558; x_wconf 93' lang='lat' dir='ltr'><strong>a</strong></span> <span class='ocrx_word' id='word_1_301' title='bbox 2279 506 2625 563; x_wconf 72' lang='lat' dir='ltr'><strong>smcularibns</strong></span> <span class='ocrx_word' id='word_1_302' title='bbox 2654 509 2967 566; x_wconf 87' lang='lat' dir='ltr'><strong>tumultibus</strong></span> <span class='ocrx_word' id='word_1_303' title='bbox 2995 511 3276 568; x_wconf 87' lang='lat' dir='ltr'><strong>liberiores</strong></span> <span class='ocrx_word' id='word_1_304' title='bbox 3314 515 3469 580; x_wconf 89' lang='lat' dir='ltr'><strong>estis,</strong></span> <span class='ocrx_word' id='word_1_305' title='bbox 3503 523 3662 570; x_wconf 76' lang='lat' dir='ltr'><strong>tanto</strong></span> <span class='ocrx_word' id='word_1_306' title='bbox 3688 535 3766 573; x_wconf 76' lang='lat' dir='ltr'><strong>an</strong></span> 
     </span>
    </p>
   </div>
   <div class='ocr_carea' id='block_1_49' title="bbox 2216 592 3787 663">
    <p class='ocr_par' dir='ltr' id='par_1_49' title="bbox 2216 592 3787 663">
     <span class='ocr_line' id='line_1_50' title="bbox 2216 592 3787 663; baseline 0.011 -19"><span class='ocrx_word' id='word_1_307' title='bbox 2216 592 2354 662; x_wconf 86' lang='lat' dir='ltr'><strong>plius</strong></span> <span class='ocrx_word' id='word_1_308' title='bbox 2381 593 2594 663; x_wconf 75' lang='lat' dir='ltr'><strong>placere</strong></span> <span class='ocrx_word' id='word_1_309' title='bbox 2623 595 2733 651; x_wconf 89' lang='lat' dir='ltr'><strong>Deo</strong></span> <span class='ocrx_word' id='word_1_310' title='bbox 2759 599 2922 654; x_wconf 90' lang='lat' dir='ltr'><strong>totius</strong></span> <span class='ocrx_word' id='word_1_311' title='bbox 2950 601 3147 656; x_wconf 90' lang='lat' dir='ltr'><strong>mentis</strong></span> <span class='ocrx_word' id='word_1_312' title='bbox 3185 611 3243 657; x_wconf 90' lang='lat' dir='ltr'><strong>et</strong></span> <span class='ocrx_word' id='word_1_313' title='bbox 3277 603 3476 659; x_wconf 67' lang='lat' dir='ltr'><strong>anima</strong></span> <span class='ocrx_word' id='word_1_314' title='bbox 3508 605 3787 663; x_wconf 74' lang='lat' dir='ltr'><strong>virtutibus</strong></span> 
     </span>
    </p>
   </div>
   <div class='ocr_carea' id='block_1_50' title="bbox 2217 685 3764 764">
    <p class='ocr_par' dir='ltr' id='par_1_50' title="bbox 2217 685 3764 764">
     <span class='ocr_line' id='line_1_51' title="bbox 2217 685 3764 764; baseline 0.009 -28"><span class='ocrx_word' id='word_1_315' title='bbox 2217 685 2499 739; x_wconf 80' lang='lat' dir='ltr'><strong>anlteletis.</strong></span> <span class='ocrx_word' id='word_1_316' title='bbox 2533 685 2588 741; x_wconf 93' lang='lat' dir='ltr'><strong>Si</strong></span> <span class='ocrx_word' id='word_1_317' title='bbox 2620 688 2742 756; x_wconf 89' lang='lat' dir='ltr'><strong>quis</strong></span> <span class='ocrx_word' id='word_1_318' title='bbox 2783 705 2914 745; x_wconf 90' lang='lat' dir='ltr'><strong>vero</strong></span> <span class='ocrx_word' id='word_1_319' title='bbox 2945 691 3290 762; x_wconf 89' lang='lat' dir='ltr'><strong>regularium,</strong></span> <span class='ocrx_word' id='word_1_320' title='bbox 3321 695 3693 762; x_wconf 85' lang='lat' dir='ltr'><strong>sacerdotum,</strong></span> <span class='ocrx_word' id='word_1_321' title='bbox 3708 695 3764 764; x_wconf 77' lang='lat' dir='ltr'><strong>jn</strong></span> 
     </span>
    </p>
   </div>
   <div class='ocr_carea' id='block_1_51' title="bbox 2214 775 3786 852">
    <p class='ocr_par' dir='ltr' id='par_1_51' title="bbox 2214 775 3786 852">
     <span class='ocr_line' id='line_1_52' title="bbox 2214 775 3786 852; baseline 0.007 -24"><span class='ocrx_word' id='word_1_322' title='bbox 2214 775 2394 829; x_wconf 91' lang='lat' dir='ltr'><strong>dicum</strong></span> <span class='ocrx_word' id='word_1_323' title='bbox 2422 786 2586 846; x_wconf 90' lang='lat' dir='ltr'><strong>atque</strong></span> <span class='ocrx_word' id='word_1_324' title='bbox 2614 780 2954 836; x_wconf 66' lang='lat' dir='ltr'><strong>swcularium</strong></span> <span class='ocrx_word' id='word_1_325' title='bbox 2988 798 3217 852; x_wconf 86' lang='lat' dir='ltr'><strong>persona</strong></span> <span class='ocrx_word' id='word_1_326' title='bbox 3256 785 3394 840; x_wconf 87' lang='lat' dir='ltr'><strong>hanc</strong></span> <span class='ocrx_word' id='word_1_327' title='bbox 3438 801 3579 841; x_wconf 77' lang='lat' dir='ltr'><strong>mea:</strong></span> <span class='ocrx_word' id='word_1_328' title='bbox 3603 789 3786 841; x_wconf 76' lang='lat' dir='ltr'><strong>consti-</strong></span> 
     </span>
    </p>
   </div>
   <div class='ocr_carea' id='block_1_52' title="bbox 2218 867 3592 942">
    <p class='ocr_par' dir='ltr' id='par_1_52' title="bbox 2218 867 3592 942">
     <span class='ocr_line' id='line_1_53' title="bbox 2218 867 3592 942; baseline 0.006 -23"><span class='ocrx_word' id='word_1_329' title='bbox 2218 867 2438 922; x_wconf 89' lang='lat' dir='ltr'><strong>tutionis</strong></span> <span class='ocrx_word' id='word_1_330' title='bbox 2461 869 2710 940; x_wconf 87' lang='lat' dir='ltr'><strong>paginam</strong></span> <span class='ocrx_word' id='word_1_331' title='bbox 2739 886 3056 942; x_wconf 87' lang='lat' dir='ltr'><strong>agnoscens,</strong></span> <span class='ocrx_word' id='word_1_332' title='bbox 3086 883 3272 926; x_wconf 68' lang='lat' dir='ltr'><strong>contra</strong></span> <span class='ocrx_word' id='word_1_333' title='bbox 3301 889 3444 938; x_wconf 85' lang='lat' dir='ltr'><strong>eam,</strong></span> <span class='ocrx_word' id='word_1_334' title='bbox 3476 885 3592 929; x_wconf 91' lang='lat' dir='ltr'><strong>etc.</strong></span> 
     </span>
    </p>
   </div>
   <div class='ocr_carea' id='block_1_53' title="bbox 2287 957 3788 1029">
    <p class='ocr_par' dir='ltr' id='par_1_53' title="bbox 2287 957 3788 1029">
     <span class='ocr_line' id='line_1_54' title="bbox 2287 957 3788 1029; baseline 0.005 -17"><span class='ocrx_word' id='word_1_335' title='bbox 2287 957 2569 1013; x_wconf 90' lang='lat' dir='ltr'><strong>Datnm....</strong></span> <span class='ocrx_word' id='word_1_336' title='bbox 2616 960 2721 1029; x_wconf 86' lang='lat' dir='ltr'><strong>&#39;per</strong></span> <span class='ocrx_word' id='word_1_337' title='bbox 2770 977 2963 1017; x_wconf 87' lang='lat' dir='ltr'><strong>manus</strong></span> <span class='ocrx_word' id='word_1_338' title='bbox 3011 961 3238 1018; x_wconf 86' lang='lat' dir='ltr'><strong>Joannis</strong></span> <span class='ocrx_word' id='word_1_339' title='bbox 3289 973 3495 1019; x_wconf 71' lang='lat' dir='ltr'><strong>sanctae</strong></span> <span class='ocrx_word' id='word_1_340' title='bbox 3543 964 3788 1019; x_wconf 69' lang='lat' dir='ltr'><strong>Roman:</strong></span> 
     </span>
    </p>
   </div>
   <div class='ocr_carea' id='block_1_54' title="bbox 2217 1047 3786 1121">
    <p class='ocr_par' dir='ltr' id='par_1_54' title="bbox 2217 1047 3786 1121">
     <span class='ocr_line' id='line_1_55' title="bbox 2217 1047 3786 1121; baseline 0.005 -19"><span class='ocrx_word' id='word_1_341' title='bbox 2217 1047 2472 1104; x_wconf 75' lang='lat' dir='ltr'><strong>Ecclesia:</strong></span> <span class='ocrx_word' id='word_1_342' title='bbox 2515 1050 2723 1107; x_wconf 90' lang='lat' dir='ltr'><strong>diaconi</strong></span> <span class='ocrx_word' id='word_1_343' title='bbox 2773 1053 2948 1121; x_wconf 87' lang='lat' dir='ltr'><strong>eard.,</strong></span> <span class='ocrx_word' id='word_1_344' title='bbox 2988 1069 3078 1108; x_wconf 85' lang='lat' dir='ltr'><strong>xvt</strong></span> <span class='ocrx_word' id='word_1_345' title='bbox 3111 1053 3229 1109; x_wconf 80' lang='lat' dir='ltr'><strong>Kal.</strong></span> <span class='ocrx_word' id='word_1_346' title='bbox 3261 1053 3616 1121; x_wconf 78' lang='lat' dir='ltr'><strong>Novembris,</strong></span> <span class='ocrx_word' id='word_1_347' title='bbox 3663 1057 3786 1110; x_wconf 76' lang='lat' dir='ltr'><strong>indi-</strong></span> 
     </span>
    </p>
   </div>
   <div class='ocr_carea' id='block_1_55' title="bbox 2215 1139 3769 1208">
    <p class='ocr_par' dir='ltr' id='par_1_55' title="bbox 2215 1139 3769 1208">
     <span class='ocr_line' id='line_1_56' title="bbox 2215 1139 3769 1208; baseline 0.003 -15"><span class='ocrx_word' id='word_1_348' title='bbox 2215 1139 2391 1195; x_wconf 88' lang='lat' dir='ltr'><strong>ctione</strong></span> <span class='ocrx_word' id='word_1_349' title='bbox 2430 1141 2623 1208; x_wconf 91' lang='lat' dir='ltr'><strong>prima,</strong></span> <span class='ocrx_word' id='word_1_350' title='bbox 2673 1159 2815 1198; x_wconf 90' lang='lat' dir='ltr'><strong>anno</strong></span> <span class='ocrx_word' id='word_1_351' title='bbox 2864 1143 3156 1202; x_wconf 82' lang='lat' dir='ltr'><strong>Dominica:</strong></span> <span class='ocrx_word' id='word_1_352' title='bbox 3200 1143 3603 1200; x_wconf 86' lang='lat' dir='ltr'><strong>Incarnatiouis</strong></span> <span class='ocrx_word' id='word_1_353' title='bbox 3651 1144 3769 1198; x_wconf 76' lang='lat'><strong>1093</strong></span> 
     </span>
    </p>
   </div>
   <div class='ocr_carea' id='block_1_56' title="bbox 2217 1230 3521 1305">
    <p class='ocr_par' dir='ltr' id='par_1_56' title="bbox 2217 1230 3521 1305">
     <span class='ocr_line' id='line_1_57' title="bbox 2217 1230 3521 1305; baseline 0.006 -24"><span class='ocrx_word' id='word_1_354' title='bbox 2217 1230 2560 1300; x_wconf 90' lang='lat' dir='ltr'><strong>pontiﬁcatus</strong></span> <span class='ocrx_word' id='word_1_355' title='bbox 2589 1243 2768 1287; x_wconf 90' lang='lat' dir='ltr'><strong>autem</strong></span> <span class='ocrx_word' id='word_1_356' title='bbox 2799 1233 3000 1288; x_wconf 87' lang='lat' dir='ltr'><strong>Urbani</strong></span> <span class='ocrx_word' id='word_1_357' title='bbox 3031 1250 3180 1305; x_wconf 82' lang='lat' dir='ltr'><strong>papa:</strong></span> <span class='ocrx_word' id='word_1_358' title='bbox 3205 1235 3250 1290; x_wconf 90' lang='lat' dir='ltr'><strong>Il</strong></span> <span class='ocrx_word' id='word_1_359' title='bbox 3276 1251 3418 1291; x_wconf 87' lang='lat' dir='ltr'><strong>anno</strong></span> <span class='ocrx_word' id='word_1_360' title='bbox 3447 1251 3521 1291; x_wconf 81' lang='lat' dir='ltr'><strong>vr.</strong></span> 
     </span>
    </p>
   </div>
   <div class='ocr_carea' id='block_1_57' title="bbox 2839 1325 3166 1382">
    <p class='ocr_par' dir='ltr' id='par_1_57' title="bbox 2839 1325 3166 1382">
     <span class='ocr_line' id='line_1_58' title="bbox 2839 1325 3166 1382; baseline 0.006 -2"><span class='ocrx_word' id='word_1_361' title='bbox 2839 1325 3166 1382; x_wconf 74' lang='lat' dir='ltr'><strong>LXXXVIII.</strong></span> 
     </span>
    </p>
   </div>
   <div class='ocr_carea' id='block_1_58' title="bbox 2219 1411 3783 1487">
    <p class='ocr_par' dir='ltr' id='par_1_58' title="bbox 2219 1411 3783 1487">
     <span class='ocr_line' id='line_1_59' title="bbox 2219 1411 3783 1487; baseline 0.004 -22"><span class='ocrx_word' id='word_1_362' title='bbox 2219 1411 2532 1487; x_wconf 65' lang='lat' dir='ltr'><strong>Urbanill</strong></span> <span class='ocrx_word' id='word_1_363' title='bbox 2553 1430 2702 1487; x_wconf 67' lang='lat' dir='ltr'><strong>papa:</strong></span> <span class='ocrx_word' id='word_1_364' title='bbox 2745 1416 2964 1484; x_wconf 79' lang='lat' dir='ltr'><strong>epistola</strong></span> <span class='ocrx_word' id='word_1_365' title='bbox 2996 1419 3066 1470; x_wconf 87' lang='lat' dir='ltr'><strong>ad</strong></span> <span class='ocrx_word' id='word_1_366' title='bbox 3099 1417 3428 1487; x_wconf 73' lang='lat' dir='ltr'><strong>Ragnaldum</strong></span> <span class='ocrx_word' id='word_1_367' title='bbox 3459 1418 3707 1472; x_wconf 59' lang='lat' dir='ltr'><strong>abbatem</strong></span> <span class='ocrx_word' id='word_1_368' title='bbox 3737 1419 3783 1474; x_wconf 87' lang='lat' dir='ltr'><strong>S.</strong></span> 
     </span>
    </p>
   </div>
   <div class='ocr_carea' id='block_1_59' title="bbox 2287 1482 3783 1558">
    <p class='ocr_par' dir='ltr' id='par_1_59' title="bbox 2287 1482 3783 1558">
     <span class='ocr_line' id='line_1_60' title="bbox 2287 1482 3783 1558; baseline 0.003 -21"><span class='ocrx_word' id='word_1_369' title='bbox 2287 1482 2535 1558; x_wconf 70' lang='lat' dir='ltr'><strong>Cypriani</strong></span> <span class='ocrx_word' id='word_1_370' title='bbox 2570 1482 2942 1558; x_wconf 81' lang='lat' dir='ltr'><strong>Pictaviensis._</strong></span> <span class='ocrx_word' id='word_1_371' title='bbox 2964 1517 3036 1558; x_wconf 42' lang='lat'><strong>5—-</strong></span> <span class='ocrx_word' id='word_1_372' title='bbox 3061 1482 3328 1558; x_wconf 72' lang='lat' dir='ltr'><strong>Quidquid</strong></span> <span class='ocrx_word' id='word_1_373' title='bbox 3355 1489 3509 1558; x_wconf 78' lang='lat' dir='ltr'><strong>juris</strong></span> <span class='ocrx_word' id='word_1_374' title='bbox 3550 1499 3626 1558; x_wconf 19' lang='lat' dir='ltr'><strong>et,</strong></span> <span class='ocrx_word' id='word_1_375' title='bbox 3646 1505 3783 1542; x_wconf 65' lang='grc' dir='ltr'><strong>ωηο-</strong></span> 
     </span>
    </p>
   </div>
   <div class='ocr_carea' id='block_1_60' title="bbox 2286 1553 3782 1634">
    <p class='ocr_par' dir='ltr' id='par_1_60' title="bbox 2286 1553 3782 1634">
     <span class='ocr_line' id='line_1_61' title="bbox 2286 1553 3782 1634; baseline 0.004 -29"><span class='ocrx_word' id='word_1_376' title='bbox 2286 1553 2445 1634; x_wconf 48' lang='grc' dir='ltr'><strong>ίεὶεω.</strong></span> <span class='ocrx_word' id='word_1_377' title='bbox 2477 1555 2745 1634; x_wconf 52' lang='lat' dir='ltr'><strong>potestatis</strong></span> <span class='ocrx_word' id='word_1_378' title='bbox 2787 1555 3103 1634; x_wconf 71' lang='lat' dir='ltr'><strong>acquisierat</strong></span> <span class='ocrx_word' id='word_1_379' title='bbox 3155 1553 3224 1609; x_wconf 56' lang='lat' dir='ltr'><strong>in&#39;</strong></span> <span class='ocrx_word' id='word_1_380' title='bbox 3260 1553 3532 1634; x_wconf 68' lang='lat' dir='ltr'><strong>ecclesiam</strong></span> <span class='ocrx_word' id='word_1_381' title='bbox 3594 1557 3782 1634; x_wconf 61' lang='lat' dir='ltr'><strong>Sancte</strong></span> 
     </span>
    </p>
   </div>
   <div class='ocr_carea' id='block_1_61' title="bbox 2287 1621 3783 1764">
    <p class='ocr_par' dir='ltr' id='par_1_61' title="bbox 2287 1621 3783 1764">
     <span class='ocr_line' id='line_1_62' title="bbox 2287 1621 3783 1696; baseline 0.003 -20"><span class='ocrx_word' id='word_1_382' title='bbox 2287 1621 2471 1676; x_wconf 83' lang='lat' dir='ltr'><strong>Crucis</strong></span> <span class='ocrx_word' id='word_1_383' title='bbox 2499 1623 2640 1692; x_wconf 86' lang='lat' dir='ltr'><strong>apud</strong></span> <span class='ocrx_word' id='word_1_384' title='bbox 2662 1623 2744 1677; x_wconf 80' lang='lat' dir='ltr'><strong>En</strong></span> <span class='ocrx_word' id='word_1_385' title='bbox 2781 1621 2907 1690; x_wconf 73' lang='lat' dir='ltr'><strong>tam,</strong></span> <span class='ocrx_word' id='word_1_386' title='bbox 2941 1626 3105 1680; x_wconf 85' lang='lat' dir='ltr'><strong>eidem</strong></span> <span class='ocrx_word' id='word_1_387' title='bbox 3135 1627 3390 1692; x_wconf 79' lang='lat' dir='ltr'><strong>concedit,</strong></span> <span class='ocrx_word' id='word_1_388' title='bbox 3427 1638 3480 1682; x_wconf 76' lang='lat' dir='ltr'><strong>et</strong></span> <span class='ocrx_word' id='word_1_389' title='bbox 3511 1628 3783 1696; x_wconf 69' lang='lat' dir='ltr'><strong>apostolica</strong></span> 
     </span>
     <span class='ocr_line' id='line_1_63' title="bbox 2288 1641 2923 1764; baseline 0.005 -19"><span class='ocrx_word' id='word_1_390' title='bbox 2288 1694 2598 1747; x_wconf 79' lang='lat' dir='ltr'><strong>auctoritate</strong></span> <span class='ocrx_word' id='word_1_391' title='bbox 2626 1641 2923 1764; x_wconf 65' lang='lat' dir='ltr'><strong>conﬁgrmat.</strong></span> 
     </span>
    </p>
   </div>
   <div class='ocr_carea' id='block_1_62' title="bbox 2288 1709 2923 1752">
    <p class='ocr_par' dir='ltr' id='par_1_62' title="bbox 2288 1709 2923 1752">
     <span class='ocr_line' id='line_1_64' title="bbox 2288 1709 2923 1752; baseline 0.003 -7"><span class='ocrx_word' id='word_1_392' title='bbox 2288 1709 2598 1747; x_wconf 76' lang='lat' dir='ltr'><strong>auctoritate</strong></span> <span class='ocrx_word' id='word_1_393' title='bbox 2626 1709 2762 1752; x_wconf 80' lang='lat' dir='ltr'><strong>conn</strong></span> <span class='ocrx_word' id='word_1_394' title='bbox 2770 1709 2923 1752; x_wconf 82' lang='lat' dir='ltr'><strong>rmat.</strong></span> 
     </span>
    </p>
   </div>
   <div class='ocr_carea' id='block_1_63' title="bbox 2809 1781 3193 1858">
    <p class='ocr_par' dir='ltr' id='par_1_63' title="bbox 2809 1781 3193 1858">
     <span class='ocr_line' id='line_1_65' title="bbox 2809 1781 3193 1858; baseline 0.008 -22"><span class='ocrx_word' id='word_1_395' title='bbox 2809 1781 2987 1852; x_wconf 84' lang='lat' dir='ltr'><strong>(Anno</strong></span> <span class='ocrx_word' id='word_1_396' title='bbox 3012 1784 3193 1858; x_wconf 77' lang='lat' dir='ltr'><strong>I095.)</strong></span> 
     </span>
    </p>
   </div>
   <div class='ocr_carea' id='block_1_64' title="bbox 2419 1872 3594 1949">
    <p class='ocr_par' dir='ltr' id='par_1_64' title="bbox 2419 1872 3594 1949">
     <span class='ocr_line' id='line_1_66' title="bbox 2419 1872 3594 1949; baseline 0.003 -22"><span class='ocrx_word' id='word_1_397' title='bbox 2419 1872 2508 1944; x_wconf 93' lang='lat' dir='ltr'><strong>[D.</strong></span> <span class='ocrx_word' id='word_1_398' title='bbox 2538 1872 2816 1942; x_wconf 75' lang='lat' dir='ltr'><strong>Bououe&#39;r,</strong></span> <span class='ocrx_word' id='word_1_399' title='bbox 2850 1874 3080 1939; x_wconf 83' lang='lat' dir='ltr'><strong>Recueil,</strong></span> <span class='ocrx_word' id='word_1_400' title='bbox 3109 1885 3150 1932; x_wconf 86' lang='lat' dir='ltr'><strong>t.</strong></span> <span class='ocrx_word' id='word_1_401' title='bbox 3179 1875 3313 1942; x_wconf 84' lang='lat' dir='ltr'><strong>XIV,</strong></span> <span class='ocrx_word' id='word_1_402' title='bbox 3345 1892 3400 1946; x_wconf 90' lang='lat' dir='ltr'><strong>p.</strong></span> <span class='ocrx_word' id='word_1_403' title='bbox 3435 1875 3594 1949; x_wconf 73' lang='lat'><strong>696.]</strong></span> 
     </span>
    </p>
   </div>
   <div class='ocr_carea' id='block_1_65' title="bbox 2285 1965 3785 2036">
    <p class='ocr_par' dir='ltr' id='par_1_65' title="bbox 2285 1965 3785 2036">
     <span class='ocr_line' id='line_1_67' title="bbox 2285 1965 3785 2036; baseline 0.003 -15"><span class='ocrx_word' id='word_1_404' title='bbox 2285 1965 2533 2022; x_wconf 76' lang='lat' dir='ltr'><strong>URBANUS</strong></span> <span class='ocrx_word' id='word_1_405' title='bbox 2565 1967 2871 2036; x_wconf 88' lang='lat' dir='ltr'><strong>cpiscopus,</strong></span> <span class='ocrx_word' id='word_1_406' title='bbox 2901 1983 3090 2024; x_wconf 88' lang='lat' dir='ltr'><strong>servus</strong></span> <span class='ocrx_word' id='word_1_407' title='bbox 3133 1984 3412 2024; x_wconf 75' lang='lat' dir='ltr'><strong>servorum</strong></span> <span class='ocrx_word' id='word_1_408' title='bbox 3458 1970 3577 2034; x_wconf 87' lang='lat' dir='ltr'><strong>Dei,</strong></span> <span class='ocrx_word' id='word_1_409' title='bbox 3611 1971 3785 2026; x_wconf 77' lang='lat' dir='ltr'><strong>dilecto</strong></span> 
     </span>
    </p>
   </div>
   <div class='ocr_carea' id='block_1_66' title="bbox 2214 2064 3781 2140">
    <p class='ocr_par' dir='ltr' id='par_1_66' title="bbox 2214 2064 3781 2140">
     <span class='ocr_line' id='line_1_68' title="bbox 2214 2064 3781 2140; baseline 0.003 -22"><span class='ocrx_word' id='word_1_410' title='bbox 2214 2064 2266 2118; x_wconf 89' lang='lat' dir='ltr'><strong>in</strong></span> <span class='ocrx_word' id='word_1_411' title='bbox 2312 2064 2529 2121; x_wconf 86' lang='lat' dir='ltr'><strong>Christo</strong></span> <span class='ocrx_word' id='word_1_412' title='bbox 2567 2065 2679 2120; x_wconf 86' lang='lat' dir='ltr'><strong>ﬁlio</strong></span> <span class='ocrx_word' id='word_1_413' title='bbox 2707 2065 2818 2120; x_wconf 72' lang='grc' dir='ltr'><strong>Β...</strong></span> <span class='ocrx_word' id='word_1_414' title='bbox 2851 2065 3184 2140; x_wconf 68' lang='lat' dir='ltr'><strong>[Rnxawo]</strong></span> <span class='ocrx_word' id='word_1_415' title='bbox 3213 2067 3393 2123; x_wconf 76' lang='lat' dir='ltr'><strong>abbati</strong></span> <span class='ocrx_word' id='word_1_416' title='bbox 3425 2067 3491 2122; x_wconf 87' lang='grc' dir='ltr'><strong>Β.</strong></span> <span class='ocrx_word' id='word_1_417' title='bbox 3521 2066 3781 2139; x_wconf 74' lang='lat' dir='ltr'><strong>Cypriani,</strong></span> 
     </span>
    </p>
   </div>
   <div class='ocr_carea' id='block_1_67' title="bbox 2214 2155 3370 2226">
    <p class='ocr_par' dir='ltr' id='par_1_67' title="bbox 2214 2155 3370 2226">
     <span class='ocr_line' id='line_1_69' title="bbox 2214 2155 3370 2226; baseline 0 -15"><span class='ocrx_word' id='word_1_418' title='bbox 2214 2155 2438 2211; x_wconf 87' lang='lat' dir='ltr'><strong>salutem</strong></span> <span class='ocrx_word' id='word_1_419' title='bbox 2465 2165 2520 2211; x_wconf 91' lang='lat' dir='ltr'><strong>ct</strong></span> <span class='ocrx_word' id='word_1_420' title='bbox 2543 2156 2890 2226; x_wconf 87' lang='lat' dir='ltr'><strong>apostolicam</strong></span> <span class='ocrx_word' id='word_1_421' title='bbox 2920 2157 3370 2212; x_wconf 84' lang='lat' dir='ltr'><strong>benedictionem.</strong></span> 
     </span>
    </p>
   </div>
   <div class='ocr_carea' id='block_1_68' title="bbox 2286 2244 3782 2304">
    <p class='ocr_par' dir='ltr' id='par_1_68' title="bbox 2286 2244 3782 2304">
     <span class='ocr_line' id='line_1_70' title="bbox 2286 2244 3782 2304; baseline 0 -2"><span class='ocrx_word' id='word_1_422' title='bbox 2286 2246 2365 2302; x_wconf 78' lang='lat' dir='ltr'><strong>Ex</strong></span> <span class='ocrx_word' id='word_1_423' title='bbox 2400 2247 2572 2302; x_wconf 89' lang='lat' dir='ltr'><strong>nostri</strong></span> <span class='ocrx_word' id='word_1_424' title='bbox 2623 2244 2781 2302; x_wconf 79' lang='lat' dir='ltr'><strong>otﬁcii</strong></span> <span class='ocrx_word' id='word_1_425' title='bbox 2833 2247 3014 2302; x_wconf 88' lang='lat' dir='ltr'><strong>debito</strong></span> <span class='ocrx_word' id='word_1_426' title='bbox 3056 2262 3470 2303; x_wconf 84' lang='lat' dir='ltr'><strong>commoncmur</strong></span> <span class='ocrx_word' id='word_1_427' title='bbox 3517 2261 3782 2304; x_wconf 73' lang='lat' dir='ltr'><strong>servorun</strong></span> 
     </span>
    </p>
   </div>
   <div class='ocr_carea' id='block_1_69' title="bbox 2215 2337 3782 2408">
    <p class='ocr_par' dir='ltr' id='par_1_69' title="bbox 2215 2337 3782 2408">
     <span class='ocr_line' id='line_1_71' title="bbox 2215 2337 3782 2408; baseline 0.001 -17"><span class='ocrx_word' id='word_1_428' title='bbox 2215 2337 2308 2393; x_wconf 85' lang='lat' dir='ltr'><strong>Dei</strong></span> <span class='ocrx_word' id='word_1_429' title='bbox 2340 2337 2505 2407; x_wconf 91' lang='lat' dir='ltr'><strong>quieti</strong></span> <span class='ocrx_word' id='word_1_430' title='bbox 2543 2338 2869 2408; x_wconf 87' lang='lat' dir='ltr'><strong>prospicere,</strong></span> <span class='ocrx_word' id='word_1_431' title='bbox 2905 2347 2966 2391; x_wconf 92' lang='lat' dir='ltr'><strong>ut</strong></span> <span class='ocrx_word' id='word_1_432' title='bbox 3003 2352 3032 2392; x_wconf 86' lang='lat' dir='ltr'><strong>a</strong></span> <span class='ocrx_word' id='word_1_433' title='bbox 3079 2337 3427 2394; x_wconf 80' lang='lat' dir='ltr'><strong>saecularibus</strong></span> <span class='ocrx_word' id='word_1_434' title='bbox 3481 2338 3782 2392; x_wconf 79' lang='lat' dir='ltr'><strong>tumultibus</strong></span> 
     </span>
    </p>
   </div>
   <div class='ocr_carea' id='block_1_70' title="bbox 2218 2427 3781 2500">
    <p class='ocr_par' dir='ltr' id='par_1_70' title="bbox 2218 2427 3781 2500">
     <span class='ocr_line' id='line_1_72' title="bbox 2218 2427 3781 2500; baseline -0.003 -17"><span class='ocrx_word' id='word_1_435' title='bbox 2218 2428 2478 2500; x_wconf 86' lang='lat' dir='ltr'><strong>separati,</strong></span> <span class='ocrx_word' id='word_1_436' title='bbox 2509 2429 2895 2499; x_wconf 90' lang='lat' dir='ltr'><strong>omnipotentis</strong></span> <span class='ocrx_word' id='word_1_437' title='bbox 2935 2429 3026 2483; x_wconf 90' lang='lat' dir='ltr'><strong>Dei</strong></span> <span class='ocrx_word' id='word_1_438' title='bbox 3066 2429 3303 2484; x_wconf 90' lang='lat' dir='ltr'><strong>servitiis</strong></span> <span class='ocrx_word' id='word_1_439' title='bbox 3329 2428 3550 2483; x_wconf 84' lang='lat' dir='ltr'><strong>valeant</strong></span> <span class='ocrx_word' id='word_1_440' title='bbox 3581 2427 3781 2483; x_wconf 85' lang='lat' dir='ltr'><strong>liberius</strong></span> 
     </span>
    </p>
   </div>
   <div class='ocr_carea' id='block_1_71' title="bbox 2218 2518 3781 2590">
    <p class='ocr_par' dir='ltr' id='par_1_71' title="bbox 2218 2518 3781 2590">
     <span class='ocr_line' id='line_1_73' title="bbox 2218 2518 3781 2590; baseline -0.001 -18"><span class='ocrx_word' id='word_1_441' title='bbox 2218 2519 2488 2573; x_wconf 87' lang='lat' dir='ltr'><strong>insudare.</strong></span> <span class='ocrx_word' id='word_1_442' title='bbox 2522 2518 2595 2574; x_wconf 89' lang='lat' dir='ltr'><strong>Ea</strong></span> <span class='ocrx_word' id='word_1_443' title='bbox 2628 2529 2848 2588; x_wconf 90' lang='lat' dir='ltr'><strong>propter</strong></span> <span class='ocrx_word' id='word_1_444' title='bbox 2871 2535 2970 2574; x_wconf 89' lang='lat' dir='ltr'><strong>nos</strong></span> <span class='ocrx_word' id='word_1_445' title='bbox 3013 2521 3120 2575; x_wconf 89' lang='lat' dir='ltr'><strong>tuis</strong></span> <span class='ocrx_word' id='word_1_446' title='bbox 3148 2520 3420 2590; x_wconf 89' lang='lat' dir='ltr'><strong>precibus,</strong></span> <span class='ocrx_word' id='word_1_447' title='bbox 3455 2520 3532 2573; x_wconf 91' lang='lat' dir='ltr'><strong>ﬁli</strong></span> <span class='ocrx_word' id='word_1_448' title='bbox 3560 2521 3618 2574; x_wconf 92' lang='lat' dir='ltr'><strong>in</strong></span> <span class='ocrx_word' id='word_1_449' title='bbox 3647 2519 3781 2574; x_wconf 68' lang='grc' dir='ltr'><strong><em>(Σιπὶο</em></strong></span> 
     </span>
    </p>
   </div>
   <div class='ocr_carea' id='block_1_72' title="bbox 2216 2609 3780 2682">
    <p class='ocr_par' dir='ltr' id='par_1_72' title="bbox 2216 2609 3780 2682">
     <span class='ocr_line' id='line_1_74' title="bbox 2216 2609 3780 2682; baseline -0.002 -18"><span class='ocrx_word' id='word_1_450' title='bbox 2216 2618 2301 2664; x_wconf 86' lang='lat' dir='ltr'><strong>sto</strong></span> <span class='ocrx_word' id='word_1_451' title='bbox 2324 2610 2646 2666; x_wconf 88' lang='lat' dir='ltr'><strong>charissimc</strong></span> <span class='ocrx_word' id='word_1_452' title='bbox 2679 2610 2976 2681; x_wconf 81' lang='lat' dir='ltr'><strong>Rayualde,</strong></span> <span class='ocrx_word' id='word_1_453' title='bbox 3009 2611 3316 2666; x_wconf 85' lang='lat' dir='ltr'><strong>annuimus.</strong></span> <span class='ocrx_word' id='word_1_454' title='bbox 3351 2609 3629 2682; x_wconf 75' lang='lat' dir='ltr'><strong>Quidquid</strong></span> <span class='ocrx_word' id='word_1_455' title='bbox 3658 2611 3780 2665; x_wconf 74' lang='lat' dir='ltr'><strong>etqu</strong></span> 
     </span>
    </p>
   </div>
   <div class='ocr_carea' id='block_1_73' title="bbox 2210 2700 3780 2772">
    <p class='ocr_par' dir='ltr' id='par_1_73' title="bbox 2210 2700 3780 2772">
     <span class='ocr_line' id='line_1_75' title="bbox 2210 2700 3780 2772; baseline -0.002 -18"><span class='ocrx_word' id='word_1_456' title='bbox 2210 2700 2370 2770; x_wconf 86' lang='lat' dir='ltr'><strong>juris,</strong></span> <span class='ocrx_word' id='word_1_457' title='bbox 2402 2702 2659 2772; x_wconf 87' lang='lat' dir='ltr'><strong>quidquid</strong></span> <span class='ocrx_word' id='word_1_458' title='bbox 2690 2702 2964 2756; x_wconf 78' lang='lat' dir='ltr'><strong>canonica:</strong></span> <span class='ocrx_word' id='word_1_459' title='bbox 3003 2701 3286 2772; x_wconf 86' lang='lat' dir='ltr'><strong>potestatis</strong></span> <span class='ocrx_word' id='word_1_460' title='bbox 3315 2701 3368 2756; x_wconf 89' lang='lat' dir='ltr'><strong>in</strong></span> <span class='ocrx_word' id='word_1_461' title='bbox 3398 2700 3630 2756; x_wconf 86' lang='lat' dir='ltr'><strong>ecclesia</strong></span> <span class='ocrx_word' id='word_1_462' title='bbox 3659 2701 3780 2754; x_wconf 82' lang='lat' dir='ltr'><strong>San-</strong></span> 
     </span>
    </p>
   </div>
   <div class='ocr_carea' id='block_1_74' title="bbox 2216 2791 3779 2862">
    <p class='ocr_par' dir='ltr' id='par_1_74' title="bbox 2216 2791 3779 2862">
     <span class='ocr_line' id='line_1_76' title="bbox 2216 2791 3779 2862; baseline -0.005 -16"><span class='ocrx_word' id='word_1_463' title='bbox 2216 2792 2534 2848; x_wconf 56' lang='lat' dir='ltr'><strong>ctmvCrucis</strong></span> <span class='ocrx_word' id='word_1_464' title='bbox 2576 2793 2716 2862; x_wconf 89' lang='lat' dir='ltr'><strong>apud</strong></span> <span class='ocrx_word' id='word_1_465' title='bbox 2748 2791 2967 2862; x_wconf 86' lang='lat' dir='ltr'><strong>Englam</strong></span> <span class='ocrx_word' id='word_1_466' title='bbox 2992 2791 3072 2846; x_wconf 89' lang='lat' dir='ltr'><strong>vel</strong></span> <span class='ocrx_word' id='word_1_467' title='bbox 3114 2807 3181 2847; x_wconf 74' lang='lat' dir='ltr'><strong>ex</strong></span> <span class='ocrx_word' id='word_1_468' title='bbox 3209 2793 3562 2848; x_wconf 83' lang='lat' dir='ltr'><strong>concessione</strong></span> <span class='ocrx_word' id='word_1_469' title='bbox 3612 2807 3779 2845; x_wconf 77' lang='lat' dir='ltr'><strong>comm</strong></span> 
     </span>
    </p>
   </div>
   <div class='ocr_carea' id='block_1_75' title="bbox 2216 2881 3778 2954">
    <p class='ocr_par' dir='ltr' id='par_1_75' title="bbox 2216 2881 3778 2954">
     <span class='ocr_line' id='line_1_77' title="bbox 2216 2881 3778 2954; baseline 0.001 -19"><span class='ocrx_word' id='word_1_470' title='bbox 2216 2896 2444 2952; x_wconf 90' lang='lat' dir='ltr'><strong>quorum</strong></span> <span class='ocrx_word' id='word_1_471' title='bbox 2479 2893 2635 2938; x_wconf 80' lang='lat' dir='ltr'><strong>antea</strong></span> <span class='ocrx_word' id='word_1_472' title='bbox 2665 2881 2805 2952; x_wconf 85' lang='lat' dir='ltr'><strong>juris</strong></span> <span class='ocrx_word' id='word_1_473' title='bbox 2849 2884 2947 2938; x_wconf 88' lang='lat' dir='ltr'><strong>fuit</strong></span> <span class='ocrx_word' id='word_1_474' title='bbox 2987 2884 3143 2954; x_wconf 73' lang='grc'><strong>(15⁸),</strong></span> <span class='ocrx_word' id='word_1_475' title='bbox 3176 2883 3261 2937; x_wconf 88' lang='lat' dir='ltr'><strong>vel</strong></span> <span class='ocrx_word' id='word_1_476' title='bbox 3305 2883 3596 2954; x_wconf 75' lang='lat' dir='ltr'><strong>episcopali</strong></span> <span class='ocrx_word' id='word_1_477' title='bbox 3633 2883 3778 2937; x_wconf 48' lang='lat' dir='ltr'><strong>tradi.</strong></span> 
     </span>
    </p>
   </div>
   <div class='ocr_carea' id='block_1_76' title="bbox 2221 2974 3780 3042">
    <p class='ocr_par' dir='ltr' id='par_1_76' title="bbox 2221 2974 3780 3042">
     <span class='ocr_line' id='line_1_78' title="bbox 2221 2974 3780 3042; baseline 0.002 -16"><span class='ocrx_word' id='word_1_478' title='bbox 2221 2974 2364 3030; x_wconf 89' lang='lat' dir='ltr'><strong>tione</strong></span> <span class='ocrx_word' id='word_1_479' title='bbox 2408 2983 2590 3028; x_wconf 86' lang='lat' dir='ltr'><strong>vestro</strong></span> <span class='ocrx_word' id='word_1_480' title='bbox 2639 2974 2887 3030; x_wconf 77' lang='lat' dir='ltr'><strong>ccenobio</strong></span> <span class='ocrx_word' id='word_1_481' title='bbox 2933 2989 3248 3030; x_wconf 91' lang='lat' dir='ltr'><strong>concessum</strong></span> <span class='ocrx_word' id='word_1_482' title='bbox 3288 2983 3392 3037; x_wconf 90' lang='lat' dir='ltr'><strong>est,</strong></span> <span class='ocrx_word' id='word_1_483' title='bbox 3439 2987 3541 3029; x_wconf 87' lang='lat' dir='ltr'><strong>nos</strong></span> <span class='ocrx_word' id='word_1_484' title='bbox 3585 2987 3780 3042; x_wconf 69' lang='lat' dir='ltr'><strong>quoque</strong></span> 
     </span>
    </p>
   </div>
   <div class='ocr_carea' id='block_1_77' title="bbox 2219 3064 3780 3137">
    <p class='ocr_par' dir='ltr' id='par_1_77' title="bbox 2219 3064 3780 3137">
     <span class='ocr_line' id='line_1_79' title="bbox 2219 3064 3780 3137; baseline -0.004 -16"><span class='ocrx_word' id='word_1_485' title='bbox 2219 3066 2586 3131; x_wconf 84' lang='lat' dir='ltr'><strong>concedimus,</strong></span> <span class='ocrx_word' id='word_1_486' title='bbox 2618 3075 2671 3120; x_wconf 91' lang='lat' dir='ltr'><strong>et</strong></span> <span class='ocrx_word' id='word_1_487' title='bbox 2703 3065 3106 3137; x_wconf 63' lang='lat' dir='ltr'><strong>praesentiarum</strong></span> <span class='ocrx_word' id='word_1_488' title='bbox 3151 3067 3448 3121; x_wconf 88' lang='lat' dir='ltr'><strong>litterarum</strong></span> <span class='ocrx_word' id='word_1_489' title='bbox 3479 3064 3780 3120; x_wconf 78' lang='lat' dir='ltr'><strong>auctoritate</strong></span> 
     </span>
    </p>
   </div>
   <div class='ocr_carea' id='block_1_78' title="bbox 2145 3117 2520 3211">
    <p class='ocr_par' dir='ltr' id='par_1_78' title="bbox 2145 3117 2520 3211">
     <span class='ocr_line' id='line_1_80' title="bbox 2145 3117 2520 3211; baseline -0.005 0"><span class='ocrx_word' id='word_1_490' title='bbox 2145 3117 2188 3178; x_wconf 68' lang='grc' dir='ltr'>Ο</span> <span class='ocrx_word' id='word_1_491' title='bbox 2223 3158 2520 3211; x_wconf 89' lang='lat' dir='ltr'><strong>ﬁrmamus.</strong></span> 
     </span>
    </p>
   </div>
   <div class='ocr_carea' id='block_1_79' title="bbox 2291 3247 3776 3321">
    <p class='ocr_par' dir='ltr' id='par_1_79' title="bbox 2291 3247 3776 3321">
     <span class='ocr_line' id='line_1_81' title="bbox 2291 3247 3776 3321; baseline -0.003 -19"><span class='ocrx_word' id='word_1_492' title='bbox 2291 3250 2421 3303; x_wconf 90' lang='lat' dir='ltr'><strong>Data</strong></span> <span class='ocrx_word' id='word_1_493' title='bbox 2468 3249 2606 3318; x_wconf 90' lang='lat' dir='ltr'><strong>apud</strong></span> <span class='ocrx_word' id='word_1_494' title='bbox 2655 3251 2908 3321; x_wconf 90' lang='lat' dir='ltr'><strong>oppidum</strong></span> <span class='ocrx_word' id='word_1_495' title='bbox 2955 3251 3166 3312; x_wconf 84' lang='lat' dir='ltr'><strong>Alatri,</strong></span> <span class='ocrx_word' id='word_1_496' title='bbox 3226 3265 3276 3303; x_wconf 85' lang='lat' dir='ltr'><strong>tv</strong></span> <span class='ocrx_word' id='word_1_497' title='bbox 3330 3247 3514 3303; x_wconf 84' lang='lat' dir='ltr'><strong>Nonas</strong></span> <span class='ocrx_word' id='word_1_498' title='bbox 3563 3247 3776 3301; x_wconf 68' lang='lat' dir='ltr'><strong>Novem-</strong></span> 
     </span>
    </p>
   </div>
   <div class='ocr_carea' id='block_1_80' title="bbox 2220 3345 2354 3400">
    <p class='ocr_par' dir='ltr' id='par_1_80' title="bbox 2220 3345 2354 3400">
     <span class='ocr_line' id='line_1_82' title="bbox 2220 3345 2354 3400; baseline 0.007 -2"><span class='ocrx_word' id='word_1_499' title='bbox 2220 3345 2354 3400; x_wconf 88' lang='lat' dir='ltr'><strong>bris.</strong></span> 
     </span>
    </p>
   </div>
   <div class='ocr_carea' id='block_1_81' title="bbox 2865 3434 3149 3491">
    <p class='ocr_par' dir='ltr' id='par_1_81' title="bbox 2865 3434 3149 3491">
     <span class='ocr_line' id='line_1_83' title="bbox 2865 3434 3149 3491; baseline -0.007 -1"><span class='ocrx_word' id='word_1_500' title='bbox 2865 3434 3149 3491; x_wconf 77' lang='lat' dir='ltr'><strong>LXXXIX.</strong></span> 
     </span>
    </p>
   </div>
   <div class='ocr_carea' id='block_1_82' title="bbox 2224 3522 3755 3609">
    <p class='ocr_par' dir='ltr' id='par_1_82' title="bbox 2224 3522 3755 3609">
     <span class='ocr_line' id='line_1_84' title="bbox 2224 3522 3755 3609; baseline -0.005 -29"><span class='ocrx_word' id='word_1_501' title='bbox 2224 3527 2422 3608; x_wconf 76' lang='lat' dir='ltr'><strong>Urbani</strong></span> <span class='ocrx_word' id='word_1_502' title='bbox 2450 3525 2527 3609; x_wconf 43' lang='lat' dir='ltr'><strong>III</strong></span> <span class='ocrx_word' id='word_1_503' title='bbox 2538 3542 2688 3609; x_wconf 70' lang='lat' dir='ltr'><strong>papa:</strong></span> <span class='ocrx_word' id='word_1_504' title='bbox 2708 3525 2926 3609; x_wconf 65' lang='lat' dir='ltr'><strong>cpistola</strong></span> <span class='ocrx_word' id='word_1_505' title='bbox 2945 3525 3029 3609; x_wconf 29' lang='lat' dir='ltr'><strong>ad“</strong></span> <span class='ocrx_word' id='word_1_506' title='bbox 3039 3526 3304 3609; x_wconf 67' lang='lat' dir='ltr'><strong>episcost</strong></span> <span class='ocrx_word' id='word_1_507' title='bbox 3331 3533 3377 3577; x_wconf 88' lang='lat' dir='ltr'><strong>ct</strong></span> <span class='ocrx_word' id='word_1_508' title='bbox 3404 3522 3614 3609; x_wconf 57' lang='lat' dir='ltr'><strong>abbate:</strong></span> <span class='ocrx_word' id='word_1_509' title='bbox 3633 3522 3755 3609; x_wconf 48' lang='lat' dir='ltr'><strong>Aqui</strong></span> 
     </span>
    </p>
   </div>
   <div class='ocr_carea' id='block_1_83' title="bbox 2291 3589 3773 3664">
    <p class='ocr_par' dir='ltr' id='par_1_83' title="bbox 2291 3589 3773 3664">
     <span class='ocr_line' id='line_1_85' title="bbox 2291 3589 3773 3664; baseline -0.005 -14"><span class='ocrx_word' id='word_1_510' title='bbox 2291 3599 2468 3662; x_wconf 64' lang='lat' dir='ltr'><strong>limite,</strong></span> <span class='ocrx_word' id='word_1_511' title='bbox 2507 3589 2816 3652; x_wconf 71' lang='lat' dir='ltr'><strong>Guasconiw</strong></span> <span class='ocrx_word' id='word_1_512' title='bbox 2852 3607 2898 3651; x_wconf 75' lang='lat' dir='ltr'><strong>et</strong></span> <span class='ocrx_word' id='word_1_513' title='bbox 2943 3589 3220 3664; x_wconf 73' lang='lat' dir='ltr'><strong>inferioris</strong></span> <span class='ocrx_word' id='word_1_514' title='bbox 3249 3593 3592 3664; x_wconf 74' lang='lat' dir='ltr'><strong>Burgunditr.</strong></span> <span class='ocrx_word' id='word_1_515' title='bbox 3621 3622 3688 3630; x_wconf 96' lang='lat'><strong>—</strong></span> <span class='ocrx_word' id='word_1_516' title='bbox 3717 3589 3773 3644; x_wconf 77' lang='grc' dir='ltr'><strong><em>ιέ</em></strong></span> 
     </span>
    </p>
   </div>
   <div class='ocr_carea' id='block_1_84' title="bbox 2291 3661 3774 3736">
    <p class='ocr_par' dir='ltr' id='par_1_84' title="bbox 2291 3661 3774 3736">
     <span class='ocr_line' id='line_1_86' title="bbox 2291 3661 3774 3736; baseline -0.003 -18"><span class='ocrx_word' id='word_1_517' title='bbox 2291 3669 2360 3720; x_wconf 86' lang='lat' dir='ltr'><strong>ad</strong></span> <span class='ocrx_word' id='word_1_518' title='bbox 2399 3669 2806 3736; x_wconf 84' lang='lat' dir='ltr'><strong>comparandam</strong></span> <span class='ocrx_word' id='word_1_519' title='bbox 2841 3661 3140 3736; x_wconf 68' lang='lat' dir='ltr'><strong>apostolica:</strong></span> <span class='ocrx_word' id='word_1_520' title='bbox 3166 3663 3330 3720; x_wconf 68' lang='lat' dir='ltr'><strong>&#39;sedis</strong></span> <span class='ocrx_word' id='word_1_521' title='bbox 3367 3661 3667 3718; x_wconf 30' lang='lat' dir='ltr'><strong>vlibertatcm</strong></span> <span class='ocrx_word' id='word_1_522' title='bbox 3698 3678 3774 3729; x_wconf 71' lang='lat' dir='ltr'><strong>pr-</strong></span> 
     </span>
    </p>
   </div>
   <div class='ocr_carea' id='block_1_85' title="bbox 2289 3735 3776 3806">
    <p class='ocr_par' dir='ltr' id='par_1_85' title="bbox 2289 3735 3776 3806">
     <span class='ocr_line' id='line_1_87' title="bbox 2289 3735 3776 3806; baseline -0.003 -17"><span class='ocrx_word' id='word_1_523' title='bbox 2289 3735 2566 3792; x_wconf 86' lang='lat' dir='ltr'><strong>cnniarum</strong></span> <span class='ocrx_word' id='word_1_524' title='bbox 2615 3738 2849 3791; x_wconf 83' lang='lat' dir='ltr'><strong>subsidia</strong></span> <span class='ocrx_word' id='word_1_525' title='bbox 2876 3735 2883 3736; x_wconf 25' lang='grc' dir='ltr'>ί</span> <span class='ocrx_word' id='word_1_526' title='bbox 2910 3737 3181 3806; x_wconf 80' lang='lat' dir='ltr'><strong>corrogarl</strong></span> <span class='ocrx_word' id='word_1_527' title='bbox 3235 3737 3434 3805; x_wconf 64' lang='lat' dir='ltr'><strong>faciant</strong></span> <span class='ocrx_word' id='word_1_528' title='bbox 3456 3775 3473 3799; x_wconf 93' lang='lat'><strong>,</strong></span> <span class='ocrx_word' id='word_1_529' title='bbox 3517 3745 3584 3806; x_wconf 21' lang='lat' dir='ltr'><strong>et;</strong></span> <span class='ocrx_word' id='word_1_530' title='bbox 3621 3735 3696 3806; x_wconf 6' lang='lat' dir='ltr'><strong>ad,</strong></span> <span class='ocrx_word' id='word_1_531' title='bbox 3728 3749 3776 3806; x_wconf 59' lang='lat' dir='ltr'><strong>ac</strong></span> 
     </span>
    </p>
   </div>
   <div class='ocr_carea' id='block_1_86' title="bbox 2288 3802 3776 3876">
    <p class='ocr_par' dir='ltr' id='par_1_86' title="bbox 2288 3802 3776 3876">
     <span class='ocr_line' id='line_1_88' title="bbox 2288 3802 3776 3876; baseline -0.005 -17"><span class='ocrx_word' id='word_1_532' title='bbox 2288 3809 2572 3876; x_wconf 77' lang='lat' dir='ltr'><strong>transmitti</strong></span> <span class='ocrx_word' id='word_1_533' title='bbox 2601 3823 2692 3876; x_wconf 83' lang='lat' dir='ltr'><strong>per</strong></span> <span class='ocrx_word' id='word_1_534' title='bbox 2725 3823 2912 3860; x_wconf 83' lang='lat' dir='ltr'><strong>manus</strong></span> <span class='ocrx_word' id='word_1_535' title='bbox 2941 3802 3193 3860; x_wconf 74' lang='lat' dir='ltr'><strong>Raitialdi</strong></span> <span class='ocrx_word' id='word_1_536' title='bbox 3218 3802 3421 3860; x_wconf 81' lang='lat' dir='ltr'><strong>abbatis</strong></span> <span class='ocrx_word' id='word_1_537' title='bbox 3447 3806 3511 3859; x_wconf 84' lang='lat' dir='ltr'><strong>S.</strong></span> <span class='ocrx_word' id='word_1_538' title='bbox 3547 3802 3776 3873; x_wconf 73' lang='lat' dir='ltr'><strong>Cypriani</strong></span> 
     </span>
    </p>
   </div>
   <div class='ocr_carea' id='block_1_87' title="bbox 2293 3875 2659 3932">
    <p class='ocr_par' dir='ltr' id='par_1_87' title="bbox 2293 3875 2659 3932">
     <span class='ocr_line' id='line_1_89' title="bbox 2293 3875 2659 3932; baseline 0.011 -4"><span class='ocrx_word' id='word_1_539' title='bbox 2293 3875 2659 3932; x_wconf 76' lang='lat' dir='ltr'><strong>l’ictaviensis.</strong></span> 
     </span>
    </p>
   </div>
   <div class='ocr_carea' id='block_1_88' title="bbox 2812 3967 3196 4036">
    <p class='ocr_par' dir='ltr' id='par_1_88' title="bbox 2812 3967 3196 4036">
     <span class='ocr_line' id='line_1_90' title="bbox 2812 3967 3196 4036; baseline -0.005 -14"><span class='ocrx_word' id='word_1_540' title='bbox 2812 3968 2990 4035; x_wconf 78' lang='lat' dir='ltr'><strong>(Anno</strong></span> <span class='ocrx_word' id='word_1_541' title='bbox 3014 3967 3196 4036; x_wconf 81' lang='grc'><strong>1095.)</strong></span> 
     </span>
    </p>
   </div>
   <div class='ocr_carea' id='block_1_89' title="bbox 2381 4055 3636 4132">
    <p class='ocr_par' dir='ltr' id='par_1_89' title="bbox 2381 4055 3636 4132">
     <span class='ocr_line' id='line_1_91' title="bbox 2381 4055 3636 4132; baseline -0.003 -18"><span class='ocrx_word' id='word_1_542' title='bbox 2381 4059 2467 4132; x_wconf 83' lang='lat' dir='ltr'><strong>[D.</strong></span> <span class='ocrx_word' id='word_1_543' title='bbox 2493 4059 2772 4127; x_wconf 78' lang='lat' dir='ltr'><strong>Bouousr,</strong></span> <span class='ocrx_word' id='word_1_544' title='bbox 2813 4059 3047 4126; x_wconf 82' lang='lat' dir='ltr'><strong>Recueil,</strong></span> <span class='ocrx_word' id='word_1_545' title='bbox 3074 4067 3206 4114; x_wconf 90' lang='lat' dir='ltr'><strong>tom.</strong></span> <span class='ocrx_word' id='word_1_546' title='bbox 3237 4056 3375 4125; x_wconf 76' lang='lat' dir='ltr'><strong>XIV,</strong></span> <span class='ocrx_word' id='word_1_547' title='bbox 3403 4072 3456 4127; x_wconf 93' lang='lat' dir='ltr'><strong>p.</strong></span> <span class='ocrx_word' id='word_1_548' title='bbox 3485 4055 3636 4129; x_wconf 79' lang='lat'><strong>697.]</strong></span> 
     </span>
    </p>
   </div>
   <div class='ocr_carea' id='block_1_90' title="bbox 2289 4146 3777 4223">
    <p class='ocr_par' dir='ltr' id='par_1_90' title="bbox 2289 4146 3777 4223">
     <span class='ocr_line' id='line_1_92' title="bbox 2289 4146 3777 4223; baseline -0.007 -15"><span class='ocrx_word' id='word_1_549' title='bbox 2289 4151 2537 4208; x_wconf 72' lang='lat' dir='ltr'><strong>Unumus</strong></span> <span class='ocrx_word' id='word_1_550' title='bbox 2557 4152 2862 4223; x_wconf 88' lang='lat' dir='ltr'><strong>cpiscopus,</strong></span> <span class='ocrx_word' id='word_1_551' title='bbox 2901 4164 3092 4206; x_wconf 90' lang='lat' dir='ltr'><strong>servus</strong></span> <span class='ocrx_word' id='word_1_552' title='bbox 3139 4163 3418 4204; x_wconf 86' lang='lat' dir='ltr'><strong>servorum</strong></span> <span class='ocrx_word' id='word_1_553' title='bbox 3451 4148 3566 4214; x_wconf 88' lang='lat' dir='ltr'><strong>Dei,</strong></span> <span class='ocrx_word' id='word_1_554' title='bbox 3596 4146 3777 4202; x_wconf 81' lang='lat' dir='ltr'><strong>charis—</strong></span> 
     </span>
    </p>
   </div>
   <div class='ocr_carea' id='block_1_91' title="bbox 2217 4229 3778 4314">
    <p class='ocr_par' dir='ltr' id='par_1_91' title="bbox 2217 4229 3778 4314">
     <span class='ocr_line' id='line_1_93' title="bbox 2217 4229 3778 4314; baseline -0.006 -12"><span class='ocrx_word' id='word_1_555' title='bbox 2217 4246 2370 4302; x_wconf 84' lang='lat' dir='ltr'><strong>SIIIIIS</strong></span> <span class='ocrx_word' id='word_1_556' title='bbox 2416 4243 2691 4308; x_wconf 82' lang='lat' dir='ltr'><strong>fratribus,</strong></span> <span class='ocrx_word' id='word_1_557' title='bbox 2749 4229 3052 4314; x_wconf 80' lang='lat' dir='ltr'><strong>episcOpis,</strong></span> <span class='ocrx_word' id='word_1_558' title='bbox 3106 4242 3392 4298; x_wconf 88' lang='lat' dir='ltr'><strong>abbatibus</strong></span> <span class='ocrx_word' id='word_1_559' title='bbox 3432 4256 3530 4310; x_wconf 90' lang='lat' dir='ltr'><strong>per</strong></span> <span class='ocrx_word' id='word_1_560' title='bbox 3574 4240 3778 4311; x_wconf 76' lang='lat' dir='ltr'><strong>Aquita-</strong></span> 
     </span>
    </p>
   </div>
   <div class='ocr_carea' id='block_1_92' title="bbox 2218 4329 3782 4404">
    <p class='ocr_par' dir='ltr' id='par_1_92' title="bbox 2218 4329 3782 4404">
     <span class='ocr_line' id='line_1_94' title="bbox 2218 4329 3782 4404; baseline -0.004 -15"><span class='ocrx_word' id='word_1_561' title='bbox 2218 4334 2386 4400; x_wconf 86' lang='lat' dir='ltr'><strong>niam,</strong></span> <span class='ocrx_word' id='word_1_562' title='bbox 2425 4333 2785 4390; x_wconf 89' lang='lat' dir='ltr'><strong>Guasconiam</strong></span> <span class='ocrx_word' id='word_1_563' title='bbox 2816 4342 2870 4388; x_wconf 91' lang='lat' dir='ltr'><strong>et</strong></span> <span class='ocrx_word' id='word_1_564' title='bbox 2908 4331 3220 4388; x_wconf 84' lang='lat' dir='ltr'><strong>inferiorem</strong></span> <span class='ocrx_word' id='word_1_565' title='bbox 3256 4329 3623 4404; x_wconf 53' lang='lat' dir='ltr'><strong>Bu&#39;rgundiam</strong></span> <span class='ocrx_word' id='word_1_566' title='bbox 3669 4346 3782 4386; x_wconf 82' lang='lat' dir='ltr'><strong>coa—</strong></span> 
     </span>
    </p>
   </div>
   <div class='ocr_carea' id='block_1_93' title="bbox 537 4422 3639 4526">
    <p class='ocr_par' dir='ltr' id='par_1_93' title="bbox 537 4422 3639 4526">
     <span class='ocr_line' id='line_1_95' title="bbox 537 4422 3639 4526; baseline -0.001 -48"><span class='ocrx_word' id='word_1_567' title='bbox 537 4435 624 4479; x_wconf 91' lang='lat' dir='ltr'><strong>sto</strong></span> <span class='ocrx_word' id='word_1_568' title='bbox 657 4424 987 4491; x_wconf 87' lang='lat' dir='ltr'><strong>charissimi,</strong></span> <span class='ocrx_word' id='word_1_569' title='bbox 1018 4427 1324 4497; x_wconf 81' lang='lat' dir='ltr'><strong>apostolica:</strong></span> <span class='ocrx_word' id='word_1_570' title='bbox 1366 4426 1510 4482; x_wconf 84' lang='lat' dir='ltr'><strong>sedis</strong></span> <span class='ocrx_word' id='word_1_571' title='bbox 1551 4423 1857 4480; x_wconf 86' lang='lat' dir='ltr'><strong>liberalitati</strong></span> <span class='ocrx_word' id='word_1_572' title='bbox 1901 4422 2030 4497; x_wconf 86' lang='lat' dir='ltr'><strong>[ed.,</strong></span> <span class='ocrx_word' id='word_1_573' title='bbox 2054 4423 2119 4478; x_wconf 93' lang='lat' dir='ltr'><strong>li-</strong></span> <span class='ocrx_word' id='word_1_574' title='bbox 2146 4465 2194 4526; x_wconf 66' lang='grc' dir='ltr'>ο</span> <span class='ocrx_word' id='word_1_575' title='bbox 2219 4426 2443 4492; x_wconf 89' lang='lat' dir='ltr'><strong>stitutis,</strong></span> <span class='ocrx_word' id='word_1_576' title='bbox 2472 4425 2702 4482; x_wconf 87' lang='lat' dir='ltr'><strong>salutem</strong></span> <span class='ocrx_word' id='word_1_577' title='bbox 2727 4435 2782 4480; x_wconf 91' lang='lat' dir='ltr'><strong>et</strong></span> <span class='ocrx_word' id='word_1_578' title='bbox 2803 4423 3155 4494; x_wconf 88' lang='lat' dir='ltr'><strong>apostolicam</strong></span> <span class='ocrx_word' id='word_1_579' title='bbox 3187 4423 3639 4479; x_wconf 89' lang='lat' dir='ltr'><strong>benedictionem.</strong></span> 
     </span>
    </p>
   </div>
   <div class='ocr_carea' id='block_1_94' title="bbox 537 4515 2115 4589">
    <p class='ocr_par' dir='ltr' id='par_1_94' title="bbox 537 4515 2115 4589">
     <span class='ocr_line' id='line_1_96' title="bbox 537 4515 2115 4589; baseline -0.001 -19"><span class='ocrx_word' id='word_1_580' title='bbox 537 4516 550 4529; x_wconf 85' lang='lat'><strong>&#39;</strong></span> <span class='ocrx_word' id='word_1_581' title='bbox 572 4515 757 4588; x_wconf 77' lang='lat' dir='ltr'><strong>erlati]</strong></span> <span class='ocrx_word' id='word_1_582' title='bbox 779 4527 833 4572; x_wconf 90' lang='lat' dir='ltr'><strong>et</strong></span> <span class='ocrx_word' id='word_1_583' title='bbox 853 4519 1041 4589; x_wconf 83' lang='lat' dir='ltr'><strong>gratiae</strong></span> <span class='ocrx_word' id='word_1_584' title='bbox 1063 4518 1236 4589; x_wconf 83' lang='lat' dir='ltr'><strong>dignis</strong></span> <span class='ocrx_word' id='word_1_585' title='bbox 1257 4518 1560 4573; x_wconf 86' lang='lat' dir='ltr'><strong>actionibus</strong></span> <span class='ocrx_word' id='word_1_586' title='bbox 1587 4515 1931 4587; x_wconf 87' lang='lat' dir='ltr'><strong>respondere,</strong></span> <span class='ocrx_word' id='word_1_587' title='bbox 1959 4531 2115 4587; x_wconf 82' lang='lat' dir='ltr'><strong>regu-</strong></span> 
     </span>
    </p>
   </div>
   <div class='ocr_carea' id='block_1_95' title="bbox 609 4671 2107 4744">
    <p class='ocr_par' dir='ltr' id='par_1_95' title="bbox 609 4671 2107 4744">
     <span class='ocr_line' id='line_1_97' title="bbox 609 4671 2107 4744; baseline -0.001 -17"><span class='ocrx_word' id='word_1_588' title='bbox 609 4672 720 4744; x_wconf 77' lang='grc'>(15)</span> <span class='ocrx_word' id='word_1_589' title='bbox 750 4673 911 4729; x_wconf 82' lang='lat' dir='ltr'><strong>Forte</strong></span> <span class='ocrx_word' id='word_1_590' title='bbox 940 4674 993 4728; x_wconf 92' lang='lat' dir='ltr'><strong>in</strong></span> <span class='ocrx_word' id='word_1_591' title='bbox 1022 4673 1248 4730; x_wconf 87' lang='lat' dir='ltr'><strong>concilio</strong></span> <span class='ocrx_word' id='word_1_592' title='bbox 1289 4673 1635 4738; x_wconf 86' lang='lat' dir='ltr'><strong>Santonensi,</strong></span> <span class='ocrx_word' id='word_1_593' title='bbox 1665 4672 1812 4744; x_wconf 19' lang='lat' dir='ltr'><strong>quod,</strong></span> <span class='ocrx_word' id='word_1_594' title='bbox 1851 4687 1938 4726; x_wconf 89' lang='lat' dir='ltr'><strong>an.</strong></span> <span class='ocrx_word' id='word_1_595' title='bbox 1978 4671 2107 4728; x_wconf 86' lang='grc'>1081</span> 
     </span>
    </p>
   </div>
   <div class='ocr_carea' id='block_1_96' title="bbox 537 4743 2115 4814">
    <p class='ocr_par' dir='ltr' id='par_1_96' title="bbox 537 4743 2115 4814">
     <span class='ocr_line' id='line_1_98' title="bbox 537 4743 2115 4814; baseline 0 -18"><span class='ocrx_word' id='word_1_596' title='bbox 537 4744 606 4797; x_wconf 90' lang='lat' dir='ltr'><strong>ab</strong></span> <span class='ocrx_word' id='word_1_597' title='bbox 628 4745 822 4798; x_wconf 81' lang='lat' dir='ltr'><strong>Atuato</strong></span> <span class='ocrx_word' id='word_1_598' title='bbox 857 4745 1185 4801; x_wconf 86' lang='lat' dir='ltr'><strong>celebratum</strong></span> <span class='ocrx_word' id='word_1_599' title='bbox 1216 4744 1332 4809; x_wconf 90' lang='lat' dir='ltr'><strong>fuit,</strong></span> <span class='ocrx_word' id='word_1_600' title='bbox 1363 4745 1447 4799; x_wconf 87' lang='lat' dir='ltr'><strong>vel</strong></span> <span class='ocrx_word' id='word_1_601' title='bbox 1487 4758 1552 4799; x_wconf 90' lang='lat' dir='ltr'><strong>eo</strong></span> <span class='ocrx_word' id='word_1_602' title='bbox 1577 4743 1940 4814; x_wconf 17' lang='lat' dir='ltr'><strong>quodiibidem</strong></span> <span class='ocrx_word' id='word_1_603' title='bbox 1971 4757 2115 4814; x_wconf 85' lang='lat' dir='ltr'><strong>anno</strong></span> 
     </span>
    </p>
   </div>
   <div class='ocr_carea' id='block_1_97' title="bbox 539 4812 2110 4883">
    <p class='ocr_par' dir='ltr' id='par_1_97' title="bbox 539 4812 2110 4883">
     <span class='ocr_line' id='line_1_99' title="bbox 539 4812 2110 4883; baseline -0.001 -15"><span class='ocrx_word' id='word_1_604' title='bbox 539 4814 674 4868; x_wconf 88' lang='grc'>1089</span> <span class='ocrx_word' id='word_1_605' title='bbox 701 4815 1026 4870; x_wconf 82' lang='lat' dir='ltr'><strong>celebratum</strong></span> <span class='ocrx_word' id='word_1_606' title='bbox 1055 4816 1219 4869; x_wconf 88' lang='lat' dir='ltr'><strong>tradit</strong></span> <span class='ocrx_word' id='word_1_607' title='bbox 1247 4812 1688 4883; x_wconf 82' lang='lat' dir='ltr'><strong>cbronographus</strong></span> <span class='ocrx_word' id='word_1_608' title='bbox 1719 4812 2110 4867; x_wconf 84' lang='lat' dir='ltr'><strong>Malleacensis.</strong></span> 
     </span>
    </p>
   </div>
   <div class='ocr_carea' id='block_1_98' title="bbox 611 4883 2113 4956">
    <p class='ocr_par' dir='ltr' id='par_1_98' title="bbox 611 4883 2113 4956">
     <span class='ocr_line' id='line_1_100' title="bbox 611 4883 2113 4956; baseline -0.001 -18"><span class='ocrx_word' id='word_1_609' title='bbox 611 4885 752 4956; x_wconf 62' lang='lat' dir='ltr'><strong>(I5f)</strong></span> <span class='ocrx_word' id='word_1_610' title='bbox 779 4885 977 4940; x_wconf 87' lang='lat' dir='ltr'><strong>Eadem</strong></span> <span class='ocrx_word' id='word_1_611' title='bbox 1015 4886 1241 4941; x_wconf 87' lang='lat' dir='ltr'><strong>ecclesia</strong></span> <span class='ocrx_word' id='word_1_612' title='bbox 1292 4885 1747 4956; x_wconf 12' lang='lat' dir='ltr'><strong>clericisiquoque</strong></span> <span class='ocrx_word' id='word_1_613' title='bbox 1776 4883 2113 4956; x_wconf 79' lang='lat' dir='ltr'><strong>regularibus</strong></span> 
     </span>
    </p>
   </div>
   <div class='ocr_carea' id='block_1_99' title="bbox 539 4953 2116 5023">
    <p class='ocr_par' dir='ltr' id='par_1_99' title="bbox 539 4953 2116 5023">
     <span class='ocr_line' id='line_1_101' title="bbox 539 4953 2116 5023; baseline 0 -17"><span class='ocrx_word' id='word_1_614' title='bbox 539 4954 661 5007; x_wconf 87' lang='lat' dir='ltr'><strong>data</strong></span> <span class='ocrx_word' id='word_1_615' title='bbox 695 4953 895 5020; x_wconf 84' lang='lat' dir='ltr'><strong>fuerat;</strong></span> <span class='ocrx_word' id='word_1_616' title='bbox 929 4957 1024 5010; x_wconf 89' lang='lat' dir='ltr'><strong>sed</strong></span> <span class='ocrx_word' id='word_1_617' title='bbox 1069 4957 1118 5008; x_wconf 70' lang='lat' dir='ltr'><strong>vi</strong></span> <span class='ocrx_word' id='word_1_618' title='bbox 1166 4956 1468 5010; x_wconf 87' lang='lat' dir='ltr'><strong>litterarum</strong></span> <span class='ocrx_word' id='word_1_619' title='bbox 1518 4955 1741 5008; x_wconf 88' lang='lat' dir='ltr'><strong>istarum</strong></span> <span class='ocrx_word' id='word_1_620' title='bbox 1781 4953 1936 5023; x_wconf 90' lang='lat' dir='ltr'><strong>ejecti</strong></span> <span class='ocrx_word' id='word_1_621' title='bbox 1967 4962 2116 5022; x_wconf 90' lang='lat' dir='ltr'><strong>post-</strong></span> 
     </span>
    </p>
   </div>
   <div class='ocr_carea' id='block_1_100' title="bbox 542 5023 2116 5095">
    <p class='ocr_par' dir='ltr' id='par_1_100' title="bbox 542 5023 2116 5095">
     <span class='ocr_line' id='line_1_102' title="bbox 542 5023 2116 5095; baseline 0.003 -21"><span class='ocrx_word' id='word_1_622' title='bbox 542 5024 755 5095; x_wconf 70' lang='lat' dir='ltr'><strong>modum</strong></span> <span class='ocrx_word' id='word_1_623' title='bbox 782 5025 931 5079; x_wconf 83' lang='lat' dir='ltr'><strong>fuere</strong></span> <span class='ocrx_word' id='word_1_624' title='bbox 952 5026 1154 5091; x_wconf 86' lang='lat' dir='ltr'><strong>clerici,</strong></span> <span class='ocrx_word' id='word_1_625' title='bbox 1187 5025 1525 5095; x_wconf 82' lang='lat' dir='ltr'><strong>institutique</strong></span> <span class='ocrx_word' id='word_1_626' title='bbox 1553 5024 1610 5079; x_wconf 90' lang='lat' dir='ltr'><strong>S.</strong></span> <span class='ocrx_word' id='word_1_627' title='bbox 1645 5023 2116 5095; x_wconf 72' lang='lat' dir='ltr'><strong>Cyprianimmm-</strong></span> 
     </span>
    </p>
   </div>
   <div class='ocr_carea' id='block_1_101' title="bbox 540 5092 2115 5167">
    <p class='ocr_par' dir='ltr' id='par_1_101' title="bbox 540 5092 2115 5167">
     <span class='ocr_line' id='line_1_103' title="bbox 540 5092 2115 5167; baseline 0.004 -23"><span class='ocrx_word' id='word_1_628' title='bbox 540 5094 646 5167; x_wconf 80' lang='lat' dir='ltr'><strong>chi.</strong></span> <span class='ocrx_word' id='word_1_629' title='bbox 680 5092 795 5167; x_wconf 86' lang='lat' dir='ltr'><strong>Qua</strong></span> <span class='ocrx_word' id='word_1_630' title='bbox 816 5094 883 5167; x_wconf 89' lang='lat' dir='ltr'><strong>d_e</strong></span> <span class='ocrx_word' id='word_1_631' title='bbox 915 5111 972 5150; x_wconf 89' lang='lat' dir='ltr'><strong>re</strong></span> <span class='ocrx_word' id='word_1_632' title='bbox 1000 5111 1223 5167; x_wconf 69' lang='lat' dir='ltr'><strong>gravem</strong></span> <span class='ocrx_word' id='word_1_633' title='bbox 1254 5096 1342 5150; x_wconf 93' lang='lat' dir='ltr'><strong>lvo</strong></span> <span class='ocrx_word' id='word_1_634' title='bbox 1376 5092 1966 5167; x_wconf 32' lang='lat' dir='ltr'><strong>Cdrnotensis’detulig</strong></span> <span class='ocrx_word' id='word_1_635' title='bbox 1981 5109 2115 5167; x_wconf 79' lang='lat' dir='ltr'><strong>que-</strong></span> 
     </span>
    </p>
   </div>
   <div class='ocr_carea' id='block_1_102' title="bbox 543 5163 2114 5236">
    <p class='ocr_par' dir='ltr' id='par_1_102' title="bbox 543 5163 2114 5236">
     <span class='ocr_line' id='line_1_104' title="bbox 543 5163 2114 5236; baseline 0.003 -20"><span class='ocrx_word' id='word_1_636' title='bbox 543 5163 705 5236; x_wconf 81' lang='lat' dir='ltr'><strong>relam</strong></span> <span class='ocrx_word' id='word_1_637' title='bbox 733 5164 798 5236; x_wconf 87' lang='lat' dir='ltr'><strong>ad</strong></span> <span class='ocrx_word' id='word_1_638' title='bbox 839 5163 1055 5220; x_wconf 79' lang='lat' dir='ltr'><strong>Petrum</strong></span> <span class='ocrx_word' id='word_1_639' title='bbox 1089 5165 1484 5236; x_wconf 86' lang='lat' dir='ltr'><strong>Pictaviensem</strong></span> <span class='ocrx_word' id='word_1_640' title='bbox 1522 5164 1713 5235; x_wconf 90' lang='lat' dir='ltr'><strong>episc.,</strong></span> <span class='ocrx_word' id='word_1_641' title='bbox 1744 5165 1903 5236; x_wconf 88' lang='lat' dir='ltr'><strong>epist.</strong></span> <span class='ocrx_word' id='word_1_642' title='bbox 1921 5163 2026 5236; x_wconf 16' lang='lat'><strong>756,</strong></span> <span class='ocrx_word' id='word_1_643' title='bbox 2061 5168 2114 5220; x_wconf 91' lang='lat' dir='ltr'><strong>in</strong></span> 
     </span>
    </p>
   </div>
   <div class='ocr_carea' id='block_1_103' title="bbox 541 5233 2112 5306">
    <p class='ocr_par' dir='ltr' id='par_1_103' title="bbox 541 5233 2112 5306">
     <span class='ocr_line' id='line_1_105' title="bbox 541 5233 2112 5306; baseline 0.001 -19"><span class='ocrx_word' id='word_1_644' title='bbox 541 5248 644 5303; x_wconf 85' lang='lat' dir='ltr'><strong>qua</strong></span> <span class='ocrx_word' id='word_1_645' title='bbox 676 5233 904 5290; x_wconf 84' lang='lat' dir='ltr'><strong>laudatis</strong></span> <span class='ocrx_word' id='word_1_646' title='bbox 934 5235 1136 5292; x_wconf 87' lang='lat' dir='ltr'><strong>Urbani</strong></span> <span class='ocrx_word' id='word_1_647' title='bbox 1167 5251 1320 5306; x_wconf 86' lang='lat' dir='ltr'><strong>papa:</strong></span> <span class='ocrx_word' id='word_1_648' title='bbox 1350 5233 1571 5301; x_wconf 69' lang='lat' dir='ltr'><strong>litteris,</strong></span> <span class='ocrx_word' id='word_1_649' title='bbox 1595 5249 1688 5291; x_wconf 90' lang='lat' dir='ltr'><strong>eas</strong></span> <span class='ocrx_word' id='word_1_650' title='bbox 1711 5233 2112 5306; x_wconf 77' lang='lat' dir='ltr'><strong>monachorum</strong></span> 
     </span>
    </p>
   </div>
   <div class='ocr_carea' id='block_1_104' title="bbox 541 5305 2110 5372">
    <p class='ocr_par' dir='ltr' id='par_1_104' title="bbox 541 5305 2110 5372">
     <span class='ocr_line' id='line_1_106' title="bbox 541 5305 2110 5372; baseline 0.001 -15"><span class='ocrx_word' id='word_1_651' title='bbox 541 5319 715 5358; x_wconf 83' lang='lat' dir='ltr'><strong>causa:</strong></span> <span class='ocrx_word' id='word_1_652' title='bbox 746 5307 1070 5372; x_wconf 90' lang='lat' dir='ltr'><strong>patrocinari</strong></span> <span class='ocrx_word' id='word_1_653' title='bbox 1111 5305 1218 5361; x_wconf 81' lang='lat' dir='ltr'><strong>non</strong></span> <span class='ocrx_word' id='word_1_654' title='bbox 1242 5305 1445 5362; x_wconf 80' lang='lat' dir='ltr'><strong>debere</strong></span> <span class='ocrx_word' id='word_1_655' title='bbox 1472 5305 1765 5361; x_wconf 91' lang='lat' dir='ltr'><strong>contendit.</strong></span> <span class='ocrx_word' id='word_1_656' title='bbox 1797 5306 1886 5358; x_wconf 89' lang='lat' dir='ltr'><strong>Ait</strong></span> <span class='ocrx_word' id='word_1_657' title='bbox 1925 5305 2066 5358; x_wconf 91' lang='lat' dir='ltr'><strong>enim</strong></span> <span class='ocrx_word' id='word_1_658' title='bbox 2099 5323 2110 5358; x_wconf 92' lang='lat'><strong>:</strong></span> 
     </span>
    </p>
   </div>
   <div class='ocr_carea' id='block_1_105' title="bbox 545 5373 2114 5432">
    <p class='ocr_par' dir='ltr' id='par_1_105' title="bbox 545 5373 2114 5432">
     <span class='ocr_line' id='line_1_107' title="bbox 545 5373 2114 5432; baseline 0.004 -9"><span class='ocrx_word' id='word_1_659' title='bbox 545 5393 563 5423; x_wconf 73' lang='grc' dir='ltr'>ι</span> <span class='ocrx_word' id='word_1_660' title='bbox 605 5374 712 5428; x_wconf 86' lang='lat' dir='ltr'><strong>Nec</strong></span> <span class='ocrx_word' id='word_1_661' title='bbox 757 5376 890 5431; x_wconf 88' lang='lat' dir='ltr'><strong>satis</strong></span> <span class='ocrx_word' id='word_1_662' title='bbox 933 5386 1147 5431; x_wconf 88' lang='lat' dir='ltr'><strong>tuentur</strong></span> <span class='ocrx_word' id='word_1_663' title='bbox 1187 5385 1423 5432; x_wconf 85' lang='lat' dir='ltr'><strong>vestram</strong></span> <span class='ocrx_word' id='word_1_664' title='bbox 1476 5375 1872 5430; x_wconf 88' lang='lat' dir='ltr'><strong>fraternitatem</strong></span> <span class='ocrx_word' id='word_1_665' title='bbox 1921 5373 2114 5429; x_wconf 84' lang='lat' dir='ltr'><strong>littera:</strong></span> 
     </span>
    </p>
   </div>
   <div class='ocr_carea' id='block_1_106' title="bbox 539 5443 2112 5515">
    <p class='ocr_par' dir='ltr' id='par_1_106' title="bbox 539 5443 2112 5515">
     <span class='ocr_line' id='line_1_108' title="bbox 539 5443 2112 5515; baseline 0.001 -20"><span class='ocrx_word' id='word_1_666' title='bbox 539 5445 731 5515; x_wconf 71' lang='lat' dir='ltr'><strong>don&#39;mi</strong></span> <span class='ocrx_word' id='word_1_667' title='bbox 761 5461 910 5515; x_wconf 83' lang='lat' dir='ltr'><strong>papa:</strong></span> <span class='ocrx_word' id='word_1_668' title='bbox 955 5446 1148 5515; x_wconf 90' lang='lat' dir='ltr'><strong>quibus</strong></span> <span class='ocrx_word' id='word_1_669' title='bbox 1197 5447 1462 5502; x_wconf 90' lang='lat' dir='ltr'><strong>dictandis</strong></span> <span class='ocrx_word' id='word_1_670' title='bbox 1517 5461 1546 5500; x_wconf 92' lang='lat' dir='ltr'><strong>a</strong></span> <span class='ocrx_word' id='word_1_671' title='bbox 1597 5445 1773 5515; x_wconf 21' lang='lat' dir='ltr'><strong>latere,</strong></span> <span class='ocrx_word' id='word_1_672' title='bbox 1818 5443 2112 5515; x_wconf 67' lang='lat' dir='ltr'><strong>[tegendam</strong></span> 
     </span>
    </p>
   </div>
   <div class='ocr_carea' id='block_1_107' title="bbox 538 5513 2178 5585">
    <p class='ocr_par' dir='ltr' id='par_1_107' title="bbox 538 5513 2178 5585">
     <span class='ocr_line' id='line_1_109' title="bbox 538 5513 2178 5585; baseline 0.002 -19"><span class='ocrx_word' id='word_1_673' title='bbox 538 5513 734 5585; x_wconf 76' lang='lat' dir='ltr'><strong>Alalri]</strong></span> <span class='ocrx_word' id='word_1_674' title='bbox 762 5513 1122 5580; x_wconf 79' lang='lat' dir='ltr'><strong>interfuimus,</strong></span> <span class='ocrx_word' id='word_1_675' title='bbox 1170 5532 1288 5585; x_wconf 68' lang='lat' dir='ltr'><strong>quae</strong></span> <span class='ocrx_word' id='word_1_676' title='bbox 1326 5517 1651 5572; x_wconf 88' lang='lat' dir='ltr'><strong>conﬁrmant</strong></span> <span class='ocrx_word' id='word_1_677' title='bbox 1693 5513 1870 5569; x_wconf 78' lang='lat' dir='ltr'><strong>abbati</strong></span> <span class='ocrx_word' id='word_1_678' title='bbox 1919 5513 2132 5585; x_wconf 33' lang='grc' dir='ltr'><strong>δίαγε</strong></span> <span class='ocrx_word' id='word_1_679' title='bbox 2160 5543 2178 5557; x_wconf 83' lang='lat'><strong>—</strong></span> 
     </span>
    </p>
   </div>
   <div class='ocr_carea' id='block_1_108' title="bbox 537 5581 2133 5668">
    <p class='ocr_par' dir='ltr' id='par_1_108' title="bbox 537 5581 2133 5668">
     <span class='ocr_line' id='line_1_110' title="bbox 537 5581 2133 5668; baseline -0.001 -31"><span class='ocrx_word' id='word_1_680' title='bbox 537 5581 828 5668; x_wconf 46' lang='lat' dir='ltr'><strong>prium—jus</strong></span> <span class='ocrx_word' id='word_1_681' title='bbox 869 5581 1305 5668; x_wconf 61' lang='lat' dir='ltr'><strong>illudprmdictae</strong></span> <span class='ocrx_word' id='word_1_682' title='bbox 1353 5586 1611 5668; x_wconf 33' lang='lat' dir='ltr'><strong>cocclesiie,</strong></span> <span class='ocrx_word' id='word_1_683' title='bbox 1658 5586 1804 5668; x_wconf 75' lang='lat' dir='ltr'><strong>quod</strong></span> <span class='ocrx_word' id='word_1_684' title='bbox 1829 5600 1886 5639; x_wconf 89' lang='lat' dir='ltr'><strong>se</strong></span> <span class='ocrx_word' id='word_1_685' title='bbox 1914 5581 2133 5668; x_wconf 25' lang='lat' dir='ltr'><strong>habere,</strong></span> 
     </span>
    </p>
   </div>
   <div class='ocr_carea' id='block_1_109' title="bbox 538 5655 2130 5728">
    <p class='ocr_par' dir='ltr' id='par_1_109' title="bbox 538 5655 2130 5728">
     <span class='ocr_line' id='line_1_111' title="bbox 538 5655 2130 5728; baseline -0.001 -20"><span class='ocrx_word' id='word_1_686' title='bbox 538 5655 748 5728; x_wconf 83' lang='lat' dir='ltr'><strong>diccbat</strong></span> <span class='ocrx_word' id='word_1_687' title='bbox 772 5671 834 5709; x_wconf 87' lang='lat' dir='ltr'><strong>ex</strong></span> <span class='ocrx_word' id='word_1_688' title='bbox 878 5655 1110 5728; x_wconf 85' lang='lat' dir='ltr'><strong>legitima</strong></span> <span class='ocrx_word' id='word_1_689' title='bbox 1150 5657 1519 5728; x_wconf 74' lang='lat' dir='ltr'><strong>concessione</strong></span> <span class='ocrx_word' id='word_1_690' title='bbox 1543 5656 1899 5726; x_wconf 83' lang='lat' dir='ltr'><strong>quorumdam</strong></span> <span class='ocrx_word' id='word_1_691' title='bbox 1927 5655 2130 5728; x_wconf 71' lang='lat' dir='ltr'><strong>monia-_f</strong></span> 
     </span>
    </p>
   </div>
   <div class='ocr_carea' id='block_1_110' title="bbox 535 5723 2109 5796">
    <p class='ocr_par' dir='ltr' id='par_1_110' title="bbox 535 5723 2109 5796">
     <span class='ocr_line' id='line_1_112' title="bbox 535 5723 2109 5796; baseline -0.001 -18"><span class='ocrx_word' id='word_1_692' title='bbox 535 5726 780 5791; x_wconf 86' lang='lat' dir='ltr'><strong>chorum,</strong></span> <span class='ocrx_word' id='word_1_693' title='bbox 807 5727 898 5796; x_wconf 87' lang='lat' dir='ltr'><strong>qui</strong></span> <span class='ocrx_word' id='word_1_694' title='bbox 930 5723 1027 5794; x_wconf 63' lang='lat' dir='ltr'><strong>&#39;(ut</strong></span> <span class='ocrx_word' id='word_1_695' title='bbox 1071 5724 1390 5796; x_wconf 88' lang='lat' dir='ltr'><strong>audivimus)</strong></span> <span class='ocrx_word' id='word_1_696' title='bbox 1435 5723 1673 5795; x_wconf 77' lang='lat' dir='ltr'><strong>quietam</strong></span> <span class='ocrx_word' id='word_1_697' title='bbox 1713 5723 2109 5795; x_wconf 88' lang='lat' dir='ltr'><strong>possessionem</strong></span> 
     </span>
    </p>
   </div>
   <div class='ocr_carea' id='block_1_111' title="bbox 2291 4509 3783 4584">
    <p class='ocr_par' dir='ltr' id='par_1_111' title="bbox 2291 4509 3783 4584">
     <span class='ocr_line' id='line_1_113' title="bbox 2291 4509 3783 4584; baseline -0.007 -14"><span class='ocrx_word' id='word_1_698' title='bbox 2291 4515 2678 4572; x_wconf 89' lang='lat' dir='ltr'><strong>Dilectissimus</strong></span> <span class='ocrx_word' id='word_1_699' title='bbox 2726 4529 2790 4570; x_wconf 91' lang='lat' dir='ltr'><strong>ac</strong></span> <span class='ocrx_word' id='word_1_700' title='bbox 2838 4514 3121 4569; x_wconf 87' lang='lat' dir='ltr'><strong>familiaris</strong></span> <span class='ocrx_word' id='word_1_701' title='bbox 3159 4523 3344 4568; x_wconf 89' lang='lat' dir='ltr'><strong>noster</strong></span> <span class='ocrx_word' id='word_1_702' title='bbox 3372 4512 3520 4568; x_wconf 90' lang='lat' dir='ltr'><strong>ﬁlius</strong></span> <span class='ocrx_word' id='word_1_703' title='bbox 3555 4511 3620 4566; x_wconf 84' lang='lat' dir='ltr'><strong>R.</strong></span> <span class='ocrx_word' id='word_1_704' title='bbox 3651 4509 3783 4584; x_wconf 76' lang='lat' dir='ltr'><strong>[Bai-</strong></span> 
     </span>
    </p>
   </div>
   <div class='ocr_carea' id='block_1_112' title="bbox 2217 4663 3782 4743">
    <p class='ocr_par' dir='ltr' id='par_1_112' title="bbox 2217 4663 3782 4743">
     <span class='ocr_line' id='line_1_114' title="bbox 2217 4663 3782 4743; baseline -0.01 -14"><span class='ocrx_word' id='word_1_705' title='bbox 2217 4674 2534 4729; x_wconf 82' lang='lat' dir='ltr'><strong>clericorum</strong></span> <span class='ocrx_word' id='word_1_706' title='bbox 2559 4673 2872 4743; x_wconf 88' lang='lat' dir='ltr'><strong>approbant,</strong></span> <span class='ocrx_word' id='word_1_707' title='bbox 2893 4672 3286 4743; x_wconf 78' lang='lat' dir='ltr'><strong>monachorum</strong></span> <span class='ocrx_word' id='word_1_708' title='bbox 3305 4682 3437 4743; x_wconf 72' lang='lat' dir='ltr'><strong>vero</strong></span> <span class='ocrx_word' id='word_1_709' title='bbox 3461 4665 3521 4720; x_wconf 90' lang='lat' dir='ltr'><strong>S.</strong></span> <span class='ocrx_word' id='word_1_710' title='bbox 3549 4663 3782 4743; x_wconf 75' lang='lat' dir='ltr'><strong>Cypriani</strong></span> 
     </span>
    </p>
   </div>
   <div class='ocr_carea' id='block_1_113' title="bbox 2218 4738 3783 4816">
    <p class='ocr_par' dir='ltr' id='par_1_113' title="bbox 2218 4738 3783 4816">
     <span class='ocr_line' id='line_1_115' title="bbox 2218 4738 3783 4816; baseline -0.009 -17"><span class='ocrx_word' id='word_1_711' title='bbox 2218 4745 2570 4816; x_wconf 82' lang='lat' dir='ltr'><strong>intrusionem</strong></span> <span class='ocrx_word' id='word_1_712' title='bbox 2594 4738 2824 4816; x_wconf 75' lang='lat' dir='ltr'><strong>prorsus</strong></span> <span class='ocrx_word' id='word_1_713' title='bbox 2854 4742 3181 4816; x_wconf 75' lang='lat' dir='ltr'><strong>improbant.</strong></span> <span class='ocrx_word' id='word_1_714' title='bbox 3207 4738 3287 4816; x_wconf 69' lang='grc' dir='ltr'><strong>ᾼεΙ</strong></span> <span class='ocrx_word' id='word_1_715' title='bbox 3315 4739 3420 4793; x_wconf 91' lang='lat' dir='ltr'><strong>hoc</strong></span> <span class='ocrx_word' id='word_1_716' title='bbox 3476 4738 3620 4792; x_wconf 89' lang='lat' dir='ltr'><strong>enim</strong></span> <span class='ocrx_word' id='word_1_717' title='bbox 3662 4751 3783 4816; x_wconf 66' lang='lat' dir='ltr'><strong>pcr-</strong></span> 
     </span>
    </p>
   </div>
   <div class='ocr_carea' id='block_1_114' title="bbox 2217 4810 3784 4876">
    <p class='ocr_par' dir='ltr' id='par_1_114' title="bbox 2217 4810 3784 4876">
     <span class='ocr_line' id='line_1_116' title="bbox 2217 4810 3784 4876; baseline -0.008 -6"><span class='ocrx_word' id='word_1_718' title='bbox 2217 4817 2392 4870; x_wconf 87' lang='lat' dir='ltr'><strong>dictus</strong></span> <span class='ocrx_word' id='word_1_719' title='bbox 2423 4810 2794 4869; x_wconf 43' lang='lat' dir='ltr'><strong>abbas—modis</strong></span> <span class='ocrx_word' id='word_1_720' title='bbox 2817 4810 3070 4866; x_wconf 89' lang='lat' dir='ltr'><strong>omnibus</strong></span> <span class='ocrx_word' id='word_1_721' title='bbox 3113 4810 3409 4871; x_wconf 87' lang='lat' dir='ltr'><strong>nitebatur,</strong></span> <span class='ocrx_word' id='word_1_722' title='bbox 3448 4818 3510 4862; x_wconf 89' lang='lat' dir='ltr'><strong>ut</strong></span> <span class='ocrx_word' id='word_1_723' title='bbox 3537 4810 3784 4876; x_wconf 55' lang='lat' dir='ltr'><strong>pradich</strong></span> 
     </span>
    </p>
   </div>
   <div class='ocr_carea' id='block_1_115' title="bbox 2217 4878 3778 4956">
    <p class='ocr_par' dir='ltr' id='par_1_115' title="bbox 2217 4878 3778 4956">
     <span class='ocr_line' id='line_1_117' title="bbox 2217 4878 3778 4956; baseline -0.006 -15"><span class='ocrx_word' id='word_1_724' title='bbox 2217 4885 2459 4956; x_wconf 77' lang='lat' dir='ltr'><strong>ecclesia:</strong></span> <span class='ocrx_word' id='word_1_725' title='bbox 2506 4884 2777 4956; x_wconf 90' lang='lat' dir='ltr'><strong>prioratus</strong></span> <span class='ocrx_word' id='word_1_726' title='bbox 2805 4883 2856 4938; x_wconf 90' lang='lat' dir='ltr'><strong>ei</strong></span> <span class='ocrx_word' id='word_1_727' title='bbox 2895 4898 2924 4956; x_wconf 81' lang='lat' dir='ltr'><strong>a</strong></span> <span class='ocrx_word' id='word_1_728' title='bbox 2947 4882 3165 4956; x_wconf 81' lang='lat' dir='ltr'><strong>_domno</strong></span> <span class='ocrx_word' id='word_1_729' title='bbox 3202 4878 3778 4956; x_wconf 72' lang='lat' dir='ltr'><strong>papa__conced_eretur;</strong></span> 
     </span>
    </p>
   </div>
   <div class='ocr_carea' id='block_1_116' title="bbox 2215 4947 3780 5026">
    <p class='ocr_par' dir='ltr' id='par_1_116' title="bbox 2215 4947 3780 5026">
     <span class='ocr_line' id='line_1_118' title="bbox 2215 4947 3780 5026; baseline -0.009 -18"><span class='ocrx_word' id='word_1_730' title='bbox 2215 4955 2358 5026; x_wconf 87' lang='lat' dir='ltr'><strong>quod</strong></span> <span class='ocrx_word' id='word_1_731' title='bbox 2389 4947 2616 5026; x_wconf 68' lang='lat' dir='ltr'><strong>dom&#39;nus</strong></span> <span class='ocrx_word' id='word_1_732' title='bbox 2645 4969 2800 5024; x_wconf 91' lang='lat' dir='ltr'><strong>papa,</strong></span> <span class='ocrx_word' id='word_1_733' title='bbox 2838 4951 2993 5007; x_wconf 90' lang='lat' dir='ltr'><strong>nobis</strong></span> <span class='ocrx_word' id='word_1_734' title='bbox 3034 4947 3461 5026; x_wconf 74' lang='lat' dir='ltr'><strong>reclamantibus</strong></span> <span class='ocrx_word' id='word_1_735' title='bbox 3489 4959 3558 5026; x_wconf 85' lang='lat' dir='ltr'><strong>ct_</strong></span> <span class='ocrx_word' id='word_1_736' title='bbox 3583 4947 3780 5026; x_wconf 63' lang='lat' dir='ltr'><strong>liberta-</strong></span> 
     </span>
    </p>
   </div>
   <div class='ocr_carea' id='block_1_117' title="bbox 2218 5016 3775 5094">
    <p class='ocr_par' dir='ltr' id='par_1_117' title="bbox 2218 5016 3775 5094">
     <span class='ocr_line' id='line_1_119' title="bbox 2218 5016 3775 5094; baseline -0.01 -13"><span class='ocrx_word' id='word_1_737' title='bbox 2218 5016 2324 5082; x_wconf 64' lang='lat' dir='ltr'><strong>fem</strong></span> <span class='ocrx_word' id='word_1_738' title='bbox 2375 5016 2850 5094; x_wconf 64' lang='lat' dir='ltr'><strong>clericoruin&#39;pro</strong></span> <span class='ocrx_word' id='word_1_739' title='bbox 2903 5036 3067 5094; x_wconf 80' lang='lat' dir='ltr'><strong>posse</strong></span> <span class='ocrx_word' id='word_1_740' title='bbox 3122 5027 3308 5094; x_wconf 83' lang='lat' dir='ltr'><strong>nostro</strong></span> <span class='ocrx_word' id='word_1_741' title='bbox 3362 5016 3775 5094; x_wconf 68' lang='lat' dir='ltr'><strong>defendentibus.</strong></span> 
     </span>
    </p>
   </div>
   <div class='ocr_carea' id='block_1_118' title="bbox 2217 5085 3776 5167">
    <p class='ocr_par' dir='ltr' id='par_1_118' title="bbox 2217 5085 3776 5167">
     <span class='ocr_line' id='line_1_120' title="bbox 2217 5085 3776 5167; baseline -0.013 -13"><span class='ocrx_word' id='word_1_742' title='bbox 2217 5098 2394 5154; x_wconf 86' lang='lat' dir='ltr'><strong>faccre</strong></span> <span class='ocrx_word' id='word_1_743' title='bbox 2425 5095 2618 5167; x_wconf 89' lang='lat' dir='ltr'><strong>noluit,</strong></span> <span class='ocrx_word' id='word_1_744' title='bbox 2649 5085 2958 5167; x_wconf 65' lang='lat' dir='ltr'><strong>prte&#39;cavens</strong></span> <span class='ocrx_word' id='word_1_745' title='bbox 3003 5091 3167 5167; x_wconf 78' lang='lat' dir='ltr'><strong>(sicut</strong></span> <span class='ocrx_word' id='word_1_746' title='bbox 3204 5090 3317 5167; x_wconf 78' lang='lat' dir='ltr'><strong>ipse</strong></span> <span class='ocrx_word' id='word_1_747' title='bbox 3345 5089 3583 5167; x_wconf 74' lang='lat' dir='ltr'><strong>dicebat)</strong></span> <span class='ocrx_word' id='word_1_748' title='bbox 3608 5102 3672 5167; x_wconf 68' lang='lat' dir='ltr'><strong>ne</strong></span> <span class='ocrx_word' id='word_1_749' title='bbox 3694 5085 3776 5167; x_wconf 77' lang='lat' dir='ltr'><strong>sub</strong></span> 
     </span>
    </p>
   </div>
   <div class='ocr_carea' id='block_1_119' title="bbox 2216 5157 3775 5235">
    <p class='ocr_par' dir='ltr' id='par_1_119' title="bbox 2216 5157 3775 5235">
     <span class='ocr_line' id='line_1_121' title="bbox 2216 5157 3775 5235; baseline -0.011 -10"><span class='ocrx_word' id='word_1_750' title='bbox 2216 5170 2318 5225; x_wconf 87' lang='lat' dir='ltr'><strong>hac</strong></span> <span class='ocrx_word' id='word_1_751' title='bbox 2357 5157 2666 5224; x_wconf 65' lang='lat' dir='ltr'><strong>occasione&#39;</strong></span> <span class='ocrx_word' id='word_1_752' title='bbox 2693 5164 2980 5235; x_wconf 72' lang='lat' dir='ltr'><strong>praedictus</strong></span> <span class='ocrx_word' id='word_1_753' title='bbox 3011 5157 3204 5235; x_wconf 66' lang='lat' dir='ltr'><strong>&#39;abbas</strong></span> <span class='ocrx_word' id='word_1_754' title='bbox 3227 5157 3486 5235; x_wconf 32' lang='lat' dir='ltr'><strong>’clericos</strong></span> <span class='ocrx_word' id='word_1_755' title='bbox 3523 5157 3775 5235; x_wconf 66' lang='lat' dir='ltr'><strong>moliretur</strong></span> 
     </span>
    </p>
   </div>
   <div class='ocr_carea' id='block_1_120' title="bbox 2216 5227 3772 5304">
    <p class='ocr_par' dir='ltr' id='par_1_120' title="bbox 2216 5227 3772 5304">
     <span class='ocr_line' id='line_1_122' title="bbox 2216 5227 3772 5304; baseline -0.011 -11"><span class='ocrx_word' id='word_1_756' title='bbox 2216 5239 2524 5304; x_wconf 83' lang='lat' dir='ltr'><strong>excludere,</strong></span> <span class='ocrx_word' id='word_1_757' title='bbox 2567 5247 2622 5290; x_wconf 89' lang='lat' dir='ltr'><strong>et</strong></span> <span class='ocrx_word' id='word_1_758' title='bbox 2661 5227 3125 5304; x_wconf 79' lang='lat' dir='ltr'><strong>monachossuos</strong></span> <span class='ocrx_word' id='word_1_759' title='bbox 3154 5227 3772 5304; x_wconf 74' lang='lat' dir='ltr'><strong>_introducere._Clerico_-</strong></span> 
     </span>
    </p>
   </div>
   <div class='ocr_carea' id='block_1_121' title="bbox 2217 5299 3763 5374">
    <p class='ocr_par' dir='ltr' id='par_1_121' title="bbox 2217 5299 3763 5374">
     <span class='ocr_line' id='line_1_123' title="bbox 2217 5299 3763 5374; baseline -0.009 -12"><span class='ocrx_word' id='word_1_760' title='bbox 2217 5325 2334 5363; x_wconf 82' lang='lat' dir='ltr'><strong>runt</strong></span> <span class='ocrx_word' id='word_1_761' title='bbox 2382 5299 2562 5362; x_wconf 81' lang='lat' dir='ltr'><strong>autem</strong></span> <span class='ocrx_word' id='word_1_762' title='bbox 2617 5305 2793 5360; x_wconf 90' lang='lat' dir='ltr'><strong>ordini</strong></span> <span class='ocrx_word' id='word_1_763' title='bbox 2849 5302 3114 5373; x_wconf 87' lang='lat' dir='ltr'><strong>publicam</strong></span> <span class='ocrx_word' id='word_1_764' title='bbox 3153 5299 3364 5374; x_wconf 82' lang='lat' dir='ltr'><strong>infertis</strong></span> <span class='ocrx_word' id='word_1_765' title='bbox 3405 5299 3763 5374; x_wconf 77' lang='lat' dir='ltr'><strong>injuriam_,_qul</strong></span> 
     </span>
    </p>
   </div>
   <div class='ocr_carea' id='block_1_122' title="bbox 2216 5368 3759 5437">
    <p class='ocr_par' dir='ltr' id='par_1_122' title="bbox 2216 5368 3759 5437">
     <span class='ocr_line' id='line_1_124' title="bbox 2216 5368 3759 5437; baseline -0.013 -4"><span class='ocrx_word' id='word_1_766' title='bbox 2216 5378 2603 5434; x_wconf 87' lang='lat' dir='ltr'><strong>monachorum</strong></span> <span class='ocrx_word' id='word_1_767' title='bbox 2634 5368 2880 5431; x_wconf 81' lang='lat' dir='ltr'><strong>ordinem</strong></span> <span class='ocrx_word' id='word_1_768' title='bbox 2913 5373 2978 5427; x_wconf 80' lang='lat' dir='ltr'><strong>ad</strong></span> <span class='ocrx_word' id='word_1_769' title='bbox 3024 5383 3132 5425; x_wconf 90' lang='lat' dir='ltr'><strong>tam</strong></span> <span class='ocrx_word' id='word_1_770' title='bbox 3170 5370 3446 5425; x_wconf 86' lang='lat' dir='ltr'><strong>ruinosam</strong></span> <span class='ocrx_word' id='word_1_771' title='bbox 3490 5368 3759 5437; x_wconf 82' lang='lat' dir='ltr'><strong>superbiam</strong></span> 
     </span>
    </p>
   </div>
   <div class='ocr_carea' id='block_1_123' title="bbox 2213 5440 3754 5524">
    <p class='ocr_par' dir='ltr' id='par_1_123' title="bbox 2213 5440 3754 5524">
     <span class='ocr_line' id='line_1_125' title="bbox 2213 5440 3754 5524; baseline -0.007 -23"><span class='ocrx_word' id='word_1_772' title='bbox 2213 5450 2444 5524; x_wconf 79' lang='lat' dir='ltr'><strong>erigitis,</strong></span> <span class='ocrx_word' id='word_1_773' title='bbox 2463 5457 2529 5524; x_wconf 91' lang='lat' dir='ltr'><strong>_ut</strong></span> <span class='ocrx_word' id='word_1_774' title='bbox 2554 5446 2780 5500; x_wconf 90' lang='lat' dir='ltr'><strong>clericos</strong></span> <span class='ocrx_word' id='word_1_775' title='bbox 2814 5442 3211 5524; x_wconf 43' lang='lat' dir='ltr'><strong>eis-subjugare</strong></span> <span class='ocrx_word' id='word_1_776' title='bbox 3239 5440 3501 5524; x_wconf 74' lang='lat' dir='ltr'><strong>studentis</strong></span> <span class='ocrx_word' id='word_1_777' title='bbox 3514 5444 3754 5524; x_wconf 30' lang='lat' dir='ltr'><strong>iuueni&quot;</strong></span> 
     </span>
    </p>
   </div>
   <div class='ocr_carea' id='block_1_124' title="bbox 2216 5507 3748 5581">
    <p class='ocr_par' dir='ltr' id='par_1_124' title="bbox 2216 5507 3748 5581">
     <span class='ocr_line' id='line_1_126' title="bbox 2216 5507 3748 5581; baseline -0.008 -11"><span class='ocrx_word' id='word_1_778' title='bbox 2216 5507 2363 5571; x_wconf 57' lang='lat' dir='ltr'><strong>tanta</strong></span> <span class='ocrx_word' id='word_1_779' title='bbox 2391 5507 2553 5572; x_wconf 86' lang='lat' dir='ltr'><strong>debet</strong></span> <span class='ocrx_word' id='word_1_780' title='bbox 2587 5531 2708 5570; x_wconf 89' lang='lat' dir='ltr'><strong>esse</strong></span> <span class='ocrx_word' id='word_1_781' title='bbox 2739 5507 3057 5570; x_wconf 75' lang='lat' dir='ltr'><strong>excellentia</strong></span> <span class='ocrx_word' id='word_1_782' title='bbox 3086 5507 3166 5577; x_wconf 72' lang='lat' dir='ltr'><strong>ut,</strong></span> <span class='ocrx_word' id='word_1_783' title='bbox 3197 5511 3489 5566; x_wconf 87' lang='lat' dir='ltr'><strong>secundum</strong></span> <span class='ocrx_word' id='word_1_784' title='bbox 3517 5507 3748 5581; x_wconf 47' lang='grc' dir='ltr'><strong>ΒηΛςιευέ</strong></span> 
     </span>
    </p>
   </div>
   <div class='ocr_carea' id='block_1_125' title="bbox 2215 5575 3743 5652">
    <p class='ocr_par' dir='ltr' id='par_1_125' title="bbox 2215 5575 3743 5652">
     <span class='ocr_line' id='line_1_127' title="bbox 2215 5575 3743 5652; baseline -0.012 -10"><span class='ocrx_word' id='word_1_785' title='bbox 2215 5589 2436 5652; x_wconf 87' lang='lat' dir='ltr'><strong>stinum,</strong></span> <span class='ocrx_word' id='word_1_786' title='bbox 2464 5586 2548 5640; x_wconf 83' lang='lat' dir='ltr'><strong>via:</strong></span> <span class='ocrx_word' id='word_1_787' title='bbox 2577 5587 2733 5641; x_wconf 85' lang='lat' dir='ltr'><strong>etiam</strong></span> <span class='ocrx_word' id='word_1_788' title='bbox 2772 5588 2938 5639; x_wconf 84' lang='lat' dir='ltr'><strong>bonus</strong></span> <span class='ocrx_word' id='word_1_789' title='bbox 2976 5575 3263 5637; x_wconf 79' lang='lat' dir='ltr'><strong>monachus</strong></span> <span class='ocrx_word' id='word_1_790' title='bbox 3314 5581 3498 5634; x_wconf 79' lang='lat' dir='ltr'><strong>bonum</strong></span> <span class='ocrx_word' id='word_1_791' title='bbox 3542 5575 3743 5629; x_wconf 61' lang='lat' dir='ltr'><strong>clerici!</strong></span> 
     </span>
    </p>
   </div>
   <div class='ocr_carea' id='block_1_126' title="bbox 2215 5659 2594 5727">
    <p class='ocr_par' dir='ltr' id='par_1_126' title="bbox 2215 5659 2594 5727">
     <span class='ocr_line' id='line_1_128' title="bbox 2215 5659 2594 5727; baseline -0.003 -17"><span class='ocrx_word' id='word_1_792' title='bbox 2215 5659 2397 5727; x_wconf 79' lang='lat' dir='ltr'><strong>faciat,</strong></span> <span class='ocrx_word' id='word_1_793' title='bbox 2433 5675 2452 5709; x_wconf 69' lang='grc' dir='ltr'><strong>ι</strong></span> <span class='ocrx_word' id='word_1_794' title='bbox 2485 5665 2594 5711; x_wconf 90' lang='lat' dir='ltr'><strong>etc.</strong></span> 
     </span>
    </p>
   </div>
  </div>
