3888 6322
23 380 116 434 509

1153 370 1508 429 EPISTOLAE
1549 370 1635 426 ET
1674 369 2080 427 PRIVILEGl-i.

3144 387 3247 441 370

25 485 215 558 naldus]
256 482 584 539 'monasterii
629 481 690 535 Β.
739 480 993 552 Cypriani
1051 481 1250 550 abbas,
1299 484 1574 539 nobiscum
1609 490 1652 546 Α
1685 496 1782 536 sua
1826 482 2154 537 abundantia
2206 483 2454 553 supplere
2506 501 2609 543 non
2659 489 2948 562 negligant.
2997 492 3075 548 Ad
3106 504 3251 565 quod

23 576 307 649 aliquandiu
334 580 723 637 commoratus,
763 581 817 627 et
857 572 1263 642 oppressionem
1294 587 1455 644 quam
1484 572 1584 627 Ec-

24 670 169 724 clesia
200 666 445 720 Romana
483 663 704 733 patitur,
750 672 803 717 et
844 662 1267 717 consolationem
1318 678 1478 732 quam
1531 662 1581 714 in

25 761 243 831 proximo
265 756 386 830 [al.,
432 757 484 811 in
523 754 767 827 Christo]
806 763 1008 825 sperat,
1042 754 1330 824 diligenter
1357 754 1584 807 intuitus

24 847 227 905 est.Pcr
259 848 436 915 ipsum
474 846 653 915 itaque
704 844 987 899 charitatis
1034 854 1225 899 vestrae
1266 841 1585 897 sollicitudi-

24 955 128 993 nem
155 938 525 1001 admonemus,
562 946 617 990 et
643 936 926 991 beatorum
952 933 1315 1005 apostolorum
1353 932 1497 987 Petri
1527 939 1583 985 et

24 1030 154 1084 Pauli
199 1029 311 1083 vice
353 1028 717 1097 deposcimus,
764 1033 822 1080 ut
875 1029 1019 1081 circa
1058 1034 1295 1080 vestrum
1340 1024 1580 1080 omnium

23 1129 226 1175 matrem
254 1130 497 1173 sanctam
524 1118 821 1173 Romanam
859 1117 1149 1173 Ecclesium
1177 1117 1357 1173 debito
1399 1116 1583 1188 vigore

25 1210 443 1267 eonfcrveat.’.De
488 1210 876 1280 omnipotentis
921 1210 1185 1280 siquidem
1228 1208 1323 1264 Dei
1364 1207 1583 1263 misera-

26 1305 235 1358 tionibus
259 1318 355 1374 per
390 1314 705 1359 sanctorum
742 1302 1113 1374 apostolorum
1136 1301 1329 1357 merita
1376 1300 1579 1355 oratio.

24 1410 200 1465 nesque
226 1396 571 1461 eonﬁdinms,
598 1396 741 1465 quod
773 1396 826 1450 in
856 1395 1104 1464 proximo
1134 1394 1249 1465 (16)
1273 1392 1582 1464 apostolica:

26 1487 164 1542 sedis'
181 1486 403 1541 libertas
453 1488 788 1554 restituetur,
839 1494 895 1542 et
942 1499 1039 1557 per
1067 1499 1188 1540 eam
1233 1484 1447 1540 caeteris
1488 1498 1584 1553 per

28 1579 186 1631 orbem
212 1575 469 1632 Ecclesiis
501 1576 590 1632 diu
616 1584 804 1647 optata
837 1574 1201 1647 tranquillitas
1223 1573 1578 1645 reparabitur.

28 1670 226 1723 Studeat
252 1683 381 1739 ergo
414 1669 789 1741 unusquisque
819 1677 1056 1725 vestrum
1088 1667 1444 1740 praesentibus
1470 1664 1583 1735 ejus

27 1760 269 1815 laboribus
303 1774 402 1830 pro
443 1760 572 1816 data
615 1760 717 1816 sibi
764 1759 1022 1817 divinitus
1061 1760 1319 1816 facultate
1363 1773 1583 1814 succur-

29 1866 147 1915 rere,
172 1861 221 1905 et
245 1851 408 1920 quod,
437 1851 719 1920 aspirante
740 1851 871 1919 Deo,
892 1853 1055 1908 corde
1084 1850 1240 1907 hilari
1271 1850 1579 1907 destinave-
1614 1835 1657 1889 Β

29 1944 103 2007 rit,
128 1957 213 2011 per
241 1940 444 1997 ﬁdelem
476 1942 785 1997 ministrum
818 1943 1043 1999 latorem
1071 1936 1417 2013 praesentium
1447 1942 1576 1996 diri-

27 2047 133 2102 gere
179 2049 273 2086 non
326 2042 641 2103 cunctetur,
689 2034 764 2089 ita
820 2045 997 2090 tamen
1048 2046 1107 2089 ut
1167 2035 1308 2105 quod
1353 2035 1581 2104 quisque

28 2124 304 2189 contulerit,
341 2124 607 2194 ascriptio
644 2125 729 2181 sui
770 2126 1003 2182 nominis
1035 2125 1188 2181 titulo
1232 2134 1434 2182 nostra:
1484 2141 1580 2180 no-

30 2218 145 2271 titiae
184 2227 565 2286 reprzesentet;
600 2219 745 2288 quod
794 2219 839 2274 si
881 2218 1019 2274 forte
1059 2218 1341 2274 eharitatis
1387 2228 1581 2274 vestrm

32 2310 211 2365 viscera
251 2310 384 2365 circa
433 2309 628 2367 sedem
676 2312 1026 2382 apostolicam
1076 2309 1353 2367 eﬁ‘undcre
1401 2311 1578 2365 debita

32 2404 277 2458 devotione
301 2404 679 2475 neglexeritis,
724 2404 777 2460 id
815 2404 1006 2460 saltem
1037 2405 1180 2474 quod
1205 2419 1273 2459 ex
1297 2419 1464 2459 censu
1485 2418 1574 2459 an-

37 2511 122 2548 nuo
165 2494 511 2550 Lateranensi
560 2495 763 2566 palatio
803 2512 901 2553 vos
954 2498 1151 2553 debere
1200 2496 1540 2568 cognoscetis
1566 2539 1579 2561 ,

40 2586 161 2638 latori
190 2587 534 2655 praesentium
566 2588 814 2655 reddere,
846 2597 900 2644 et
941 2603 1036 2659 per
1074 2603 1195 2644 eum
1219 2588 1375 2644 nobis
1405 2598 1580 2644 trans-

39 2677 214 2732 mittere
235 2678 373 2733 nullo
395 2679 565 2734 modo
586 2679 917 2735 detrectetis.
960 2678 1017 2734 Si
1050 2680 1141 2748 qui
1179 2693 1305 2735 vero
1329 2678 1580 2733 abbatum

37 2784 158 2823 ruam
187 2771 333 2826 beato
359 2771 533 2827 Petro
573 2772 843 2843 justitiam
885 2772 1170 2827 restituere
1217 2771 1395 2840 aliqua
1426 2784 1580 2825 ocea-

39 2861 159 2916 sione
200 2866 502 2929 tenuerint,
555 2864 858 2920 confratres
908 2864 1143 2935 cuisc0pi
1194 2864 1295 2918 hoc
1334 2862 1435 2917 sibi
1484 2863 1583 2917 liae

40 2962 186 3006 nostra
226 2954 472 3009 noverint
514 2956 837 3010 auctoritate
876 2955 1198 3025 injunctum,
1229 2965 1284 3009 et
1315 2969 1410 3024 per
1441 2952 1585 3022 ipsos

41 3044 153 3111 quod
176 3044 501 3101 reddendum
530 3054 613 3101 est
633 3045 857 3101 reddere
882 3045 1300 3116 compellantur;
1334 3042 1585 3099 obedien-

42 3143 104 3187 tes
131 3149 241 3190 vero
266 3136 490 3192 monitis
533 3137 737 3193 nostris
781 3135 1152 3192 misericordia
1183 3134 1362 3188 divina
1400 3141 1583 3188 custo—

44 3224 143 3279 diat.

100 3318 206 3371 Data
230 3334 275 3373 tv
309 3319 498 3376 Nonas
526 3321 879 3391 Septembris.

745 3427 854 3484 XC.

49 3514 213 3590 L'rbaui
249 3520 303 3574 11
331 3538 488 3589 papa:
516 3519 738 3589 epistola
777 3520 845 3572 ad
873 3518 1224 3590 ﬂagitaldum
1250 3518 1487 3571 abbatem

101 3586 317 3657 Cypriani
348 3586 721 3644 Pictaviensis.
760 3620 829 3629 —
856 3586 1051 3643 Curam
1088 3590 1135 3643 ei
1164 3590 1449 3643 demandat
1473 3586 1583 3639 col-

104 3658 291 3729 ligenda:
310 3662 551 3731 pecunia:
573 3662 627 3714 in
644 3660 939 3725 subsidium
966 3659 1219 3713 Romana:
1244 3658 1511 3712 Ecclesiw.

595 3752 774 3825 (Anno
813 3752 995 3822 1095.)

192 3844 333 3917 [Dom
363 3845 648 3911 Bouousr,
678 3844 916 3910 Recueil,
948 3855 984 3898 t.
1004 3842 1143 3907 XIV,
1179 3860 1230 3914 p.
1260 3841 1409 3914 697.]

107 3933 327 3992 Uananus
355 3938 673 4007 episcopus,
715 3950 905 3990 servus
925 3949 1206 3990 servorum
1235 3934 1351 3998 Dei,
1381 3934 1588 3988 charis-

53 4024 159 4079 simo
186 4026 281 4082 lilio
297 4028 591 4083 anwo
606 4026 767 4097 (16⁸),
788 4025 967 4080 abbati
993 4025 1050 4081 S.
1067 4025 1341 4096 Cypriani,
1361 4024 1586 4081 salutem
1606 4068 1621 4085 ,

54 4124 93 4168 et
113 4120 435 4186 apostolicam
472 4117 929 4175 benedictionem.

107 4209 168 4265 De
192 4211 440 4285 religione
468 4221 561 4267 tua
585 4220 641 4269 et
658 4209 947 4283 prudentia
978 4208 1332 4276 conﬁdentes,
1361 4208 1588 4280 apostoli

56 4297 174 4355 Pauli
216 4304 579 4361 obedientiam
632 4302 912 4360 dilectioni
965 4311 1069 4357 tuae
1119 4301 1470 4373 injungimus,
1509 4309 1589 4366 ut,

56 4391 167 4448 sicut
191 4398 249 4453 de
277 4398 584 4454 ministerio
608 4397 751 4468 quod
780 4394 945 4453 ﬁebat
971 4397 1024 4450 in
1056 4404 1274 4451 sanctos
1296 4394 1591 4466 quilliero-

58 4483 239 4555 Solymis
282 4489 622 4556 habitabant,
657 4488 887 4559 gentiles
920 4487 1122 4543 Paulus
1147 4501 1284 4556 quos
1326 4487 1435 4541 Deo
1465 4500 1591 4556 ope-

60 4586 183 4633 rante
224 4591 565 4659 converterat
626 4582 974 4647 admonebat,
1023 4581 1097 4635 ita
1148 4590 1202 4635 tu
1240 4592 1455 4650 quoque
1481 4579 1596 4649 epi-

60 4671 203 4739 scopis
243 4683 396 4746 atque
417 4676 736 4748 proceribus
764 4677 1084 4746 cazterisque
1120 4674 1404 4731 catholicis
1438 4683 1596 4731 terrae

60 4769 218 4820 νοείτω
240 4765 463 4824 ﬁdeliter
483 4767 712 4823 devotus
733 4766 975 4833 insistas,
1002 4776 1270 4838 quatenus
1298 4780 1594 4837 pauperum

63 4851 278 4915 Romana:
296 4859 551 4918 Ecclesia:
574 4876 843 4918 memores
869 4862 999 4926 sint,
1032 4875 1329 4929 eorumque
1360 4858 1593 4928 inopiam

116 5030 383 5107 (IleImd
421 5038 627 5092 scilicet
665 5038 1045 5107 recuperandzc
1076 5037 1332 5091 Romanae
1362 5046 1418 5091 et
1442 5036 1595 5107 Late-

64 5104 268 5157 raueusis
304 5106 489 5178 palatii
529 5109 615 5178 ubi
655 5104 963 5178 Guibertini
1009 5108 1258 5178 praesidia
1298 5123 1403 5178 sua
1457 5106 1601 5178 loca-

66 5178 179 5254 rant.
200 5177 516 5254 spesaliqua
542 5177 824 5254 ell’ulgeret
846 5198 860 5233 :
883 5176 1141 5247 cujusrci
1173 5176 1346 5248 gratia
1375 5176 1598 5231 multam

67 5247 267 5303 pecunia:
290 5247 394 5300 vim
419 5247 967 5305 cxnendit'Urbanus.

122 5309 238 5390 (Ιρ’)
276 5309 538 5390 Bainaldo
563 5320 632 5374 de
660 5334 769 5390 quo
795 5318 1092 5375 Gaufridus
1121 5318 1366 5390 rGrossus
1393 5319 1444 5372 in
1480 5318 1596 5390 Vita

70 5374 399 5440 B/Be'rnardi
454 5388 635 5443 Tiron.
678 5374 909 5445 'alibatis
959 5374 1057 5445 ενι
1116 5389 1210 5444 Est
1289 5397 1466 5442 autem
1533 5389 1599 5443 ab

72 5444 413 5536 hacncivjtatc
486 5444 905 5536 (Pictaviensi)
986 5476 1089 5536 non
1154 5460 1309 5530 longe
1366 5459 1600 5528 positmn

72 5514 387 5601 Cypriani
431 5514 838 5601 monasterium,
887 5514 1053 5601 [quod
1105 5545 1171 5601 eo
1224 5514 1464 5599 tEmp'ore
1512 5544 1598 5584 re-

73 5588 205 5676 gebat
227 5588 386 5676 abbas
408 5599 647 5676 quidam,
683 5602 768 5676 cui
798 5588 1116 5656 vocabulum
1139 5588 1603 5676 Ilaynaudus,vir

75 5666 281 5739 "PPt'ime
326 5666 521 5739 litteris
573 5673 838 5737 eruditus,
868 5680 1016 5727 tanta
1049 5666 1314 5739 sapientia
1343 5672 1602 5739 praeditus

78 5736 216 5821 Et“
241 5736 479 5821 publicis
538 5742 780 5821 coiit-iliis
819 5736 1430 5821 causarumlﬁ’l'm‘ﬂor
1458 5750 1601 5819 9550‘

77 5806 493 5864 erogantissimus.
551 5812 712 5878 (Iujus
757 5814 830 5868 rei
874 5814 1043 5882 gratia
1078 5813 1127 5865 in
1152 5806 1397 5865 Romana
1437 5812 1599 5863 etiam

1615 3183 1655 3238 C

1623 4534 1671 4595 D

1682 574 2084 643 exsequendum
2099 575 2475 632 charissimum
2495 578 2659 633 ﬁlium
2678 592 2921 639 nostrum
2944 584 3008 641 G.
3026 588 3135 657 (17)
3156 589 3249 644 ab—

1683 661 1861 717 batem
1916 660 1974 718 S.
2031 662 2217 719 Sabini
2258 663 2459 721 laboris
2502 667 2576 722 tui
2622 671 2873 727 comitem
2904 689 3022 729 esse
3055 677 3249 733 consti-

1685 751 1903 819 tuimus,
1931 762 1990 809 ut
2019 756 2342 811 maturatius
2370 756 2593 813 valeatis
2634 774 3006 829 pressurarnm
3036 777 3248 824 nostra-

1684 858 1802 897 rum
1829 846 2091 915 angustiis
2126 846 2430 903 subvenire.
2474 848 2624 915 Quod
2656 850 2817 922 igitur
2840 854 3068 924 quisque
3090 858 3251 912 corde

1684 948 1781 989 suo
1812 935 2191 1004 destinaverit,
2219 938 2472 994 alacriter
2520 941 2696 996 beatis
2726 943 2982 1011 apostolis
3008 944 3169 1001 Petro
3198 957 3254 1001 et

1684 1022 1852 1081 Paulo
1896 1025 2127 1093 oﬁ'erat;
2177 1040 2231 1082 ct
2260 1030 2576 1099 praenotatis
2625 1031 2933 1087 nominibus
2972 1034 3083 1088 suis
3110 1037 3255 1104 apud

1684 1132 1781 1175 vos
1807 1118 2151 1174 collationem
2203 1121 2495 1191 deponant,
2535 1132 2800 1191 quatenus
2823 1140 2921 1194 per
2944 1141 3040 1181 vos
3065 1140 3253 1181 eorum

1683 1210 1924 1267 ebaritas
1942 1210 2200 1266 Romanae
2228 1212 2485 1269 Ecclesiae
2514 1213 2836 1279 innotescat,
2867 1225 2921 1269 ut
2942 1216 3253 1271 etIlomana

1683 1299 1926 1356 Ecclesia
1959 1301 2012 1355 in
2035 1301 2149 1356 suis
2173 1316 2266 1357 eos
2305 1302 2496 1358 debeat
2530 1305 2943 1361 necessitatibus
2966 1306 3110 1361 velut
3140 1308 3257 1377 pios

1684 1398 1738 1446 et
1768 1390 2113 1446 honorabiles
2141 1391 2289 1447 viros
2318 1393 2594 1449 exaudire.
2639 1393 2713 1449 Ita
2772 1395 2934 1466 igitur
2964 1397 3176 1451 studete
3204 1398 3253 1455 ilt

1685 1482 1930 1548 minimo,
1955 1496 2224 1554 quatenus
2248 1486 2522 1541 elucescat
2551 1486 2692 1557 quod
2714 1487 2778 1541 de
2796 1488 2947 1542 vobis
2967 1486 3257 1542 debeamus

1685 1575 1850 1629 etiam
1910 1577 1961 1629 in
2001 1576 2252 1631 maximis
2283 1592 2404 1631 mox
2436 1591 2672 1647 sperare.
2707 1576 2974 1631 Praeterea
2998 1578 3150 1631 vobis
3181 1578 3257 1630 in.

1678 1663 1956 1735 jungimus
1989 1674 2045 1721 ut
2066 1666 2435 1721 cmnobiorum
2467 1682 2587 1737 quae
2619 1668 2785 1721 nostri
2811 1666 2949 1735 juris
2970 1675 3114 1733 sunt,
3141 1682 3257 1737 spes

1684 1754 1892 1809 cialiter
1921 1771 2142 1811 censum
2186 1755 2300 1827 (I8)
2325 1756 2552 1826 exigatis
2588 1757 2869 1812 instanter.

2402 1847 2531 1902 XCI.

1688 1935 1703 1956 '
1739 1932 1982 1991 Urbanus
2006 1935 2063 1990 Il
2093 1936 2356 1990 canonicis
2382 1936 2704 2006 regularibus
2732 1936 2787 1990 S.
2816 1936 3053 2002 Quintim’
3081 1936 3259 1991 Bella-

2130 2006 2362 2060 vacensis
2385 2005 2581 2061 bullam
2604 2006 2805 2060 tribuit.

2273 2096 2454 2168 (Anno
2484 2097 2668 2169 1095.)

1686 2188 1957 2261 [Romam
2007 2191 2059 2246 in
2113 2189 2233 2244 Vita
2277 2187 2497 2261 Urbani.
2544 2190 2680 2245 Man.
2710 2191 3061 2261 etillumanr,
3093 2188 3259 2245 Ouvr.

2163 2259 2359 2330 post/1.,
2385 2260 2471 2324 lll,
2500 2260 2781 2332 139-140.]

2400 2351 2556 2409 XCII.

2015 2443 2025 2461 ‘
2056 2442 2189 2496 Item
2228 2443 2544 2497 monasterio
2575 2440 2935 2513 Burguliensi.

2278 2532 2457 2602 (Anno
2490 2530 2672 2601 1095.)

2051 2619 2322 2691 [Romam
2352 2620 2438 2674 ubi
2463 2636 2646 2689 supra,
2678 2636 2730 2691 p.
2762 2620 2909 2691 [50.]

2389 2709 2568 2765 XCIII.

1692 2799 2031 2872 Syracusana
2068 2798 2343 2872 _Ecclesia,
2388 2818 2425 2872 ag
2474 2799 2695 2871 Rogerio
2719 2802 2905 2856 comite
2925 2802 3101 2872 ejectis
3128 2803 3266 2871 Aga-

1763 2870 1921 2936 reuis,
1949 2869 2313 2936 conﬁrmatur,
2329 2870 2532 2941 indicta
2549 2869 2697 2941 pana
2718 2869 3265 2935 excomm'tmicalioitis

1760 2950 1941 2993 contra
1970 2956 2084 2993 eam
2110 2939 2494 3009 quomodolibet
2516 2939 2894 3011 perturbantes.

2278 3031 2454 3100 (Anno
2487 3033 2671 3102 1095.)

1906 3124 2312 3196 [(Σοςρυεωκεδ,
2340 3124 2545 3179 Bullar.
2570 3124 2808 3188 Collecl.,
2842 3124 2905 3191 ll,
2939 3122 3051 3195 77.]

1765 3213 2013 3269 Unnauus
2044 3214 2351 3285 episc0pus,
2399 3229 2589 3268 servus
2615 3228 2894 3268 servorum
2930 3214 3041 3275 Dei,
3072 3212 3265 3269 dilecto

1688 3304 1844 3359 fratri
1859 3303 2120 3369 Rocemo,
2141 3304 2494 3375 Syracusarum
2517 3302 2754 3356 civitatis
2774 3302 3024 3371 episcopo
3044 3300 3268 3370 ejusque

1687 3396 2095 3452 successoribus
2158 3395 2420 3451 canonice
2484 3394 2867 3466 promovendis
2935 3394 2987 3446 in
3051 3393 3265 3462 episco-

1688 3496 1840 3557 patu.

1765 3575 2039 3632 Universis
2079 3574 2193 3629 fere
2224 3588 2321 3644 per
2348 3571 2533 3626 orbem
2580 3556 3013 3627 Christianorum
3054 3569 3265 3640 populis

1691 3680 1878 3727 notum
1917 3684 2041 3725 esse
2068 3668 2341 3723 credimus
2365 3665 2562 3721 Siciliae
2603 3664 2854 3731 insulam,
2881 3663 3063 3718 multis
3089 3677 3260 3732 quon-

1690 3760 1812 3814 dam
1840 3767 1894 3815 et
1918 3757 2189 3813 nobilibus
2216 3755 2540 3810 illustratum
2584 3753 2863 3819 Ecclesiis,
2891 3753 3193 3823 epibnsque
3216 3761 3267 3805 et

1691 3851 1886 3921 populo
1940 3850 2234 3921 copiosam,
2270 3847 2671 3916 multorumque
2712 3844 2973 3915 religione
3002 3842 3269 3898 ell'ulsissc

1690 3941 1957 4006 virorum,
1988 3950 2041 3994 et
2068 3938 2425 4009 quarumdam
2449 3936 2915 3992 sanctissimarum
2969 3943 3268 4005 martyrum

1692 4043 1748 4090 et
1804 4034 2075 4103 virginum
2127 4030 2393 4087 claruisse
2451 4029 2731 4101 martyrio.
2777 4028 2998 4092 Verum,
3034 4027 3269 4098 peccatis

1692 4124 2057 4197 exigentibus,
2112 4133 2260 4179 tanta
2290 4123 2497 4195 species
2536 4136 2712 4177 rerum
2746 4128 3000 4188 tantaque
3030 4118 3270 4189 probitas

1694 4233 1906 4274 morum
1922 4217 1989 4272 ad
2008 4216 2233 4273 nihilum
2265 4216 2443 4271 subito
2476 4216 2690 4270 redacta
2727 4221 2840 4279 est;
2873 4210 3036 4267 cﬁ‘era
3067 4208 3269 4265 etenim

1696 4310 2095 4367 Saracenorum
2150 4323 2326 4381 gens,
2399 4304 2680 4376 praefatam
2735 4302 2962 4357 insulam
3006 4299 3269 4369 ingressa,

1697 4415 2051 4471 quoscunque
2108 4398 2182 4453 ibi
2235 4396 2562 4452 Cbristiatue
2613 4392 2737 4448 ﬁdei
2786 4392 3024 4447 cultores
3070 4388 3274 4458 reperit

1699 4492 1833 4547 alios
1881 4492 2060 4562 gladio
2102 4489 2363 4561 peremit,
2416 4487 2676 4558 quosdam
2732 4484 2922 4540 exsilio
2976 4480 3273 4553 deputavit,

1701 4586 1882 4657 plures
1918 4582 2218 4639 miserabili
2269 4581 2529 4636 servitute
2585 4578 2870 4649 oppressit,
2913 4572 3277 4644 sicque'Chri-

1699 4679 1876 4735 stiana
1916 4676 2107 4746 religio
2154 4690 2250 4747 per
2276 4690 2368 4730 ccc
2409 4673 2521 4729 fere
2555 4687 2726 4727 annos
2764 4686 2792 4724 a
2826 4669 2917 4722 Dei
2948 4667 3028 4723 sui
3062 4665 3273 4719 cultura

1700 4768 1952 4825 cessavit.
2013 4766 2329 4822 Dominator
2386 4772 2563 4819 autem
2617 4776 2797 4818 rerum
2828 4759 3066 4814 omnium
3111 4757 3274 4813 Deus,

1700 4861 1854 4931 enjus
1907 4858 2171 4930 sapientia
2229 4868 2283 4913 et
2317 4856 2596 4921 fortitudo,
2637 4856 2851 4924 quando
2895 4850 3023 4916 vult,
3052 4863 3275 4918 regnum

1700 5035 1853 5089 curia
1895 5035 2035 5087 bene
2092 5042 2249 5087 notus
2288 5038 2343 5083 et
2372 5034 2626 5098 acceptus
2649 5034 2787 5091 erat,
2829 5031 2883 5079 et
2911 5022 2967 5079 in
2988 5020 3275 5092 Aquitania

1702 5104 2098 5161 lamosissimus
2125 5099 2447 5173 habebatur.
2493 5118 2512 5150 ι
2566 5167 2577 5173 _
2643 5165 2669 5173 _
2731 5164 2764 5173 Α
2872 5162 2883 5173 .
2965 5161 2976 5173 .

1774 5175 1885 5246 (17)
1925 5173 2268 5246 Gervasium,
2302 5168 2394 5246 qui
2428 5176 2541 5224 tum
2565 5167 2618 5221 in
2641 5165 2695 5246 Ξ.
2725 5162 2977 5246 Cypriani
3012 5170 3276 5242 monaste-

1705 5235 1792 5301 rio
1825 5235 1992 5300 vitam
2040 5243 2253 5314 agebat,
2285 5235 2362 5293 vir
2398 5253 2617 5314 summa:
2643 5235 3279 5314 abstiitentiie.nontrti_ititt-

1699 5300 1797 5384 que
1829 5300 2401 5370 rirtutum‘ornamento
2435 5305 2758 5384 prwclarus,
2782 5300 3276 5384 inquitﬁaui’ridt‘m

1704 5370 1924 5442 ibidem.
1951 5387 2118 5449 Quem
2145 5393 2325 5436 tamen
2355 5370 2556 5433 acriter
2586 5370 2930 5445 reprehendit
2952 5374 3179 5428 Amatus
3210 5370 3273 5423 Λ.

1704 5457 1762 5513 S.
1797 5458 2022 5513 leaatus.

1774 5472 2189 5597 (figatfglzraque
2221 5517 2696 5597 monasteriaque:
2722 5514 2862 5584 juris
2883 5520 3277 5597 erantaposto-

1704 5585 1823 5652 lica:
1870 5585 2042 5656 sedis,
2100 5585 2194 5647 seu
2253 5604 2372 5662 qua:
2412 5585 2695 5662 privilegio
2725 5585 3082 5662 exemptionis
3110 5585 3279 5662 potie-

1705 5669 1927 5729 bantur,
1959 5679 2180 5719 censum
2208 5656 2363 5715 unius
2390 5656 2561 5713 uncia:
2578 5656 2718 5721 auri,
2744 5657 2825 5711 vel
2847 5656 3279 5729 etiamquinque

1705 5725 2020 5797 solidorum,
2066 5731 2353 5803 quotannis
2385 5731 2619 5799 pendere
2666 5728 2987 5783 tenebantur
3024 5725 3277 5776 llomana:

1700 5806 1977 5861 Ecclesia).
