3888 6322
505 385 602 440 571
661 409 664 411 ·

1743 380 1798 434 Β.
1847 379 2094 437 URBANI
2134 381 2172 435 ll
2205 380 2402 436 PAPzE

3651 377 3748 412 2'93

3649 403 3748 440 ἑ)ιῖ

495 497 783 563 transfert,
808 506 861 552 et
893 505 1063 552 mutat
1092 503 1354 566 tempora,
1381 492 1829 563 quemadmouum
1845 509 1908 547 ex
1932 495 2072 549 occi-
2098 500 2143 557 Λ
2174 495 2388 549 Domini
2410 494 2782 566 Redemptoris
2811 497 2978 554 nostri
2998 495 3123 553 Jesu
3150 496 3351 553 Christi
3386 496 3608 552 alienus
3641 498 3750 559 fiat,

508 591 683 644 dentis
711 589 952 660 partibus
979 588 1204 658 militem
1237 588 1550 658 Rogerium,
1583 584 1788 641 scilicet
1815 586 1987 640 virum
2017 593 2072 641 et

507 679 731 734 consilio
765 679 1051 748 optimum,
1109 687 1164 732 et
1186 677 1326 733 bello
1353 675 1806 741 strenuissimum,
1836 675 1902 729 ad
1927 689 2070 729 eam-
2094 670 2110 688 ‘

507 769 628 823 dem
670 769 900 824 insulam
934 764 1227 833 transtulit,
1268 769 1357 838 qui
1382 767 1549 824 multo
1575 767 1780 833 labore,
1818 766 2072 837 frequen?

507 860 651 915 tibus
698 860 916 928 prteliis,
965 871 1021 915 et
1065 860 1272 916 crebris
1328 873 1547 914 suorum
1593 859 1822 914 militum
1849 859 1992 913 caede
2020 867 2074 912 et
2113 869 2116 872 ‘

506 952 782 1021 sanguinis
809 953 1071 1007 effusione
1101 953 1373 1023 regionem
1416 951 1725 1022 praedictam
1755 967 1784 1004 a
1814 950 2074 1005 servitute

506 1041 784 1111 gentilium
809 1041 1101 1110 opitulante
1128 1042 1353 1118 Domino
1383 1037 1650 1096 liberavit.
1673 1038 2072 1110 Syracusanam

507 1133 688 1204 itaque
717 1133 1012 1188 Ecclesiam
1033 1134 1328 1189 novissime
1349 1141 1687 1196 restaurans,
1709 1129 2074 1186 venerabilem

507 1222 679 1278 ﬁlium
711 1234 952 1280 nostrum
980 1224 1269 1294 Rogerium
1315 1224 1663 1296 Traginensis
1702 1223 1956 1278 Ecclesia:
1984 1221 2076 1276 deo

508 1331 728 1382 canum,
753 1317 981 1372 consilio
1008 1317 1380 1388 episcoporum
1413 1315 1557 1372 illius
1572 1314 1878 1386 provincize,
1899 1313 2078 1384 ponti-

511 1405 666 1459 ﬁcem
714 1404 998 1479 Syracusae
1050 1405 1212 1475 elegit
1252 1405 1531 1471 Ecclesiae,
1561 1405 1866 1472 nostrisque
1887 1400 2078 1458 obtulit

511 1501 764 1558 manibus
786 1501 1236 1557 consecrandum.
1263 1501 1410 1557 lllius
1447 1501 1611 1574 igitur
1639 1501 1739 1571 piae
1778 1499 2079 1554 devotionis

509 1588 756 1646 affectum
807 1593 1126 1648 sacerdotali
1180 1593 1356 1648 studio
1398 1601 1807 1663 prosequentes,
1858 1589 2080 1659 ejusque

504 1680 669 1750 justis
717 1684 1070 1762 petitionibus
1117 1692 1439 1749 annuentes,
1468 1682 1863 1754 Syracusanam
1891 1681 2080 1736 Eccle-

510 1774 647 1828 siam
676 1776 783 1840 cui,
816 1778 928 1832 Deo
957 1785 1198 1841 auctore,
1250 1776 1442 1847 Rogeri
1486 1779 1650 1832 frater
1675 1777 1726 1831 in
1751 1776 1965 1832 Christo
1991 1791 2082 1831 ve-

511 1867 787 1934 nerabilis,
811 1869 1086 1938 praesides,
1110 1869 1204 1924 tibi
1230 1869 1442 1939 tuisque
1463 1871 1868 1925 sucécssoribus
1891 1885 2111 1940 regem,

505 1959 652 2024 dam,
677 1959 1062 2030 disponendam
1101 1971 1157 2016 et
1210 1961 1472 2032 largiente
1525 1962 1753 2016 Domino
1783 1977 2084 2033 propagan-

509 2052 630 2104 dam
670 2053 952 2122 praesentis
998 2052 1262 2123 privilegii
1313 2053 1634 2108 auctoritate
1656 2054 2004 2109 concedimus
2029 2061 2085 2109 et

509 2142 915 2200 confirmamus.
975 2144 1320 2216 Quaecunque
1380 2146 1545 2217 igitur
1593 2163 1622 2201 a
1672 2148 1930 2217 praedicto
1975 2147 2086 2203 lilio

510 2240 697 2286 nostro
721 2231 952 2302 Rogerio
975 2235 1173 2289 comite
1201 2235 1377 2290 eidem
1399 2234 1643 2291 ecclesiae
1662 2251 1917 2292 concessa
1936 2247 2082 2302 sunt,

512 2318 650 2372 infra
713 2321 811 2375 hos
864 2321 1125 2377 terminos
1169 2322 1469 2392 adiacentia
1504 2342 1517 2378 :
1549 2339 1578 2379 a
1609 2333 1784 2381 castro
1830 2327 2082 2382 videlicet

514 2406 824 2476 Limpiados
847 2424 1020 2478 usque
1047 2411 1114 2464 ad
1145 2409 1341 2465 ﬂumen
1369 2410 1604 2476 Salsum,
1627 2413 1718 2468 ubi
1744 2415 1796 2468 in
1822 2429 1971 2470 mare
1996 2417 2086 2472 de-

512 2497 646 2561 tluit,
663 2498 804 2553 sicut
826 2501 1060 2556 ostendit
1083 2516 1242 2571 supra
1263 2503 1406 2556 intra
1430 2503 1722 2560 divisiones
1739 2506 1902 2560 castri
1919 2504 2084 2561 Joan~

512 2589 596 2644 nis
621 2589 832 2655 Anaor;
881 2591 1116 2666 indeque
1156 2594 1380 2650 tendens
1407 2594 1476 2649 ad
1508 2594 1856 2651 Mauraneum
1893 2613 2083 2654 ascen-

511 2680 590 2734 dit
618 2680 685 2735 ad
738 2680 936 2737 ﬁumen
967 2684 1032 2739 de
1071 2683 1398 2752 Catbaelfar,
1432 2697 1488 2742 et
1520 2688 1667 2742 vadit
1702 2688 1827 2744 inde
1853 2690 1918 2744 ad
1949 2689 2086 2745 Pon-

513 2781 621 2828 tem
652 2773 933 2840 Ferreum,
985 2775 1210 2834 tendens
1239 2779 1645 2853 Heuthachayn,
1678 2783 1821 2854 quod
1848 2784 1995 2838 vadit
2031 2784 2083 2837 in

510 2861 708 2918 ﬁumen
760 2865 828 2920 de
874 2864 1199 2923 Paternione
1241 2867 1534 2938 Natenius;
1563 2881 1618 2927 et
1663 2874 1742 2930 sic
1768 2877 1870 2930 hoc
1889 2873 2084 2930 ﬂumen

511 2954 686 3010 currit
735 2954 917 3012 Visam
947 2958 1146 3012 cadens
1190 2959 1243 3013 in
1293 2975 1466 3027 mare,
1495 2961 1619 3018 inde
1641 2977 1738 3032 per
1761 2964 2084 3018 maritimam

516 3057 689 3113 usque
721 3041 1360 3118 Syracusam,Syracusa
1389 3065 1560 3120 usque
1583 3053 1650 3118 ad
1673 3060 1911 3107 castrum
1943 3053 2090 3108 Lim-

513 3132 702 3202 piados
725 3135 870 3204 quod
888 3144 971 3191 est
1001 3136 1216 3204 Caltha,
1241 3139 1330 3193 ubi
1354 3141 1521 3210 cmpit
1549 3143 1664 3197 lucc
1693 3143 1918 3211 divisio;
1949 3144 2084 3198 infra

513 3237 651 3292 quas
703 3223 995 3281 divisiones
1025 3213 1295 3298 Syracusa
1339 3239 1425 3284 est
1474 3247 1596 3285 cum
1638 3233 1891 3288 omnibus
1917 3236 2084 3304 perli-

516 3314 717 3369 nentiis
765 3316 880 3371 suis
921 3315 1175 3382 Lentina,
1224 3317 1382 3383 Nota,
1435 3319 1728 3390 Pantegra,
1781 3323 2086 3388 Cassibula,

512 3404 768 3471 Bizinias,
807 3405 1021 3474 Ess'na,
1053 3408 1463 3478 Calthaealphar,
1498 3409 1761 3481 Lespera,
1819 3409 2102 3478 lsbarbia,

513 3493 744 3563 Modica,
777 3495 996 3563 Sclicla,
1027 3498 1232 3566 Aaaor,
1268 3499 1508 3569 Ragusa,
1541 3502 1739 3558 Butera
1769 3519 1890 3560 cum
1913 3506 2090 3560 omni-

513 3586 615 3641 bus
663 3600 853 3642 eorum
907 3589 1271 3658 pertinentiis,
1321 3600 1377 3646 et
1414 3592 1517 3646 alia
1554 3594 1773 3650 castella
1811 3605 1866 3650 et
1886 3597 2086 3651 easalia

515 3677 817 3746 quaeinfra"
846 3676 1134 3748 praedictos
1190 3684 1472 3751 terminos,
1524 3686 1787 3740 aediﬁcata
1837 3696 1964 3742 sunt
2006 3689 2090 3742 vel

515 3766 949 3823 nidiﬁcabuntur.
982 3770 1047 3823 Et
1068 3772 1331 3848 quidquid
1361 3773 1618 3843 deinceps
1645 3776 1821 3830 eidem
1845 3777 2089 3832 ecclesia:

517 3858 660 3926 iuste
701 3873 730 3912 a
781 3873 1104 3928 quocunque
1178 3877 1494 3918 concessum
1555 3865 1737 3930 fuerit,
1786 3866 1940 3921 ﬁrma
1994 3868 2086 3923 tibi

522 3953 738 4023 tuisque
761 3955 1189 4019 successoribus,
1220 3964 1276 4010 et
1307 3955 1512 4012 illibata
1544 3973 1782 4023 manere,
1807 3961 2089 4028 praesentis

518 4041 723 4097 decreti
782 4042 978 4113 pagina
1027 4045 1389 4111 decernimus,
1440 4055 1492 4100 et
1538 4047 1808 4101 sancimus
1847 4049 2088 4102 utexiis

520 4132 776 4188 omnibus
810 4133 1056 4190 ecclesiis
1105 4135 1368 4200 decimas,
1393 4145 1448 4192 et
1473 4139 1893 4194 consuetudines
1919 4140 2086 4195 eccle-
2142 4151 2150 4155 ·

517 4224 765 4280 siasticas
789 4234 1048 4296 perpetuo
1082 4227 1489 4298 habeatis,jura
1517 4228 1872 4299 pontificalia.

588 4315 892 4374 Statuimus
916 4326 975 4371 ut
999 4317 1126 4372 nulli
1157 4319 1375 4374 omnino
1405 4321 1681 4375 hominum
1710 4321 1871 4377 liceat
1896 4325 2088 4393 praedi-

515 4416 659 4465 ctam
707 4407 1004 4464 Ecclesiam
1061 4416 1261 4464 temere
1296 4411 1632 4479 perturbare,
1666 4413 1748 4468 vel
1785 4417 2086 4470 temerariis

517 4501 894 4556 vexationibus
919 4501 1164 4570 fatigare,
1197 4503 1290 4556 sed
1316 4503 1520 4568 omnia,
1545 4504 1687 4559 sicut
1715 4506 1962 4575 superius
1989 4509 2082 4560 dc-
2119 4533 2162 4586 ι)

515 4591 726 4662 signata
777 4600 919 4655 sunt,
958 4592 1178 4645 immota
1229 4601 1488 4661 perpetuo
1521 4606 1979 4651 conscrveuturet
2005 4597 2084 4651 iu-

519 4693 687 4751 tegra.
714 4679 790 4734 Tu
821 4691 1022 4744 autem,
1058 4680 1223 4735 frater
1244 4682 1294 4735 iu
1321 4683 1538 4737 Christo
1567 4685 1906 4752 charissima,
1939 4703 2084 4742 com-

515 4774 736 4828 missum
789 4771 882 4826 tibi
935 4765 1168 4827 officium
1201 4773 1378 4828 debita
1424 4774 1781 4850 sollicitudine
1839 4781 2082 4846 attende;

517 4881 646 4919 cura
703 4864 754 4919 in
779 4877 1070 4936 conspectu
1124 4866 1216 4921 Dei
1249 4883 1366 4923 esse
1389 4869 1533 4938 quod
1555 4869 1771 4934 diceris,
1801 4871 1977 4927 luceat
1996 4872 2087 4926 lux

520 4965 629 5020 tua,
653 4963 713 5010 ut
747 4971 853 5010 non
881 4957 1166 5012 credentes
1212 4960 1316 5014 tuis
1356 4959 1514 5015 bonis
1547 4961 1808 5030 exemplis
1851 4971 1906 5017 et
1953 4965 2087 5019 assi-

516 5045 638 5101 duis
685 5047 1154 5104 exhortationibus
1190 5066 1256 5105 au
1280 5052 1576 5126 Dominum
1603 5063 2007 5120 convertantur,
2033 5065 2087 5111 et

519 5134 799 5190 credentes
831 5137 998 5192 Deum
1049 5137 1285 5202 Patrem,
1321 5141 1412 5210 qui
1462 5142 1513 5195 in
1543 5142 1696 5197 ccelis
1737 5153 1852 5208 est,
1885 5145 2086 5215 gloriﬁ-

518 5232 658 5276 ccnt.
686 5224 740 5279 Si
793 5227 910 5294 quis
949 5243 1076 5283 vero
1117 5230 1476 5292 sacerdotum,
1511 5246 1718 5301 regum,
1749 5234 2078 5304 principum,

518 5315 736 5377 ducum,
759 5318 1038 5385 comitum,
1074 5319 1338 5389 judicum,
1367 5327 1459 5376 aut
1481 5322 1843 5390 quorumlibet
1866 5326 2088 5380 szecula-

520 5407 682 5473 rium,
737 5406 876 5462 hanc
913 5418 1111 5465 nostra:
1152 5412 1580 5467 conﬁrmationis
1609 5413 1857 5484 paginam
1888 5415 2084 5482 sciens,

518 5505 712 5553 contra
769 5511 888 5552 eam
927 5507 1131 5556 temere
1158 5503 1344 5558 venire
1382 5505 1687 5568 tentavcrit,
1717 5505 1954 5562 secundo
1983 5516 2089 5561 ter-

521 5591 664 5645 tiove
708 5591 1100 5658 commonitus,
1164 5593 1209 5647 si
1258 5611 1365 5650 non
1430 5595 1802 5652 satisfactione
1850 5613 2087 5669 congrua

519 5678 925 5747 emendaverit,
975 5682 1260 5751 potestatis
1307 5685 1634 5754 honorisque
1691 5687 1772 5740 sui
1831 5687 2089 5757 dignitate

519 5781 722 5834 careat,
749 5781 804 5828 et
829 5788 857 5829 a
891 5774 1264 5830 sacratissimo
1302 5791 1526 5845 corpore
1556 5787 1608 5832 et
1633 5780 1892 5849 sanguine
1916 5781 2004 5834 Dei
2037 5790 2086 5833 et

2173 592 2335 653 atque
2382 584 2436 638 in
2483 595 2725 641 extremo
2776 587 3027 642 examine
3061 588 3320 643 districta:
3345 587 3536 642 ultioni
3572 588 3749 656 subja-

2172 681 2316 727 ceat.
2380 672 2601 729 Cunctis
2649 683 2831 729 autem
2862 676 3038 730 eidem
3067 675 3322 731 Ecclesia:
3347 672 3499 744 iusta
3529 691 3750 731 servan-

2174 763 2315 820 tibus
2370 765 2440 820 sit
2490 780 2595 835 pax
2629 766 2835 821 Domini
2868 766 3036 821 nostri
3073 764 3198 822 Jesu
3225 765 3455 833 Christi,
3482 775 3751 837 quatenus

2171 864 2228 908 et
2277 855 2364 910 hic
2409 854 2644 910 fructum
2702 855 2856 911 bonae
2909 856 3137 912 actionis
3188 857 3512 927 percipiant,
3535 865 3601 912 et
3619 857 3752 924 apud

2174 946 2477 1001 districtum
2533 946 2777 1003 Judicem
2812 957 3030 1003 aeternae
3079 949 3228 1019 pacis
3275 949 3565 1018 praemium
3611 948 3751 1001 inve-

2174 1037 2344 1092 niant.
2373 1038 2565 1104 Amen,
2591 1053 2770 1104 amen,
2793 1025 2970 1095 amen.

2246 1129 2438 1182 Datum
2469 1128 2727 1200 Anagnia:
2757 1145 2856 1199 per
2881 1145 3074 1186 manus
3103 1128 3333 1186 Joannis
3387 1138 3602 1184 sanctae
3650 1128 3752 1182 Ro-

2176 1235 2350 1276 manae
2403 1220 2659 1276 Ecclesia:
2705 1222 2916 1278 diaconi
2953 1222 3265 1286 cardinalis,
3290 1220 3409 1275 Kal.
3438 1219 3753 1276 Decembris

2177 1311 2365 1366 indict.
2396 1327 2432 1375 ι,
2464 1327 2605 1367 anno
2641 1312 2932 1367 Dominiea:
2961 1312 3174 1367 lncarn.
3209 1310 3371 1376 £095,
3410 1309 3756 1380 pontiﬁcatus

2177 1410 2357 1456 autem
2386 1402 2590 1458 domini
2613 1401 2716 1456 PP.
2750 1401 2954 1457 Urbani
2979 1401 3196 1456 secundi
3221 1415 3368 1455 anno
3387 1415 3465 1452 vi.

2871 1533 3052 1590 XCIV.

2181 1623 2428 1679 Urbanus
2480 1623 2547 1694 II,
2577 1624 2966 1694 congregationi
3004 1624 3308 1679 monasterii
3364 1621 3758 1694 Vindocineau’s

2250 1696 2426 1749 scribit
2473 1692 2696 1762 νείαιαηὶ
2747 1692 2848 1748 sibi
2897 1709 3008 1748 esse
3057 1696 3354 1762 episcopum
3382 1692 3756 1747 Carnotenscui

2257 1763 2513 1834 (Ivonem)
2551 1777 2593 1817 ἀ
2648 1761 2932 1834 Gaufrido,
2985 1761 3166 1818 eorum
3199 1764 3407 1834 abbate,
3444 1782 3464 1814 ι
3498 1763 3555 1816 in
3587 1779 3759 1834 consr-

2254 1831 2503 1888 cratione'
2533 1831 2909 1902 professionem
2959 1834 3261 1888 extorsisse.
3299 1853 3317 1886 ι
3357 1831 3515 1886 Hanc
3560 1833 3760 1901 profa-

2255 1905 2452 1958 sionem
2502 1903 2766 1965 rescindit,
2791 1920 2872 1965 ac,
2905 1921 2923 1954 ι
2968 1920 3029 1958 ne
3056 1903 3217 1956 abbas
3237 1902 3552 1957 monasterii
3583 1919 3760 1955 coma:

2253 1974 2492 2043 deinceps
2520 1971 2759 2043 episcopo
2785 1971 3158 2042 professionem
3185 1972 3346 2042 faciat
3385 1990 3404 2024 ι
3430 1973 3693 2042 ρηεσὶρὶι.

2779 2064 3170 2134 (Anno‘1093.)

2186 2155 2344 2228 [Opp.
2398 2152 2674 2210 Godefridi
2732 2154 3205 2295 Vindlqciéiﬂedit.
3243 2153 3557 2258 -Sirmond.,
3589 2154 3758 2215 in-Iz,

2259 2313 2510 2368 Uunssus
2555 2313 2860 2383 episcopus,
2901 2294 3093 2368 servus
3122 2294 3405 2368 servorum
3444 2312 3567 2378 Dei,
3605 2329 3762 2366 vene-

2186 2405 2343 2460 rabili
2369 2405 2773 2474 congregationi
2823 2403 3235 2460 Vindocinensis
3265 2405 3582 2461 monasterii
3615 2405 3759 2460 salu-

2188 2506 2292 2550 tem
2323 2504 2376 2550 et
2404 2495 2753 2565 apostolicam
2777 2496 3232 2551 benedictionem.

2255 2586 2505 2641 Relatum
2538 2586 2695 2640 nobis
2725 2595 2809 2640 est
2846 2586 2989 2654 quod
3040 2587 3394 2641 Carnotensis
3413 2589 3706 2657 episcopus
3731 2607 3760 2639 τ

2185 2677 2508 2733 charissimo
2562 2676 2670 2730 ﬁlio
2719 2686 2905 2732 nostro
2957 2677 3217 2732 Gaufrido
3267 2687 3453 2732 vestro
3493 2678 3764 2733 abbatem

2187 2768 2597 2822 consecratione
2620 2781 2780 2836 quam
2809 2767 3022 2836 accepit
3047 2766 3114 2821 ab
3145 2782 3209 2821 eo
3240 2768 3647 2837 professionem
3676 2786 3765 2822 ex-

2190 2853 2430 2910 torserit.
2461 2856 2632 2922 Quam
2662 2856 2788 2925 quia
2811 2864 2999 2908 contra
3023 2855 3279 2910 Romana:
3300 2855 3558 2911 Ecclesia:
3587 2867 3764 2910 aucto-

2190 2947 2402 3001 ritatem
2455 2948 2654 3000 factam
2685 2945 3024 3015 agnovimus,
3080 2947 3262 3001 abbati
3291 2949 3510 3016 quidem
3540 2964 3649 3002 nos
3675 2950 3766 3000 mi-

2189 3038 2544 3093 sericorditer
2588 3037 2892 3106 lmjusmodi
2923 3053 3116 3092 noxam
3165 3038 3455 3095 indulsisse
3484 3042 3764 3094 noveritis.

2194 3129 2587 3185 Professionem
2635 3143 2763 3184 vero
2798 3127 2970 3198 ipsam
3000 3129 3072 3183 ita
3106 3128 3476 3196 annullamus,
3508 3140 3568 3184 ut
3599 3131 3768 3185 nullas

2191 3223 2404 3293 penitus
2433 3222 2578 3276 vires
2609 3217 2868 3275 obtineat.
2894 3221 3119 3291 Insuper
3142 3222 3329 3286 etiam,
3355 3237 3425 3277 ne
3453 3222 3631 3277 abbas
3661 3238 3767 3276 mo-

2189 3313 2412 3368 nasterii
2452 3311 2615 3366 vestri
2659 3311 2917 3381 deinceps
2960 3312 3212 3382 episcopo
3264 3311 3661 3381 professionem
3688 3311 3763 3365 fa-

2190 3405 2320 3468 ciat,
2350 3412 2404 3456 et
2433 3409 2627 3456 nostrae
2659 3402 3000 3456 auctoritatis
3053 3401 3339 3473 privilegio
3368 3401 3646 3455 ﬁrmatum
3667 3412 3762 3462 est,

2189 3505 2243 3551 et
2296 3496 2656 3566 praesentibus
2707 3495 2904 3550 litteris
2939 3493 3308 3564 prohibemus.
3351 3493 3556 3564 Siquis
3586 3507 3758 3549 autem

2192 3589 2243 3643 in
2273 3597 2548 3657 posterum
2575 3594 2766 3642 contra
2797 3587 2913 3640 haec
2947 3587 3132 3641 venire
3164 3586 3479 3651 tentavcrit,
3510 3603 3540 3641 a
3565 3596 3760 3640 sancta:

2190 3676 2432 3733 ecclesiae
2457 3676 2733 3731 liminibus
2761 3684 3032 3738 arceatur,
3063 3685 3118 3730 et
3146 3685 3369 3730 maneat
3393 3677 3762 3731 excommuni-

2191 3779 2365 3836 catus,
2387 3771 2557 3824 donec
2577 3768 2882 3838 resipiscat,
2913 3777 2966 3822 ct
2983 3767 3239 3844 Romanae
3274 3767 3533 3824 Ecclesia:
3553 3767 3758 3823 satisfao

2189 3862 2317 3916 ciat.
2387 3848 2420 3879 "
2694 3854 2697 3857 ’

2259 3953 2450 4008 Datum
2481 3953 2663 4007 Romae
2691 3967 2786 4007 vni
2818 3951 2937 4006 Kal.
2969 3949 3300 4006 Decembris.

2900 4063 3057 4119 XCV.

2191 4157 2390 4211 Urbani
2417 4156 2479 4210 II
2505 4156 2722 4227 epistola
2753 4157 2821 4210 ad
2853 4153 3169 4227 Rainnldum
3197 4157 3639 4227 archiepiscopum
3665 4155 3754 4209 Re-

2259 4243 2503 4280 mensem.
2534 4225 2604 4265 4—
2639 4226 2815 4279 Monet
2868 4242 2930 4278 ne
2970 4225 3433 4281 Cameracensibns
3475 4225 3750 4280 Ecclesiam

2258 4297 2640 4350 Atrebatensem
2671 4297 2739 4348 ad
2765 4312 2820 4350 se
2860 4295 3242 4349 vindicantibus
3273 4313 3454 4350 aurem
3481 4298 3718 4367 prebeat.

2777 4386 2957 4450 {Anno
2989 4384 3170 4455 1095.)

2577 4477 2798 4548 [ΜΑΝΞΙ.
2830 4475 3032 4531 Cone-il.
3066 4475 3185 4541 XX,
3222 4476 3375 4548 672.]

2262 4590 2507 4645 Uuaasus
2535 4590 2837 4659 episcoltus,
2870 4603 3060 4643 servus
3102 4591 3390 4644 servbrum
3428 4589 3542 4654 Dei,
3567 4589 3749 4644 dilecto

2189 4680 2340 4735 fratri
2371 4667 2424 4736 et
2467 4667 2788 4750 coepiscopo
2843 4681 3120 4735 RAINAIDO
3151 4681 3428 4751 Remensi,
3454 4680 3670 4736 salutem
3695 4688 3744 4732 et

2189 4771 2537 4840 apostolicam
2567 4773 3021 4828 benedictionem.

2262 4863 2525 4917 Decuerat
2553 4860 2906 4917 fraternitatis
2935 4871 3036 4917 tua:
3063 4863 3405 4932 prudentiam
3429 4863 3495 4917 ad
3517 4874 3745 4931 reparat:-

2189 4956 2311 5010 dam
2344 4954 2658 5024 dignitatem
2700 4953 3006 5010 commissa:
3037 4954 3130 5008 tibi
3157 4953 3417 5010 Ecclesia:
3451 4951 3740 5021 diligentius

2191 5046 2459 5102 insudare.
2489 5045 2748 5099 Miramur
2773 5059 2902 5113 ergo
2926 5046 3066 5113 quod
3090 5043 3234 5118 nunc
3265 5060 3481 5116 quoque
3511 5044 3738 5098 Camera-

2189 5125 2428 5197 Ccnsium
2467 5137 2681 5205 injustis
2719 5136 3049 5190 clamoribus
3097 5150 3257 5190 aures
3299 5136 3538 5197 inclines,
3581 5141 3632 5184 ιιι
3655 5130 3732 5182 eis

2187 5227 2558 5283 Atrebatensis
2609 5225 2927 5294 subjiciatur
2968 5223 3228 5288 Ecclesia,
3257 5239 3383 5278 cum
3415 5228 3609 5278 constet
3642 5230 3732 5270 eos

2191 5323 2365 5392 ipsum
2390 5333 2603 5389 quoque
2638 5317 2890 5372 Ecclesirc
2921 5332 3031 5370 sua:
3075 5314 3332 5370 clericum
3379 5328 3529 5385 quem
3554 5323 3734 5364 secan-

2189 5414 2314 5469 dum
2346 5413 2645 5467 litterarum
2678 5423 2978 5464 vestrarum
3011 5417 3251 5463 tenorem
3293 5407 3396 5461 sibi
3435 5400 3736 5458 unianimitcr

2189 5506 2489 5575 elegerunt,
2524 5517 2627 5556 non
2674 5500 2774 5554 nisi
2806 5515 2901 5569 per
2940 5513 3160 5553 manum
3209 5491 3632 5553 cxconnnunirati
3666 5499 3730 5540 et

2190 5594 2429 5654 haeretici
2462 5593 2596 5650 velle
2623 5591 2919 5661 suscipere.
2947 5591 3177 5660 Propter
3196 5591 3340 5659 quod
3369 5587 3527 5642 solum
3548 5579 3730 5636 debita-

2187 5689 2350 5741 ctiam
2382 5685 2658 5756 dignitatis
2685 5694 2967 5738 uterentur
2988 5681 3312 5736 detrimenta
3336 5680 3572 5751 perferre.
3601 5670 3730 5725 Illud

2191 5788 2367 5833 autem
2400 5775 2706 5831 flllllOantiﬂ
2761 5773 3028 5835 verearis.
3072 5781 3129 5826 ut
3177 5773 3273 5826 sub
3328 5773 3424 5826 hac
3468 5763 3728 5821 occasiane
