3888 6322
62 311 165 364 δη

1237 300 1595 358 EPISTULle
1636 302 1722 355 ET
1767 301 2172 358 I’IilVILEGIA.

3215 297 3319 352 575

61 434 211 473 suum
253 417 309 471 in
346 413 736 471 Cameracensi
780 412 1022 469 Ecclesia
1046 412 1134 482 jus
1183 419 1494 486 metropolis
1536 417 1642 469 Re-
1669 422 1716 479 Α
1746 416 1904 472 Favel
1928 416 2137 472 Poncii.
2167 414 2372 471 Asserit
2405 415 2547 470 enim
2581 412 2734 482 llugo
2765 412 2830 467 de
2858 410 3108 475 Conchis,
3142 420 3323 467 noster

64 510 260 563 IllellSiS
285 506 536 562 amittat.
566 502 819 574 Quisquis
844 503 987 558 enim
1019 503 1128 559 illic
1160 505 1262 560 nisi
1293 520 1388 575 per
1415 505 1644 560 Remen-

63 614 169 653 sem
220 595 701 665 archiepiscopum
748 594 1153 667 praesumpserit
1205 593 1481 660 ordinari,
1539 608 1644 648 una

65 703 178 742 cum
228 686 554 742 ordinatore
594 700 691 740 suo
717 683 1068 739 districtionis
1126 684 1435 755 apostolicae
1468 682 1646 752 gladio

66 780 303 831 ferietur.
355 773 730 842 Quamobrem
774 785 922 843 tuam
975 773 1396 829 sollicitudinem
1426 773 1645 843 expedit

68 870 342 942 vigilanter
394 869 652 926 insistere
701 876 761 924 ut
809 878 1038 938 utraque
1088 866 1331 922 Ecclesia
1383 863 1647 921 cardinali

68 979 165 1015 nun
205 961 545 1015 destituatur
586 960 868 1031 episcopo,
901 959 1009 1015 nisi
1062 959 1201 1013 forte
1229 955 1650 1013 Cameracenses

68 1050 405 1121 privilegium
458 1050 718 1105 Romana:
748 1048 1090 1105 auctoritatis
1119 1045 1479 1111 ostenderint,
1508 1044 1651 1112 quod

70 1143 141 1195 eis
193 1141 614 1195 Atrebatcnscm
666 1141 861 1197 subdat
910 1138 1225 1195 Ecclesiam.
1250 1135 1426 1201 Unde,
1452 1135 1644 1200 frater,

70 1236 233 1289 virtus
263 1244 357 1288 tua
394 1249 499 1289 eos
558 1247 895 1303 praemonere
950 1240 1221 1302 procuret,
1278 1237 1547 1299 quatenus
1597 1226 1649 1280 in

73 1326 304 1395 proxima
337 1324 777 1394 Quadragcsitna
813 1339 933 1378 cum
963 1322 1348 1377 Atrebatenses
1376 1335 1474 1390 pro
1497 1318 1652 1373 electi

73 1418 147 1471 sui
171 1416 598 1472 conﬁrmatione
643 1415 710 1469 ad
746 1430 843 1469 nos
865 1414 1139 1479 venerint,
1163 1412 1265 1481 ipsi
1287 1426 1500 1482 quoque
1531 1424 1652 1464 cum

80 1507 322 1561 Ecclesize
379 1522 503 1561 sua:
547 1505 968 1560 auctoritatibus
1022 1512 1222 1559 nostrae
1276 1517 1335 1557 se
1365 1500 1653 1556 audientiae

78 1606 483 1668 repraesentem.
528 1598 700 1654 Porro
728 1596 1047 1652 electionem
1078 1611 1239 1666 quam
1285 1595 1351 1650 de
1380 1592 1651 1649 communi

83 1691 181 1745 ﬁlio
228 1691 483 1751 Manasse
533 1704 630 1745 eos
675 1688 1007 1761 generaliter
1060 1687 1259 1744 fecisse
1316 1684 1652 1755 signiﬁcasti,

1746 507 1976 565 clericus
2015 508 2069 562 in
2120 506 2364 563 Romana
2413 505 2654 561 Ecclesia
2702 504 2835 562 satis
2884 503 3138 569 dilectus,
3180 506 3323 574 quod
3366 542 3369 545 ν

1752 599 1913 655 abbas
1940 599 2386 669 praenominatus,
2414 611 2575 653 causa
2601 598 2883 668 utriusque
2902 596 3105 660 audita,
3134 611 3323 666 pacem
3366 626 3372 634 ο

1754 685 1894 743 inter
1935 698 1987 744 te
2025 698 2079 743 et
2128 687 2406 758 Hugonem
2454 687 2776 757 composuit,
2822 695 2878 743 et
2930 687 3072 765 quod
3115 696 3324 756 partem
3370 722 3373 723 ν

1752 778 1892 835 illam
1936 780 2269 835 decimarum
2316 778 2457 834 unde
2496 777 2565 834 lis
2601 786 2718 833 erat
2754 778 2897 834 inter
2940 792 3038 834 vos
3080 777 3325 833 canonici
3368 816 3371 817 ν

1748 866 1897 927 Beati
1927 869 2201 926 Saturnini
2226 870 2494 926 haberent
2512 867 2778 938 judicavit
2808 884 2873 924 ac
2898 868 3151 923 laudavit.
3178 868 3326 924 Hanc

1748 978 1937 1033 pacem
1991 963 2273 1018 retinendo
2328 962 2565 1016 decimas
2611 974 2799 1015 eorum
2843 959 3055 1029 rupisti.
3112 959 3329 1014 Litteris

1750 1053 1961 1110 abbatis
2002 1052 2077 1108 tui
2122 1052 2464 1109 monentibus
2498 1060 2554 1107 ut
2588 1051 2904 1107 emendares
2942 1064 3049 1105 non
3076 1050 3325 1105 obedisti.

1752 1148 2088 1218 Quapropter
2122 1160 2403 1201 monemus
2439 1154 2489 1200 te
2527 1154 2583 1201 et
2619 1158 2715 1215 per
2747 1141 3109 1199 obedientiam
3140 1141 3333 1210 ιιι-αιθί-

1752 1238 1930 1306 pimus
1960 1247 2012 1291 ut
2051 1236 2339 1306 praedictas
2375 1235 2614 1290 decimas
2643 1233 2921 1290 canonicis
2953 1230 3100 1287 Beati
3142 1230 3332 1286 Satur-
3368 1276 3375 1279 _

1754 1330 1868 1384 nini
1900 1329 2156 1399 deinceps
2186 1344 2291 1384 non
2339 1327 2576 1393 auferas,
2605 1337 2660 1382 et
2700 1326 2779 1381 eis
2816 1324 3021 1394 judicio
3065 1322 3335 1391 Pampilo-

1757 1421 1940 1477 nensis
1982 1420 2217 1490 episcopi
2257 1420 2321 1475 de
2362 1419 2468 1474 illis
2515 1434 2650 1489 quas
2696 1416 2964 1472 retinuisti
3010 1412 3331 1469 satisfacias.

1755 1511 1906 1580 Quod
1956 1512 2000 1565 si
2044 1509 2187 1565 infra
2228 1510 2446 1581 triginta
2501 1510 2615 1564 dies
2657 1517 2941 1579 postquam
2987 1506 3196 1560 litteras
3240 1504 3338 1557 has

1756 1603 1981 1670 videris,
2011 1618 2118 1658 non
2144 1602 2539 1668 emendaveris,
2567 1601 2894 1656 confratrem
2916 1607 3161 1654 nostrum
3182 1596 3342 1650 Pam-

1756 1691 2093 1763 pilonensem
2125 1691 2432 1761 episcopum
2465 1705 2747 1745 monemus
2783 1698 2843 1743 ut
2879 1688 2997 1743 vice
3037 1696 3221 1740 nostra
3266 1685 3369 1739 ita.

82 1782 436 1838 collaudamus
484 1793 545 1838 et
597 1782 1015 1848 conﬁrmamus,
1064 1781 1170 1836 nisi
1218 1779 1471 1849 quaelibet
1529 1778 1652 1832 talia
1687 1775 1730 1834 Β
1760 1793 1811 1840 te
1843 1791 1898 1839 et
1927 1784 2222 1838 monachos
2261 1792 2383 1838 tuos
2421 1782 2758 1852 constringat
2794 1796 2860 1835 ne
2899 1778 3173 1834 vinculum
3206 1790 3340 1830 ana~

83 1872 284 1927 obrient
322 1886 447 1941 quae
505 1871 714 1927 sanctis
770 1871 1001 1926 debeant
1053 1868 1355 1925 canonibns
1390 1867 1651 1923 coerceri.

83 1963 221 2027 Quod
248 1969 305 2016 ut
332 1962 398 2015 ad
448 1960 708 2016 eﬂectttm
755 1960 966 2025 veniat,
1001 1958 1426 2014 Cameracenses
1457 1957 1599 2026 ipsos
1626 1970 1657 2009 a

88 2059 409 2107 sacramento
437 2050 543 2106 illo
589 2050 881 2106 temerario
922 2049 1094 2119 parati
1138 2062 1324 2103 sumus
1354 2046 1654 2111 absolvere,

90 2148 130 2197 si
157 2159 318 2199 tamen
356 2154 409 2199 et
439 2144 553 2213 ipsi
582 2142 814 2198 electum
847 2157 1001 2198 suum
1030 2140 1293 2210 recipere,
1316 2148 1371 2194 et
1397 2138 1465 2192 de
1494 2146 1659 2192 teme-

93 2236 239 2289 ritate
278 2233 359 2287 illa
410 2248 479 2304 pa
496 2234 601 2286 rati
640 2232 841 2288 fuerint
867 2231 1163 2287 secundum
1193 2237 1342 2283 tuum
1372 2227 1657 2282 consilium

92 2326 443 2393 ptI'uitentiam
473 2324 767 2380 exhibere.
807 2322 1023 2392 Alioqui
1051 2321 1233 2377 datam
1278 2321 1329 2373 in
1353 2334 1445 2374 eos
1469 2317 1663 2372 frater-

94 2418 228 2471 uitati
257 2428 358 2472 tua:
392 2415 807 2471 interdictionis
839 2413 1162 2469 sententiam
1191 2411 1602 2467 conlirmamus.

785 2528 965 2585 XCVI.

102 2643 316 2699 Urbanus
359 2664 508 2715 papa
550 2662 705 2715 super
750 2643 1079 2715 Arragonum
1121 2640 1431 2715 regem,qu
1465 2648 1662 2715 neptem

156 2732 291 2768 suam
321 2708 543 2770 cuidam
584 2708 739 2769 militi
785 2730 839 2767 se
885 2708 1132 2766 daturum
1164 2708 1257 2764 sub
1300 2708 1423 2778 ﬁdei
1452 2709 1663 2775 promis—

158 2786 284 2839 sione
315 2786 472 2854 ﬁrma
486 2796 649 2849 verat,
674 2784 984 2838 canonicum
1021 2780 1220 2851 profert
1250 2778 1556 2849 capitulum.

571 2875 739 2953 (Intra
777 2889 867 2929 an.
902 2870 1185 2934 MSS-94.)

460 2967 686 3040 [M15118],
730 2965 935 3023 Concil.
974 2963 1089 3028 xx,
1129 2962 1278 3033 715.1

164 3056 229 3111 De
255 3058 423 3128 neptis
455 3068 569 3112 tua:
590 3054 857 3125 conjugio,
908 3069 1067 3122 quam
1097 3062 1146 3107 te
1170 3053 1383 3107 cuidam
1412 3052 1667 3106 daturum

1761 1875 2014 1929 lbematis
2045 1874 2185 1942 quod
2207 1874 2571 1944 inprivilegiis
2593 1873 2741 1926 Beati
2766 1869 3041 1926 Saturnini
3070 1869 3341 1922 firmatum

1759 1974 1864 2027 est,
1900 1978 1998 2018 vos
2030 1963 2314 2019 incurrere
2340 1963 2639 2032 permittat,
2673 1975 2838 2029 atque
2869 1975 2935 2014 ne
2957 1957 3187 2027 amplius
3215 1971 3342 2023 que-

1762 2055 1990 2109 rimonia
2029 2056 2095 2109 ad
2140 2069 2300 2109 aures
2341 2064 2555 2108 nostras
2585 2053 2786 2108 redeat.
2836 2050 3038 2119 Regem
3074 2047 3342 2105 ,Sancium

1760 2146 2141 2200 charissimam
2160 2145 2392 2199 amicum
2421 2153 2665 2199 nostrum
2690 2158 2754 2197 ex
2775 2150 2959 2195 nostra
2980 2147 3133 2210 parte
3150 2138 3341 2199 saluta,

1761 2248 1810 2292 et
1842 2237 2173 2292 comitissam
2206 2250 2449 2291 sororem
2476 2235 2609 2304 ejus,

2439 2366 2638 2424 XCVIII

1766 2487 1963 2541 Urbani
1999 2501 2147 2557 papa:
2192 2483 2411 2554 epistola
2447 2483 2516 2535 ad
2567 2479 2876 2557 Villelu’tum.
2901 2475 3350 2557 archiepiscg‘pam

1836 2543 2295 2626 Rolhontagenscm
2346 2563 2392 2607 et
2432 2552 2707 2626 canonicos
2735 2548 2793 2602 S.
2821 2543 3163 2626 Mellonisa‘e
3184 2543 3351 2626 Ponte

1836 2627 2004 2681 Isara:
2049 2614 2112 2680 et"
2145 2625 2463 2678 habitatores
2503 2620 2735 2682 ejusdem
2782 2618 2960 2671 castri.
2993 2647 3061 2655 —
3108 2614 3350 2682 Prtrcipit

1842 2717 1859 2748 ‹
1901 2714 1961 2751 ne
1988 2695 2290 2765 prohibeant
2330 2685 2611 2765 monachos
2639 2689 2931 2765 peccettses
2962 2686 3171 2749 pulsare
3199 2685 3351 2753 signa

1836 2785 1933 2821 sua
1961 2761 2027 2820 ad
2060 2767 2216 2819 horas
2245 2764 2527 2817 secundum
2554 2761 2787 2815 ordinent
2817 2774 2989 2812 suum.
3028 2777 3045 2809 ι

2358 2852 2536 2923 (Anno
2578 2850 2760 2918 109M

2168 2944 2381 3017 ⁸Μιικει,
2413 2942 2615 2997 Concil.
2648 2940 2774 3005 XX,
2805 2938 2954 3010 70L]

1846 3061 2093 3116 URBANUS
2144 3058 2456 3127 episcopus,
2490 3068 2675 3109 servus
2712 3066 2990 3107 servorum
3040 3049 3171 3114 Dei,
3203 3046 3353 3101 Wa.—

104 3146 419 3202 necessitatis
451 3148 697 3203 instante
740 3144 973 3199 articulo
1003 3144 1099 3197 sub
1126 3141 1249 3195 ﬁdei
1280 3140 1668 3210 pollicitatione
1697 3128 1737 3184 C
1774 3169 1949 3209 ιειιιο
1977 3152 2171 3207 (mecm
2200 3149 2353 3203 fratri
2400 3145 2823 3216 nottlomagensi
2862 3143 3269 3214 archiepiscopo
3299 3148 3354 3195 et

109 3237 331 3301 ﬁrmasti,
386 3240 499 3293 ltoc
553 3237 805 3307 aequitate
858 3235 1099 3289 dictante
1142 3234 1510 3300 decernimus,
1542 3232 1670 3287 utsi

108 3326 183 3381 illa
221 3330 406 3394 virum,
444 3338 515 3384 ut
565 3329 785 3394 dicitur,
808 3329 1029 3385 omnino
1076 3330 1272 3391 renuit,
1305 3336 1360 3383 ct
1407 3327 1461 3383 in
1483 3325 1669 3383 eadem

110 3419 377 3476 voluntatis
425 3420 758 3477 auctoritate
805 3422 1068 3490 persistit,
1104 3431 1161 3476 ut
1186 3423 1303 3476 viro
1331 3421 1420 3475 illo
1450 3434 1671 3491 prorsus

111 3526 158 3562 se
179 3512 392 3582 deneget
444 3522 778 3583 nupturam,
813 3527 1150 3583 nequaquam
1201 3530 1320 3568 eam
1370 3513 1592 3566 invitam
1620 3519 1673 3565 et

114 3603 406 3659 renitentem
481 3603 721 3674 ejusdem
779 3604 879 3659 viri
932 3619 1095 3674 cogas
1147 3603 1395 3675 conjugio
1445 3602 1669 3665 sociari;

111 3708 313 3760 quorum
329 3696 476 3750 enim
502 3710 663 3749 unum
693 3709 890 3765 corpus
912 3704 1019 3761 est,
1043 3695 1201 3750 debet
1221 3709 1342 3749 esse
1368 3702 1421 3749 et
1438 3694 1672 3759 animus,

114 3796 171 3834 ne
194 3780 319 3838 forte
346 3799 471 3838 cum
499 3784 614 3839 viro
676 3783 765 3837 alii
812 3783 977 3836 invita
1012 3781 1178 3837 fuerit
1206 3781 1454 3851 copulata
1484 3788 1672 3837 contra

115 3872 302 3927 Domini
329 3874 671 3945 apostolique
704 3882 1055 3943 pra‘ceptum,
1092 3883 1184 3925 aut
1206 3881 1411 3926 reatum
1443 3871 1671 3937 dissidii,

119 3976 197 4019 aut
241 3967 436 4023 crimen
505 3966 881 4021 fornicationis
931 3967 1189 4019 incurrat.
1215 3964 1380 4035 Cujus
1429 3964 1677 4019 videlicet

118 4060 297 4124 peccati
327 4060 528 4114 malum
567 4059 619 4113 in
671 4074 793 4114 eum
826 4058 1129 4113 redundare
1166 4066 1394 4123 constet,
1437 4057 1527 4126 qui
1554 4073 1673 4112 eam

120 4147 369 4216 conjunxit
392 4152 638 4207 invitam.

779 4282 982 4339 XCVII.

128 4403 299 4462 Urbani
336 4409 393 4463 Il
419 4412 641 4479 epistola
671 4410 738 4464 ad
764 4409 1000 4463 abbatem
1032 4406 1090 4462 S.
1124 4402 1348 4479 Joannis
1383 4400 1446 4479 tle
1479 4397 1670 4479 Pinna.

180 4507 241 4549 Τ
274 4468 512 4549 Praecipit
542 4498 606 4534 ne
630 4481 860 4534 decimas
879 4479 1136 4549 quasdam
1159 4471 1425 4529 canonicis
1447 4468 1674 4523 ecclesia:
1706 4474 1754 4534 D

188 4544 235 4601 S.
266 4544 536 4605 Saturnini
578 4549 855 4635 Tolosanw
882 4544 1111 4618 auferat.

593 4642 761 4713 (Intra
791 4657 880 4696 an.
898 4639 1182 4715 1088-94.)

320 4729 564 4800 [ΒΑιιιῑ.,
593 4729 845 4795 Miscell.,
876 4727 1007 4785 edit.
1037 4727 1195 4790 Luc.,
1227 4724 1287 4788 ll,
1318 4720 1464 4792 180.]

194 4816 423 4876 Unusus
454 4821 761 4891 episcopus,
804 4834 994 4874 servus
1023 4830 1300 4872 servorum
1340 4812 1458 4874 Dei,
1498 4808 1678 4863 abbati

134 4906 292 4961 Sancti
321 4907 543 4965 Joannis
565 4910 631 4966 de
657 4908 847 4975 Pinna,
865 4908 1090 4964 salutem
1128 4913 1183 4960 et
1206 4900 1554 4973 apostolicam
1583 4898 1677 4952 be-

138 4997 489 5055 nedictionem.

196 5085 395 5145 Clamor
423 5092 808 5147 canonicorum
853 5089 1037 5144 Sancti
1080 5085 1353 5141 Saturnini
1391 5086 1457 5140 de
1488 5081 1680 5151 injuria

144 5191 282 5242 qtam
310 5196 337 5234 a
369 5189 420 5238 te
443 5183 723 5253 patiuntur
746 5183 855 5253 jam
882 5181 946 5234 ad
978 5193 1078 5236 nos
1104 5178 1282 5241 rediit,
1316 5191 1422 5231 non
1455 5174 1685 5244 longitu-

144 5267 488 5341 diueitineris,
520 5290 625 5331 non
653 5276 945 5343 asperitate
974 5271 1232 5329 remansit
1260 5269 1478 5324 laboris.
1519 5266 1679 5320 Pam-

146 5356 413 5423 pilonensis
456 5366 774 5439 cpiscopus,
818 5365 942 5420 vitae
982 5361 1301 5418 venerabilis
1340 5360 1424 5414 vir
1457 5374 1521 5413 ac
1557 5358 1685 5413 reli-

148 5449 328 5520 Simus,
366 5458 511 5513 dedit
547 5461 627 5515 eis
655 5461 706 5514 in
733 5460 1045 5530 episcopatu
1069 5471 1169 5512 suo
1203 5453 1494 5525 quamdam
1516 5451 1687 5507 cccle-

150 5538 283 5606 siam,
319 5546 401 5599 cui
445 5558 499 5602 tu
542 5547 721 5603 aufers
766 5548 1053 5603 maximam
1100 5552 1307 5614 partem
1355 5541 1686 5596 decimarum

153 5633 414 5704 contraius
443 5647 499 5691 et
529 5645 714 5693 contra
744 5637 1071 5692 voluntatem
1107 5632 1344 5705 prmdicti
1370 5629 1606 5699 episcopi
1634 5637 1689 5684 et

154 5730 314 5777 contra
344 5726 660 5784 voluntatem
697 5737 745 5783 ct
780 5727 1167 5794 dilﬁnitinnem,
1193 5735 1247 5780 ut
1285 5724 1449 5789 aiunt,
1478 5721 1687 5777 abbatis

1772 3246 2050 3303 canonicis
2083 3243 2269 3299 Sancti
2320 3240 2562 3296 Mellonis
2593 3240 2658 3293 de
2706 3238 2876 3291 Ponte
2922 3235 3084 3289 Isara:
3116 3244 3169 3287 et
3200 3232 3354 3287 habi-

1774 3336 2038 3392 tatoribus
2093 3332 2332 3402 ejusdem
2390 3330 2555 3385 castri
2614 3327 2838 3382 salutem
2889 3334 2943 3378 ct
3002 3324 3350 3393 apostolicam

1771 3426 2222 3483 benedictionem.

1846 3518 2219 3588 Signiﬁcatum
2259 3513 2416 3567 nobis
2448 3519 2529 3567 est
2559 3510 2683 3581 quia
2732 3507 3031 3578 prohibetis
3062 3505 3356 3560 monachos

1774 3608 2072 3662 Beccenses
2093 3603 2183 3673 qui
2216 3610 2341 3655 sunt
2370 3601 2422 3654 in
2453 3598 2679 3654 ecclesia
2710 3596 2893 3652 Sancti
2919 3594 3064 3649 Petri
3095 3594 3160 3648 de
3188 3593 3356 3647 Ponte

1774 3703 1931 3756 Isara:
1960 3698 2176 3769 pulsare
2203 3697 2353 3766 signa
2377 3711 2471 3751 sua
2504 3695 2571 3750 ad
2599 3695 2759 3748 horas
2789 3692 3081 3748 secundum
3108 3689 3353 3743 ordinem

1776 3806 1953 3848 suum.
1992 3789 2176 3857 Qttod,
2222 3786 2326 3842 nisi
2358 3785 2510 3841 vobis
2557 3797 2921 3856 parceretnus,
2952 3796 3111 3851 quam
3143 3778 3357 3851 religio-

1776 3900 1893 3939 sum
1924 3892 1978 3937 et
2008 3883 2357 3937 inhumanum
2382 3879 2475 3944 sit,
2511 3887 2564 3933 et
2610 3878 2674 3931 de
2699 3892 2802 3945 qua
2858 3874 3040 3929 radice
3075 3872 3353 3943 procedat,

1778 3977 2170 4047 detegeremus.
2201 3973 2433 4027 Paterna
2482 3970 2645 4041 igitur
2677 3967 2976 4021 monitione
3009 3973 3063 4018 et
3104 3962 3357 4033 praesenti

1778 4066 2105 4122 auctoritate
2135 4063 2479 4135 prmcipimus
2510 4077 2579 4115 ne
2626 4059 2849 4114 ulterius
2876 4059 3013 4112 lianc
3041 4055 3356 4127 prohibitio-

1778 4170 1899 4211 nem
1944 4154 2159 4211 faciatis
2200 4162 2289 4207 aut
2340 4151 2452 4206 ﬁeri
2504 4149 2862 4220 permittatis,
2892 4147 2983 4204 sed
3017 4146 3137 4201 illos
3166 4160 3359 4201 secun-

1779 4246 1903 4299 dum
1939 4245 2186 4300 ordinem
2215 4240 2595 4297 monachicum
2639 4249 2693 4294 et
2743 4240 2895 4310 signa
2931 4236 3146 4308 pulsare
3181 4244 3234 4290 et
3262 4249 3358 4304 per

1779 4336 1963 4391 omnia
1999 4334 2245 4389 ordinem
2294 4347 2450 4386 suum
2493 4344 2713 4385 servare
2754 4330 2958 4399 absque
3006 4326 3154 4381 omni
3191 4324 3357 4393 impc-

1779 4425 2017 4480 dimento
2043 4423 2370 4479 concedatis.
2458 4414 2459 4419 “
2710 4468 2713 4471 .

1854 4516 1988 4570 Data
2015 4524 2166 4569 trans
2197 4513 2434 4570 Tiberim
2461 4530 2519 4568 Ill
2552 4512 2667 4567 Kal.
2699 4511 2944 4584 Augusti.

2478 4667 2663 4724 XCIX.

1782 4804 1940 4859 Bulla
1985 4803 2188 4856 Urbani
2228 4802 2289 4855 11
2328 4778 2507 4871 ραραν,
2544 4817 2647 4871 qua
2683 4798 3015 4871 donationem
3042 4813 3072 4847 a
3102 4792 3365 4871 luat/tudo

1854 4875 2119 4928 comitissa
2147 4864 2342 4942 factum
2367 4864 2684 4925 monasierio
2711 4868 2769 4923 S.
2799 4866 2964 4921 Blasii
2993 4864 3287 4933 conﬁrmat.

2370 4981 2549 5053 (Anno
2590 4978 2773 5045 1094.)

1788 5079 2087 5152 [Genncnr,
2129 5075 2259 5131 Cod.
2294 5074 2509 5152 diplom.
2545 5068 2960 5152 SilvaLNigr‘te,
2991 5076 3030 5122 t.
3062 5066 3124 5121 ΙΙΙ
3145 5108 3157 5132 ,
3187 5083 3238 5137 p.
3268 5067 3357 5130 '55,

2254 5161 2317 5200 ex
2349 5137 2553 5197 archiv.
2587 5140 2645 5195 S.
2684 5137 2890 5209 Blasii.]

1856 5260 2106 5316 Unnaaus
2155 5256 2458 5326 episcopus,
2513 5264 2704 5305 servus
2749 5263 3027 5304 servorum
3080 5247 3194 5311 Dei,
3245 5246 3362 5300 uni-

1789 5355 1960 5409 versis
1985 5366 2081 5422 per
2110 5348 2363 5404 Sueviam
2387 5343 2652 5408 ﬁdelibus,
2684 5341 2913 5397 salutent
2937 5340 3360 5412 etapostolicant

1789 5443 2237 5501 benedictionem.
3336 5454 3339 5459 «

1861 5534 2012 5590 Sicut
2039 5526 2430 5587 irrationabilia
2471 5526 2821 5596 poscentibus
2868 5525 3050 5596 negari
3095 5522 3253 5578 debet
3284 5536 3362 5575 as-

1792 5640 2001 5690 sensus,
2034 5624 2113 5679 sic
2153 5622 2296 5689 justa
2326 5620 2625 5690 petentium
2665 5618 2803 5673 votis
2848 5617 3074 5687 benigna
3104 5614 3364 5670 debemus

1795 5716 2104 5773 assensione
2159 5728 2501 5771 concurrere.
2572 5711 2776 5766 Idcirco
2842 5708 3175 5765 charissima:
3242 5705 3364 5760 ﬁlia:
