3888 6322
69 351 160 410 577

1170 338 1521 397 EPISTOLJE
1559 340 1644 395 ET
1686 337 2090 396 PRIVILEGIA.

3166 311 3270 396 373

62 465 189 528 ﬁliis,
232 460 374 516 clero
401 471 465 513 ac
508 453 704 528 populo
733 452 1172 509 Halberstadensi
1201 492 1218 518 ,
1264 462 1492 508 satutem
1543 462 1597 505 et
1628 461 1675 516 Α
1702 451 1837 504 stliis
1884 448 2120 504 obcdlte.
2164 445 2304 499 Sane
2359 459 2480 514 qua:
2531 446 2924 503 catholicorum
2978 448 3031 504 in
3055 452 3272 505 ‘-vestt'is

58 553 379 628 apostolicam
421 548 873 607 benedictionem.
1167 590 1169 592 .

115 645 220 700 Non
269 641 460 712 exigua
504 638 696 695 salutis
744 647 939 693 vestra:
983 634 1197 704 jactura
1253 635 1604 705 perpenditur

57 737 181 809 quod
235 734 414 789 taudiu
469 731 712 786 Ecclesia
767 738 952 783 vestra
999 729 1235 797 pastoris
1279 736 1364 782 est
1409 728 1606 782 solatio

57 825 310 883 destituta.
341 820 675 877 Venerabilis
718 819 983 890 siquidem
1014 818 1185 873 frater
1213 826 1416 884 noster,
1442 833 1603 888 quem

58 916 298 975 communi
335 929 603 971 consensu
645 911 944 967 secundum
985 920 1295 967 sanctorum
1337 925 1604 966 canonum

57 1010 171 1065 scita
221 1007 272 1061 in
326 1004 637 1075 pontiﬁcem
685 1003 838 1058 vobis
892 1002 1196 1071 elegeratis,
1229 1001 1600 1058 schismatico-

58 1113 159 1152 rum
194 1096 242 1151 vi
290 1103 535 1166 cogente,
567 1093 764 1163 partim
793 1091 931 1148 dolis
977 1102 1032 1148 et
1074 1091 1377 1158 blanditiis,
1407 1093 1604 1162 partim

59 1185 326 1243 terroribus
373 1193 430 1242 et
481 1183 663 1249 minis,
718 1198 748 1238 a
780 1189 962 1237 vestra
1013 1190 1096 1237 est
1123 1181 1367 1238 Ecclesia
1414 1191 1604 1238 contra

61 1278 340 1334 sanctiones
382 1277 678 1333 canonicas
722 1284 778 1330 et
812 1275 1237 1331 consuetudines
1276 1275 1606 1332 ecclesiasti-

60 1384 136 1424 cas
157 1369 521 1424 conturbatus.
553 1365 740 1437 Neque
769 1380 900 1421 vero
924 1366 1077 1421 licuit
1099 1376 1406 1438 susceptam
1437 1367 1606 1424 semel

57 1463 178 1532 juste
214 1471 266 1517 et
295 1462 558 1516 canonice
585 1477 686 1532 pro
713 1459 1024 1530 apostolicae
1064 1460 1211 1516 sedis
1255 1459 1473 1516 licentia
1519 1460 1604 1515 vel

60 1553 380 1621 permissione
418 1555 690 1609 deserere.
723 1553 982 1625 Respexit
1016 1559 1196 1606 tamen
1233 1565 1334 1606 vos
1358 1565 1606 1621 supemte

60 1643 388 1698 miserationis
414 1643 677 1712 dignatio,
713 1659 836 1698 cum
870 1657 994 1699 eum
1020 1641 1088 1696 ad
1127 1651 1444 1698 sanctorum
1473 1655 1605 1712 apo-

60 1735 288 1789 stolorum
325 1735 509 1790 limina
531 1775 548 1797 ,
579 1745 633 1790 et
657 1735 726 1791 ad
767 1737 1110 1806 prmaentiam
1141 1744 1384 1791 nostram
1419 1733 1604 1789 venire

60 1824 309 1877 concessit.
362 1822 468 1878 Nos
502 1824 688 1896 igitur,
743 1824 960 1894 quibus,
1012 1823 1140 1880 licet
1192 1823 1428 1894 indignis
1451 1862 1475 1889 ,_
1507 1837 1606 1893 pro
1638 1837 1680 1897 Β

61 1911 386 1982 apostolorum
417 1915 680 1986 principis
726 1914 845 1970 vice
885 1929 952 1970 ac
989 1914 1110 1970 loco
1157 1924 1474 1970 cunctarum
1504 1929 1602 1984 per

61 2009 218 2061 orbem
251 2014 512 2062 terrarum
543 2022 674 2062 cura
721 2021 788 2062 ac
833 2005 1117 2077 dispositio
1146 2006 1388 2062 cernitur
1419 2005 1600 2060 immi-

63 2113 193 2164 nere,
237 2097 392 2169 ipsius
438 2099 768 2156 electionem
811 2098 1015 2170 justam
1064 2108 1232 2171 atque
1281 2101 1600 2157 canonicam

65 2199 405 2258 cognoscentes
448 2189 847 2261 praesentisque
891 2189 1154 2266 temporis
1197 2190 1600 2257 necessitatem,

65 2280 188 2347 quod
213 2294 238 2333 a
265 2279 570 2347 Moguntina
617 2282 745 2335 sede
776 2280 1024 2351 accipere
1049 2281 1515 2337 consecrationem
1547 2279 1600 2333 in

69 2377 191 2422 tanta
227 2370 692 2426 schismaticorum
723 2382 1045 2442 tempestate
1090 2386 1197 2428 non
1237 2380 1442 2442 posset,
1474 2385 1603 2426 con-

67 2458 362 2526 siderantes,
413 2477 544 2518 eum
578 2462 630 2517 in
669 2463 843 2532 prima
886 2462 1189 2534 primorum
1236 2461 1602 2532 apostolorum

69 2552 288 2622 principis
329 2553 486 2619 sede,
541 2562 818 2611 annuente
863 2554 1094 2610 Domino
1141 2554 1601 2618 consecravimus,

69 2656 392 2699 consecratum
445 2647 516 2700 ad
575 2661 673 2701 vos
729 2661 852 2702 cum
903 2645 1250 2716 prresentium
1301 2645 1602 2700 litterarum

69 2736 487 2792 commendatione
550 2737 899 2794 remittimus.
964 2737 1074 2794 Vos
1135 2739 1314 2809 itaque
1368 2737 1605 2807 antiquae

70 2824 168 2879 ﬁdei
195 2833 244 2881 et
285 2827 606 2883 obedientite
658 2843 930 2886 memores
981 2839 1131 2885 tanto
1183 2845 1306 2885 eum
1358 2829 1605 2885 devotius

70 2915 156 2972 illic
195 2933 349 2989 usque
399 2921 696 2991 suscipite,
736 2931 940 2992 quanto
1000 2922 1232 2993 amplius
1282 2937 1377 2978 vos
1411 2932 1606 2978 vestra:

71 3006 223 3063 salutis
248 3018 298 3064 et
327 3009 446 3066 ﬁdei
483 3020 686 3068 vestrae
714 3011 1028 3083 apostolicae
1051 3011 1308 3069 Ecclesiae
1336 3012 1606 3069 debitores

72 3112 164 3152 esse
187 3103 516 3172 cognoscitis.
550 3102 764 3158 Sancta:
794 3105 1060 3174 siquidem
1094 3105 1389 3168 tnetnnrize,
1423 3113 1607 3158 noster

1704 539 1948 610 partibus
1991 539 2364 608 episcoporum
2413 553 2605 609 magna
2652 549 2734 594 est
2766 540 2981 606 raritas,
3030 544 3107 608 si,
3148 543 3275 612 quid

1702 640 1758 685 et
1793 631 1846 685 in
1875 629 2068 686 alienis
2096 629 2368 700 parochiis
2396 630 2725 700 disposuerit
2752 673 2766 696 ,
2796 647 2861 687 ex
2892 634 3274 691 abundantiori

1705 721 2014 791 apostolicae
2041 721 2249 790 gratiae,
2275 728 2331 777 et
2357 729 2556 776 nostrae
2587 723 2925 778 auctoritatis
2952 724 3275 794 disposuerit

1703 811 2086 880 plenitudine,
2162 817 2341 865 ratum
2397 810 2886 882 inconvulsumque
2943 825 3274 884 permaneat.

1705 902 2060 973 Omnipotens
2105 901 2366 958 Dominus
2393 902 2757 972 apostolorum
2805 919 3022 958 suorum
3071 907 3279 960 meritis

1703 1009 1801 1050 vos
1841 1010 1870 1050 a
1902 995 2142 1067 peccatis
2170 995 2454 1062 absolvat,
2505 1004 2559 1050 et
2602 1003 2816 1050 “eterna:
2847 998 2969 1052 vitae
2998 1007 3280 1056 consortes

1705 1085 1920 1142 elliciat.

2426 1222 2548 1278 CIII.

1710 1330 1910 1387 Urbani
1932 1332 2000 1387 11
2022 1334 2240 1404 cpistola
2271 1335 2340 1388 ad
2371 1333 2658 1388 Fulconem
2681 1335 2976 1404 episcopum
3005 1336 3286 1392 Beiracen-

1775 1419 1903 1458 sem.
1938 1434 2008 1477 —-_-
2041 1403 2218 1477 Multa
2257 1414 2305 1457 et
2344 1405 2532 1477 gravia
2564 1415 2790 1459 recenset
2823 1403 3055 1475 capitula
3098 1407 3285 1477 quibus

1776 1474 2146 1544 accusabatur.
2179 1473 2428 1544 Praecipit
2479 1484 2534 1527 ut
2582 1477 2842 1544 purgandi
2869 1473 2951 1529 sui
2988 1473 3149 1530 causa
3194 1488 3286 1530 aut

1776 1544 1846 1596 ad
1877 1541 2248 1616 [ltainaldumj
2275 1541 2724 1614 archiepiscopum
2756 1543 3056 1601 Remensem
3089 1556 3182 1601 aut
3216 1546 3287 1601 ad

1777 1630 1888 1667 sese
1912 1615 2147 1668 accedat.

2297 1705 2478 1775 (Anno
2510 1705 2694 1776 1094..)

1957 1823 2112 1896 [Dom
2142 1824 2418 1889 Bouousr,
2453 1823 2684 1890 Recueil,
2722 1823 2860 1890 XIV,
2890 1825 3042 1899 706.]

1775 1933 2026 1992 Uunmus
2053 1935 2358 2005 episcopus,
2390 1950 2578 1990 servus
2619 1951 2900 1990 servorum
2948 1938 3062 2004 Dei,
3089 1937 3290 1994 dilecto

1704 2028 1856 2084 fratri
1888 2029 2140 2092 FULCO‘NI,
2176 2026 2488 2082 Belvacrnsi
2519 2027 2795 2097 episcopo,
2825 2013 3080 2085 salutem.

1772 2116 1937 2172 Multa
1973 2126 2029 2172 et
2067 2116 2253 2188 gravia
2295 2114 2556 2171 adversus
2607 2115 3001 2172 fraternitatem
3040 2126 3185 2172 tuam
3226 2119 3291 2171 ad

1705 2228 1803 2268 nos
1831 2224 2123 2282 pervenere
2152 2209 2410 2279 capitula,
2445 2210 2584 2264 unde
2622 2209 2754 2264 satis
2783 2210 2968 2264 mirari
3010 2226 3114 2265 non
3147 2209 3292 2266 sulli-

1703 2302 1874 2356 cimus
1903 2308 1957 2354 et
2003 2298 2241 2370 graviter
2277 2295 2649 2352 condolemus.
2692 2295 2803 2352 Nos
2840 2297 2986 2352 enim
3031 2313 3156 2352 cum
3195 2313 3294 2368 pro

1706 2401 1795 2447 tua
1818 2390 2033 2463 egregia
2063 2389 2265 2455 indole,
2291 2397 2402 2443 tum
2441 2404 2540 2459 pro
2579 2389 2864 2444 monastici
2905 2388 3112 2445 ordinis
3133 2389 3296 2446 disci-

1703 2485 1874 2557 plina,
1905 2489 2013 2539 non‘
2052 2482 2331 2537 minimam
2365 2481 2431 2535 de
2471 2488 2525 2536 te
2567 2479 2951 2537 conﬁdentiam
3005 2483 3294 2552 gessimus,

1703 2577 1846 2649 quod
1865 2575 2185 2632 eruditionis
2198 2573 2484 2646 praeterita:
2514 2573 2696 2644 regula
2719 2573 3120 2644 simplicitatem
3145 2580 3294 2628 tuam

1707 2685 1736 2723 a
1773 2667 2115 2725 satcttlarium
2148 2667 2485 2738 negotiorum
2502 2666 2859 2737 pravitatibus
2885 2666 3121 2721 cohibet.
3141 2665 3294 2722 Nunc

1705 2770 1904 2826 autem,
1932 2767 2120 2815 contra
2147 2757 2456 2828 opinionem
2487 2768 2727 2814 nostram
2748 2797 2763 2823 ,
2806 2755 3060 2812 nonnulla
3089 2757 3296 2812 audivi-

1706 2867 1828 2906 mus
1862 2849 2215 2906 sacerdotalis
2246 2849 2455 2904 ordinis
2500 2849 2726 2919 puritati
2779 2848 2938 2904 valde
2992 2849 3290 2904 contraria.

1707 2944 1912 3000 Diceris
1951 2943 2096 2999 enim
2143 2941 2306 3013 (quod
2339 2940 2547 3012 absit!)
2583 2939 2890 2996 homicidiis
2928 2950 2977 2996 et
3018 2940 3296 2995 hominum

1705 3035 2098 3107 proditionibus
2141 3032 2506 3090 commisceri.
2548 3031 2864 3088 Commissa:
2912 3046 3147 3103 namque
3195 3029 3295 3085 Ec-

1707 3128 1884 3184 clesiae
1920 3138 2023 3183 tute
2058 3125 2240 3182 clerici
2274 3133 2681 3196 conqueruntnr
2702 3163 2717 3190 ,
2781 3123 2923 3194 quod
2973 3121 3297 3186 Hubertum,

73 3189 114 3241 in
161 3192 272 3246 sede
306 3194 601 3264 apostolica
657 3196 1024 3266 praedecessor
1070 3187 1364 3267 Gregorius
1409 3196 1452 3252 Il
1492 3198 1603 3268 pri-

1715 3216 2128 3272 Sllvanectensis
2147 3187 2543 3287 epist:0pi'(22)
2580 3187 2824 3283 fratrem,
2859 3213 2998 3270 infra
3054 3222 3296 3284 treugam

75 3297 191 3337 mum
218 3296 398 3341 vestrae
435 3287 621 3359 gentis
669 3289 1139 3360 archiepiscopum
1183 3292 1399 3347 beatum
1449 3291 1611 3345 Boni-

76 3373 236 3429 facium
263 3377 420 3448 pallio
452 3381 688 3447 donans,
719 3389 774 3436 et
801 3382 938 3437 vicis
969 3397 1080 3439 suae
1110 3383 1452 3440 auctoritatis
1489 3397 1611 3439 cor-

78 3467 295 3523 roborans
329 3480 523 3526 vestras
571 3470 834 3528 ecclesias
885 3473 1144 3529 instruxit
1196 3475 1490 3546 religionis.
1543 3473 1610 3529 Et

76 3569 153 3610 nos
181 3557 324 3627 igitur
351 3562 662 3618 diuturnam
693 3573 890 3620 vestrae
928 3563 1189 3620 Ecclesia:
1217 3565 1608 3621 desolationem

77 3664 153 3715 pro
175 3655 323 3709 nostri
351 3654 509 3712 ollicii
551 3656 733 3712 debito
756 3658 1157 3728 perpendentes
1181 3700 1194 3722 ,
1245 3658 1389 3713 hunc
1417 3659 1483 3712 ad
1510 3673 1610 3712 vos

75 3741 233 3798 salutis
276 3759 461 3802 vestrae
515 3748 800 3819 dirigintus
841 3748 1251 3804 instructorem.
1299 3748 1470 3815 Quem
1513 3761 1609 3802 vos

75 3846 126 3885 eo
171 3841 481 3896 reverentius
542 3840 816 3912 suscipere
853 3849 909 3896 et
953 3841 1295 3896 obedientius
1353 3841 1610 3896 convenit

74 3928 317 3995 exaudire,
363 3949 469 4003 quo
506 3947 632 3988 eum
677 3933 749 3988 ab
779 3934 896 4003 ipso
927 3933 1051 3989 ﬁdei
1098 3942 1154 3989 et
1195 3933 1387 3989 salutis
1415 3942 1610 3988 vestrae

78 4014 196 4070 fonte
221 4024 523 4092 conspicitis
557 4023 906 4082 destinatum.
936 4026 1126 4083 Omnis
1155 4036 1343 4088 autem.
1364 4027 1455 4096 qui
1485 4019 1609 4081 eum

77 4116 120 4158 ut
143 4120 383 4176 pastorem
414 4131 577 4172 suum
628 4117 811 4174 debito
848 4119 1056 4175 honore
1111 4127 1274 4189 atque
1326 4118 1612 4176 alfectionc

79 4204 364 4270 tractaverit,
411 4222 512 4264 nos
559 4209 946 4278 omnipotentis
989 4209 1082 4265 Dei
1131 4220 1187 4265 et
1242 4211 1608 4282 apostolorum

77 4285 168 4354 eius
196 4292 441 4353 donamus
491 4299 903 4368 benedictione;
945 4302 1037 4370 qui
1067 4316 1198 4356 vero
1244 4301 1369 4357 huic
1412 4303 1612 4357 consti-

80 4381 233 4440 tutioni
270 4399 461 4446 nostra:
506 4392 722 4448 obviam
768 4393 846 4450 ire
875 4394 1188 4460 tentaverit,
1231 4394 1460 4449 clericos
1494 4395 1614 4464 qui-

78 4468 173 4527 dem
201 4488 228 4528 a
253 4476 534 4537 clericatus
575 4482 752 4538 oﬂlcio
809 4497 1191 4548 removemus;
1248 4483 1400 4539 laicis
1433 4493 1610 4540 autem

78 4563 228 4626 Gratia:
268 4572 572 4639 apostolicae
622 4574 954 4630 consortium
1009 4574 1404 4630 interdicimus.
1455 4574 1608 4630 Illum

81 4650 291 4714 nimirum
317 4701 332 4726 ,
362 4664 451 4734 qui
499 4679 559 4721 se
584 4665 638 4720 in
675 4675 914 4721 vestram
959 4665 1259 4723 Ecclesiam
1299 4677 1421 4738 post
1453 4665 1610 4736 hujus

81 4744 292 4805 catholici
321 4756 554 4823 pastoris
581 4756 904 4813 electionem
935 4767 1394 4830 prtesumptuose,
1444 4774 1507 4816 ac
1536 4760 1610 4814 ir-

82 4845 346 4896 reverenter
385 4843 630 4916 ingessit,
669 4861 767 4903 nos
796 4863 922 4903 cum
965 4863 1065 4918 pro
1110 4864 1356 4918 persona:
1401 4851 1605 4906 inutili-

81 4928 185 4988 ίὲιει
218 4936 317 4984 tum
346 4949 441 5002 pro
470 4946 662 4990 vestrae
690 4936 946 4993 Ecclesia:
991 4939 1316 4993 necessitate
1359 4939 1427 4994 ab
1451 4955 1608 4994 usur-

82 5014 260 5077 Patione
324 5024 558 5082 indebita
610 5043 704 5099 per
750 5030 1032 5099 przcsentis
1099 5031 1300 5086 decreti
1355 5032 1604 5102 paginam

82 5109 291 5170 omnibus
327 5119 496 5176 modis
525 5129 950 5190 seqttestramus,
975 5133 1035 5192 et
1079 5137 1270 5178 onmes
1293 5125 1384 5195 qui
1419 5124 1469 5179 ei
1520 5138 1610 5180 sa-

26 5253 32 5256 .
84 5207 591 5285 trainettto'adstricti
647 5225 794 5278 sunt,
840 5225 1107 5284 quatenus
1150 5213 1217 5268 ad
1265 5213 1609 5285 episcopatus

87 5283 299 5385 liquorem
337 5301 402 5355 ab
428 5302 543 5373 cjtts
577 5303 840 5360 fidelitate
860 5283 1221 5361 absolvimus.
1269 5283 1422 5362 IIunc
1454 5283 1605 5377 ergo;

86 5377 372 5480 dilectissimi
407 5393 460 5447 in
495 5394 712 5452 Christo
757 5396 875 5464 ﬁlii,
917 5407 1174 5469 tanquam
1213 5399 1458 5471 angelum
1506 5401 1608 5455 Do-

91 5473 193 5562 mini
215 5487 265 5532 et
286 5483 556 5542 catholicae
604 5487 727 5544 ﬁdei
771 5488 1007 5561 legatum
1037 5489 1292 5560 excipite,
1344 5492 1468 5545 huic
1499 5501 1606 5544 tam

91 5571 129 5610 In
153 5562 424 5627 divinorum
454 5591 615 5646 quam
640 5577 692 5632 in
730 5577 1074 5634 saecularium
1103 5579 1441 5649 negotiorum
1482 5597 1608 5633 cott-

147 5674 238 5763 (ἒξ)
271 5681 390 5763 βω
421 5697 541 5763 lunc
563 5690 982 5763 Sitvancctensis
1009 5693 1291 5763 υνίεεοβυε
1322 5693 1498 5749 “’5‘”-

147 5747 240 5817 (2³)
274 5750 577 5816 Lancelinus
612 5801 626 5828 ,
689 5762 898 5817 Domini
958 5747 1167 5818 Mai'titti
1194 5747 1590 5832 '(Dmitmartin)
1631 5775 1829 5818 comes.

1711 3310 1924 3364 Domini
1957 3323 2057 3380 pro
2092 3308 2484 3380 exspoliatione
2512 3307 2755 3379 pecunitr.
2780 3307 2831 3361 in
2863 3305 3078 3361 vincula
3107 3306 3297 3376 conje-

1710 3402 1876 3467 ceris,
1907 3410 1960 3456 et
1988 3400 2158 3470 ipsius
2194 3401 2358 3468 bona,
2392 3397 2630 3454 effractis
2667 3395 2940 3463 domibus,
2982 3395 3294 3466 diripueris,

1712 3493 1925 3549 laudent
1957 3493 2117 3563 regite
2147 3490 2433 3547 tradideris
2473 3487 2732 3558 captioni.
2776 3486 3141 3552 Quamobrem
3175 3483 3294 3538 Bel-

1707 3582 1953 3638 vacensis
1983 3579 2224 3636 Ecclesia
2264 3577 2378 3648 jam
2414 3577 2504 3632 diu
2535 3575 2793 3631 destituta
2832 3572 3022 3629 ofﬁciis
3064 3573 3298 3642 ingemi-

1708 3675 1810 3730 scit
1843 3672 1986 3744 quod
2031 3685 2261 3741 nequam
2316 3665 2974 3724 excommunicationibus
3025 3662 3194 3718 variis
3246 3670 3300 3717 te

1707 3761 2005 3819 immisceri
2046 3760 2358 3822 clamitant;
2385 3756 2527 3827 quod
2551 3753 2841 3810 anatbcmt
2866 3768 2896 3807 a
2932 3751 3082 3832 regni
3117 3751 3283 3807 vestri

1707 3853 1977 3925 episcopis
2002 3866 2098 3922 pro
2133 3846 2408 3905 communi
2450 3861 2584 3918 pace
2610 3844 2879 3901 Sancitum
2927 3840 3296 3912 parvipendis,

1709 3957 1763 4004 et
1791 3961 1822 4001 a
1851 3941 2144 4001 Parisiensi
2191 3939 2432 3997 Ecclesia
2462 3937 2995 3994 excommunicatum
3043 3935 3097 3990 in
3139 3950 3292 3990 com-

1710 4033 2022 4090 munionem
2051 4031 2267 4102 recipis,
2299 4038 2462 4100 atque
2489 4028 2660 4099 ipsius
2682 4026 2989 4098 apostolica:
3022 4025 3302 4080 memoriae

1708 4123 2124 4200 prtedecessoris
2170 4121 2344 4178 nostri
2389 4119 2637 4190 Gregorii
2679 4119 2745 4171 de
2793 4115 2963 4172 Odoni
3020 4113 3298 4168 castellani

1712 4217 1892 4282 rebus,
1931 4221 2198 4284 praesente
2243 4210 2641 4282 praedecessore
2677 4216 2767 4262 tuo
2795 4206 3062 4270 Guidone,
3092 4203 3298 4259 confir-

1712 4313 1918 4360 matum
1949 4301 2272 4360 temerarius
2300 4297 2586 4370 infregisti.
2613 4296 2807 4352 Multas
2834 4295 2978 4351 enim
3011 4293 3077 4348 de
3104 4292 3296 4347 eadem

1713 4393 2024 4451 castellania
2059 4406 2157 4462 per
2189 4400 2242 4446 te
2265 4390 2369 4446 sibi
2403 4389 2577 4444 illatas
2602 4387 2827 4458 injurias
2849 4384 2991 4440 idem
3022 4381 3138 4438 Odo
3167 4396 3299 4436 con-

1715 4483 1978 4555 queritur.
2003 4481 2120 4536 Tuo
2142 4479 2288 4536 enim
2320 4478 2599 4542 instinctu,
2623 4475 2706 4530 sui
2737 4474 2877 4530 servi
2902 4487 2966 4526 ac
2990 4471 3295 4526 servientes

1642 4547 1689 4605 Β
1714 4547 1838 4632 eum
1879 4583 2007 4629 ante
2035 4573 2252 4628 domum
2284 4568 2559 4640 propriam
2605 4574 2731 4622 sunt
2779 4563 3051 4636 aggressi;
3083 4571 3134 4614 et
3167 4575 3292 4614 cum

1710 4667 2060 4724 homicidium
2091 4674 2146 4720 et
2185 4661 2544 4734 proditionem
2578 4657 2870 4730 perfecisse
2909 4670 3015 4710 non
3049 4658 3294 4723 possent,

1710 4761 1852 4832 apud
1879 4771 1931 4815 te
1969 4758 2225 4814 facinoris
2251 4757 2336 4812 sui
2377 4763 2618 4810 tutamen
2665 4757 2791 4808 sunt
2821 4747 3020 4817 adepti.
3064 4745 3296 4800 Euntem

1707 4855 1872 4912 etiam
1902 4852 1970 4907 ad
1999 4851 2282 4922 conjugem
2322 4847 2690 4905 deducendam
2730 4844 2902 4899 frater
2927 4841 3042 4914 (23)
3075 4847 3200 4894 tuus
3242 4845 3297 4892 et

1706 4946 1904 5001 milites
1939 4943 2146 4999 insidiis
2195 4940 2588 4998 circumvenire
2623 4935 2796 4994 moliti
2849 4942 3007 4998 sunt;
3060 4930 3154 4986 sed
3201 4943 3297 4998 spe

1712 5037 1996 5101 frustrata,
2038 5034 2166 5104 quia
2201 5032 2305 5087 alia
2354 5032 2456 5087 iste
2484 5030 2570 5085 via
2623 5040 2905 5098 regressus
2931 5030 3033 5086 est,
3069 5030 3121 5077 te
3149 5027 3292 5075 tuto-

1712 5142 1849 5194 rem,
1874 5134 1926 5182 te
1951 5133 2242 5197 patronum
2282 5129 2446 5178 tanta:
2478 5119 2739 5192 nequitiae
2764 5118 3090 5172 habuerunt.
3124 5110 3298 5168 Sexto

1710 5228 1972 5290 praeterea
2020 5226 2145 5272 ante
2175 5216 2511 5271 nativitatem
2556 5211 2898 5267 Dominicam
2947 5207 3056 5272 die,
3103 5206 3298 5261 domus

1708 5313 1825 5384 ejus
1854 5310 1997 5368 fores
2023 5308 2257 5366 obsideri
2289 5305 2495 5372 fecisti;
2529 5313 2583 5361 ct
2618 5303 2743 5376 quia
2773 5301 2846 5359 ibi
2897 5310 3025 5356 tunc
3064 5297 3183 5367 capi
3213 5296 3295 5351 in-

1712 5401 1995 5472 terﬁcique
2023 5413 2127 5454 non
2163 5396 2360 5466 potuit,
2399 5395 2550 5451 urbis
2583 5394 2748 5451 etiam
2778 5401 2982 5465 portas,
3016 5405 3083 5444 ne
3111 5385 3299 5458 egredi

1715 5502 1916 5562 posset,
1947 5488 2223 5547 observari
2275 5502 2446 5557 usque
2483 5487 2535 5541 in
2588 5486 2693 5542 diei
2747 5485 2971 5540 alterius
3008 5479 3296 5537 meridiem

1718 5581 2048 5653 praecepisti,
2097 5588 2376 5651 portarum
2429 5579 2630 5645 claves,
2680 5593 2816 5649 quas
2865 5577 2977 5649 ipse
3026 5591 3091 5630 cx
3146 5586 3302 5627 more-
