3888 6322
63 405 154 462 581

62 522 191 581 cesis
237 511 550 571 constituta,
602 477 800 560 habeat
851 475 1128 569 proprium
1180 490 1515 559 episcopum.
1563 483 1623 536 Β.
1658 483 1706 542 Α

63 579 263 684 quoque
291 600 587 673 Gregorius
613 598 663 650 iu
692 590 941 649 Sardinia
972 585 1109 656 apud
1143 580 1509 638 Phausianam
1538 579 1656 645 op-'

62 671 232 777 pidum
263 671 562 753 secundum
592 685 880 760 pristinum
903 678 1122 734 modum
1150 671 1451 729 reordiuari
1498 681 1636 737 prae-

64 757 194 862 cepit
221 784 546 845 antistitem,
582 757 639 832 et
679 789 779 829 nos
821 784 951 841 ergo
980 763 1354 822 Atrebatensis
1381 757 1636 813 Ecclesiae

66 843 406 939 restitutioni,
434 880 489 927 et
531 843 814 924 Remeusis
856 854 1166 927 metropolis
1194 843 1633 923 redintegrationi

64 986 154 1043 pro
173 965 345 1024 nostri
369 937 527 1019 ofﬁcii
561 955 742 1013 debito
775 950 1148 1012 imminentes,
1199 953 1252 999 te
1300 941 1470 995 frater
1510 937 1638 992 cha-

72 1029 276 1114 rissime
301 1051 597 1108 Lamberte
625 1043 752 1100 cleri
796 1040 1072 1110 plebisque
1111 1047 1378 1090 consensu
1407 1029 1638 1084 electum

69 1145 316 1211 unanimi,
366 1142 432 1197 Β.
477 1137 711 1194 Vedasto
739 1141 795 1188 et
838 1126 1044 1184 sanctis
1093 1125 1184 1196 qui
1234 1124 1286 1178 in
1333 1120 1468 1177 urbe
1524 1119 1639 1189 ipsa

69 1234 325 1306 quondam
355 1226 660 1299 prmsedere
707 1217 1048 1292 pontificibus
1087 1212 1475 1270 constituimus
1519 1223 1640 1264 suc-

73 1300 348 1383 cessorem.
382 1318 491 1374 Per
538 1311 822 1386 praesentis
852 1309 1034 1379 itaque
1074 1302 1341 1375 privilegii
1388 1300 1639 1370 paginam

73 1417 357 1488 legitimum
420 1415 741 1480 perpetuum
798 1400 1107 1462 statuimus,
1160 1404 1220 1450 ut
1269 1391 1644 1447 Atrebatensis

75 1485 296 1564 Ecclesia
316 1502 577 1570 deinceps
601 1495 930 1552 cardinalem
956 1503 1170 1560 semper
1187 1485 1499 1556 episcopum
1528 1496 1646 1536 sor-

78 1602 246 1655 tiatur.
275 1593 556 1662 Quidquid
587 1598 766 1643 autem
808 1583 1080 1656 prxdictze
1126 1577 1380 1634 Ecclesia:
1425 1574 1488 1627 Β.
1540 1573 1646 1627 Re-

78 1687 255 1759 migius
290 1681 544 1742 contulit,
583 1676 843 1749 quidquid
885 1669 1123 1741 antiquis
1153 1665 1484 1737 temporibus
1520 1663 1645 1718 dum

79 1755 349 1850 episcopali
400 1773 666 1844 dignitate
710 1767 933 1839 polleret
960 1780 1080 1820 eam
1119 1761 1397 1834 possidere
1440 1755 1646 1813 cousti~

1244 364 1596 425 EPISTULIE
1636 361 1722 418 ΕΤ
1755 314 2168 414 ῬΠΝΙΕΕΟΙΑ.

3201 337 3307 392 582

1734 481 1844 533 ditu
1875 457 2237 532 collaudatum
2290 475 2345 523 et
2394 457 2771 522 caniirmatum
2816 468 2900 517 est
2945 476 2996 514 tv
3042 457 3310 513 Kalendas

1734 565 2046 624 Decembris
2071 557 2360 616 indictione
2398 572 2471 622 ιν,
2502 570 2644 610 anno
2669 551 2952 608 dominica;
2988 548 3316 605 lncarnatio-

1734 661 1817 716 nis
1845 672 2004 720 uxcv,
2033 652 2377 725 pontificatus
2402 657 2580 704 autem
2622 645 2802 702 domui
2829 642 3215 712 Urbani‘papa:
3248 639 3311 696 ll.
3345 675 3347 678 ι

2442 752 2596 816 CVII.

1737 860 1938 917 Urbani
1964 855 2027 912 II
2057 853 2277 924 epistola,
2295 852 2364 906 ad
2384 849 2640 924 Alardunt
2658 847 3070 924 _r_1lrebatensent,
3095 843 3318 924 Bernar-

1808 911 1934 984 diint
1958 911 2453 983 Obst'revandensem
2483 919 2933 982 archidiaconum,
2961 922 3066 969 etc.
3095 943 3165 953 —
3184 911 3321 965 Hor-

1809 1009 1954 1054 tatur
1997 1006 2053 1050 ut
2101 993 2374 1049 Lamberto
2425 990 2659 1060 episcopo
2687 985 3030 1040 Atrebateusi
3084 984 3322 1052 deinceps

2310 1130 2509 1202 (Auno.
2551 1126 2734 1197 1094.)

2145 1224 2341 1298 [Mansr
2375 1219 2578 1276 Concil.
2610 1217 2730 1282 XX,
2763 1214 2917 1283 674.|

1818 1319 2069 1376 Unnanus
2094 1316 2404 1387 episcopus,
2435 1325 2626 1368 servus
2653 1322 2932 1365 servorum
2976 1305 3092 1369 Dei,
3121 1303 3330 1361 dilectis

1747 1415 1870 1470 ﬁliis
1899 1413 2120 1467 Amano
2144 1405 2507 1471 Atrebateusi,
2530 1402 2821 1457 Beauanno
2845 1397 3330 1460 Obstrevandensi,

1748 1501 2174 1566 archidiaconis,
2207 1506 2260 1554 et
2289 1496 2542 1552 omnibus
2570 1491 2876 1566 praepositis
2905 1497 3068 1559 atque
3113 1487 3334 1541 decanis

1749 1612 1870 1652 cum
1897 1592 2149 1649 omnibus
2179 1587 2390 1645 clericis
2414 1586 2505 1657 qui
2529 1585 2581 1640 in
2605 1583 2878 1656 praadictis
2910 1577 3332 1636 archidiaconiis

1751 1697 1899 1752 sunt,
1923 1685 2151 1742 salutem
2183 1691 2239 1737 et
2272 1678 2622 1751 apostolicam
2659 1673 3118 1731 benedictionem.

1822 1775 2145 1848 Apostolica?
2171 1773 2314 1830 sedis
2345 1785 2444 1826 nos
2487 1765 2764 1837 compellit
2798 1763 3095 1820 auctoritas
3118 1760 3337 1816 univer-

1731 1095 1737 1101 ·
1812 1069 2073 1124 obediant.

82 1871 213 1932 ‘em-
243 1866 408 1922 “his
435 1864 704 1940 legalib‘ls
732 1858 994 1916 ίηδίίιιηίδ
1023 1865 1080 1912 εί
1106 1855 1365 1909 Romam:
1405 1847 1650 1906 θθθιθδίω
1679 1837 1724 1896 Β
1755 1871 1830 1927 sis
1854 1837 1950 1940 per
1971 1868 2158 1923 orbem
2208 1873 2478 1920 terrarum
2523 1857 2783 1914 Ecclesiis
2810 1855 3116 1927 providere,
3145 1860 3200 1907 et
3244 1864 3340 1906 sua

84 1956 378 2030 privilegiis,
422 1962 605 2008 ratum
639 1932 733 2005 tibi
773 1948 980 2020 ac;tuis
1018 1941 1425 2002 successoribus
1469 1935 1650 1994 sanci-

85 2067 192 2106 mus
219 2061 560 2121 permanere.
611 2044 667 2099 lu
714 2043 912 2114 quibus
940 2039 1260 2096 nominatim
1317 2031 1653 2089 archidiaco-

90 2145 196 2200 nias
216 2143 360 2206 duas,
399 2153 637 2210 quarum
666 2133 1195 2196 una'Atrebatensis,
1229 2128 1398 2185 altera
1451 2125 1654 2180 dicitur

89 2230 541 2295 Obstrevadensis,
589 2229 827 2300 praefatae
855 2226 1112 2282 Ecclesiae
1147 2224 1551 2287 confirmamus,
1601 2227 1660 2274 et

93 2332 198 2387 illos
216 2331 428 2387 omnino
457 2325 670 2381 limites
700 2323 843 2377 inter
868 2317 1284 2374 Atrebatcnsem
1315 2325 1370 2370 et
1400 2313 1655 2369 Camera-

92 2439 283 2481 censem
329 2419 611 2478 Ecclesias
652 2417 769 2472 fore
798 2412 1160 2485 praecipimus,
1193 2423 1328 2478 quos
1359 2403 1658 2474 antiquitus

97 2517 242 2572 fuisse
269 2514 347 2570 vel
374 2512 714 2583 scriptorum
747 2503 1096 2562 monimentis
1131 2501 1213 2556 vel
1261 2497 1657 2577 territoriorum

96 2575 608 2676 diremptioneivel
665 2598 831 2655 certis
882 2594 1152 2664 aliquibus
1203 2575 1662 2658 indiciis-poterit

98 2694 435 2767 comprobari,
469 2700 530 2746 ut
558 2696 830 2745 annuente
863 2685 975 2741 Deo
999 2683 1363 2739 Ecclesiarum
1388 2694 1491 2750 pax
1518 2675 1662 2732 nulla

99 2788 352 2844 occasione
392 2785 671 2847 turbetur,
695 2790 749 2837 et
774 2794 895 2850 qua}
924 2792 1026 2849 pro
1070 2774 1306 2830 fidelium
1339 2771 1512 2827 salute
1548 2779 1662 2824 sta-

103 2891 194 2935 tuta
222 2887 360 2943 sunt,
409 2877 644 2948 perenni
698 2882 942 2942 tempore
996 2867 1310 2924 inconvulsa
1368 2863 1666 2920 stabilitate

102 2970 383 3037 persistant.
401 2966 555 3023 Sane
576 2963 621 3017 si
642 2961 762 3032 quis
791 2961 844 3015 in
872 2958 1169 3015 crastinum
1200 2952 1660 3024 archiepiscopus,

106 3063 380 3131 episcopus,
433 3051 740 3125 imperator
778 3061 872 3106 aut
910 3067 1028 3117 rex,
1084 3041 1335 3120 prinCeps
1386 3055 1480 3100 aut
1533 3044 1662 3109 dux,

107 3167 264 3207 comes
298 3159 391 3206 aut
416 3152 748 3211 vicecomes,
794 3143 961 3215 iudex
1010 3149 1105 3197 aut
1140 3153 1373 3210 persona
1413 3135 1690 3208 quaelibet

110 3257 279 3313 magna
319 3241 399 3298 vel
453 3255 629 3312 parva
674 3237 837 3307 hujus
882 3233 1055 3291 nostri
1098 3229 1367 3303 privilegii
1414 3228 1667 3300 paginam

112 3337 284 3403 sciens,
314 3345 510 3392 contra
537 3348 655 3401 eam
687 3342 889 3387 temere
909 3327 1095 3385 venire
1113 3321 1671 3390 teutaverit,secundo

114 3429 314 3485 tertiove
347 3426 740 3490 commonitus,
787 3423 830 3478 si
878 3437 984 3477 nou
1019 3417 1390 3476 Satisfactioue
1434 3425 1671 3484 congrua

116 3518 487 3583 emendaverit,
514 3514 795 3586 potestatis
827 3511 1154 3580 honorisque
1177 3508 1260 3563 sui
1293 3497 1555 3578 dignitate
1583 3519 1672 3559 ca-

119 3619 586 3682 reatqeumque'se
609 3605 790 3661 divino
806 3602 1013 3672 judicio
1024 3601 1259 3656 existere
1278 3599 1346 3653 de
1368 3604 1674 3667 perpetrata

121 3703 376 3771 iniquitate
429 3707 748 3771 cognoscat,
783 3705 837 3750 et
885 3710 914 3748 a
965 3691 1337 3748 sacratissimo
1365 3701 1595 3767 c0rpore
1625 3694 1680 3738 et

121 3794 352 3863 sanguine
380 3792 482 3848 Dei
527 3806 591 3846 ac
642 3787 851 3843 Domini
903 3783 1281 3854 Redemptoris
1329 3760 1498 3835 nostri
1552 3775 1676 3830 Jesu

121 3885 296 3939 Christi
324 3886 536 3939 alienus
571 3882 686 3948 ﬁat,
722 3890 885 3950 atque
931 3880 984 3934 in
1029 3886 1272 3933 extremo
1305 3872 1556 3930 examine
1600 3871 1677 3924 di-

123 3978 303 4032 stricta}
335 3976 530 4033 ultioni
578 3974 877 4046 subjaceat.
921 3970 1146 4028 Cunctis
1189 3967 1364 4023 eidem
1416 3966 1517 4020 ista
1561 3947 1688 4017 loco?

123 4070 438 4125 servantibus
473 4068 542 4124 sit
567 4082 671 4138 pax
693 4064 905 4121 Domini
925 4062 1092 4120 nostri
1107 4060 1231 4116 Jesu
1247 4058 1470 4114 Christi.
1486 4064 1678 4126 quate-

127 4175 212 4212 nns
235 4171 287 4215 et
313 4160 400 4216 hic
426 4159 668 4214 fructum
684 4154 1085 4225 bonaenactionis
1110 4152 1429 4223 percipiant,
1458 4159 1511 4204 et
1546 4147 1683 4216 apud

127 4251 666 4321 dstrictumjudicem
689 4247 910 4320 praemia
945 4231 1147 4301 aeterm
1190 4244 1336 4313 pacis
1383 4239 1684 4294 inveniant.

189 4341 487 4397 Benedictus
530 4341 671 4396 Deus
815 4338 1085 4408 Scriptum
1125 4351 1220 4405 per
1274 4347 1492 4387 manum
1517 4328 1683 4382 Boni-

306 4445 352 4490 et
383 4433 552 4489 Pater
753 4421 991 4486 hominis
1042 4425 1310 4483 scriniarii
1351 4423 1489 4478 sacri
1541 4419 1688 4490 pala-

255 4522 308 4578 S.
552 4522 609 4580 S.
757 4521 836 4575 lii.
864 4520 1058 4574 Datum
1093 4516 1278 4571 Roma:
1327 4529 1421 4583 per
1469 4524 1686 4564 manum

1749 1962 1870 2034 jura
1921 1956 2271 2029 poscentibus
2314 1961 2540 2022 paterna
2576 1947 2951 2018 compassione
2997 1955 3338 2000 succurrere.

1755 2052 1890 2119 Quia
1919 2050 2084 2120 igitur
2105 2044 2482 2103 Atrebatensis
2511 2040 2752 2097 Ecclesia
2782 2037 2970 2094 multis
2988 2036 3102 2108 jam
3130 2044 3340 2103 tempo-

1757 2144 1905 2200 ribus
1935 2140 2154 2212 propria
2178 2151 2373 2194 carens
2402 2134 2667 2206 dignitate
2705 2128 3122 2187 Cameracensis
3150 2125 3336 2183 Eccle.

1757 2235 1854 2292 size
1907 2231 2097 2304 jugum
2141 2226 2387 2300 pertulit,
2441 2223 2662 2295 dignum
2706 2219 2953 2292 profecto
2995 2216 3248 2274 duximus
3285 2222 3346 2268 ut

1759 2324 2086 2397 propitiante
2113 2319 2344 2376 Domino
2371 2316 2573 2372 amissa
2598 2313 2647 2369 ei
2682 2311 2918 2383 dignitas
2939 2325 3005 2366 ex
3034 2306 3344 2379 apostolica:

1760 2417 1908 2474 sedis
1952 2413 2223 2485 dignitate
2249 2408 2649 2466 restitueretur.
2676 2401 2863 2474 Neque
2890 2401 3034 2457 enim
3061 2397 3345 2468 subiectio-

1761 2522 1884 2563 nem
1915 2499 2295 2560 Atrebatensis
2338 2493 2595 2553 Ecclesiae
2621 2491 2836 2562 aliquod
2867 2489 3126 2545 Romana:
3167 2493 3350 2541 aucto-

1763 2597 1944 2655 ritatis
1989 2590 2408 2664 chirographum
2455 2580 2947 2642 Cameracensibus
2991 2576 3254 2639 vindicat,
3297 2584 3351 2629 et

1763 2685 2139 2746 Atrebatensis
2161 2682 2313 2737 urbis
2334 2675 2667 2750 populositas
2690 2672 2854 2742 longe
2875 2668 3020 2724 illam
3047 2665 3133 2721 cui
3163 2667 3348 2721 hacte-

1765 2796 1868 2835 nus
1917 2776 2131 2843 subdita
2182 2772 2361 2827 fuerat
2399 2763 2692 2822 antecedit.
2741 2761 2809 2816 Et
2859 2773 3128 2816 canonum
3171 2757 3359 2826 itaque.

1767 2869 2026 2930 decretis,
2088 2873 2144 2922 et
2214 2861 2676 2934 praedecessorum
2734 2862 3045 2909 nostrorum
3093 2847 3357 2917 exemplis

1772 2961 1915 3027 freti,
1949 2973 2091 3014 nunc
2113 2954 2329 3012 tandem
2359 2957 2630 3007 annuente
2651 2944 2885 3001 Domino
2913 2937 3356 2998 Atrebatensium

1773 3055 1912 3116 votis
1935 3051 2096 3122 iustis
2119 3057 2172 3106 et
2197 3047 2552 3120 petitionibus
2577 3039 2904 3114 importunis
2926 3036 3177 3093 effectum
3204 3031 3357 3088 dedi-

1772 3159 1926 3210 mus,
1987 3149 2045 3198 et
2103 3137 2466 3196 venerabilem
2521 3135 2698 3191 virum
2747 3130 3160 3190 Lambertum,
3195 3135 3356 3193 quem

1773 3232 2049 3292 communi
2099 3245 2324 3286 assensu
2371 3227 2604 3284 electqu
2663 3223 2730 3279 ad
2777 3236 2878 3277 nos
2923 3232 3049 3274 cum
3084 3209 3360 3271 communi

1776 3329 1996 3383 decreto
2049 3322 2408 3388 deduxerant,
2453 3319 2506 3373 in
2535 3305 2846 3389 episcopum
2897 3305 3360 3366 consecravimus.

1776 3419 1843 3474 Et
1868 3431 2095 3489 qumque
2141 3415 2206 3468 ad
2250 3411 2665 3467 Atrebatensem
2712 3402 3029 3476 parochiam
3061 3394 3364 3464 antiquitus

1775 3486 2103 3585 pertinuisse
2141 3513 2462 3576 noscuntur,
2497 3500 2596 3571 ipsi
2639 3505 2693 3553 et
2743 3495 2913 3564 ipsius
2961 3486 3366 3547 successoribus

1777 3577 2038 3676 perpetuo
2086 3595 2353 3668 regenda,
2399 3602 2454 3648 et
2518 3586 2809 3661 episcopali
2855 3583 2977 3654 jure
3041 3577 3366 3652 possidt'nda

1778 3695 2045 3772 privilegii
2101 3690 2432 3748 auctoritate
2477 3687 2778 3741 lirmamus.
2812 3675 3140 3734 Nominatim
3193 3671 3369 3727 archi-

1782 3762 2060 3844 diaconias
2111 3783 2270 3848 duas,
2308 3793 2538 3849 quarum
2585 3788 2691 3852 una
2743 3765 3144 3827 Atrebateusis,
3197 3762 3367 3817 altera

1783 3879 1981 3934 dicitur
2010 3868 2521 3932 Obstrevaudensis.
2573 3865 2822 3922 Vestram
2861 3875 2992 3931 ergo
3022 3855 3366 3912 dilectionem

1784 3969 1981 4026 litteris
2018 3963 2381 4038 praseutibus
2429 3959 2786 4014 admouemus
2817 3963 2981 4022 atque
3029 3945 3374 4021 pmcipimus

1786 4068 1844 4114 ul.
1865 4059 1914 4116 ei
1951 4056 2207 4124 deinceps
2234 4063 2487 4122 tanquam
2516 4045 2780 4104 cardinali
2812 4043 3086 4114 episcopo,
3112 4047 3372 4106 tanquam

1787 4148 1848 4203 Β.
1872 4143 2017 4202 Petri
2069 4141 2320 4198 manibus
2397 4144 2716 4194 consecrato
2773 4134 2996 4189 subesse
3045 4137 3101 4184 et
3155 4124 3378 4181 obedire

1789 4235 2011 4294 curetis.
2044 4231 2198 4288 Unde
2238 4237 2293 4284 et
2333 4244 2428 4283 vos
2477 4235 2534 4281 et
2584 4223 2814 4280 clericos
2866 4219 3151 4276 universos
3185 4212 3277 4283 qui
3319 4211 3374 4266 in

1790 4325 2065 4398 prmdictis
2098 4319 2517 4379 archidiacouiis
2542 4323 2686 4380 sunt,
2707 4331 2735 4368 a
2759 4310 3100 4385 professione
3121 4301 3379 4361 Ecclesia:

1791 4416 2206 4474 Cameracensis
2253 4409 2603 4466 absolvimus.
2659 4406 2715 4462 Si
2765 4404 2856 4474 qui
2898 4415 3030 4458 vero
3088 4398 3231 4451 inter
3283 4404 3380 4446 vos

1797 4510 1954 4579 hujus
1989 4515 2188 4562 nostra:
2222 4499 2626 4557 constitutionis
2657 4508 2842 4552 tenore
2863 4493 3146 4563 perspecto
3185 4480 3379 4552 praedi-

197 4614 372 4671 Petrus
473 4613 679 4670 Paulus
751 4609 996 4676 Joannis,
1030 4608 1087 4664 S.
1120 4609 1182 4662 lt.
1223 4606 1282 4660 E.
1311 4572 1524 4658 diaconi
1570 4617 1688 4655 car-
1720 4572 1766 4630 D
1794 4572 1886 4657 cu;
1913 4595 2176 4655 conti-atri
2215 4603 2404 4648 nostro
2451 4586 2798 4646 Atrebatensi
2841 4583 3098 4656 episc0po
3152 4572 3380 4630 obedire

301 4705 566 4762 Urbanus.
760 4703 974 4769 diualis,
1003 4718 1034 4756 x
1076 4698 1299 4756 Kalend.
1351 4696 1574 4767 Aprilis,
1610 4695 1691 4749 in-

265 4795 376 4850 PP.
526 4793 611 4848 11.
759 4793 996 4848 dictione
1029 4807 1088 4855 ιι,
1121 4805 1262 4844 anno
1288 4787 1579 4842 Dominica:
1611 4785 1694 4839 ln-

235 4885 436 4939 Domini
490 4883 655 4938 nostri
761 4879 1090 4936 carnationis
1128 4877 1262 4932 1095
1309 4875 1442 4947 (ἳᾶ),
1481 4874 1696 4944 pontiﬁ-

261 4977 384 5032 Jesu
405 4973 622 5030 Christi.
761 4981 914 5029 catus
943 4980 1121 5025 autem
1156 4969 1356 5023 domini
1404 4965 1604 5023 Urbani
1651 4964 1693 5018 ll

761 5080 912 5135 papae
939 5062 1187 5132 septimo.

207 5158 498 5215 Reeitatum
525 5167 799 5215 estautem
827 5158 932 5232 hoc
953 5155 1287 5226 privilegium
1312 5153 1364 5206 in
1388 5152 1699 5208 Claromon-

151 5251 268 5303 tensi
293 5251 520 5307 concilio
544 5266 610 5306 ex
632 5256 902 5320 praecepto
938 5245 1119 5320 domui
1149 5243 1352 5299 Urbani
1381 5243 1442 5309 ll,
1471 5245 1556 5299 cui
1584 5241 1699 5312 ipse

152 5341 401 5408 prrcsedit,
439 5351 643 5397 etcum
674 5355 740 5394 eo
781 5336 1083 5393 cardinales
1131 5333 1383 5399 Romani,
1432 5333 1700 5403 archiepi-

157 5431 288 5498 δρα)ρὶ
331 5448 448 5494 xm,
481 5430 713 5503 episcopi
763 5443 968 5493 ccxxv,
1015 5427 1240 5482 abbates
1272 5440 1404 5480 vero
1455 5440 1520 5479 xc
1551 5433 1604 5478 et
1636 5439 1702 5478 eo

161 5521 402 5590 amplius;
429 5523 665 5594 exceptis
690 5520 932 5576 honestis
976 5529 1031 5574 et
1072 5517 1336 5588 religiosis
1366 5516 1701 5570 diversarum

166 5615 420 5682 regionum
443 5627 496 5671 et
517 5617 914 5688 provinciarum
937 5615 1148 5670 clericis
1167 5623 1217 5668 et
1239 5612 1406 5666 laicis.
1425 5611 1486 5665 Et
1505 5611 1707 5665 intente

165 5709 211 5754 et
231 5703 324 5758 sub
355 5721 542 5777 magno
574 5707 788 5763 silentio
812 5708 876 5759 ab
900 5705 1042 5759 omni
1075 5720 1331 5757 concessu
1361 5703 1570 5759 concilii
1609 5719 1701 5755 au-

231 5815 330 5888 at)
370 5820 516 5877 Falsa
547 5821 750 5877 nutatio
790 5819 1045 5887 temporis
1093 5815 1259 5868 ll-.nn.

1797 4691 2244 4761 contempserint,
2277 4699 2657 4756 quamcunque
2691 4683 2742 4735 in
2774 4695 2868 4735 eos
2897 4671 3222 4733 sententiam
3269 4665 3382 4736 ipse

1794 4785 2080 4859 episcopali
2108 4780 2474 4837 moderatione
2496 4774 2803 4840 dictaverit,
2827 4765 3162 4826 auctoritatis
3185 4769 3383 4819 nostra)

1798 4875 2038 4948 pondere
2075 4872 2229 4927 firma
2262 4873 2599 4942 permaneat.

1874 4967 2004 5020 Data
2043 4965 2224 5018 Romae
2255 4977 2306 5016 tx
2331 4958 2451 5014 Kal.
2486 4954 2708 5026 Aprilis.

2501 5044 2680 5102 CH“.

1809 5147 2007 5204 Urbani
2035 5145 2092 5200 II
2115 5143 2330 5215 epistohz
2356 5134 2775 5215 adAIoldutu'S.
2807 5131 3038 5211 Vedasti,
3065 5124 3386 5215 Ric'ltardutn

1879 5193 2314 5280 Marcianernsem,
2348 5193 2613 5280 Albertuut
2661 5193 3099 5280 llasnaniensein,
3149 5193 3387 5280 {latueri-

1879 5266 2489 5356 Eiiiw'a'liﬁiic‘ihciémm,
2518 5277 2828 5356 abbatem-et
2859 5271 2919 5326 S.
2962 5266 3308 5356 Rageqfrcd‘is
3339 5271 3386 5356 et

1881 5336 2239 5414 Str—unie'usent
2266 5336 2576 5404 abbatissas.
2612 5373 2684 5386 —
2713 5344 2845 5398 Illos
2887 5336 3070 5414 parere
3115 5336 3390 5394 Lamberto

1877 5429 2113 5497 episcopo
2134 5421 2463 5476 Alrebatensi
2475 5418 2646 5489 jubet.

2405 5509 2583 5583 (Auno
2613 5506 2796 5575 1094.)

2053 5609 2299 5680 “iure,
2327 5602 2549 5658 Miscell.
2576 5602 2705 5657 edit.
2738 5600 2869 5655 Luc.
2909 5597 2975 5662 ll,
3006 5593 3152 5665 133.]

1885 5701 2134 5756 Uumxus
2165 5696 2470 5767 rpiscnpus,
2519 5709 2705 5750 servus
2735 5704 3014 5746 servorum
3043 5686 3157 5753 Dei,
3184 5680 3395 5738 dilectis
