  <div class='ocr_page' id='page_1' title='image "/cluster/home/n/w/nwhite01/storage/ocr_20150623/151/hvd.32044015473796/197.png"; bbox 0 0 3888 6322; ppageno 0'>
   <div class='ocr_carea' id='block_1_1' title="bbox 567 308 670 365">
    <p class='ocr_par' dir='ltr' id='par_1_1' title="bbox 567 308 670 365">
     <span class='ocr_line' id='line_1_1' title="bbox 567 308 670 365; baseline -0.01 0"><span class='ocrx_word' id='word_1_1' title='bbox 567 308 670 365; x_wconf 76' lang='lat'><strong>383</strong></span> 
     </span>
    </p>
   </div>
   <div class='ocr_carea' id='block_1_2' title="bbox 1865 319 2503 385">
    <p class='ocr_par' dir='ltr' id='par_1_2' title="bbox 1865 319 2503 385">
     <span class='ocr_line' id='line_1_2' title="bbox 1865 319 2503 385; baseline 0.019 -11"><span class='ocrx_word' id='word_1_2' title='bbox 1865 319 1924 376; x_wconf 86' lang='grc' dir='ltr'><strong>Β.</strong></span> <span class='ocrx_word' id='word_1_3' title='bbox 1955 322 2202 380; x_wconf 83' lang='lat' dir='ltr'><strong>URBANI</strong></span> <span class='ocrx_word' id='word_1_4' title='bbox 2234 328 2272 382; x_wconf 95' lang='grc' dir='ltr'><strong>ΙΙ</strong></span> <span class='ocrx_word' id='word_1_5' title='bbox 2304 329 2503 385; x_wconf 65' lang='grc' dir='ltr'><strong>ΡΑΡίΕ</strong></span> 
     </span>
    </p>
   </div>
   <div class='ocr_carea' id='block_1_3' title="bbox 3667 357 3734 412">
    <p class='ocr_par' dir='ltr' id='par_1_3' title="bbox 3667 357 3734 412">
     <span class='ocr_line' id='line_1_3' title="bbox 3667 357 3734 412; baseline -0.015 0"><span class='ocrx_word' id='word_1_6' title='bbox 3667 357 3734 412; x_wconf 72' lang='grc'><strong>581</strong></span> 
     </span>
    </p>
   </div>
   <div class='ocr_carea' id='block_1_4' title="bbox 565 424 3734 540">
    <p class='ocr_par' dir='ltr' id='par_1_4' title="bbox 565 424 3734 540">
     <span class='ocr_line' id='line_1_4' title="bbox 565 424 3734 540; baseline 0.014 -60"><span class='ocrx_word' id='word_1_7' title='bbox 565 425 696 480; x_wconf 75' lang='lat' dir='ltr'><strong>ﬁliis</strong></span> <span class='ocrx_word' id='word_1_8' title='bbox 740 424 956 482; x_wconf 79' lang='lat' dir='ltr'><strong>ALOLno</strong></span> <span class='ocrx_word' id='word_1_9' title='bbox 982 427 1165 482; x_wconf 91' lang='lat' dir='ltr'><strong>Sancti</strong></span> <span class='ocrx_word' id='word_1_10' title='bbox 1200 429 2142 502; x_wconf 75' lang='lat' dir='ltr'><strong>Vedasti,RichardoMarcianenst,</strong></span> <span class='ocrx_word' id='word_1_11' title='bbox 2174 443 2219 496; x_wconf 83' lang='lat' dir='ltr'><strong>A</strong></span> <span class='ocrx_word' id='word_1_12' title='bbox 2248 455 2519 510; x_wconf 76' lang='lat' dir='ltr'><strong>prosequi,</strong></span> <span class='ocrx_word' id='word_1_13' title='bbox 2578 451 2636 496; x_wconf 91' lang='lat' dir='ltr'><strong>ut</strong></span> <span class='ocrx_word' id='word_1_14' title='bbox 2679 444 2986 517; x_wconf 80' lang='lat' dir='ltr'><strong>quicunque</strong></span> <span class='ocrx_word' id='word_1_15' title='bbox 3032 448 3088 506; x_wconf 89' lang='lat' dir='ltr'><strong>in</strong></span> <span class='ocrx_word' id='word_1_16' title='bbox 3136 453 3338 512; x_wconf 89' lang='lat' dir='ltr'><strong>duabus</strong></span> <span class='ocrx_word' id='word_1_17' title='bbox 3381 463 3734 540; x_wconf 68' lang='lat' dir='ltr'><strong>archidiaconus,</strong></span> 
     </span>
     <span class='ocr_line' id='line_1_5' title="bbox 577 517 2860 540; baseline 0 0"><span class='ocrx_word' id='word_1_18' title='bbox 577 517 783 540; x_wconf 71' lang='grc' dir='ltr'><strong>Διι.--.,.</strong></span> <span class='ocrx_word' id='word_1_19' title='bbox 816 517 1144 540; x_wconf 48' lang='grc' dir='ltr'><strong>ΙΙΛ--.-ι-----..ε</strong></span> <span class='ocrx_word' id='word_1_20' title='bbox 1212 520 1338 540; x_wconf 59' lang='lat' dir='ltr'><strong>II_,--</strong></span> <span class='ocrx_word' id='word_1_21' title='bbox 1358 522 1423 540; x_wconf 57' lang='lat'><strong><em>,,,!</em></strong></span> <span class='ocrx_word' id='word_1_22' title='bbox 1445 538 1452 540; x_wconf 23' lang='grc' dir='ltr'>ξ</span> <span class='ocrx_word' id='word_1_23' title='bbox 1474 538 1488 540; x_wconf 89' lang='lat'><em>_</em></span> <span class='ocrx_word' id='word_1_24' title='bbox 1538 523 1554 540; x_wconf 80' lang='grc' dir='ltr'><strong>Δ</strong></span> <span class='ocrx_word' id='word_1_25' title='bbox 1655 525 1666 536; x_wconf 77' lang='grc' dir='ltr'><strong><em>ο</em></strong></span> <span class='ocrx_word' id='word_1_26' title='bbox 1712 524 1723 536; x_wconf 78' lang='grc' dir='ltr'><strong><em>ο</em></strong></span> <span class='ocrx_word' id='word_1_27' title='bbox 1872 527 1883 538; x_wconf 72' lang='grc' dir='ltr'>σ</span> <span class='ocrx_word' id='word_1_28' title='bbox 1970 528 1981 540; x_wconf 81' lang='grc' dir='ltr'>ι</span> <span class='ocrx_word' id='word_1_29' title='bbox 2007 528 2017 540; x_wconf 78' lang='grc' dir='ltr'>ι</span> <span class='ocrx_word' id='word_1_30' title='bbox 2083 530 2114 540; x_wconf 32' lang='grc' dir='ltr'><strong>γ.</strong></span> <span class='ocrx_word' id='word_1_31' title='bbox 2285 533 2294 540; x_wconf 89' lang='grc'>.</span> <span class='ocrx_word' id='word_1_32' title='bbox 2322 533 2332 540; x_wconf 98' lang='grc'>.</span> <span class='ocrx_word' id='word_1_33' title='bbox 2373 532 2404 540; x_wconf 89' lang='grc'><em>..</em></span> <span class='ocrx_word' id='word_1_34' title='bbox 2539 536 2548 540; x_wconf 39' lang='grc' dir='ltr'><strong>Α</strong></span> <span class='ocrx_word' id='word_1_35' title='bbox 2659 537 2668 540; x_wconf 83' lang='grc'><strong>-</strong></span> <span class='ocrx_word' id='word_1_36' title='bbox 2854 539 2860 540; x_wconf 60' lang='lat'><strong><em>,</em></strong></span> 
     </span>
    </p>
   </div>
   <div class='ocr_carea' id='block_1_5' title="bbox 564 517 2145 594">
    <p class='ocr_par' dir='ltr' id='par_1_5' title="bbox 564 517 2145 594">
     <span class='ocr_line' id='line_1_6' title="bbox 564 517 2145 594; baseline 0.008 -24"><span class='ocrx_word' id='word_1_37' title='bbox 564 517 788 572; x_wconf 73' lang='lat' dir='ltr'><strong>Albeﬂo</strong></span> <span class='ocrx_word' id='word_1_38' title='bbox 813 517 1170 583; x_wconf 73' lang='lat' dir='ltr'><strong>l-lasnonensi,</strong></span> <span class='ocrx_word' id='word_1_39' title='bbox 1212 520 1496 576; x_wconf 87' lang='lat' dir='ltr'><strong>Hamerico</strong></span> <span class='ocrx_word' id='word_1_40' title='bbox 1527 523 1884 594; x_wconf 78' lang='lat' dir='ltr'><strong>Aquiciuensi</strong></span> <span class='ocrx_word' id='word_1_41' title='bbox 1933 528 2145 581; x_wconf 84' lang='lat' dir='ltr'><strong>abbati-</strong></span> 
     </span>
    </p>
   </div>
   <div class='ocr_carea' id='block_1_6' title="bbox 564 608 2135 685">
    <p class='ocr_par' dir='ltr' id='par_1_6' title="bbox 564 608 2135 685">
     <span class='ocr_line' id='line_1_7' title="bbox 564 608 2135 685; baseline 0.006 -23"><span class='ocrx_word' id='word_1_42' title='bbox 564 608 693 672; x_wconf 89' lang='lat' dir='ltr'><strong>bus;</strong></span> <span class='ocrx_word' id='word_1_43' title='bbox 727 609 852 662; x_wconf 78' lang='lat' dir='ltr'><strong>item</strong></span> <span class='ocrx_word' id='word_1_44' title='bbox 878 609 1168 665; x_wconf 85' lang='lat' dir='ltr'><strong>abbatissae</strong></span> <span class='ocrx_word' id='word_1_45' title='bbox 1212 611 1425 668; x_wconf 71' lang='lat' dir='ltr'><strong>Sancta:</strong></span> <span class='ocrx_word' id='word_1_46' title='bbox 1468 614 1843 685; x_wconf 78' lang='lat' dir='ltr'><strong>Ragenfredis,</strong></span> <span class='ocrx_word' id='word_1_47' title='bbox 1889 627 1944 673; x_wconf 85' lang='lat' dir='ltr'><strong>et</strong></span> <span class='ocrx_word' id='word_1_48' title='bbox 1970 618 2135 675; x_wconf 48' lang='lat' dir='ltr'><strong>abba.</strong></span> 
     </span>
    </p>
   </div>
   <div class='ocr_carea' id='block_1_7' title="bbox 564 697 2144 775">
    <p class='ocr_par' dir='ltr' id='par_1_7' title="bbox 564 697 2144 775">
     <span class='ocr_line' id='line_1_8' title="bbox 564 697 2144 775; baseline 0.009 -26"><span class='ocrx_word' id='word_1_49' title='bbox 564 697 708 751; x_wconf 83' lang='lat' dir='ltr'><strong>tissae</strong></span> <span class='ocrx_word' id='word_1_50' title='bbox 732 697 1053 764; x_wconf 83' lang='lat' dir='ltr'><strong>Strumensi,</strong></span> <span class='ocrx_word' id='word_1_51' title='bbox 1079 703 1306 756; x_wconf 87' lang='lat' dir='ltr'><strong>salutem</strong></span> <span class='ocrx_word' id='word_1_52' title='bbox 1340 713 1396 758; x_wconf 89' lang='lat' dir='ltr'><strong>et</strong></span> <span class='ocrx_word' id='word_1_53' title='bbox 1428 707 1780 775; x_wconf 86' lang='lat' dir='ltr'><strong>apostolicam</strong></span> <span class='ocrx_word' id='word_1_54' title='bbox 1811 710 2144 765; x_wconf 89' lang='lat' dir='ltr'><strong>benedictio-</strong></span> 
     </span>
    </p>
   </div>
   <div class='ocr_carea' id='block_1_8' title="bbox 562 801 708 839">
    <p class='ocr_par' dir='ltr' id='par_1_8' title="bbox 562 801 708 839">
     <span class='ocr_line' id='line_1_9' title="bbox 562 801 708 839; baseline 0.014 -2"><span class='ocrx_word' id='word_1_55' title='bbox 562 801 708 839; x_wconf 88' lang='lat' dir='ltr'><strong>nem.</strong></span> 
     </span>
    </p>
   </div>
   <div class='ocr_carea' id='block_1_9' title="bbox 629 879 2139 962">
    <p class='ocr_par' dir='ltr' id='par_1_9' title="bbox 629 879 2139 962">
     <span class='ocr_line' id='line_1_10' title="bbox 629 879 2139 962; baseline 0.012 -33"><span class='ocrx_word' id='word_1_56' title='bbox 629 879 950 946; x_wconf 67' lang='lat' dir='ltr'><strong>Apostolicaa</strong></span> <span class='ocrx_word' id='word_1_57' title='bbox 995 884 1160 950; x_wconf 82' lang='lat' dir='ltr'><strong>sedis,</strong></span> <span class='ocrx_word' id='word_1_58' title='bbox 1203 895 1340 951; x_wconf 89' lang='lat' dir='ltr'><strong>etc.,</strong></span> <span class='ocrx_word' id='word_1_59' title='bbox 1408 897 1459 940; x_wconf 83' lang='lat' dir='ltr'><strong>ut</strong></span> <span class='ocrx_word' id='word_1_60' title='bbox 1505 905 1663 954; x_wconf 70' lang='lat' dir='ltr'><strong>stum</strong></span> <span class='ocrx_word' id='word_1_61' title='bbox 1711 907 1868 960; x_wconf 74' lang='lat' dir='ltr'><strong>usque</strong></span> <span class='ocrx_word' id='word_1_62' title='bbox 1921 892 2139 962; x_wconf 81' lang='lat' dir='ltr'><strong>dignum</strong></span> 
     </span>
    </p>
   </div>
   <div class='ocr_carea' id='block_1_10' title="bbox 554 969 2143 1052">
    <p class='ocr_par' dir='ltr' id='par_1_10' title="bbox 554 969 2143 1052">
     <span class='ocr_line' id='line_1_11' title="bbox 554 969 2143 1052; baseline 0.009 -31"><span class='ocrx_word' id='word_1_63' title='bbox 554 969 809 1025; x_wconf 82' lang='lat' dir='ltr'><strong>duximus</strong></span> <span class='ocrx_word' id='word_1_64' title='bbox 839 981 896 1026; x_wconf 92' lang='lat' dir='ltr'><strong>ut</strong></span> <span class='ocrx_word' id='word_1_65' title='bbox 931 972 1169 1041; x_wconf 83' lang='lat' dir='ltr'><strong>ejusdem</strong></span> <span class='ocrx_word' id='word_1_66' title='bbox 1217 976 1466 1033; x_wconf 71' lang='lat' dir='ltr'><strong>Ecclesia:</strong></span> <span class='ocrx_word' id='word_1_67' title='bbox 1519 979 1641 1035; x_wconf 76' lang='lat' dir='ltr'><strong>[iliis</strong></span> <span class='ocrx_word' id='word_1_68' title='bbox 1694 983 1949 1036; x_wconf 84' lang='lat' dir='ltr'><strong>amissam</strong></span> <span class='ocrx_word' id='word_1_69' title='bbox 1990 999 2143 1052; x_wconf 84' lang='lat' dir='ltr'><strong>repe-</strong></span> 
     </span>
    </p>
   </div>
   <div class='ocr_carea' id='block_1_11' title="bbox 555 1061 2139 1143">
    <p class='ocr_par' dir='ltr' id='par_1_11' title="bbox 555 1061 2139 1143">
     <span class='ocr_line' id='line_1_12' title="bbox 555 1061 2139 1143; baseline 0.012 -32"><span class='ocrx_word' id='word_1_70' title='bbox 555 1061 796 1116; x_wconf 91' lang='lat' dir='ltr'><strong>tentibus</strong></span> <span class='ocrx_word' id='word_1_71' title='bbox 846 1063 1183 1132; x_wconf 88' lang='lat' dir='ltr'><strong>dignitatem,</strong></span> <span class='ocrx_word' id='word_1_72' title='bbox 1235 1077 1434 1124; x_wconf 68' lang='lat' dir='ltr'><strong>nostra:</strong></span> <span class='ocrx_word' id='word_1_73' title='bbox 1464 1071 1810 1143; x_wconf 90' lang='lat' dir='ltr'><strong>benignitatis</strong></span> <span class='ocrx_word' id='word_1_74' title='bbox 1858 1075 2139 1130; x_wconf 87' lang='lat' dir='ltr'><strong>inclinare-</strong></span> 
     </span>
    </p>
   </div>
   <div class='ocr_carea' id='block_1_12' title="bbox 559 1154 2137 1236">
    <p class='ocr_par' dir='ltr' id='par_1_12' title="bbox 559 1154 2137 1236">
     <span class='ocr_line' id='line_1_13' title="bbox 559 1154 2137 1236; baseline 0.012 -34"><span class='ocrx_word' id='word_1_75' title='bbox 559 1165 680 1204; x_wconf 89' lang='lat' dir='ltr'><strong>mus</strong></span> <span class='ocrx_word' id='word_1_76' title='bbox 728 1166 1029 1208; x_wconf 85' lang='lat' dir='ltr'><strong>assensum.</strong></span> <span class='ocrx_word' id='word_1_77' title='bbox 1086 1154 1268 1225; x_wconf 85' lang='lat' dir='ltr'><strong>Neque</strong></span> <span class='ocrx_word' id='word_1_78' title='bbox 1310 1160 1477 1225; x_wconf 91' lang='lat' dir='ltr'><strong>enim,</strong></span> <span class='ocrx_word' id='word_1_79' title='bbox 1514 1171 1644 1228; x_wconf 91' lang='lat' dir='ltr'><strong>etc.,</strong></span> <span class='ocrx_word' id='word_1_80' title='bbox 1695 1173 1748 1216; x_wconf 86' lang='lat' dir='ltr'><strong>ut</strong></span> <span class='ocrx_word' id='word_1_81' title='bbox 1779 1181 1936 1233; x_wconf 76' lang='lat' dir='ltr'><strong>supra</strong></span> <span class='ocrx_word' id='word_1_82' title='bbox 1981 1182 2137 1236; x_wconf 81' lang='lat' dir='ltr'><strong>usque</strong></span> 
     </span>
    </p>
   </div>
   <div class='ocr_carea' id='block_1_13' title="bbox 552 1241 2133 1322">
    <p class='ocr_par' dir='ltr' id='par_1_13' title="bbox 552 1241 2133 1322">
     <span class='ocr_line' id='line_1_14' title="bbox 552 1241 2133 1322; baseline 0.011 -29"><span class='ocrx_word' id='word_1_83' title='bbox 552 1241 846 1312; x_wconf 78' lang='lat' dir='ltr'><strong>epiSCOpali</strong></span> <span class='ocrx_word' id='word_1_84' title='bbox 871 1243 995 1314; x_wconf 86' lang='lat' dir='ltr'><strong>jure</strong></span> <span class='ocrx_word' id='word_1_85' title='bbox 1038 1248 1361 1315; x_wconf 82' lang='lat' dir='ltr'><strong>possidenda</strong></span> <span class='ocrx_word' id='word_1_86' title='bbox 1411 1251 1766 1320; x_wconf 82' lang='lat' dir='ltr'><strong>ﬁrmavimus,</strong></span> <span class='ocrx_word' id='word_1_87' title='bbox 1797 1257 2133 1322; x_wconf 80' lang='lat' dir='ltr'><strong>nominatim,</strong></span> 
     </span>
    </p>
   </div>
   <div class='ocr_carea' id='block_1_14' title="bbox 553 1341 2132 1418">
    <p class='ocr_par' dir='ltr' id='par_1_14' title="bbox 553 1341 2132 1418">
     <span class='ocr_line' id='line_1_15' title="bbox 553 1341 2132 1418; baseline 0.014 -35"><span class='ocrx_word' id='word_1_88' title='bbox 553 1341 688 1399; x_wconf 87' lang='lat' dir='ltr'><strong>etc.,</strong></span> <span class='ocrx_word' id='word_1_89' title='bbox 734 1344 789 1387; x_wconf 83' lang='lat' dir='ltr'><strong>ut</strong></span> <span class='ocrx_word' id='word_1_90' title='bbox 841 1351 1000 1404; x_wconf 81' lang='lat' dir='ltr'><strong>supra</strong></span> <span class='ocrx_word' id='word_1_91' title='bbox 1045 1354 1204 1410; x_wconf 84' lang='lat' dir='ltr'><strong>usque</strong></span> <span class='ocrx_word' id='word_1_92' title='bbox 1251 1342 1532 1398; x_wconf 85' lang='lat' dir='ltr'><strong>dictaverit</strong></span> <span class='ocrx_word' id='word_1_93' title='bbox 1589 1347 1741 1400; x_wconf 84' lang='lat' dir='ltr'><strong>iirma</strong></span> <span class='ocrx_word' id='word_1_94' title='bbox 1798 1361 2132 1418; x_wconf 81' lang='lat' dir='ltr'><strong>permaneat.</strong></span> 
     </span>
    </p>
   </div>
   <div class='ocr_carea' id='block_1_15' title="bbox 555 1421 1084 1498">
    <p class='ocr_par' dir='ltr' id='par_1_15' title="bbox 555 1421 1084 1498">
     <span class='ocr_line' id='line_1_16' title="bbox 555 1421 1084 1498; baseline 0.013 -23"><span class='ocrx_word' id='word_1_95' title='bbox 555 1421 744 1477; x_wconf 81' lang='lat' dir='ltr'><strong>Datum</strong></span> <span class='ocrx_word' id='word_1_96' title='bbox 757 1465 771 1489; x_wconf 96' lang='lat'><strong>,</strong></span> <span class='ocrx_word' id='word_1_97' title='bbox 825 1437 880 1479; x_wconf 85' lang='lat' dir='ltr'><strong>ut</strong></span> <span class='ocrx_word' id='word_1_98' title='bbox 903 1444 1084 1498; x_wconf 82' lang='lat' dir='ltr'><strong>supra.</strong></span> 
     </span>
    </p>
   </div>
   <div class='ocr_carea' id='block_1_16' title="bbox 1273 1525 1410 1580">
    <p class='ocr_par' dir='ltr' id='par_1_16' title="bbox 1273 1525 1410 1580">
     <span class='ocr_line' id='line_1_17' title="bbox 1273 1525 1410 1580; baseline 0 0"><span class='ocrx_word' id='word_1_99' title='bbox 1273 1525 1410 1580; x_wconf 80' lang='lat' dir='ltr'><strong>CIX.</strong></span> 
     </span>
    </p>
   </div>
   <div class='ocr_carea' id='block_1_17' title="bbox 551 1602 2132 1692">
    <p class='ocr_par' dir='ltr' id='par_1_17' title="bbox 551 1602 2132 1692">
     <span class='ocr_line' id='line_1_18' title="bbox 551 1602 2132 1692; baseline 0.015 -37"><span class='ocrx_word' id='word_1_100' title='bbox 551 1602 756 1692; x_wconf 36' lang='lat' dir='ltr'><strong>Urbani</strong></span> <span class='ocrx_word' id='word_1_101' title='bbox 811 1607 871 1661; x_wconf 90' lang='lat' dir='ltr'><strong><em>II</em></strong></span> <span class='ocrx_word' id='word_1_102' title='bbox 925 1611 1142 1692; x_wconf 70' lang='lat' dir='ltr'><strong>epislela</strong></span> <span class='ocrx_word' id='word_1_103' title='bbox 1196 1615 1274 1692; x_wconf 56' lang='lat' dir='ltr'><strong>ad</strong></span> <span class='ocrx_word' id='word_1_104' title='bbox 1314 1615 1631 1673; x_wconf 81' lang='lat' dir='ltr'><strong>Rainaldum</strong></span> <span class='ocrx_word' id='word_1_105' title='bbox 1681 1623 2132 1692; x_wconf 70' lang='lat' dir='ltr'><strong>archiepiscopum</strong></span> 
     </span>
    </p>
   </div>
   <div class='ocr_carea' id='block_1_18' title="bbox 570 1673 2134 1766">
    <p class='ocr_par' dir='ltr' id='par_1_18' title="bbox 570 1673 2134 1766">
     <span class='ocr_line' id='line_1_19' title="bbox 570 1673 2134 1766; baseline 0.015 -41"><span class='ocrx_word' id='word_1_106' title='bbox 570 1695 578 1705; x_wconf 75' lang='grc' dir='ltr'><em>ι</em></span> <span class='ocrx_word' id='word_1_107' title='bbox 622 1673 921 1766; x_wconf 69' lang='lat' dir='ltr'><strong>Remcnsem</strong></span> <span class='ocrx_word' id='word_1_108' title='bbox 947 1673 1132 1766; x_wconf 37' lang='lat' dir='ltr'><strong>ettejus</strong></span> <span class='ocrx_word' id='word_1_109' title='bbox 1159 1686 1541 1766; x_wconf 63' lang='lat' dir='ltr'><strong>su/fragatteos.</strong></span> <span class='ocrx_word' id='word_1_110' title='bbox 1574 1718 1642 1728; x_wconf 88' lang='lat'><strong>——-</strong></span> <span class='ocrx_word' id='word_1_111' title='bbox 1669 1673 2134 1766; x_wconf 59' lang='lat' dir='ltr'><strong>Lamberlumrcpi-</strong></span> 
     </span>
    </p>
   </div>
   <div class='ocr_carea' id='block_1_19' title="bbox 621 1749 1754 1815">
    <p class='ocr_par' dir='ltr' id='par_1_19' title="bbox 621 1749 1754 1815">
     <span class='ocr_line' id='line_1_20' title="bbox 621 1749 1754 1815; baseline 0.017 -19"><span class='ocrx_word' id='word_1_112' title='bbox 621 1760 830 1813; x_wconf 83' lang='lat' dir='ltr'><strong>scopum</strong></span> <span class='ocrx_word' id='word_1_113' title='bbox 861 1749 1249 1807; x_wconf 70' lang='lat' dir='ltr'><strong>Atrebaleuserﬁ</strong></span> <span class='ocrx_word' id='word_1_114' title='bbox 1273 1749 1379 1810; x_wconf 76' lang='lat' dir='ltr'><strong>illis</strong></span> <span class='ocrx_word' id='word_1_115' title='bbox 1410 1762 1754 1815; x_wconf 75' lang='lat' dir='ltr'><strong>commendat.</strong></span> 
     </span>
    </p>
   </div>
   <div class='ocr_carea' id='block_1_20' title="bbox 1147 1844 1540 1920">
    <p class='ocr_par' dir='ltr' id='par_1_20' title="bbox 1147 1844 1540 1920">
     <span class='ocr_line' id='line_1_21' title="bbox 1147 1844 1540 1920; baseline 0.015 -24"><span class='ocrx_word' id='word_1_116' title='bbox 1147 1844 1326 1914; x_wconf 82' lang='lat' dir='ltr'><strong>(Anno</strong></span> <span class='ocrx_word' id='word_1_117' title='bbox 1358 1846 1540 1920; x_wconf 82' lang='grc'><strong>1094.)</strong></span> 
     </span>
    </p>
   </div>
   <div class='ocr_carea' id='block_1_21' title="bbox 959 1933 1714 2016">
    <p class='ocr_par' dir='ltr' id='par_1_21' title="bbox 959 1933 1714 2016">
     <span class='ocr_line' id='line_1_22' title="bbox 959 1933 1714 2016; baseline 0.016 -29"><span class='ocrx_word' id='word_1_118' title='bbox 959 1933 1157 2006; x_wconf 69' lang='grc' dir='ltr'><strong>[ΜΑΝΒΙ</strong></span> <span class='ocrx_word' id='word_1_119' title='bbox 1187 1936 1387 1995; x_wconf 84' lang='lat' dir='ltr'><strong>Coucil.</strong></span> <span class='ocrx_word' id='word_1_120' title='bbox 1413 1940 1530 2006; x_wconf 81' lang='lat' dir='ltr'><strong>XX,</strong></span> <span class='ocrx_word' id='word_1_121' title='bbox 1563 1943 1668 1998; x_wconf 77' lang='lat'><strong>675</strong></span> <span class='ocrx_word' id='word_1_122' title='bbox 1696 1943 1714 2016; x_wconf 91' lang='lat'><strong>]</strong></span> 
     </span>
    </p>
   </div>
   <div class='ocr_carea' id='block_1_22' title="bbox 619 2020 2128 2101">
    <p class='ocr_par' dir='ltr' id='par_1_22' title="bbox 619 2020 2128 2101">
     <span class='ocr_line' id='line_1_23' title="bbox 619 2020 2128 2101; baseline 0.012 -25"><span class='ocrx_word' id='word_1_123' title='bbox 619 2020 865 2078; x_wconf 76' lang='lat' dir='ltr'><strong>UllBANUS</strong></span> <span class='ocrx_word' id='word_1_124' title='bbox 885 2027 1188 2096; x_wconf 89' lang='lat' dir='ltr'><strong>episcopus,</strong></span> <span class='ocrx_word' id='word_1_125' title='bbox 1227 2046 1417 2086; x_wconf 85' lang='lat' dir='ltr'><strong>servus</strong></span> <span class='ocrx_word' id='word_1_126' title='bbox 1462 2048 1740 2090; x_wconf 87' lang='lat' dir='ltr'><strong>servorum</strong></span> <span class='ocrx_word' id='word_1_127' title='bbox 1774 2037 1888 2101; x_wconf 91' lang='lat' dir='ltr'><strong>Dei,</strong></span> <span class='ocrx_word' id='word_1_128' title='bbox 1919 2037 2128 2094; x_wconf 76' lang='lat' dir='ltr'><strong>dilectis</strong></span> 
     </span>
    </p>
   </div>
   <div class='ocr_carea' id='block_1_23' title="bbox 541 2114 2125 2189">
    <p class='ocr_par' dir='ltr' id='par_1_23' title="bbox 541 2114 2125 2189">
     <span class='ocr_line' id='line_1_24' title="bbox 541 2114 2125 2189; baseline 0.011 -24"><span class='ocrx_word' id='word_1_129' title='bbox 541 2114 802 2169; x_wconf 79' lang='lat' dir='ltr'><strong>fratribus</strong></span> <span class='ocrx_word' id='word_1_130' title='bbox 825 2124 878 2170; x_wconf 89' lang='lat' dir='ltr'><strong>et</strong></span> <span class='ocrx_word' id='word_1_131' title='bbox 902 2120 1238 2189; x_wconf 80' lang='lat' dir='ltr'><strong>coepiscopis</strong></span> <span class='ocrx_word' id='word_1_132' title='bbox 1264 2120 1554 2179; x_wconf 71' lang='lat' dir='ltr'><strong>RAYNALDO</strong></span> <span class='ocrx_word' id='word_1_133' title='bbox 1583 2126 1833 2183; x_wconf 83' lang='lat' dir='ltr'><strong>Remensi</strong></span> <span class='ocrx_word' id='word_1_134' title='bbox 1855 2139 1906 2184; x_wconf 91' lang='lat' dir='ltr'><strong>et</strong></span> <span class='ocrx_word' id='word_1_135' title='bbox 1931 2129 2125 2184; x_wconf 70' lang='lat' dir='ltr'><strong>suifra-</strong></span> 
     </span>
    </p>
   </div>
   <div class='ocr_carea' id='block_1_24' title="bbox 539 2206 2124 2286">
    <p class='ocr_par' dir='ltr' id='par_1_24' title="bbox 539 2206 2124 2286">
     <span class='ocr_line' id='line_1_25' title="bbox 539 2206 2124 2286; baseline 0.013 -29"><span class='ocrx_word' id='word_1_136' title='bbox 539 2206 728 2274; x_wconf 85' lang='lat' dir='ltr'><strong>ganeis</strong></span> <span class='ocrx_word' id='word_1_137' title='bbox 781 2208 916 2278; x_wconf 82' lang='lat' dir='ltr'><strong>ejus,</strong></span> <span class='ocrx_word' id='word_1_138' title='bbox 975 2211 1202 2266; x_wconf 90' lang='lat' dir='ltr'><strong>salutem</strong></span> <span class='ocrx_word' id='word_1_139' title='bbox 1256 2226 1310 2268; x_wconf 90' lang='lat' dir='ltr'><strong>et</strong></span> <span class='ocrx_word' id='word_1_140' title='bbox 1382 2217 1731 2286; x_wconf 69' lang='lat' dir='ltr'><strong>apostolicam</strong></span> <span class='ocrx_word' id='word_1_141' title='bbox 1789 2222 2124 2278; x_wconf 88' lang='lat' dir='ltr'><strong>benedictio-</strong></span> 
     </span>
    </p>
   </div>
   <div class='ocr_carea' id='block_1_25' title="bbox 542 2310 685 2350">
    <p class='ocr_par' dir='ltr' id='par_1_25' title="bbox 542 2310 685 2350">
     <span class='ocr_line' id='line_1_26' title="bbox 542 2310 685 2350; baseline -0.007 -1"><span class='ocrx_word' id='word_1_142' title='bbox 542 2310 685 2350; x_wconf 88' lang='lat' dir='ltr'><strong>nem.</strong></span> 
     </span>
    </p>
   </div>
   <div class='ocr_carea' id='block_1_26' title="bbox 613 2385 2122 2463">
    <p class='ocr_par' dir='ltr' id='par_1_26' title="bbox 613 2385 2122 2463">
     <span class='ocr_line' id='line_1_27' title="bbox 613 2385 2122 2463; baseline 0.015 -23"><span class='ocrx_word' id='word_1_143' title='bbox 613 2385 744 2442; x_wconf 86' lang='lat' dir='ltr'><strong>Cum</strong></span> <span class='ocrx_word' id='word_1_144' title='bbox 767 2389 1151 2451; x_wconf 87' lang='lat' dir='ltr'><strong>Atrebateuses</strong></span> <span class='ocrx_word' id='word_1_145' title='bbox 1199 2397 1379 2453; x_wconf 85' lang='lat' dir='ltr'><strong>clerici</strong></span> <span class='ocrx_word' id='word_1_146' title='bbox 1425 2399 1659 2456; x_wconf 89' lang='lat' dir='ltr'><strong>electum</strong></span> <span class='ocrx_word' id='word_1_147' title='bbox 1697 2418 1852 2460; x_wconf 90' lang='lat' dir='ltr'><strong>suum</strong></span> <span class='ocrx_word' id='word_1_148' title='bbox 1881 2421 2002 2461; x_wconf 90' lang='lat' dir='ltr'><strong>cum</strong></span> <span class='ocrx_word' id='word_1_149' title='bbox 2032 2408 2122 2463; x_wconf 86' lang='lat' dir='ltr'><strong>de-</strong></span> 
     </span>
    </p>
   </div>
   <div class='ocr_carea' id='block_1_27' title="bbox 541 2487 2122 2563">
    <p class='ocr_par' dir='ltr' id='par_1_27' title="bbox 541 2487 2122 2563">
     <span class='ocr_line' id='line_1_28' title="bbox 541 2487 2122 2563; baseline 0.015 -32"><span class='ocrx_word' id='word_1_150' title='bbox 541 2490 692 2534; x_wconf 90' lang='lat' dir='ltr'><strong>creto</strong></span> <span class='ocrx_word' id='word_1_151' title='bbox 741 2487 1012 2539; x_wconf 90' lang='lat' dir='ltr'><strong>communi</strong></span> <span class='ocrx_word' id='word_1_152' title='bbox 1045 2491 1344 2556; x_wconf 63' lang='lat' dir='ltr'><strong>praesentia:</strong></span> <span class='ocrx_word' id='word_1_153' title='bbox 1370 2502 1571 2548; x_wconf 65' lang='lat' dir='ltr'><strong>nostrae</strong></span> <span class='ocrx_word' id='word_1_154' title='bbox 1596 2495 1989 2563; x_wconf 75' lang='lat' dir='ltr'><strong>exhibuisscnt,</strong></span> <span class='ocrx_word' id='word_1_155' title='bbox 2026 2513 2122 2555; x_wconf 91' lang='lat' dir='ltr'><strong>nos</strong></span> 
     </span>
    </p>
   </div>
   <div class='ocr_carea' id='block_1_28' title="bbox 539 2574 2119 2661">
    <p class='ocr_par' dir='ltr' id='par_1_28' title="bbox 539 2574 2119 2661">
     <span class='ocr_line' id='line_1_29' title="bbox 539 2574 2119 2661; baseline 0.015 -38"><span class='ocrx_word' id='word_1_156' title='bbox 539 2585 634 2624; x_wconf 88' lang='lat' dir='ltr'><strong>eos</strong></span> <span class='ocrx_word' id='word_1_157' title='bbox 694 2574 834 2641; x_wconf 89' lang='lat' dir='ltr'><strong>apud</strong></span> <span class='ocrx_word' id='word_1_158' title='bbox 892 2591 989 2630; x_wconf 91' lang='lat' dir='ltr'><strong>nos</strong></span> <span class='ocrx_word' id='word_1_159' title='bbox 1037 2578 1247 2649; x_wconf 85' lang='lat' dir='ltr'><strong>integro</strong></span> <span class='ocrx_word' id='word_1_160' title='bbox 1299 2583 1502 2639; x_wconf 85' lang='lat' dir='ltr'><strong>mensis</strong></span> <span class='ocrx_word' id='word_1_161' title='bbox 1545 2587 1722 2655; x_wconf 89' lang='lat' dir='ltr'><strong>spatio</strong></span> <span class='ocrx_word' id='word_1_162' title='bbox 1776 2589 2119 2661; x_wconf 87' lang='lat' dir='ltr'><strong>rctin::imus,</strong></span> 
     </span>
    </p>
   </div>
   <div class='ocr_carea' id='block_1_29' title="bbox 537 2663 2121 2748">
    <p class='ocr_par' dir='ltr' id='par_1_29' title="bbox 537 2663 2121 2748">
     <span class='ocr_line' id='line_1_30' title="bbox 537 2663 2121 2748; baseline 0.014 -31"><span class='ocrx_word' id='word_1_163' title='bbox 537 2663 1012 2722; x_wconf 82' lang='lat' dir='ltr'><strong>Cameracensiutn</strong></span> <span class='ocrx_word' id='word_1_164' title='bbox 1068 2673 1441 2740; x_wconf 62' lang='lat' dir='ltr'><strong>praestolantes</strong></span> <span class='ocrx_word' id='word_1_165' title='bbox 1489 2678 1802 2748; x_wconf 86' lang='lat' dir='ltr'><strong>adventum,</strong></span> <span class='ocrx_word' id='word_1_166' title='bbox 1861 2683 1906 2736; x_wconf 89' lang='lat' dir='ltr'><strong>si</strong></span> <span class='ocrx_word' id='word_1_167' title='bbox 1979 2683 2121 2739; x_wconf 88' lang='lat' dir='ltr'><strong>lnrte</strong></span> 
     </span>
    </p>
   </div>
   <div class='ocr_carea' id='block_1_30' title="bbox 540 2750 2119 2838">
    <p class='ocr_par' dir='ltr' id='par_1_30' title="bbox 540 2750 2119 2838">
     <span class='ocr_line' id='line_1_31' title="bbox 540 2750 2119 2838; baseline 0.016 -36"><span class='ocrx_word' id='word_1_168' title='bbox 540 2750 755 2821; x_wconf 87' lang='lat' dir='ltr'><strong>aliquod</strong></span> <span class='ocrx_word' id='word_1_169' title='bbox 777 2757 1165 2814; x_wconf 85' lang='lat' dir='ltr'><strong>munimentum</strong></span> <span class='ocrx_word' id='word_1_170' title='bbox 1191 2761 1442 2819; x_wconf 67' lang='lat' dir='ltr'><strong>afferrent</strong></span> <span class='ocrx_word' id='word_1_171' title='bbox 1464 2781 1560 2836; x_wconf 93' lang='lat' dir='ltr'><strong>per</strong></span> <span class='ocrx_word' id='word_1_172' title='bbox 1578 2769 1719 2838; x_wconf 90' lang='lat' dir='ltr'><strong>quod</strong></span> <span class='ocrx_word' id='word_1_173' title='bbox 1744 2772 2016 2828; x_wconf 60' lang='lat' dir='ltr'><strong>Camenam</strong></span> <span class='ocrx_word' id='word_1_174' title='bbox 2035 2789 2069 2828; x_wconf 90' lang='lat' dir='ltr'><strong>n</strong></span> <span class='ocrx_word' id='word_1_175' title='bbox 2101 2773 2119 2828; x_wconf 89' lang='lat' dir='ltr'><strong>i</strong></span> 
     </span>
    </p>
   </div>
   <div class='ocr_carea' id='block_1_31' title="bbox 537 2842 2117 2933">
    <p class='ocr_par' dir='ltr' id='par_1_31' title="bbox 537 2842 2117 2933">
     <span class='ocr_line' id='line_1_32' title="bbox 537 2842 2117 2933; baseline 0.015 -37"><span class='ocrx_word' id='word_1_176' title='bbox 537 2842 791 2899; x_wconf 72' lang='lat' dir='ltr'><strong>Ecclesia:</strong></span> <span class='ocrx_word' id='word_1_177' title='bbox 835 2848 1214 2908; x_wconf 88' lang='lat' dir='ltr'><strong>Atrebatcnsis</strong></span> <span class='ocrx_word' id='word_1_178' title='bbox 1249 2855 1526 2911; x_wconf 82' lang='lat' dir='ltr'><strong>videretur</strong></span> <span class='ocrx_word' id='word_1_179' title='bbox 1551 2874 1671 2914; x_wconf 89' lang='lat' dir='ltr'><strong>esse</strong></span> <span class='ocrx_word' id='word_1_180' title='bbox 1697 2861 1961 2930; x_wconf 87' lang='lat' dir='ltr'><strong>subjecta.</strong></span> <span class='ocrx_word' id='word_1_181' title='bbox 2013 2866 2117 2933; x_wconf 86' lang='lat' dir='ltr'><strong>Ipsi</strong></span> 
     </span>
    </p>
   </div>
   <div class='ocr_carea' id='block_1_32' title="bbox 537 2937 2116 3016">
    <p class='ocr_par' dir='ltr' id='par_1_32' title="bbox 537 2937 2116 3016">
     <span class='ocr_line' id='line_1_33' title="bbox 537 2937 2116 3016; baseline 0.015 -29"><span class='ocrx_word' id='word_1_182' title='bbox 537 2944 717 2989; x_wconf 89' lang='lat' dir='ltr'><strong>autem</strong></span> <span class='ocrx_word' id='word_1_183' title='bbox 775 2937 913 2993; x_wconf 88' lang='lat' dir='ltr'><strong>sicut</strong></span> <span class='ocrx_word' id='word_1_184' title='bbox 951 2941 1002 2994; x_wconf 93' lang='lat' dir='ltr'><strong>in</strong></span> <span class='ocrx_word' id='word_1_185' title='bbox 1035 2946 1320 3012; x_wconf 69' lang='lat' dir='ltr'><strong>praeteritis</strong></span> <span class='ocrx_word' id='word_1_186' title='bbox 1359 2949 1622 3016; x_wconf 89' lang='lat' dir='ltr'><strong>terminis,</strong></span> <span class='ocrx_word' id='word_1_187' title='bbox 1645 2951 1716 3004; x_wconf 88' lang='lat' dir='ltr'><strong>ita</strong></span> <span class='ocrx_word' id='word_1_188' title='bbox 1766 2964 1818 3007; x_wconf 94' lang='lat' dir='ltr'><strong>et</strong></span> <span class='ocrx_word' id='word_1_189' title='bbox 1850 2963 1976 3010; x_wconf 91' lang='lat' dir='ltr'><strong>tunc</strong></span> <span class='ocrx_word' id='word_1_190' title='bbox 2012 2972 2116 3011; x_wconf 85' lang='lat' dir='ltr'><strong>non</strong></span> 
     </span>
    </p>
   </div>
   <div class='ocr_carea' id='block_1_33' title="bbox 536 3035 2114 3100">
    <p class='ocr_par' dir='ltr' id='par_1_33' title="bbox 536 3035 2114 3100">
     <span class='ocr_line' id='line_1_34' title="bbox 536 3035 2114 3100; baseline 0.016 -26"><span class='ocrx_word' id='word_1_191' title='bbox 536 3035 820 3091; x_wconf 81' lang='lat' dir='ltr'><strong>venerunt,</strong></span> <span class='ocrx_word' id='word_1_192' title='bbox 867 3043 967 3084; x_wconf 88' lang='lat' dir='ltr'><strong>nec</strong></span> <span class='ocrx_word' id='word_1_193' title='bbox 993 3045 1188 3088; x_wconf 84' lang='lat' dir='ltr'><strong>causas</strong></span> <span class='ocrx_word' id='word_1_194' title='bbox 1229 3049 1325 3089; x_wconf 91' lang='lat' dir='ltr'><strong>cur</strong></span> <span class='ocrx_word' id='word_1_195' title='bbox 1351 3051 1455 3091; x_wconf 90' lang='lat' dir='ltr'><strong>non</strong></span> <span class='ocrx_word' id='word_1_196' title='bbox 1489 3050 1750 3095; x_wconf 86' lang='lat' dir='ltr'><strong>venerant</strong></span> <span class='ocrx_word' id='word_1_197' title='bbox 1779 3042 2114 3100; x_wconf 74' lang='lat' dir='ltr'><strong>direxerant.</strong></span> 
     </span>
    </p>
   </div>
   <div class='ocr_carea' id='block_1_34' title="bbox 536 3113 2188 3217">
    <p class='ocr_par' dir='ltr' id='par_1_34' title="bbox 536 3113 2188 3217">
     <span class='ocr_line' id='line_1_35' title="bbox 536 3113 2188 3217; baseline 0.016 -50"><span class='ocrx_word' id='word_1_198' title='bbox 536 3113 645 3170; x_wconf 75' lang='lat' dir='ltr'><strong>Nos</strong></span> <span class='ocrx_word' id='word_1_199' title='bbox 697 3117 863 3188; x_wconf 79' lang='lat' dir='ltr'><strong>igitur</strong></span> <span class='ocrx_word' id='word_1_200' title='bbox 891 3119 1092 3190; x_wconf 86' lang='lat' dir='ltr'><strong>justam</strong></span> <span class='ocrx_word' id='word_1_201' title='bbox 1140 3127 1360 3183; x_wconf 90' lang='lat' dir='ltr'><strong>omnino</strong></span> <span class='ocrx_word' id='word_1_202' title='bbox 1415 3145 1631 3185; x_wconf 87' lang='lat' dir='ltr'><strong>causam</strong></span> <span class='ocrx_word' id='word_1_203' title='bbox 1679 3133 2114 3192; x_wconf 55' lang='lat' dir='ltr'><strong>Atrebatenduu</strong></span> <span class='ocrx_word' id='word_1_204' title='bbox 2144 3157 2188 3217; x_wconf 75' lang='grc' dir='ltr'><strong>ρ</strong></span> 
     </span>
    </p>
   </div>
   <div class='ocr_carea' id='block_1_35' title="bbox 534 3210 2118 3288">
    <p class='ocr_par' dir='ltr' id='par_1_35' title="bbox 534 3210 2118 3288">
     <span class='ocr_line' id='line_1_36' title="bbox 534 3210 2118 3288; baseline 0.017 -29"><span class='ocrx_word' id='word_1_205' title='bbox 534 3210 950 3278; x_wconf 85' lang='lat' dir='ltr'><strong>perpendentes,</strong></span> <span class='ocrx_word' id='word_1_206' title='bbox 969 3223 1022 3269; x_wconf 90' lang='lat' dir='ltr'><strong>et</strong></span> <span class='ocrx_word' id='word_1_207' title='bbox 1035 3213 1247 3274; x_wconf 82' lang='lat' dir='ltr'><strong>labores</strong></span> <span class='ocrx_word' id='word_1_208' title='bbox 1268 3234 1364 3288; x_wconf 93' lang='lat' dir='ltr'><strong>pro</strong></span> <span class='ocrx_word' id='word_1_209' title='bbox 1382 3220 1633 3278; x_wconf 72' lang='lat' dir='ltr'><strong>Ecclesia:</strong></span> <span class='ocrx_word' id='word_1_210' title='bbox 1651 3241 1762 3280; x_wconf 76' lang='lat' dir='ltr'><strong>sua:</strong></span> <span class='ocrx_word' id='word_1_211' title='bbox 1779 3229 2118 3286; x_wconf 73' lang='lat' dir='ltr'><strong>restitutiore</strong></span> 
     </span>
    </p>
   </div>
   <div class='ocr_carea' id='block_1_36' title="bbox 529 3295 2115 3387">
    <p class='ocr_par' dir='ltr' id='par_1_36' title="bbox 529 3295 2115 3387">
     <span class='ocr_line' id='line_1_37' title="bbox 529 3295 2115 3387; baseline 0.016 -38"><span class='ocrx_word' id='word_1_212' title='bbox 529 3295 640 3364; x_wconf 85' lang='lat' dir='ltr'><strong>jam</strong></span> <span class='ocrx_word' id='word_1_213' title='bbox 672 3300 906 3356; x_wconf 88' lang='lat' dir='ltr'><strong>diutinos</strong></span> <span class='ocrx_word' id='word_1_214' title='bbox 935 3307 1228 3374; x_wconf 85' lang='lat' dir='ltr'><strong>apostolica</strong></span> <span class='ocrx_word' id='word_1_215' title='bbox 1280 3313 1692 3369; x_wconf 72' lang='lat' dir='ltr'><strong>mansuetudine</strong></span> <span class='ocrx_word' id='word_1_216' title='bbox 1745 3317 2115 3387; x_wconf 65' lang='lat' dir='ltr'><strong>respicientes,</strong></span> 
     </span>
    </p>
   </div>
   <div class='ocr_carea' id='block_1_37' title="bbox 533 3401 2117 3478">
    <p class='ocr_par' dir='ltr' id='par_1_37' title="bbox 533 3401 2117 3478">
     <span class='ocr_line' id='line_1_38' title="bbox 533 3401 2117 3478; baseline 0.016 -35"><span class='ocrx_word' id='word_1_217' title='bbox 533 3401 842 3449; x_wconf 86' lang='lat' dir='ltr'><strong>sanctorum</strong></span> <span class='ocrx_word' id='word_1_218' title='bbox 895 3411 1160 3454; x_wconf 87' lang='lat' dir='ltr'><strong>canonmu</strong></span> <span class='ocrx_word' id='word_1_219' title='bbox 1224 3402 1463 3459; x_wconf 86' lang='lat' dir='ltr'><strong>decretis</strong></span> <span class='ocrx_word' id='word_1_220' title='bbox 1512 3413 1568 3460; x_wconf 92' lang='lat' dir='ltr'><strong>ct</strong></span> <span class='ocrx_word' id='word_1_221' title='bbox 1616 3409 1925 3478; x_wconf 70' lang='lat' dir='ltr'><strong>apostolicae</strong></span> <span class='ocrx_word' id='word_1_222' title='bbox 1975 3415 2117 3468; x_wconf 88' lang='lat' dir='ltr'><strong>sedis</strong></span> 
     </span>
    </p>
   </div>
   <div class='ocr_carea' id='block_1_38' title="bbox 533 3485 2113 3569">
    <p class='ocr_par' dir='ltr' id='par_1_38' title="bbox 533 3485 2113 3569">
     <span class='ocr_line' id='line_1_39' title="bbox 533 3485 2113 3569; baseline 0.016 -33"><span class='ocrx_word' id='word_1_223' title='bbox 533 3485 853 3542; x_wconf 86' lang='lat' dir='ltr'><strong>auctoritate</strong></span> <span class='ocrx_word' id='word_1_224' title='bbox 896 3491 1110 3559; x_wconf 92' lang='lat' dir='ltr'><strong>muniti,</strong></span> <span class='ocrx_word' id='word_1_225' title='bbox 1160 3493 1470 3565; x_wconf 85' lang='lat' dir='ltr'><strong>religiosum</strong></span> <span class='ocrx_word' id='word_1_226' title='bbox 1515 3512 1580 3553; x_wconf 93' lang='lat' dir='ltr'><strong>ac</strong></span> <span class='ocrx_word' id='word_1_227' title='bbox 1609 3500 1908 3569; x_wconf 76' lang='lat' dir='ltr'><strong>sapientnn</strong></span> <span class='ocrx_word' id='word_1_228' title='bbox 1941 3508 2113 3561; x_wconf 75' lang='lat' dir='ltr'><strong>virum</strong></span> 
     </span>
    </p>
   </div>
   <div class='ocr_carea' id='block_1_39' title="bbox 532 3571 2115 3659">
    <p class='ocr_par' dir='ltr' id='par_1_39' title="bbox 532 3571 2115 3659">
     <span class='ocr_line' id='line_1_40' title="bbox 532 3571 2115 3659; baseline 0.015 -32"><span class='ocrx_word' id='word_1_229' title='bbox 532 3571 904 3645; x_wconf 88' lang='lat' dir='ltr'><strong>Lambcrtum,</strong></span> <span class='ocrx_word' id='word_1_230' title='bbox 941 3598 1101 3652; x_wconf 86' lang='lat' dir='ltr'><strong>quem</strong></span> <span class='ocrx_word' id='word_1_231' title='bbox 1142 3585 1208 3638; x_wconf 89' lang='lat' dir='ltr'><strong>ad</strong></span> <span class='ocrx_word' id='word_1_232' title='bbox 1245 3600 1346 3640; x_wconf 88' lang='lat' dir='ltr'><strong>nos</strong></span> <span class='ocrx_word' id='word_1_233' title='bbox 1386 3587 1743 3659; x_wconf 82' lang='lat' dir='ltr'><strong>deduxerant,</strong></span> <span class='ocrx_word' id='word_1_234' title='bbox 1786 3591 1844 3646; x_wconf 87' lang='grc' dir='ltr'><strong>Β.</strong></span> <span class='ocrx_word' id='word_1_235' title='bbox 1880 3593 2115 3651; x_wconf 82' lang='lat' dir='ltr'><strong>Vedasto</strong></span> 
     </span>
    </p>
   </div>
   <div class='ocr_carea' id='block_1_40' title="bbox 532 3669 2112 3749">
    <p class='ocr_par' dir='ltr' id='par_1_40' title="bbox 532 3669 2112 3749">
     <span class='ocr_line' id='line_1_41' title="bbox 532 3669 2112 3749; baseline 0.016 -30"><span class='ocrx_word' id='word_1_236' title='bbox 532 3674 588 3720; x_wconf 89' lang='lat' dir='ltr'><strong>et</strong></span> <span class='ocrx_word' id='word_1_237' title='bbox 610 3669 815 3725; x_wconf 88' lang='lat' dir='ltr'><strong>sanctis</strong></span> <span class='ocrx_word' id='word_1_238' title='bbox 839 3671 958 3728; x_wconf 87' lang='lat' dir='ltr'><strong>aliis</strong></span> <span class='ocrx_word' id='word_1_239' title='bbox 980 3676 1329 3744; x_wconf 90' lang='lat' dir='ltr'><strong>pontilicibus</strong></span> <span class='ocrx_word' id='word_1_240' title='bbox 1357 3680 1448 3749; x_wconf 90' lang='lat' dir='ltr'><strong>qui</strong></span> <span class='ocrx_word' id='word_1_241' title='bbox 1478 3681 1530 3734; x_wconf 90' lang='lat' dir='ltr'><strong>iu</strong></span> <span class='ocrx_word' id='word_1_242' title='bbox 1554 3681 1901 3740; x_wconf 84' lang='lat' dir='ltr'><strong>Atrebatensi</strong></span> <span class='ocrx_word' id='word_1_243' title='bbox 1927 3686 2112 3744; x_wconf 84' lang='lat' dir='ltr'><strong>Eccle-</strong></span> 
     </span>
    </p>
   </div>
   <div class='ocr_carea' id='block_1_41' title="bbox 531 3755 2114 3846">
    <p class='ocr_par' dir='ltr' id='par_1_41' title="bbox 531 3755 2114 3846">
     <span class='ocr_line' id='line_1_42' title="bbox 531 3755 2114 3846; baseline 0.016 -35"><span class='ocrx_word' id='word_1_244' title='bbox 531 3755 610 3812; x_wconf 88' lang='lat' dir='ltr'><strong>sia</strong></span> <span class='ocrx_word' id='word_1_245' title='bbox 635 3762 906 3828; x_wconf 89' lang='lat' dir='ltr'><strong>quondam</strong></span> <span class='ocrx_word' id='word_1_246' title='bbox 933 3769 1322 3836; x_wconf 67' lang='lat' dir='ltr'><strong>praesederunt,</strong></span> <span class='ocrx_word' id='word_1_247' title='bbox 1356 3774 1572 3827; x_wconf 88' lang='lat' dir='ltr'><strong>tandem</strong></span> <span class='ocrx_word' id='word_1_248' title='bbox 1600 3773 1865 3846; x_wconf 81' lang='lat' dir='ltr'><strong>largiente</strong></span> <span class='ocrx_word' id='word_1_249' title='bbox 1887 3779 2114 3837; x_wconf 89' lang='lat' dir='ltr'><strong>Domino</strong></span> 
     </span>
    </p>
   </div>
   <div class='ocr_carea' id='block_1_42' title="bbox 531 3847 2112 3927">
    <p class='ocr_par' dir='ltr' id='par_1_42' title="bbox 531 3847 2112 3927">
     <span class='ocr_line' id='line_1_43' title="bbox 531 3847 2112 3927; baseline 0.015 -23"><span class='ocrx_word' id='word_1_250' title='bbox 531 3847 868 3908; x_wconf 77' lang='lat' dir='ltr'><strong>inStituitnus</strong></span> <span class='ocrx_word' id='word_1_251' title='bbox 897 3871 1288 3914; x_wconf 89' lang='lat' dir='ltr'><strong>successorem.</strong></span> <span class='ocrx_word' id='word_1_252' title='bbox 1323 3860 1484 3919; x_wconf 91' lang='lat' dir='ltr'><strong>Salva</strong></span> <span class='ocrx_word' id='word_1_253' title='bbox 1507 3865 1562 3919; x_wconf 91' lang='lat' dir='ltr'><strong>in</strong></span> <span class='ocrx_word' id='word_1_254' title='bbox 1595 3869 1846 3924; x_wconf 85' lang='lat' dir='ltr'><strong>omnibus</strong></span> <span class='ocrx_word' id='word_1_255' title='bbox 1874 3871 2112 3927; x_wconf 82' lang='lat' dir='ltr'><strong>Remen-</strong></span> 
     </span>
    </p>
   </div>
   <div class='ocr_carea' id='block_1_43' title="bbox 529 3937 2112 4019">
    <p class='ocr_par' dir='ltr' id='par_1_43' title="bbox 529 3937 2112 4019">
     <span class='ocr_line' id='line_1_44' title="bbox 529 3937 2112 4019; baseline 0.017 -28"><span class='ocrx_word' id='word_1_256' title='bbox 529 3937 605 3992; x_wconf 89' lang='lat' dir='ltr'><strong>sis</strong></span> <span class='ocrx_word' id='word_1_257' title='bbox 630 3941 939 4010; x_wconf 86' lang='lat' dir='ltr'><strong>metrOpolis</strong></span> <span class='ocrx_word' id='word_1_258' title='bbox 964 3947 1282 4012; x_wconf 91' lang='lat' dir='ltr'><strong>reverentia,</strong></span> <span class='ocrx_word' id='word_1_259' title='bbox 1299 3963 1463 4019; x_wconf 89' lang='lat' dir='ltr'><strong>quam</strong></span> <span class='ocrx_word' id='word_1_260' title='bbox 1481 3953 1732 4011; x_wconf 90' lang='lat' dir='ltr'><strong>videlicet</strong></span> <span class='ocrx_word' id='word_1_261' title='bbox 1757 3959 1941 4015; x_wconf 91' lang='lat' dir='ltr'><strong>multis</strong></span> <span class='ocrx_word' id='word_1_262' title='bbox 1965 3970 2112 4018; x_wconf 87' lang='lat' dir='ltr'><strong>retro</strong></span> 
     </span>
    </p>
   </div>
   <div class='ocr_carea' id='block_1_44' title="bbox 529 4030 2109 4117">
    <p class='ocr_par' dir='ltr' id='par_1_44' title="bbox 529 4030 2109 4117">
     <span class='ocr_line' id='line_1_45' title="bbox 529 4030 2109 4117; baseline 0.016 -36"><span class='ocrx_word' id='word_1_263' title='bbox 529 4030 860 4099; x_wconf 87' lang='lat' dir='ltr'><strong>temporibus</strong></span> <span class='ocrx_word' id='word_1_264' title='bbox 891 4034 1252 4105; x_wconf 90' lang='lat' dir='ltr'><strong>imminutam,</strong></span> <span class='ocrx_word' id='word_1_265' title='bbox 1284 4057 1426 4096; x_wconf 91' lang='lat' dir='ltr'><strong>nunc</strong></span> <span class='ocrx_word' id='word_1_266' title='bbox 1457 4045 1676 4100; x_wconf 89' lang='lat' dir='ltr'><strong>tandem</strong></span> <span class='ocrx_word' id='word_1_267' title='bbox 1709 4063 1804 4117; x_wconf 88' lang='lat' dir='ltr'><strong>per</strong></span> <span class='ocrx_word' id='word_1_268' title='bbox 1833 4049 2109 4107; x_wconf 87' lang='lat' dir='ltr'><strong>humilita-</strong></span> 
     </span>
    </p>
   </div>
   <div class='ocr_carea' id='block_1_45' title="bbox 530 4126 2110 4206">
    <p class='ocr_par' dir='ltr' id='par_1_45' title="bbox 530 4126 2110 4206">
     <span class='ocr_line' id='line_1_46' title="bbox 530 4126 2110 4206; baseline 0.018 -34"><span class='ocrx_word' id='word_1_269' title='bbox 530 4127 636 4173; x_wconf 89' lang='lat' dir='ltr'><strong>tem</strong></span> <span class='ocrx_word' id='word_1_270' title='bbox 670 4131 915 4176; x_wconf 92' lang='lat' dir='ltr'><strong>nostram</strong></span> <span class='ocrx_word' id='word_1_271' title='bbox 954 4126 1297 4196; x_wconf 88' lang='lat' dir='ltr'><strong>omnipotens</strong></span> <span class='ocrx_word' id='word_1_272' title='bbox 1337 4130 1479 4189; x_wconf 89' lang='lat' dir='ltr'><strong>Deus</strong></span> <span class='ocrx_word' id='word_1_273' title='bbox 1525 4135 1579 4190; x_wconf 91' lang='lat' dir='ltr'><strong>in</strong></span> <span class='ocrx_word' id='word_1_274' title='bbox 1616 4146 1768 4206; x_wconf 89' lang='lat' dir='ltr'><strong>parte</strong></span> <span class='ocrx_word' id='word_1_275' title='bbox 1799 4139 1901 4196; x_wconf 92' lang='lat' dir='ltr'><strong>hac</strong></span> <span class='ocrx_word' id='word_1_276' title='bbox 1931 4144 2110 4200; x_wconf 86' lang='lat' dir='ltr'><strong>redin-</strong></span> 
     </span>
    </p>
   </div>
   <div class='ocr_carea' id='block_1_46' title="bbox 527 4212 2108 4294">
    <p class='ocr_par' dir='ltr' id='par_1_46' title="bbox 527 4212 2108 4294">
     <span class='ocr_line' id='line_1_47' title="bbox 527 4212 2108 4294; baseline 0.018 -32"><span class='ocrx_word' id='word_1_277' title='bbox 527 4216 741 4280; x_wconf 87' lang='lat' dir='ltr'><strong>tegrare</strong></span> <span class='ocrx_word' id='word_1_278' title='bbox 763 4212 1015 4283; x_wconf 89' lang='lat' dir='ltr'><strong>dignatus</strong></span> <span class='ocrx_word' id='word_1_279' title='bbox 1034 4225 1139 4272; x_wconf 90' lang='lat' dir='ltr'><strong>est.</strong></span> <span class='ocrx_word' id='word_1_280' title='bbox 1165 4218 1300 4274; x_wconf 90' lang='lat' dir='ltr'><strong>Eum</strong></span> <span class='ocrx_word' id='word_1_281' title='bbox 1335 4221 1518 4294; x_wconf 83' lang='lat' dir='ltr'><strong>itaque</strong></span> <span class='ocrx_word' id='word_1_282' title='bbox 1547 4228 1613 4281; x_wconf 93' lang='lat' dir='ltr'><strong>ad</strong></span> <span class='ocrx_word' id='word_1_283' title='bbox 1640 4243 1736 4284; x_wconf 90' lang='lat' dir='ltr'><strong>vos</strong></span> <span class='ocrx_word' id='word_1_284' title='bbox 1766 4246 1888 4286; x_wconf 89' lang='lat' dir='ltr'><strong>cum</strong></span> <span class='ocrx_word' id='word_1_285' title='bbox 1914 4233 2108 4291; x_wconf 88' lang='lat' dir='ltr'><strong>litteris</strong></span> 
     </span>
    </p>
   </div>
   <div class='ocr_carea' id='block_1_47' title="bbox 523 4304 2107 4386">
    <p class='ocr_par' dir='ltr' id='par_1_47' title="bbox 523 4304 2107 4386">
     <span class='ocr_line' id='line_1_48' title="bbox 523 4304 2107 4386; baseline 0.02 -32"><span class='ocrx_word' id='word_1_286' title='bbox 523 4304 881 4371; x_wconf 65' lang='lat' dir='ltr'><strong>praesentibus</strong></span> <span class='ocrx_word' id='word_1_287' title='bbox 927 4309 1270 4366; x_wconf 90' lang='lat' dir='ltr'><strong>remittentes</strong></span> <span class='ocrx_word' id='word_1_288' title='bbox 1303 4314 1555 4372; x_wconf 90' lang='lat' dir='ltr'><strong>charitati</strong></span> <span class='ocrx_word' id='word_1_289' title='bbox 1599 4319 1795 4378; x_wconf 68' lang='lat' dir='ltr'><strong>vestrae</strong></span> <span class='ocrx_word' id='word_1_290' title='bbox 1847 4328 2107 4386; x_wconf 89' lang='lat' dir='ltr'><strong>attentius</strong></span> 
     </span>
    </p>
   </div>
   <div class='ocr_carea' id='block_1_48' title="bbox 520 4399 2101 4482">
    <p class='ocr_par' dir='ltr' id='par_1_48' title="bbox 520 4399 2101 4482">
     <span class='ocr_line' id='line_1_49' title="bbox 520 4399 2101 4482; baseline 0.016 -33"><span class='ocrx_word' id='word_1_291' title='bbox 520 4399 987 4465; x_wconf 89' lang='lat' dir='ltr'><strong>commendamus,</strong></span> <span class='ocrx_word' id='word_1_292' title='bbox 1040 4413 1294 4474; x_wconf 85' lang='lat' dir='ltr'><strong>rogantes</strong></span> <span class='ocrx_word' id='word_1_293' title='bbox 1325 4422 1389 4462; x_wconf 90' lang='lat' dir='ltr'><strong>ac</strong></span> <span class='ocrx_word' id='word_1_294' title='bbox 1427 4411 1801 4482; x_wconf 68' lang='lat' dir='ltr'><strong>praecipientes</strong></span> <span class='ocrx_word' id='word_1_295' title='bbox 1831 4427 1887 4471; x_wconf 92' lang='lat' dir='ltr'><strong>ut</strong></span> <span class='ocrx_word' id='word_1_296' title='bbox 1935 4419 1984 4474; x_wconf 91' lang='lat' dir='ltr'><strong>ei</strong></span> <span class='ocrx_word' id='word_1_297' title='bbox 2036 4423 2101 4475; x_wconf 90' lang='lat' dir='ltr'><strong>ad</strong></span> 
     </span>
    </p>
   </div>
   <div class='ocr_carea' id='block_1_49' title="bbox 2161 1801 2270 1886">
    <p class='ocr_par' dir='ltr' id='par_1_49' title="bbox 2161 1801 2270 1886">
     <span class='ocr_line' id='line_1_50' title="bbox 2161 1801 2270 1886; baseline 0.009 -1"><span class='ocrx_word' id='word_1_298' title='bbox 2161 1801 2270 1886; x_wconf 69' lang='lat' dir='ltr'><strong>Br.</strong></span> 
     </span>
    </p>
   </div>
   <div class='ocr_carea' id='block_1_50' title="bbox 2249 532 3735 630">
    <p class='ocr_par' dir='ltr' id='par_1_50' title="bbox 2249 532 3735 630">
     <span class='ocr_line' id='line_1_51' title="bbox 2249 532 3735 630; baseline 0.025 -47"><span class='ocrx_word' id='word_1_299' title='bbox 2249 532 2499 587; x_wconf 78' lang='lat' dir='ltr'><strong>videlicet</strong></span> <span class='ocrx_word' id='word_1_300' title='bbox 2524 536 2865 594; x_wconf 77' lang='lat' dir='ltr'><strong>Atrebateusi</strong></span> <span class='ocrx_word' id='word_1_301' title='bbox 2891 550 2943 596; x_wconf 90' lang='lat' dir='ltr'><strong>et</strong></span> <span class='ocrx_word' id='word_1_302' title='bbox 2967 541 3439 619; x_wconf 86' lang='lat' dir='ltr'><strong>Obstrevandensi,</strong></span> <span class='ocrx_word' id='word_1_303' title='bbox 3463 555 3615 613; x_wconf 83' lang='lat' dir='ltr'><strong>clerici</strong></span> <span class='ocrx_word' id='word_1_304' title='bbox 3636 532 3735 630; x_wconf 65' lang='lat' dir='ltr'><strong>sunt,</strong></span> 
     </span>
    </p>
   </div>
   <div class='ocr_carea' id='block_1_51' title="bbox 2244 625 3734 711">
    <p class='ocr_par' dir='ltr' id='par_1_51' title="bbox 2244 625 3734 711">
     <span class='ocr_line' id='line_1_52' title="bbox 2244 625 3734 711; baseline 0.024 -36"><span class='ocrx_word' id='word_1_305' title='bbox 2244 639 2272 675; x_wconf 89' lang='lat' dir='ltr'><strong>a</strong></span> <span class='ocrx_word' id='word_1_306' title='bbox 2302 625 2641 691; x_wconf 51' lang='lat' dir='ltr'><strong>professione</strong></span> <span class='ocrx_word' id='word_1_307' title='bbox 2695 629 3104 694; x_wconf 87' lang='lat' dir='ltr'><strong>Cameracensis</strong></span> <span class='ocrx_word' id='word_1_308' title='bbox 3152 639 3404 700; x_wconf 70' lang='lat' dir='ltr'><strong>Ecclesiae</strong></span> <span class='ocrx_word' id='word_1_309' title='bbox 3445 650 3734 711; x_wconf 78' lang='lat' dir='ltr'><strong>absolvantur.</strong></span> 
     </span>
    </p>
   </div>
   <div class='ocr_carea' id='block_1_52' title="bbox 2246 715 3735 814">
    <p class='ocr_par' dir='ltr' id='par_1_52' title="bbox 2246 715 3735 814">
     <span class='ocr_line' id='line_1_53' title="bbox 2246 715 3735 814; baseline 0.024 -47"><span class='ocrx_word' id='word_1_310' title='bbox 2246 715 2302 768; x_wconf 90' lang='lat' dir='ltr'><strong>Si</strong></span> <span class='ocrx_word' id='word_1_311' title='bbox 2333 717 2423 784; x_wconf 90' lang='lat' dir='ltr'><strong>qui</strong></span> <span class='ocrx_word' id='word_1_312' title='bbox 2465 734 2593 773; x_wconf 90' lang='lat' dir='ltr'><strong>vero</strong></span> <span class='ocrx_word' id='word_1_313' title='bbox 2629 721 2850 778; x_wconf 88' lang='lat' dir='ltr'><strong>obedire</strong></span> <span class='ocrx_word' id='word_1_314' title='bbox 2881 733 3328 799; x_wconf 82' lang='lat' dir='ltr'><strong>contempserint,</strong></span> <span class='ocrx_word' id='word_1_315' title='bbox 3358 752 3682 814; x_wconf 84' lang='lat' dir='ltr'><strong>quamcunque</strong></span> <span class='ocrx_word' id='word_1_316' title='bbox 3703 750 3735 802; x_wconf 84' lang='lat' dir='ltr'><strong>in</strong></span> 
     </span>
    </p>
   </div>
   <div class='ocr_carea' id='block_1_53' title="bbox 2243 812 3734 894">
    <p class='ocr_par' dir='ltr' id='par_1_53' title="bbox 2243 812 3734 894">
     <span class='ocr_line' id='line_1_54' title="bbox 2243 812 3734 894; baseline 0.024 -35"><span class='ocrx_word' id='word_1_317' title='bbox 2243 822 2338 862; x_wconf 88' lang='lat' dir='ltr'><strong>eos</strong></span> <span class='ocrx_word' id='word_1_318' title='bbox 2363 812 2688 866; x_wconf 87' lang='lat' dir='ltr'><strong>sententiam</strong></span> <span class='ocrx_word' id='word_1_319' title='bbox 2724 813 2836 884; x_wconf 79' lang='lat' dir='ltr'><strong>ipse</strong></span> <span class='ocrx_word' id='word_1_320' title='bbox 2861 819 3150 892; x_wconf 84' lang='lat' dir='ltr'><strong>episcopali</strong></span> <span class='ocrx_word' id='word_1_321' title='bbox 3183 831 3538 889; x_wconf 83' lang='lat' dir='ltr'><strong>moderatione</strong></span> <span class='ocrx_word' id='word_1_322' title='bbox 3562 812 3734 894; x_wconf 75' lang='lat' dir='ltr'><strong>dictare-</strong></span> 
     </span>
    </p>
   </div>
   <div class='ocr_carea' id='block_1_54' title="bbox 2245 897 2872 971">
    <p class='ocr_par' dir='ltr' id='par_1_54' title="bbox 2245 897 2872 971">
     <span class='ocr_line' id='line_1_55' title="bbox 2245 897 2872 971; baseline 0.019 -21"><span class='ocrx_word' id='word_1_323' title='bbox 2245 897 2318 952; x_wconf 87' lang='lat' dir='ltr'><strong>ris</strong></span> <span class='ocrx_word' id='word_1_324' title='bbox 2350 897 2505 953; x_wconf 80' lang='lat' dir='ltr'><strong>ﬁrma</strong></span> <span class='ocrx_word' id='word_1_325' title='bbox 2535 917 2872 971; x_wconf 88' lang='lat' dir='ltr'><strong>permaneat.</strong></span> 
     </span>
    </p>
   </div>
   <div class='ocr_carea' id='block_1_55' title="bbox 2316 987 3326 1074">
    <p class='ocr_par' dir='ltr' id='par_1_55' title="bbox 2316 987 3326 1074">
     <span class='ocr_line' id='line_1_56' title="bbox 2316 987 3326 1074; baseline 0.02 -34"><span class='ocrx_word' id='word_1_326' title='bbox 2316 987 2445 1042; x_wconf 88' lang='lat' dir='ltr'><strong>Data</strong></span> <span class='ocrx_word' id='word_1_327' title='bbox 2487 990 2672 1046; x_wconf 70' lang='lat' dir='ltr'><strong>Romae</strong></span> <span class='ocrx_word' id='word_1_328' title='bbox 2701 1010 2794 1048; x_wconf 87' lang='lat' dir='ltr'><strong>vttt</strong></span> <span class='ocrx_word' id='word_1_329' title='bbox 2823 996 3092 1056; x_wconf 85' lang='lat' dir='ltr'><strong>Kalendas</strong></span> <span class='ocrx_word' id='word_1_330' title='bbox 3129 1003 3326 1074; x_wconf 80' lang='lat' dir='ltr'><strong>Aprilis</strong></span> 
     </span>
    </p>
   </div>
   <div class='ocr_carea' id='block_1_56' title="bbox 2973 1133 3081 1189">
    <p class='ocr_par' dir='ltr' id='par_1_56' title="bbox 2973 1133 3081 1189">
     <span class='ocr_line' id='line_1_57' title="bbox 2973 1133 3081 1189; baseline 0.019 -3"><span class='ocrx_word' id='word_1_331' title='bbox 2973 1133 3081 1189; x_wconf 81' lang='lat' dir='ltr'><strong>CX.</strong></span> 
     </span>
    </p>
   </div>
   <div class='ocr_carea' id='block_1_57' title="bbox 2240 1209 3736 1296">
    <p class='ocr_par' dir='ltr' id='par_1_57' title="bbox 2240 1209 3736 1296">
     <span class='ocr_line' id='line_1_58' title="bbox 2240 1209 3736 1296; baseline 0.021 -32"><span class='ocrx_word' id='word_1_332' title='bbox 2240 1209 2442 1295; x_wconf 75' lang='lat' dir='ltr'><strong>Urbani</strong></span> <span class='ocrx_word' id='word_1_333' title='bbox 2472 1215 2530 1270; x_wconf 91' lang='lat' dir='ltr'><strong><em>ll</em></strong></span> <span class='ocrx_word' id='word_1_334' title='bbox 2565 1219 2779 1296; x_wconf 64' lang='lat' dir='ltr'><strong>epistola</strong></span> <span class='ocrx_word' id='word_1_335' title='bbox 2816 1223 2884 1274; x_wconf 88' lang='lat' dir='ltr'><strong>ad</strong></span> <span class='ocrx_word' id='word_1_336' title='bbox 2915 1221 3258 1282; x_wconf 69' lang='lat' dir='ltr'><strong>Euillelmum</strong></span> <span class='ocrx_word' id='word_1_337' title='bbox 3299 1232 3660 1292; x_wconf 74' lang='lat' dir='ltr'><strong>Pictaviensium</strong></span> <span class='ocrx_word' id='word_1_338' title='bbox 3681 1261 3736 1296; x_wconf 79' lang='lat' dir='ltr'><strong>ro-</strong></span> 
     </span>
    </p>
   </div>
   <div class='ocr_carea' id='block_1_58' title="bbox 2313 1286 3737 1365">
    <p class='ocr_par' dir='ltr' id='par_1_58' title="bbox 2313 1286 3737 1365">
     <span class='ocr_line' id='line_1_59' title="bbox 2313 1286 3737 1365; baseline 0.022 -30"><span class='ocrx_word' id='word_1_339' title='bbox 2313 1286 2506 1365; x_wconf 68' lang='lat' dir='ltr'><strong>utitcm.</strong></span> <span class='ocrx_word' id='word_1_340' title='bbox 2545 1317 2620 1365; x_wconf 29' lang='grc' dir='ltr'><strong>-ι</strong></span> <span class='ocrx_word' id='word_1_341' title='bbox 2648 1289 2918 1365; x_wconf 68' lang='grc' dir='ltr'><strong>ΔΗυιίαηιν</strong></span> <span class='ocrx_word' id='word_1_342' title='bbox 2962 1305 3016 1346; x_wconf 83' lang='lat' dir='ltr'><strong>ut</strong></span> <span class='ocrx_word' id='word_1_343' title='bbox 3055 1296 3232 1352; x_wconf 80' lang='lat' dir='ltr'><strong>ablata</strong></span> <span class='ocrx_word' id='word_1_344' title='bbox 3278 1286 3737 1365; x_wconf 54' lang='lat' dir='ltr'><strong>monasié&#39;ri’EVML.</strong></span> 
     </span>
    </p>
   </div>
   <div class='ocr_carea' id='block_1_59' title="bbox 2310 1356 2733 1414">
    <p class='ocr_par' dir='ltr' id='par_1_59' title="bbox 2310 1356 2733 1414">
     <span class='ocr_line' id='line_1_60' title="bbox 2310 1356 2733 1414; baseline 0.017 -8"><span class='ocrx_word' id='word_1_345' title='bbox 2310 1356 2505 1410; x_wconf 76' lang='lat' dir='ltr'><strong>cinettst</strong></span> <span class='ocrx_word' id='word_1_346' title='bbox 2531 1359 2733 1414; x_wconf 85' lang='lat' dir='ltr'><strong>reddat.</strong></span> 
     </span>
    </p>
   </div>
   <div class='ocr_carea' id='block_1_60' title="bbox 2508 1474 3228 1553">
    <p class='ocr_par' dir='ltr' id='par_1_60' title="bbox 2508 1474 3228 1553">
     <span class='ocr_line' id='line_1_61' title="bbox 2508 1474 3228 1553; baseline 0.021 -33"><span class='ocrx_word' id='word_1_347' title='bbox 2508 1535 2514 1542; x_wconf 19' lang='grc' dir='ltr'>ἱ</span> <span class='ocrx_word' id='word_1_348' title='bbox 2827 1474 3005 1545; x_wconf 81' lang='lat' dir='ltr'><strong>(Anno</strong></span> <span class='ocrx_word' id='word_1_349' title='bbox 3043 1478 3228 1553; x_wconf 79' lang='grc'><strong>1094.)</strong></span> 
     </span>
    </p>
   </div>
   <div class='ocr_carea' id='block_1_61' title="bbox 2239 1555 3735 1648">
    <p class='ocr_par' dir='ltr' id='par_1_61' title="bbox 2239 1555 3735 1648">
     <span class='ocr_line' id='line_1_62' title="bbox 2239 1555 3735 1648; baseline 0.019 -38"><span class='ocrx_word' id='word_1_350' title='bbox 2239 1555 2397 1628; x_wconf 80' lang='grc' dir='ltr'><strong>[Ορυ.</strong></span> <span class='ocrx_word' id='word_1_351' title='bbox 2460 1559 2740 1619; x_wconf 76' lang='lat' dir='ltr'><strong>Godel‘ridi</strong></span> <span class='ocrx_word' id='word_1_352' title='bbox 2793 1562 3220 1648; x_wconf 81' lang='lat' dir='ltr'><strong>Vindocin._ed_.</strong></span> <span class='ocrx_word' id='word_1_353' title='bbox 3277 1573 3562 1648; x_wconf 88' lang='lat' dir='ltr'><strong>Sirmoud.,</strong></span> <span class='ocrx_word' id='word_1_354' title='bbox 3605 1585 3735 1648; x_wconf 66' lang='lat' dir='ltr'><strong>in—li.</strong></span> 
     </span>
    </p>
   </div>
   <div class='ocr_carea' id='block_1_62' title="bbox 2835 1642 3214 1715">
    <p class='ocr_par' dir='ltr' id='par_1_62' title="bbox 2835 1642 3214 1715">
     <span class='ocr_line' id='line_1_63' title="bbox 2835 1642 3214 1715; baseline 0.013 -23"><span class='ocrx_word' id='word_1_355' title='bbox 2835 1647 2970 1705; x_wconf 90' lang='lat' dir='ltr'><strong>not.,</strong></span> <span class='ocrx_word' id='word_1_356' title='bbox 3009 1655 3064 1710; x_wconf 92' lang='lat' dir='ltr'><strong>p.</strong></span> <span class='ocrx_word' id='word_1_357' title='bbox 3099 1642 3214 1715; x_wconf 72' lang='lat'><strong>91.]</strong></span> 
     </span>
    </p>
   </div>
   <div class='ocr_carea' id='block_1_63' title="bbox 2311 1740 3736 1831">
    <p class='ocr_par' dir='ltr' id='par_1_63' title="bbox 2311 1740 3736 1831">
     <span class='ocr_line' id='line_1_64' title="bbox 2311 1740 3736 1831; baseline 0.018 -34"><span class='ocrx_word' id='word_1_358' title='bbox 2311 1740 2562 1826; x_wconf 70' lang='lat' dir='ltr'><strong>Unaanns</strong></span> <span class='ocrx_word' id='word_1_359' title='bbox 2591 1746 2893 1817; x_wconf 91' lang='lat' dir='ltr'><strong>episcopus,</strong></span> <span class='ocrx_word' id='word_1_360' title='bbox 2939 1766 3129 1810; x_wconf 89' lang='lat' dir='ltr'><strong>servus</strong></span> <span class='ocrx_word' id='word_1_361' title='bbox 3155 1770 3435 1814; x_wconf 83' lang='lat' dir='ltr'><strong>servorum</strong></span> <span class='ocrx_word' id='word_1_362' title='bbox 3468 1761 3577 1831; x_wconf 89' lang='lat' dir='ltr'><strong>Dei,</strong></span> <span class='ocrx_word' id='word_1_363' title='bbox 3600 1768 3736 1823; x_wconf 80' lang='lat' dir='ltr'><strong>dilecto</strong></span> 
     </span>
    </p>
   </div>
   <div class='ocr_carea' id='block_1_64' title="bbox 2278 1818 3737 1917">
    <p class='ocr_par' dir='ltr' id='par_1_64' title="bbox 2278 1818 3737 1917">
     <span class='ocr_line' id='line_1_65' title="bbox 2278 1818 3737 1917; baseline 0.019 -31"><span class='ocrx_word' id='word_1_364' title='bbox 2278 1833 2350 1888; x_wconf 92' lang='lat' dir='ltr'><strong>lio</strong></span> <span class='ocrx_word' id='word_1_365' title='bbox 2402 1818 2719 1893; x_wconf 71' lang='lat' dir='ltr'><strong>CutLLELuo</strong></span> <span class='ocrx_word' id='word_1_366' title='bbox 2767 1838 3190 1900; x_wconf 88' lang='lat' dir='ltr'><strong>Pictaviensium</strong></span> <span class='ocrx_word' id='word_1_367' title='bbox 3239 1849 3443 1917; x_wconf 87' lang='lat' dir='ltr'><strong>comiti,</strong></span> <span class='ocrx_word' id='word_1_368' title='bbox 3487 1854 3674 1912; x_wconf 87' lang='lat' dir='ltr'><strong>salutem</strong></span> <span class='ocrx_word' id='word_1_369' title='bbox 3703 1873 3737 1914; x_wconf 77' lang='lat' dir='ltr'><strong>et</strong></span> 
     </span>
    </p>
   </div>
   <div class='ocr_carea' id='block_1_65' title="bbox 2231 1922 3064 1992">
    <p class='ocr_par' dir='ltr' id='par_1_65' title="bbox 2231 1922 3064 1992">
     <span class='ocr_line' id='line_1_66' title="bbox 2231 1922 3064 1992; baseline 0.013 -17"><span class='ocrx_word' id='word_1_370' title='bbox 2231 1922 2583 1992; x_wconf 87' lang='lat' dir='ltr'><strong>apostolicam</strong></span> <span class='ocrx_word' id='word_1_371' title='bbox 2616 1926 3064 1986; x_wconf 90' lang='lat' dir='ltr'><strong>benedictionem.</strong></span> 
     </span>
    </p>
   </div>
   <div class='ocr_carea' id='block_1_66' title="bbox 2304 2013 3734 2108">
    <p class='ocr_par' dir='ltr' id='par_1_66' title="bbox 2304 2013 3734 2108">
     <span class='ocr_line' id='line_1_67' title="bbox 2304 2013 3734 2108; baseline 0.018 -43"><span class='ocrx_word' id='word_1_372' title='bbox 2304 2013 2460 2082; x_wconf 71' lang='lat' dir='ltr'><strong>Su‘pe</strong></span> <span class='ocrx_word' id='word_1_373' title='bbox 2515 2025 2662 2070; x_wconf 90' lang='lat' dir='ltr'><strong>tuam</strong></span> <span class='ocrx_word' id='word_1_374' title='bbox 2693 2017 2956 2075; x_wconf 72' lang='lat' dir='ltr'><strong>‘indolem</strong></span> <span class='ocrx_word' id='word_1_375' title='bbox 3011 2029 3447 2087; x_wconf 89' lang='lat' dir='ltr'><strong>commonuimus</strong></span> <span class='ocrx_word' id='word_1_376' title='bbox 3493 2041 3549 2088; x_wconf 92' lang='lat' dir='ltr'><strong>ut</strong></span> <span class='ocrx_word' id='word_1_377' title='bbox 3593 2040 3734 2108; x_wconf 73' lang='lat' dir='ltr'><strong>egregii</strong></span> 
     </span>
    </p>
   </div>
   <div class='ocr_carea' id='block_1_67' title="bbox 2227 2108 3734 2198">
    <p class='ocr_par' dir='ltr' id='par_1_67' title="bbox 2227 2108 3734 2198">
     <span class='ocr_line' id='line_1_68' title="bbox 2227 2108 3734 2198; baseline 0.015 -38"><span class='ocrx_word' id='word_1_378' title='bbox 2227 2108 2490 2179; x_wconf 86' lang='lat' dir='ltr'><strong>principis</strong></span> <span class='ocrx_word' id='word_1_379' title='bbox 2534 2112 2706 2180; x_wconf 86' lang='lat' dir='ltr'><strong>patris</strong></span> <span class='ocrx_word' id='word_1_380' title='bbox 2752 2113 2826 2169; x_wconf 92' lang='lat' dir='ltr'><strong>tui</strong></span> <span class='ocrx_word' id='word_1_381' title='bbox 2876 2116 3217 2175; x_wconf 89' lang='lat' dir='ltr'><strong>devotionem</strong></span> <span class='ocrx_word' id='word_1_382' title='bbox 3262 2130 3428 2194; x_wconf 90' lang='lat' dir='ltr'><strong>atque</strong></span> <span class='ocrx_word' id='word_1_383' title='bbox 3471 2127 3734 2198; x_wconf 82' lang='lat' dir='ltr'><strong>prudentiam</strong></span> 
     </span>
    </p>
   </div>
   <div class='ocr_carea' id='block_1_68' title="bbox 2228 2199 3735 2276">
    <p class='ocr_par' dir='ltr' id='par_1_68' title="bbox 2228 2199 3735 2276">
     <span class='ocr_line' id='line_1_69' title="bbox 2228 2199 3735 2276; baseline 0.015 -23"><span class='ocrx_word' id='word_1_384' title='bbox 2228 2199 2480 2256; x_wconf 86' lang='lat' dir='ltr'><strong>imiteris.</strong></span> <span class='ocrx_word' id='word_1_385' title='bbox 2513 2202 2628 2271; x_wconf 88' lang='lat' dir='ltr'><strong>Ipse</strong></span> <span class='ocrx_word' id='word_1_386' title='bbox 2660 2205 2998 2276; x_wconf 89' lang='lat' dir='ltr'><strong>principatus</strong></span> <span class='ocrx_word' id='word_1_387' title='bbox 3039 2211 3120 2265; x_wconf 91' lang='lat' dir='ltr'><strong>sui</strong></span> <span class='ocrx_word' id='word_1_388' title='bbox 3165 2212 3427 2272; x_wconf 86' lang='lat' dir='ltr'><strong>ecclesias</strong></span> <span class='ocrx_word' id='word_1_389' title='bbox 3469 2217 3735 2275; x_wconf 78' lang='lat' dir='ltr'><strong>devotissime</strong></span> 
     </span>
    </p>
   </div>
   <div class='ocr_carea' id='block_1_69' title="bbox 2227 2293 3733 2371">
    <p class='ocr_par' dir='ltr' id='par_1_69' title="bbox 2227 2293 3733 2371">
     <span class='ocr_line' id='line_1_70' title="bbox 2227 2293 3733 2371; baseline 0.013 -25"><span class='ocrx_word' id='word_1_390' title='bbox 2227 2293 2417 2358; x_wconf 89' lang='lat' dir='ltr'><strong>coluit,</strong></span> <span class='ocrx_word' id='word_1_391' title='bbox 2441 2294 2620 2363; x_wconf 87' lang='lat' dir='ltr'><strong>plures</strong></span> <span class='ocrx_word' id='word_1_392' title='bbox 2647 2297 2809 2353; x_wconf 89' lang='lat' dir='ltr'><strong>rebus</strong></span> <span class='ocrx_word' id='word_1_393' title='bbox 2842 2299 2956 2354; x_wconf 91' lang='lat' dir='ltr'><strong>suis</strong></span> <span class='ocrx_word' id='word_1_394' title='bbox 2990 2301 3200 2371; x_wconf 88' lang='lat' dir='ltr'><strong>ditavit,</strong></span> <span class='ocrx_word' id='word_1_395' title='bbox 3237 2319 3408 2362; x_wconf 85' lang='lat' dir='ltr'><strong>novas</strong></span> <span class='ocrx_word' id='word_1_396' title='bbox 3437 2307 3585 2363; x_wconf 89' lang='lat' dir='ltr'><strong>etiam</strong></span> <span class='ocrx_word' id='word_1_397' title='bbox 3608 2326 3632 2364; x_wconf 87' lang='lat' dir='ltr'><strong>a</strong></span> <span class='ocrx_word' id='word_1_398' title='bbox 3654 2309 3733 2364; x_wconf 82' lang='lat' dir='ltr'><strong>iun-</strong></span> 
     </span>
    </p>
   </div>
   <div class='ocr_carea' id='block_1_70' title="bbox 2224 2385 3734 2472">
    <p class='ocr_par' dir='ltr' id='par_1_70' title="bbox 2224 2385 3734 2472">
     <span class='ocr_line' id='line_1_71' title="bbox 2224 2385 3734 2472; baseline 0.012 -34"><span class='ocrx_word' id='word_1_399' title='bbox 2224 2385 2492 2440; x_wconf 89' lang='lat' dir='ltr'><strong>damentis</strong></span> <span class='ocrx_word' id='word_1_400' title='bbox 2523 2389 2808 2444; x_wconf 76' lang='lat' dir='ltr'><strong>exstruxit.</strong></span> <span class='ocrx_word' id='word_1_401' title='bbox 2848 2391 2923 2446; x_wconf 86' lang='lat' dir='ltr'><strong>De</strong></span> <span class='ocrx_word' id='word_1_402' title='bbox 2968 2402 3019 2448; x_wconf 92' lang='lat' dir='ltr'><strong>te</strong></span> <span class='ocrx_word' id='word_1_403' title='bbox 3053 2409 3200 2452; x_wconf 77' lang='lat' dir='ltr'><strong>vero.</strong></span> <span class='ocrx_word' id='word_1_404' title='bbox 3221 2400 3482 2456; x_wconf 87' lang='lat' dir='ltr'><strong>miramur</strong></span> <span class='ocrx_word' id='word_1_405' title='bbox 3505 2419 3519 2456; x_wconf 90' lang='lat'><strong>:</strong></span> <span class='ocrx_word' id='word_1_406' title='bbox 3546 2403 3620 2472; x_wconf 90' lang='lat' dir='ltr'><strong>qui</strong></span> <span class='ocrx_word' id='word_1_407' title='bbox 3651 2418 3734 2456; x_wconf 83' lang='lat' dir='ltr'><strong>cum</strong></span> 
     </span>
    </p>
   </div>
   <div class='ocr_carea' id='block_1_71' title="bbox 2223 2474 3732 2562">
    <p class='ocr_par' dir='ltr' id='par_1_71' title="bbox 2223 2474 3732 2562">
     <span class='ocr_line' id='line_1_72' title="bbox 2223 2474 3732 2562; baseline 0.012 -36"><span class='ocrx_word' id='word_1_408' title='bbox 2223 2474 2343 2528; x_wconf 87' lang='lat' dir='ltr'><strong>aliis</strong></span> <span class='ocrx_word' id='word_1_409' title='bbox 2377 2476 2533 2530; x_wconf 91' lang='lat' dir='ltr'><strong>bonis</strong></span> <span class='ocrx_word' id='word_1_410' title='bbox 2562 2479 2758 2533; x_wconf 89' lang='lat' dir='ltr'><strong>studiis</strong></span> <span class='ocrx_word' id='word_1_411' title='bbox 2791 2491 3054 2549; x_wconf 91' lang='lat' dir='ltr'><strong>quantum</strong></span> <span class='ocrx_word' id='word_1_412' title='bbox 3106 2486 3171 2540; x_wconf 86' lang='lat' dir='ltr'><strong>ad</strong></span> <span class='ocrx_word' id='word_1_413' title='bbox 3211 2489 3446 2546; x_wconf 87' lang='lat' dir='ltr'><strong>militem</strong></span> <span class='ocrx_word' id='word_1_414' title='bbox 3479 2492 3672 2562; x_wconf 83' lang='lat' dir='ltr'><strong>polleas,</strong></span> <span class='ocrx_word' id='word_1_415' title='bbox 3700 2493 3732 2545; x_wconf 85' lang='lat' dir='ltr'><strong>in</strong></span> 
     </span>
    </p>
   </div>
   <div class='ocr_carea' id='block_1_72' title="bbox 2225 2565 3730 2654">
    <p class='ocr_par' dir='ltr' id='par_1_72' title="bbox 2225 2565 3730 2654">
     <span class='ocr_line' id='line_1_73' title="bbox 2225 2565 3730 2654; baseline 0.013 -36"><span class='ocrx_word' id='word_1_416' title='bbox 2225 2565 2326 2621; x_wconf 87' lang='lat' dir='ltr'><strong>hoc</strong></span> <span class='ocrx_word' id='word_1_417' title='bbox 2353 2582 2406 2638; x_wconf 83' lang='lat' dir='ltr'><strong>_a</strong></span> <span class='ocrx_word' id='word_1_418' title='bbox 2453 2569 2624 2636; x_wconf 73' lang='lat' dir='ltr'><strong>patris</strong></span> <span class='ocrx_word' id='word_1_419' title='bbox 2672 2570 2747 2624; x_wconf 93' lang='lat' dir='ltr'><strong>tui</strong></span> <span class='ocrx_word' id='word_1_420' title='bbox 2791 2573 3058 2640; x_wconf 89' lang='lat' dir='ltr'><strong>probitate</strong></span> <span class='ocrx_word' id='word_1_421' title='bbox 3105 2578 3436 2648; x_wconf 85' lang='lat' dir='ltr'><strong>degenerare</strong></span> <span class='ocrx_word' id='word_1_422' title='bbox 3475 2585 3730 2654; x_wconf 86' lang='lat' dir='ltr'><strong>perhiberis.</strong></span> 
     </span>
    </p>
   </div>
   <div class='ocr_carea' id='block_1_73' title="bbox 2221 2657 3730 2743">
    <p class='ocr_par' dir='ltr' id='par_1_73' title="bbox 2221 2657 3730 2743">
     <span class='ocr_line' id='line_1_74' title="bbox 2221 2657 3730 2743; baseline 0.012 -33"><span class='ocrx_word' id='word_1_423' title='bbox 2221 2657 2362 2728; x_wconf 84' lang='lat' dir='ltr'><strong>quod</strong></span> <span class='ocrx_word' id='word_1_424' title='bbox 2393 2659 2744 2714; x_wconf 85' lang='lat' dir='ltr'><strong>ecclesiarum</strong></span> <span class='ocrx_word' id='word_1_425' title='bbox 2774 2662 2897 2731; x_wconf 86' lang='lat' dir='ltr'><strong>jura</strong></span> <span class='ocrx_word' id='word_1_426' title='bbox 2942 2667 3246 2736; x_wconf 90' lang='lat' dir='ltr'><strong>perturbes,</strong></span> <span class='ocrx_word' id='word_1_427' title='bbox 3290 2683 3347 2728; x_wconf 85' lang='lat' dir='ltr'><strong>et</strong></span> <span class='ocrx_word' id='word_1_428' title='bbox 3388 2689 3515 2743; x_wconf 87' lang='lat' dir='ltr'><strong>qttas</strong></span> <span class='ocrx_word' id='word_1_429' title='bbox 3550 2674 3621 2729; x_wconf 87' lang='lat' dir='ltr'><strong>ille</strong></span> <span class='ocrx_word' id='word_1_430' title='bbox 3650 2675 3730 2728; x_wconf 81' lang='lat' dir='ltr'><strong>iun-</strong></span> 
     </span>
    </p>
   </div>
   <div class='ocr_carea' id='block_1_74' title="bbox 2221 2745 3732 2829">
    <p class='ocr_par' dir='ltr' id='par_1_74' title="bbox 2221 2745 3732 2829">
     <span class='ocr_line' id='line_1_75' title="bbox 2221 2745 3732 2829; baseline 0.01 -29"><span class='ocrx_word' id='word_1_431' title='bbox 2221 2745 2366 2800; x_wconf 89' lang='lat' dir='ltr'><strong>davit</strong></span> <span class='ocrx_word' id='word_1_432' title='bbox 2413 2747 2702 2818; x_wconf 83' lang='lat' dir='ltr'><strong>exspolies.</strong></span> <span class='ocrx_word' id='word_1_433' title='bbox 2752 2750 3002 2807; x_wconf 84' lang='lat' dir='ltr'><strong>Pervenit</strong></span> <span class='ocrx_word' id='word_1_434' title='bbox 3044 2754 3110 2809; x_wconf 90' lang='lat' dir='ltr'><strong>ad</strong></span> <span class='ocrx_word' id='word_1_435' title='bbox 3151 2772 3249 2812; x_wconf 86' lang='lat' dir='ltr'><strong>nos</strong></span> <span class='ocrx_word' id='word_1_436' title='bbox 3293 2760 3435 2829; x_wconf 90' lang='lat' dir='ltr'><strong>quod</strong></span> <span class='ocrx_word' id='word_1_437' title='bbox 3478 2762 3732 2815; x_wconf 80' lang='lat' dir='ltr'><strong>tnouastcrio</strong></span> 
     </span>
    </p>
   </div>
   <div class='ocr_carea' id='block_1_75' title="bbox 2222 2833 3730 2920">
    <p class='ocr_par' dir='ltr' id='par_1_75' title="bbox 2222 2833 3730 2920">
     <span class='ocr_line' id='line_1_76' title="bbox 2222 2833 3730 2920; baseline 0.011 -33"><span class='ocrx_word' id='word_1_438' title='bbox 2222 2833 2605 2892; x_wconf 86' lang='lat' dir='ltr'><strong>Vindocinensi</strong></span> <span class='ocrx_word' id='word_1_439' title='bbox 2647 2839 2933 2895; x_wconf 90' lang='lat' dir='ltr'><strong>ecclesiam</strong></span> <span class='ocrx_word' id='word_1_440' title='bbox 2980 2842 3130 2899; x_wconf 86' lang='lat' dir='ltr'><strong>Beati</strong></span> <span class='ocrx_word' id='word_1_441' title='bbox 3187 2845 3428 2920; x_wconf 84' lang='lat' dir='ltr'><strong>Georgii,</strong></span> <span class='ocrx_word' id='word_1_442' title='bbox 3469 2850 3518 2904; x_wconf 88' lang='lat' dir='ltr'><strong>in</strong></span> <span class='ocrx_word' id='word_1_443' title='bbox 3554 2849 3730 2906; x_wconf 83' lang='lat' dir='ltr'><strong>Oleronis</strong></span> 
     </span>
    </p>
   </div>
   <div class='ocr_carea' id='block_1_76' title="bbox 2219 2924 3728 3004">
    <p class='ocr_par' dir='ltr' id='par_1_76' title="bbox 2219 2924 3728 3004">
     <span class='ocr_line' id='line_1_77' title="bbox 2219 2924 3728 3004; baseline 0.009 -25"><span class='ocrx_word' id='word_1_444' title='bbox 2219 2924 2392 2980; x_wconf 90' lang='lat' dir='ltr'><strong>insula</strong></span> <span class='ocrx_word' id='word_1_445' title='bbox 2442 2926 2622 2992; x_wconf 88' lang='lat' dir='ltr'><strong>sitam,</strong></span> <span class='ocrx_word' id='word_1_446' title='bbox 2669 2944 2793 2984; x_wconf 91' lang='lat' dir='ltr'><strong>cum</strong></span> <span class='ocrx_word' id='word_1_447' title='bbox 2823 2932 3057 3001; x_wconf 89' lang='lat' dir='ltr'><strong>quadam</strong></span> <span class='ocrx_word' id='word_1_448' title='bbox 3091 2938 3294 3004; x_wconf 88' lang='lat' dir='ltr'><strong>optima</strong></span> <span class='ocrx_word' id='word_1_449' title='bbox 3332 2950 3470 2995; x_wconf 90' lang='lat' dir='ltr'><strong>terra</strong></span> <span class='ocrx_word' id='word_1_450' title='bbox 3497 2939 3728 2995; x_wconf 45' lang='lat' dir='ltr'><strong>abstulerit.</strong></span> 
     </span>
    </p>
   </div>
   <div class='ocr_carea' id='block_1_77' title="bbox 2220 3008 3730 3089">
    <p class='ocr_par' dir='ltr' id='par_1_77' title="bbox 2220 3008 3730 3089">
     <span class='ocr_line' id='line_1_78' title="bbox 2220 3008 3730 3089; baseline 0.01 -27"><span class='ocrx_word' id='word_1_451' title='bbox 2220 3008 2297 3064; x_wconf 91' lang='lat' dir='ltr'><strong>Te</strong></span> <span class='ocrx_word' id='word_1_452' title='bbox 2325 3010 2530 3081; x_wconf 90' lang='lat' dir='ltr'><strong>itaque,</strong></span> <span class='ocrx_word' id='word_1_453' title='bbox 2553 3015 2874 3071; x_wconf 90' lang='lat' dir='ltr'><strong>charissime</strong></span> <span class='ocrx_word' id='word_1_454' title='bbox 2899 3017 2995 3083; x_wconf 75' lang='lat' dir='ltr'><strong>(ili,</strong></span> <span class='ocrx_word' id='word_1_455' title='bbox 3028 3024 3389 3089; x_wconf 68' lang='lat' dir='ltr'><strong>praesentibus</strong></span> <span class='ocrx_word' id='word_1_456' title='bbox 3411 3026 3588 3082; x_wconf 88' lang='lat' dir='ltr'><strong>litteris</strong></span> <span class='ocrx_word' id='word_1_457' title='bbox 3603 3028 3730 3080; x_wconf 84' lang='lat' dir='ltr'><strong>admo-</strong></span> 
     </span>
    </p>
   </div>
   <div class='ocr_carea' id='block_1_78' title="bbox 2219 3104 3728 3181">
    <p class='ocr_par' dir='ltr' id='par_1_78' title="bbox 2219 3104 3728 3181">
     <span class='ocr_line' id='line_1_79' title="bbox 2219 3104 3728 3181; baseline 0.013 -29"><span class='ocrx_word' id='word_1_458' title='bbox 2219 3113 2412 3157; x_wconf 90' lang='lat' dir='ltr'><strong>nemus</strong></span> <span class='ocrx_word' id='word_1_459' title='bbox 2451 3111 2510 3156; x_wconf 93' lang='lat' dir='ltr'><strong>ut</strong></span> <span class='ocrx_word' id='word_1_460' title='bbox 2549 3104 2688 3160; x_wconf 87' lang='lat' dir='ltr'><strong>sicut</strong></span> <span class='ocrx_word' id='word_1_461' title='bbox 2729 3115 3040 3164; x_wconf 87' lang='lat' dir='ltr'><strong>sanctorum</strong></span> <span class='ocrx_word' id='word_1_462' title='bbox 3071 3114 3438 3181; x_wconf 90' lang='lat' dir='ltr'><strong>apostolorum</strong></span> <span class='ocrx_word' id='word_1_463' title='bbox 3471 3126 3523 3171; x_wconf 89' lang='lat' dir='ltr'><strong>et</strong></span> <span class='ocrx_word' id='word_1_464' title='bbox 3555 3128 3728 3172; x_wconf 81' lang='lat' dir='ltr'><strong>nosttaut</strong></span> 
     </span>
    </p>
   </div>
   <div class='ocr_carea' id='block_1_79' title="bbox 2223 3192 3728 3280">
    <p class='ocr_par' dir='ltr' id='par_1_79' title="bbox 2223 3192 3728 3280">
     <span class='ocr_line' id='line_1_80' title="bbox 2223 3192 3728 3280; baseline 0.011 -37"><span class='ocrx_word' id='word_1_465' title='bbox 2223 3192 2452 3260; x_wconf 87' lang='lat' dir='ltr'><strong>gratiam</strong></span> <span class='ocrx_word' id='word_1_466' title='bbox 2483 3194 2684 3268; x_wconf 82' lang='lat' dir='ltr'><strong>diligis,</strong></span> <span class='ocrx_word' id='word_1_467' title='bbox 2707 3199 2995 3258; x_wconf 91' lang='lat' dir='ltr'><strong>ecclesiam</strong></span> <span class='ocrx_word' id='word_1_468' title='bbox 3029 3202 3170 3258; x_wconf 90' lang='lat' dir='ltr'><strong>illam</strong></span> <span class='ocrx_word' id='word_1_469' title='bbox 3206 3214 3261 3260; x_wconf 89' lang='lat' dir='ltr'><strong>et</strong></span> <span class='ocrx_word' id='word_1_470' title='bbox 3305 3219 3494 3264; x_wconf 75' lang='lat' dir='ltr'><strong>caetera</strong></span> <span class='ocrx_word' id='word_1_471' title='bbox 3523 3224 3624 3280; x_wconf 70' lang='lat' dir='ltr'><strong>qtae</strong></span> <span class='ocrx_word' id='word_1_472' title='bbox 3646 3206 3728 3261; x_wconf 76' lang='lat' dir='ltr'><strong>Vin-</strong></span> 
     </span>
    </p>
   </div>
   <div class='ocr_carea' id='block_1_80' title="bbox 2220 3281 3728 3371">
    <p class='ocr_par' dir='ltr' id='par_1_80' title="bbox 2220 3281 3728 3371">
     <span class='ocr_line' id='line_1_81' title="bbox 2220 3281 3728 3371; baseline 0.013 -35"><span class='ocrx_word' id='word_1_473' title='bbox 2220 3281 2608 3343; x_wconf 90' lang='lat' dir='ltr'><strong>docinensibus</strong></span> <span class='ocrx_word' id='word_1_474' title='bbox 2644 3291 2928 3348; x_wconf 85' lang='lat' dir='ltr'><strong>monachis</strong></span> <span class='ocrx_word' id='word_1_475' title='bbox 2955 3295 3248 3362; x_wconf 88' lang='lat' dir='ltr'><strong>abstulisti,</strong></span> <span class='ocrx_word' id='word_1_476' title='bbox 3275 3297 3331 3354; x_wconf 92' lang='lat' dir='ltr'><strong>in</strong></span> <span class='ocrx_word' id='word_1_477' title='bbox 3359 3316 3537 3355; x_wconf 89' lang='lat' dir='ltr'><strong>eorum</strong></span> <span class='ocrx_word' id='word_1_478' title='bbox 3560 3311 3728 3371; x_wconf 68' lang='lat' dir='ltr'><strong>praesu-</strong></span> 
     </span>
    </p>
   </div>
   <div class='ocr_carea' id='block_1_81' title="bbox 2221 3378 3726 3464">
    <p class='ocr_par' dir='ltr' id='par_1_81' title="bbox 2221 3378 3726 3464">
     <span class='ocr_line' id='line_1_82' title="bbox 2221 3378 3726 3464; baseline 0.013 -36"><span class='ocrx_word' id='word_1_479' title='bbox 2221 3381 2327 3430; x_wconf 89' lang='lat' dir='ltr'><strong>tem</strong></span> <span class='ocrx_word' id='word_1_480' title='bbox 2363 3378 2586 3437; x_wconf 90' lang='lat' dir='ltr'><strong>omnino</strong></span> <span class='ocrx_word' id='word_1_481' title='bbox 2633 3381 2911 3439; x_wconf 89' lang='lat' dir='ltr'><strong>restituas.</strong></span> <span class='ocrx_word' id='word_1_482' title='bbox 2967 3385 3075 3443; x_wconf 85' lang='lat' dir='ltr'><strong>Res</strong></span> <span class='ocrx_word' id='word_1_483' title='bbox 3120 3389 3265 3443; x_wconf 90' lang='lat' dir='ltr'><strong>enim</strong></span> <span class='ocrx_word' id='word_1_484' title='bbox 3309 3406 3493 3448; x_wconf 90' lang='lat' dir='ltr'><strong>eorum</strong></span> <span class='ocrx_word' id='word_1_485' title='bbox 3517 3403 3726 3464; x_wconf 63' lang='lat' dir='ltr'><strong>paratum</strong></span> 
     </span>
    </p>
   </div>
   <div class='ocr_carea' id='block_1_82' title="bbox 2222 3471 3723 3550">
    <p class='ocr_par' dir='ltr' id='par_1_82' title="bbox 2222 3471 3723 3550">
     <span class='ocr_line' id='line_1_83' title="bbox 2222 3471 3723 3550; baseline 0.009 -29"><span class='ocrx_word' id='word_1_486' title='bbox 2222 3475 2433 3524; x_wconf 89' lang='lat' dir='ltr'><strong>tuorum</strong></span> <span class='ocrx_word' id='word_1_487' title='bbox 2455 3471 2814 3545; x_wconf 65' lang='lat' dir='ltr'><strong>eleemosynae</strong></span> <span class='ocrx_word' id='word_1_488' title='bbox 2829 3484 2955 3532; x_wconf 90' lang='lat' dir='ltr'><strong>sunt</strong></span> <span class='ocrx_word' id='word_1_489' title='bbox 2977 3486 3032 3533; x_wconf 88' lang='lat' dir='ltr'><strong>et</strong></span> <span class='ocrx_word' id='word_1_490' title='bbox 3047 3480 3363 3550; x_wconf 86' lang='lat' dir='ltr'><strong>apostolicae</strong></span> <span class='ocrx_word' id='word_1_491' title='bbox 3379 3485 3516 3544; x_wconf 87' lang='lat' dir='ltr'><strong>sedis</strong></span> <span class='ocrx_word' id='word_1_492' title='bbox 3535 3484 3723 3539; x_wconf 80' lang='lat' dir='ltr'><strong>alodium.</strong></span> 
     </span>
    </p>
   </div>
   <div class='ocr_carea' id='block_1_83' title="bbox 2217 3559 3724 3647">
    <p class='ocr_par' dir='ltr' id='par_1_83' title="bbox 2217 3559 3724 3647">
     <span class='ocr_line' id='line_1_84' title="bbox 2217 3559 3724 3647; baseline 0.011 -35"><span class='ocrx_word' id='word_1_493' title='bbox 2217 3559 2371 3627; x_wconf 87' lang='lat' dir='ltr'><strong>Quod</strong></span> <span class='ocrx_word' id='word_1_494' title='bbox 2421 3563 2468 3618; x_wconf 85' lang='lat' dir='ltr'><strong>si</strong></span> <span class='ocrx_word' id='word_1_495' title='bbox 2516 3563 2657 3620; x_wconf 77' lang='lat' dir='ltr'><strong>infra</strong></span> <span class='ocrx_word' id='word_1_496' title='bbox 2694 3568 2813 3623; x_wconf 88' lang='lat' dir='ltr'><strong>dies</strong></span> <span class='ocrx_word' id='word_1_497' title='bbox 2857 3569 3074 3640; x_wconf 87' lang='lat' dir='ltr'><strong>triginta</strong></span> <span class='ocrx_word' id='word_1_498' title='bbox 3122 3572 3383 3632; x_wconf 85' lang='lat' dir='ltr'><strong>visis-bis</strong></span> <span class='ocrx_word' id='word_1_499' title='bbox 3429 3577 3601 3636; x_wconf 86' lang='lat' dir='ltr'><strong>litteris</strong></span> <span class='ocrx_word' id='word_1_500' title='bbox 3629 3577 3724 3647; x_wconf 85' lang='lat' dir='ltr'><strong>quod</strong></span> 
     </span>
    </p>
   </div>
   <div class='ocr_carea' id='block_1_84' title="bbox 2217 3651 3722 3739">
    <p class='ocr_par' dir='ltr' id='par_1_84' title="bbox 2217 3651 3722 3739">
     <span class='ocr_line' id='line_1_85' title="bbox 2217 3651 3722 3739; baseline 0.011 -36"><span class='ocrx_word' id='word_1_501' title='bbox 2217 3651 2539 3709; x_wconf 90' lang='lat' dir='ltr'><strong>mandamus</strong></span> <span class='ocrx_word' id='word_1_502' title='bbox 2556 3655 2852 3727; x_wconf 89' lang='lat' dir='ltr'><strong>adimplere</strong></span> <span class='ocrx_word' id='word_1_503' title='bbox 2866 3663 3282 3730; x_wconf 81' lang='lat' dir='ltr'><strong>contempseris,</strong></span> <span class='ocrx_word' id='word_1_504' title='bbox 3305 3675 3364 3720; x_wconf 93' lang='lat' dir='ltr'><strong>et</strong></span> <span class='ocrx_word' id='word_1_505' title='bbox 3380 3667 3722 3739; x_wconf 80' lang='lat' dir='ltr'><strong>indignationem</strong></span> 
     </span>
    </p>
   </div>
   <div class='ocr_carea' id='block_1_85' title="bbox 2215 3742 3723 3818">
    <p class='ocr_par' dir='ltr' id='par_1_85' title="bbox 2215 3742 3723 3818">
     <span class='ocr_line' id='line_1_86' title="bbox 2215 3742 3723 3818; baseline 0.011 -26"><span class='ocrx_word' id='word_1_506' title='bbox 2215 3748 2458 3796; x_wconf 89' lang='lat' dir='ltr'><strong>nostram</strong></span> <span class='ocrx_word' id='word_1_507' title='bbox 2501 3742 2779 3800; x_wconf 90' lang='lat' dir='ltr'><strong>incurristi</strong></span> <span class='ocrx_word' id='word_1_508' title='bbox 2799 3787 2814 3815; x_wconf 92' lang='lat'><strong>,</strong></span> <span class='ocrx_word' id='word_1_509' title='bbox 2845 3755 2902 3802; x_wconf 83' lang='lat' dir='ltr'><strong>et</strong></span> <span class='ocrx_word' id='word_1_510' title='bbox 2934 3749 3246 3818; x_wconf 83' lang='lat' dir='ltr'><strong>apostolicae</strong></span> <span class='ocrx_word' id='word_1_511' title='bbox 3283 3755 3429 3812; x_wconf 84' lang='lat' dir='ltr'><strong>sedis</strong></span> <span class='ocrx_word' id='word_1_512' title='bbox 3457 3758 3723 3812; x_wconf 79' lang='lat' dir='ltr'><strong>anathemate</strong></span> 
     </span>
    </p>
   </div>
   <div class='ocr_carea' id='block_1_86' title="bbox 2217 3818 3718 3912">
    <p class='ocr_par' dir='ltr' id='par_1_86' title="bbox 2217 3818 3718 3912">
     <span class='ocr_line' id='line_1_87' title="bbox 2217 3818 3718 3912; baseline 0.011 -29"><span class='ocrx_word' id='word_1_513' title='bbox 2217 3818 2269 3884; x_wconf 89' lang='lat' dir='ltr'><strong>te</strong></span> <span class='ocrx_word' id='word_1_514' title='bbox 2302 3845 2616 3901; x_wconf 92' lang='lat' dir='ltr'><strong>percussum</strong></span> <span class='ocrx_word' id='word_1_515' title='bbox 2660 3836 3030 3895; x_wconf 87' lang='lat' dir='ltr'><strong>indubitanter</strong></span> <span class='ocrx_word' id='word_1_516' title='bbox 3079 3856 3366 3912; x_wconf 85' lang='lat' dir='ltr'><strong>agnoscas.</strong></span> <span class='ocrx_word' id='word_1_517' title='bbox 3407 3846 3718 3905; x_wconf 80' lang='lat' dir='ltr'><strong>Monasterium</strong></span> 
     </span>
    </p>
   </div>
   <div class='ocr_carea' id='block_1_87' title="bbox 2217 3918 3723 4009">
    <p class='ocr_par' dir='ltr' id='par_1_87' title="bbox 2217 3918 3723 4009">
     <span class='ocr_line' id='line_1_88' title="bbox 2217 3918 3723 4009; baseline 0.013 -36"><span class='ocrx_word' id='word_1_518' title='bbox 2217 3918 2620 3980; x_wconf 84' lang='lat' dir='ltr'><strong>Vindocinense</strong></span> <span class='ocrx_word' id='word_1_519' title='bbox 2641 3935 2697 3981; x_wconf 88' lang='lat' dir='ltr'><strong>et</strong></span> <span class='ocrx_word' id='word_1_520' title='bbox 2724 3941 2813 3983; x_wconf 84' lang='lat' dir='ltr'><strong>res</strong></span> <span class='ocrx_word' id='word_1_521' title='bbox 2834 3929 2901 3984; x_wconf 90' lang='lat' dir='ltr'><strong>ad</strong></span> <span class='ocrx_word' id='word_1_522' title='bbox 2925 3929 3100 4000; x_wconf 90' lang='lat' dir='ltr'><strong>ipsum</strong></span> <span class='ocrx_word' id='word_1_523' title='bbox 3123 3937 3462 4004; x_wconf 87' lang='lat' dir='ltr'><strong>pertinentes</strong></span> <span class='ocrx_word' id='word_1_524' title='bbox 3484 3939 3548 3995; x_wconf 91' lang='lat' dir='ltr'><strong>ita</strong></span> <span class='ocrx_word' id='word_1_525' title='bbox 3569 3945 3723 4009; x_wconf 84' lang='lat' dir='ltr'><strong>aposto-</strong></span> 
     </span>
    </p>
   </div>
   <div class='ocr_carea' id='block_1_88' title="bbox 2213 4010 3722 4099">
    <p class='ocr_par' dir='ltr' id='par_1_88' title="bbox 2213 4010 3722 4099">
     <span class='ocr_line' id='line_1_89' title="bbox 2213 4010 3722 4099; baseline 0.015 -35"><span class='ocrx_word' id='word_1_526' title='bbox 2213 4010 2316 4066; x_wconf 89' lang='lat' dir='ltr'><strong>lica</strong></span> <span class='ocrx_word' id='word_1_527' title='bbox 2347 4014 2675 4073; x_wconf 90' lang='lat' dir='ltr'><strong>auctoritate</strong></span> <span class='ocrx_word' id='word_1_528' title='bbox 2719 4021 3088 4081; x_wconf 69' lang='lat' dir='ltr'><strong>corroborata:</strong></span> <span class='ocrx_word' id='word_1_529' title='bbox 3126 4040 3461 4099; x_wconf 90' lang='lat' dir='ltr'><strong>noscuntur,</strong></span> <span class='ocrx_word' id='word_1_530' title='bbox 3498 4041 3550 4087; x_wconf 93' lang='lat' dir='ltr'><strong>ut</strong></span> <span class='ocrx_word' id='word_1_531' title='bbox 3574 4032 3610 4087; x_wconf 90' lang='lat' dir='ltr'><strong>si</strong></span> <span class='ocrx_word' id='word_1_532' title='bbox 3636 4028 3722 4098; x_wconf 84' lang='lat' dir='ltr'><strong>quid</strong></span> 
     </span>
    </p>
   </div>
   <div class='ocr_carea' id='block_1_89' title="bbox 2212 4101 3721 4193">
    <p class='ocr_par' dir='ltr' id='par_1_89' title="bbox 2212 4101 3721 4193">
     <span class='ocr_line' id='line_1_90' title="bbox 2212 4101 3721 4193; baseline 0.013 -37"><span class='ocrx_word' id='word_1_533' title='bbox 2212 4101 2337 4158; x_wconf 90' lang='lat' dir='ltr'><strong>inde</strong></span> <span class='ocrx_word' id='word_1_534' title='bbox 2382 4104 2620 4162; x_wconf 89' lang='lat' dir='ltr'><strong>ablatum</strong></span> <span class='ocrx_word' id='word_1_535' title='bbox 2655 4109 2741 4166; x_wconf 86' lang='lat' dir='ltr'><strong>vel</strong></span> <span class='ocrx_word' id='word_1_536' title='bbox 2775 4111 3093 4172; x_wconf 88' lang='lat' dir='ltr'><strong>distractum</strong></span> <span class='ocrx_word' id='word_1_537' title='bbox 3133 4133 3166 4174; x_wconf 91' lang='lat' dir='ltr'><strong>a</strong></span> <span class='ocrx_word' id='word_1_538' title='bbox 3205 4135 3477 4193; x_wconf 89' lang='lat' dir='ltr'><strong>quoquam</strong></span> <span class='ocrx_word' id='word_1_539' title='bbox 3519 4122 3677 4184; x_wconf 82' lang='lat' dir='ltr'><strong>fuerit,</strong></span> <span class='ocrx_word' id='word_1_540' title='bbox 3702 4133 3721 4171; x_wconf 67' lang='grc' dir='ltr'>ι</span> 
     </span>
    </p>
   </div>
   <div class='ocr_carea' id='block_1_90' title="bbox 2209 4193 3722 4270">
    <p class='ocr_par' dir='ltr' id='par_1_90' title="bbox 2209 4193 3722 4270">
     <span class='ocr_line' id='line_1_91' title="bbox 2209 4193 3722 4270; baseline 0.012 -23"><span class='ocrx_word' id='word_1_541' title='bbox 2209 4193 2702 4262; x_wconf 73' lang='lat' dir='ltr'><strong>praedecessoribus</strong></span> <span class='ocrx_word' id='word_1_542' title='bbox 2744 4205 2944 4260; x_wconf 90' lang='lat' dir='ltr'><strong>nostris</strong></span> <span class='ocrx_word' id='word_1_543' title='bbox 2981 4213 3509 4270; x_wconf 86' lang='lat' dir='ltr'><strong>excommunicatum</strong></span> <span class='ocrx_word' id='word_1_544' title='bbox 3545 4228 3631 4268; x_wconf 87' lang='lat' dir='ltr'><strong>non</strong></span> <span class='ocrx_word' id='word_1_545' title='bbox 3656 4209 3722 4265; x_wconf 90' lang='lat' dir='ltr'><strong>du-</strong></span> 
     </span>
    </p>
   </div>
   <div class='ocr_carea' id='block_1_91' title="bbox 2207 4285 3719 4363">
    <p class='ocr_par' dir='ltr' id='par_1_91' title="bbox 2207 4285 3719 4363">
     <span class='ocr_line' id='line_1_92' title="bbox 2207 4285 3719 4363; baseline 0.01 -21"><span class='ocrx_word' id='word_1_546' title='bbox 2207 4285 2387 4355; x_wconf 86' lang='lat' dir='ltr'><strong>bites;</strong></span> <span class='ocrx_word' id='word_1_547' title='bbox 2426 4299 2481 4346; x_wconf 92' lang='lat' dir='ltr'><strong>ct</strong></span> <span class='ocrx_word' id='word_1_548' title='bbox 2525 4308 2686 4363; x_wconf 91' lang='lat' dir='ltr'><strong>quem</strong></span> <span class='ocrx_word' id='word_1_549' title='bbox 2728 4294 2874 4352; x_wconf 89' lang='lat' dir='ltr'><strong>beati</strong></span> <span class='ocrx_word' id='word_1_550' title='bbox 2920 4299 2995 4354; x_wconf 91' lang='lat' dir='ltr'><strong>illi</strong></span> <span class='ocrx_word' id='word_1_551' title='bbox 3038 4302 3138 4356; x_wconf 89' lang='lat' dir='ltr'><strong>viri</strong></span> <span class='ocrx_word' id='word_1_552' title='bbox 3186 4308 3719 4363; x_wconf 78' lang='lat' dir='ltr'><strong>excommunicarernnl</strong></span> 
     </span>
    </p>
   </div>
   <div class='ocr_carea' id='block_1_92' title="bbox 2207 4385 3718 4466">
    <p class='ocr_par' dir='ltr' id='par_1_92' title="bbox 2207 4385 3718 4466">
     <span class='ocr_line' id='line_1_93' title="bbox 2207 4385 3718 4466; baseline 0.013 -35"><span class='ocrx_word' id='word_1_553' title='bbox 2207 4392 2313 4433; x_wconf 91' lang='lat' dir='ltr'><strong>non</strong></span> <span class='ocrx_word' id='word_1_554' title='bbox 2348 4395 2637 4450; x_wconf 88' lang='lat' dir='ltr'><strong>possumus</strong></span> <span class='ocrx_word' id='word_1_555' title='bbox 2674 4385 2916 4454; x_wconf 85' lang='lat' dir='ltr'><strong>solvere,</strong></span> <span class='ocrx_word' id='word_1_556' title='bbox 2954 4405 3052 4446; x_wconf 91' lang='lat' dir='ltr'><strong>nec</strong></span> <span class='ocrx_word' id='word_1_557' title='bbox 3083 4393 3385 4452; x_wconf 91' lang='lat' dir='ltr'><strong>debemus:</strong></span> <span class='ocrx_word' id='word_1_558' title='bbox 3419 4397 3506 4454; x_wconf 91' lang='lat' dir='ltr'><strong>sed</strong></span> <span class='ocrx_word' id='word_1_559' title='bbox 3530 4395 3646 4466; x_wconf 87' lang='lat' dir='ltr'><strong>quod</strong></span> <span class='ocrx_word' id='word_1_560' title='bbox 3669 4391 3718 4446; x_wconf 77' lang='lat' dir='ltr'><strong>fe-</strong></span> 
     </span>
    </p>
   </div>
   <div class='ocr_carea' id='block_1_93' title="bbox 519 4477 3445 4566">
    <p class='ocr_par' dir='ltr' id='par_1_93' title="bbox 519 4477 3445 4566">
     <span class='ocr_line' id='line_1_94' title="bbox 519 4477 3445 4566; baseline 0.017 -28"><span class='ocrx_word' id='word_1_561' title='bbox 519 4485 994 4558; x_wconf 87' lang='lat' dir='ltr'><strong>rcdintegrandum</strong></span> <span class='ocrx_word' id='word_1_562' title='bbox 1025 4495 1328 4552; x_wconf 61' lang='lat' dir='ltr'><strong>commissae</strong></span> <span class='ocrx_word' id='word_1_563' title='bbox 1346 4477 1446 4555; x_wconf 83' lang='lat' dir='ltr'><strong>sibi</strong></span> <span class='ocrx_word' id='word_1_564' title='bbox 1470 4477 1724 4560; x_wconf 60' lang='lat' dir='ltr'><strong>Ecclesiae</strong></span> <span class='ocrx_word' id='word_1_565' title='bbox 1753 4517 1954 4564; x_wconf 90' lang='lat' dir='ltr'><strong>statum</strong></span> <span class='ocrx_word' id='word_1_566' title='bbox 1983 4519 2106 4566; x_wconf 89' lang='lat' dir='ltr'><strong>tan-</strong></span> <span class='ocrx_word' id='word_1_567' title='bbox 2138 4509 2182 4562; x_wconf 88' lang='lat' dir='ltr'><strong>D</strong></span> <span class='ocrx_word' id='word_1_568' title='bbox 2208 4479 2418 4566; x_wconf 43' lang='lat' dir='ltr'><strong>cetum’</strong></span> <span class='ocrx_word' id='word_1_569' title='bbox 2442 4487 2540 4566; x_wconf 66' lang='lat' dir='ltr'><strong>no.8</strong></span> <span class='ocrx_word' id='word_1_570' title='bbox 2564 4477 2754 4532; x_wconf 68' lang='lat' dir='ltr'><strong>eadem</strong></span> <span class='ocrx_word' id='word_1_571' title='bbox 2784 4489 3110 4565; x_wconf 51' lang='lat' dir='ltr'><strong>auglomale</strong></span> <span class='ocrx_word' id='word_1_572' title='bbox 3143 4485 3445 4545; x_wconf 64' lang='lat' dir='ltr'><strong>ﬁrmamus&#39;</strong></span> 
     </span>
    </p>
   </div>
   <div class='ocr_carea' id='block_1_94' title="bbox 514 4581 2101 4661">
    <p class='ocr_par' dir='ltr' id='par_1_94' title="bbox 514 4581 2101 4661">
     <span class='ocr_line' id='line_1_95' title="bbox 514 4581 2101 4661; baseline 0.02 -32"><span class='ocrx_word' id='word_1_573' title='bbox 514 4591 680 4644; x_wconf 88' lang='lat' dir='ltr'><strong>quam</strong></span> <span class='ocrx_word' id='word_1_574' title='bbox 711 4581 971 4639; x_wconf 76' lang='lat' dir='ltr'><strong>confratri</strong></span> <span class='ocrx_word' id='word_1_575' title='bbox 994 4587 1394 4661; x_wconf 89' lang='lat' dir='ltr'><strong>et.coepiscopo</strong></span> <span class='ocrx_word' id='word_1_576' title='bbox 1418 4593 1645 4651; x_wconf 89' lang='lat' dir='ltr'><strong>sollicite</strong></span> <span class='ocrx_word' id='word_1_577' title='bbox 1671 4599 1962 4657; x_wconf 88' lang='lat' dir='ltr'><strong>assistatis.</strong></span> <span class='ocrx_word' id='word_1_578' title='bbox 1990 4602 2101 4660; x_wconf 82' lang='lat' dir='ltr'><strong>Nos</strong></span> 
     </span>
    </p>
   </div>
   <div class='ocr_carea' id='block_1_95' title="bbox 515 4667 2094 4759">
    <p class='ocr_par' dir='ltr' id='par_1_95' title="bbox 515 4667 2094 4759">
     <span class='ocr_line' id='line_1_96' title="bbox 515 4667 2094 4759; baseline 0.02 -40"><span class='ocrx_word' id='word_1_579' title='bbox 515 4667 785 4736; x_wconf 88' lang='lat' dir='ltr'><strong>siquidem</strong></span> <span class='ocrx_word' id='word_1_580' title='bbox 836 4682 1060 4731; x_wconf 89' lang='lat' dir='ltr'><strong>auctore</strong></span> <span class='ocrx_word' id='word_1_581' title='bbox 1099 4676 1209 4733; x_wconf 90' lang='lat' dir='ltr'><strong>Deo</strong></span> <span class='ocrx_word' id='word_1_582' title='bbox 1233 4678 1526 4750; x_wconf 88' lang='lat' dir='ltr'><strong>legitimum</strong></span> <span class='ocrx_word' id='word_1_583' title='bbox 1555 4689 1941 4759; x_wconf 87' lang='lat' dir='ltr'><strong>sempiternum</strong></span> <span class='ocrx_word' id='word_1_584' title='bbox 1983 4707 2094 4749; x_wconf 79' lang='lat' dir='ltr'><strong>Sla-</strong></span> 
     </span>
    </p>
   </div>
   <div class='ocr_carea' id='block_1_96' title="bbox 522 4759 2100 4858">
    <p class='ocr_par' dir='ltr' id='par_1_96' title="bbox 522 4759 2100 4858">
     <span class='ocr_line' id='line_1_97' title="bbox 522 4759 2100 4858; baseline 0.02 -47"><span class='ocrx_word' id='word_1_585' title='bbox 522 4759 743 4828; x_wconf 91' lang='lat' dir='ltr'><strong>tuimus,</strong></span> <span class='ocrx_word' id='word_1_586' title='bbox 775 4773 834 4818; x_wconf 94' lang='lat' dir='ltr'><strong>ut</strong></span> <span class='ocrx_word' id='word_1_587' title='bbox 860 4767 1240 4827; x_wconf 85' lang='lat' dir='ltr'><strong>Atrebatensis</strong></span> <span class='ocrx_word' id='word_1_588' title='bbox 1269 4773 1511 4831; x_wconf 86' lang='lat' dir='ltr'><strong>Ecclesia</strong></span> <span class='ocrx_word' id='word_1_589' title='bbox 1537 4781 1796 4837; x_wconf 88' lang='lat' dir='ltr'><strong>cardinali</strong></span> <span class='ocrx_word' id='word_1_590' title='bbox 1844 4785 2100 4858; x_wconf 90' lang='lat' dir='ltr'><strong>deinceps</strong></span> 
     </span>
    </p>
   </div>
   <div class='ocr_carea' id='block_1_97' title="bbox 517 4853 2099 4949">
    <p class='ocr_par' dir='ltr' id='par_1_97' title="bbox 517 4853 2099 4949">
     <span class='ocr_line' id='line_1_98' title="bbox 517 4853 2099 4949; baseline 0.02 -44"><span class='ocrx_word' id='word_1_591' title='bbox 517 4853 757 4920; x_wconf 82' lang='lat' dir='ltr'><strong>potiatur</strong></span> <span class='ocrx_word' id='word_1_592' title='bbox 781 4859 1054 4931; x_wconf 86' lang='lat' dir='ltr'><strong>episcopo.</strong></span> <span class='ocrx_word' id='word_1_593' title='bbox 1090 4862 1242 4931; x_wconf 86' lang='lat' dir='ltr'><strong>Quod</strong></span> <span class='ocrx_word' id='word_1_594' title='bbox 1285 4879 1557 4925; x_wconf 87' lang='lat' dir='ltr'><strong>annuente</strong></span> <span class='ocrx_word' id='word_1_595' title='bbox 1595 4873 1703 4928; x_wconf 89' lang='lat' dir='ltr'><strong>Deo</strong></span> <span class='ocrx_word' id='word_1_596' title='bbox 1731 4883 1787 4930; x_wconf 88' lang='lat' dir='ltr'><strong>et</strong></span> <span class='ocrx_word' id='word_1_597' title='bbox 1828 4853 2099 4949; x_wconf 78' lang='lat' dir='ltr'><strong>religionis</strong></span> 
     </span>
    </p>
   </div>
   <div class='ocr_carea' id='block_1_98' title="bbox 520 4952 2098 5039">
    <p class='ocr_par' dir='ltr' id='par_1_98' title="bbox 520 4952 2098 5039">
     <span class='ocr_line' id='line_1_99' title="bbox 520 4952 2098 5039; baseline 0.019 -43"><span class='ocrx_word' id='word_1_598' title='bbox 520 4955 808 5013; x_wconf 84' lang='lat' dir='ltr'><strong>augmento</strong></span> <span class='ocrx_word' id='word_1_599' title='bbox 845 4959 900 5005; x_wconf 92' lang='lat' dir='ltr'><strong>et</strong></span> <span class='ocrx_word' id='word_1_600' title='bbox 930 4952 1235 5009; x_wconf 89' lang='lat' dir='ltr'><strong>animarum</strong></span> <span class='ocrx_word' id='word_1_601' title='bbox 1290 4957 1474 5025; x_wconf 84' lang='lat' dir='ltr'><strong>saluti,</strong></span> <span class='ocrx_word' id='word_1_602' title='bbox 1516 4969 1572 5015; x_wconf 90' lang='lat' dir='ltr'><strong>et</strong></span> <span class='ocrx_word' id='word_1_603' title='bbox 1619 4969 1899 5036; x_wconf 88' lang='lat' dir='ltr'><strong>temporali</strong></span> <span class='ocrx_word' id='word_1_604' title='bbox 1927 4970 2098 5039; x_wconf 92' lang='lat' dir='ltr'><strong>ipsius</strong></span> 
     </span>
    </p>
   </div>
   <div class='ocr_carea' id='block_1_99' title="bbox 521 5032 2092 5127">
    <p class='ocr_par' dir='ltr' id='par_1_99' title="bbox 521 5032 2092 5127">
     <span class='ocr_line' id='line_1_100' title="bbox 521 5032 2092 5127; baseline 0.02 -42"><span class='ocrx_word' id='word_1_605' title='bbox 521 5032 775 5092; x_wconf 68' lang='lat' dir='ltr'><strong>Ecclesiae</strong></span> <span class='ocrx_word' id='word_1_606' title='bbox 797 5041 1109 5100; x_wconf 77' lang='lat' dir='ltr'><strong>rchlationi</strong></span> <span class='ocrx_word' id='word_1_607' title='bbox 1131 5047 1421 5118; x_wconf 90' lang='lat' dir='ltr'><strong>plurimum</strong></span> <span class='ocrx_word' id='word_1_608' title='bbox 1445 5054 1712 5111; x_wconf 86' lang='lat' dir='ltr'><strong>credimus</strong></span> <span class='ocrx_word' id='word_1_609' title='bbox 1735 5057 2092 5127; x_wconf 77' lang='lat' dir='ltr'><strong>profuturum.</strong></span> 
     </span>
    </p>
   </div>
   <div class='ocr_carea' id='block_1_100' title="bbox 521 5123 2101 5220">
    <p class='ocr_par' dir='ltr' id='par_1_100' title="bbox 521 5123 2101 5220">
     <span class='ocr_line' id='line_1_101' title="bbox 521 5123 2101 5220; baseline 0.023 -43"><span class='ocrx_word' id='word_1_610' title='bbox 521 5123 676 5182; x_wconf 83' lang='lat' dir='ltr'><strong>Nunc</strong></span> <span class='ocrx_word' id='word_1_611' title='bbox 723 5137 824 5186; x_wconf 69' lang='lat' dir='ltr'><strong>tute</strong></span> <span class='ocrx_word' id='word_1_612' title='bbox 856 5133 1232 5197; x_wconf 90' lang='lat' dir='ltr'><strong>sollicitudinis</strong></span> <span class='ocrx_word' id='word_1_613' title='bbox 1265 5143 1512 5214; x_wconf 89' lang='lat' dir='ltr'><strong>interest,</strong></span> <span class='ocrx_word' id='word_1_614' title='bbox 1566 5151 1885 5220; x_wconf 82' lang='lat' dir='ltr'><strong>charissima</strong></span> <span class='ocrx_word' id='word_1_615' title='bbox 1927 5156 2101 5214; x_wconf 79' lang='lat' dir='ltr'><strong>frater</strong></span> 
     </span>
    </p>
   </div>
   <div class='ocr_carea' id='block_1_101' title="bbox 519 5215 2099 5315">
    <p class='ocr_par' dir='ltr' id='par_1_101' title="bbox 519 5215 2099 5315">
     <span class='ocr_line' id='line_1_102' title="bbox 519 5215 2099 5315; baseline 0.024 -47"><span class='ocrx_word' id='word_1_616' title='bbox 519 5215 804 5288; x_wconf 79' lang='lat' dir='ltr'><strong>ﬂainolde,</strong></span> <span class='ocrx_word' id='word_1_617' title='bbox 829 5222 918 5291; x_wconf 89' lang='lat' dir='ltr'><strong>qui</strong></span> <span class='ocrx_word' id='word_1_618' title='bbox 958 5233 1064 5280; x_wconf 89' lang='lat' dir='ltr'><strong>tam</strong></span> <span class='ocrx_word' id='word_1_619' title='bbox 1113 5230 1461 5292; x_wconf 85' lang='lat' dir='ltr'><strong>Atrebalensi</strong></span> <span class='ocrx_word' id='word_1_620' title='bbox 1501 5217 1760 5298; x_wconf 71' lang='lat' dir='ltr'><strong>Ecclesne</strong></span> <span class='ocrx_word' id='word_1_621' title='bbox 1806 5262 1967 5315; x_wconf 89' lang='lat' dir='ltr'><strong>quam</strong></span> <span class='ocrx_word' id='word_1_622' title='bbox 1997 5247 2099 5306; x_wconf 84' lang='lat' dir='ltr'><strong>Ca-</strong></span> 
     </span>
    </p>
   </div>
   <div class='ocr_carea' id='block_1_102' title="bbox 517 5312 2098 5404">
    <p class='ocr_par' dir='ltr' id='par_1_102' title="bbox 517 5312 2098 5404">
     <span class='ocr_line' id='line_1_103' title="bbox 517 5312 2098 5404; baseline 0.023 -43"><span class='ocrx_word' id='word_1_623' title='bbox 517 5312 816 5368; x_wconf 87' lang='lat' dir='ltr'><strong>meraceusi</strong></span> <span class='ocrx_word' id='word_1_624' title='bbox 849 5319 1242 5388; x_wconf 86' lang='lat' dir='ltr'><strong>metropolitani</strong></span> <span class='ocrx_word' id='word_1_625' title='bbox 1299 5331 1623 5388; x_wconf 90' lang='lat' dir='ltr'><strong>auctoritate</strong></span> <span class='ocrx_word' id='word_1_626' title='bbox 1677 5312 1966 5404; x_wconf 72' lang='lat' dir='ltr'><strong>praesidere</strong></span> <span class='ocrx_word' id='word_1_627' title='bbox 2004 5355 2098 5396; x_wconf 86' lang='lat' dir='ltr'><strong>ce-</strong></span> 
     </span>
    </p>
   </div>
   <div class='ocr_carea' id='block_1_103' title="bbox 514 5402 2094 5498">
    <p class='ocr_par' dir='ltr' id='par_1_103' title="bbox 514 5402 2094 5498">
     <span class='ocr_line' id='line_1_104' title="bbox 514 5402 2094 5498; baseline 0.022 -45"><span class='ocrx_word' id='word_1_628' title='bbox 514 5402 816 5470; x_wconf 82' lang='lat' dir='ltr'><strong>gnosceris,</strong></span> <span class='ocrx_word' id='word_1_629' title='bbox 849 5420 943 5460; x_wconf 90' lang='lat' dir='ltr'><strong>eos</strong></span> <span class='ocrx_word' id='word_1_630' title='bbox 967 5421 1159 5466; x_wconf 66' lang='lat' dir='ltr'><strong>omncs</strong></span> <span class='ocrx_word' id='word_1_631' title='bbox 1187 5416 1277 5483; x_wconf 88' lang='lat' dir='ltr'><strong>qui</strong></span> <span class='ocrx_word' id='word_1_632' title='bbox 1305 5421 1599 5487; x_wconf 87' lang='lat' dir='ltr'><strong>secundum</strong></span> <span class='ocrx_word' id='word_1_633' title='bbox 1629 5402 1892 5498; x_wconf 76' lang='lat' dir='ltr'><strong>privilegii</strong></span> <span class='ocrx_word' id='word_1_634' title='bbox 1921 5434 2094 5487; x_wconf 87' lang='lat' dir='ltr'><strong>nostri</strong></span> 
     </span>
    </p>
   </div>
   <div class='ocr_carea' id='block_1_104' title="bbox 515 5495 2091 5590">
    <p class='ocr_par' dir='ltr' id='par_1_104' title="bbox 515 5495 2091 5590">
     <span class='ocr_line' id='line_1_105' title="bbox 515 5495 2091 5590; baseline 0.022 -45"><span class='ocrx_word' id='word_1_635' title='bbox 515 5501 762 5548; x_wconf 85' lang='lat' dir='ltr'><strong>tenorem</strong></span> <span class='ocrx_word' id='word_1_636' title='bbox 808 5495 875 5550; x_wconf 93' lang='lat' dir='ltr'><strong>ad</strong></span> <span class='ocrx_word' id='word_1_637' title='bbox 908 5496 1316 5561; x_wconf 76' lang='lat' dir='ltr'><strong>Atrebatenscm</strong></span> <span class='ocrx_word' id='word_1_638' title='bbox 1345 5511 1598 5568; x_wconf 82' lang='lat' dir='ltr'><strong>videntur</strong></span> <span class='ocrx_word' id='word_1_639' title='bbox 1629 5495 1906 5584; x_wconf 79' lang='lat' dir='ltr'><strong>pertinere</strong></span> <span class='ocrx_word' id='word_1_640' title='bbox 1934 5536 2091 5590; x_wconf 89' lang='lat' dir='ltr'><strong>paro-</strong></span> 
     </span>
    </p>
   </div>
   <div class='ocr_carea' id='block_1_105' title="bbox 513 5581 2093 5668">
    <p class='ocr_par' dir='ltr' id='par_1_105' title="bbox 513 5581 2093 5668">
     <span class='ocr_line' id='line_1_106' title="bbox 513 5581 2093 5668; baseline 0.022 -33"><span class='ocrx_word' id='word_1_641' title='bbox 513 5581 720 5652; x_wconf 86' lang='lat' dir='ltr'><strong>chiam,</strong></span> <span class='ocrx_word' id='word_1_642' title='bbox 749 5585 816 5642; x_wconf 90' lang='lat' dir='ltr'><strong>ad</strong></span> <span class='ocrx_word' id='word_1_643' title='bbox 845 5587 1083 5660; x_wconf 89' lang='lat' dir='ltr'><strong>episcopi</strong></span> <span class='ocrx_word' id='word_1_644' title='bbox 1109 5592 1480 5658; x_wconf 87' lang='lat' dir='ltr'><strong>Atrebatcnsis</strong></span> <span class='ocrx_word' id='word_1_645' title='bbox 1505 5581 1864 5663; x_wconf 85' lang='lat' dir='ltr'><strong>obedientiam</strong></span> <span class='ocrx_word' id='word_1_646' title='bbox 1888 5581 1991 5668; x_wconf 74' lang='lat' dir='ltr'><strong>tuis</strong></span> <span class='ocrx_word' id='word_1_647' title='bbox 2009 5613 2093 5668; x_wconf 87' lang='lat' dir='ltr'><strong>lit-</strong></span> 
     </span>
    </p>
   </div>
   <div class='ocr_carea' id='block_1_106' title="bbox 513 5676 2083 5776">
    <p class='ocr_par' dir='ltr' id='par_1_106' title="bbox 513 5676 2083 5776">
     <span class='ocr_line' id='line_1_107' title="bbox 513 5676 2083 5776; baseline 0.021 -49"><span class='ocrx_word' id='word_1_648' title='bbox 513 5676 642 5732; x_wconf 83' lang='lat' dir='ltr'><strong>teris</strong></span> <span class='ocrx_word' id='word_1_649' title='bbox 676 5678 924 5746; x_wconf 80' lang='lat' dir='ltr'><strong>invitare,</strong></span> <span class='ocrx_word' id='word_1_650' title='bbox 971 5692 1020 5738; x_wconf 90' lang='lat' dir='ltr'><strong>et</strong></span> <span class='ocrx_word' id='word_1_651' title='bbox 1053 5689 1373 5746; x_wconf 85' lang='lat' dir='ltr'><strong>sententiam</strong></span> <span class='ocrx_word' id='word_1_652' title='bbox 1403 5705 1640 5751; x_wconf 90' lang='lat' dir='ltr'><strong>nostram</strong></span> <span class='ocrx_word' id='word_1_653' title='bbox 1675 5701 1778 5756; x_wconf 88' lang='lat' dir='ltr'><strong>tuis</strong></span> <span class='ocrx_word' id='word_1_654' title='bbox 1815 5703 2083 5776; x_wconf 79' lang='lat' dir='ltr'><strong>suﬂragiis</strong></span> 
     </span>
    </p>
   </div>
   <div class='ocr_carea' id='block_1_107' title="bbox 2279 4551 3283 4648">
    <p class='ocr_par' dir='ltr' id='par_1_107' title="bbox 2279 4551 3283 4648">
     <span class='ocr_line' id='line_1_108' title="bbox 2279 4551 3283 4648; baseline 0.02 -33"><span class='ocrx_word' id='word_1_655' title='bbox 2279 4561 2470 4618; x_wconf 89' lang='lat' dir='ltr'><strong>Datum</strong></span> <span class='ocrx_word' id='word_1_656' title='bbox 2503 4564 2688 4624; x_wconf 79' lang='lat' dir='ltr'><strong>Roma:</strong></span> <span class='ocrx_word' id='word_1_657' title='bbox 2719 4587 2755 4625; x_wconf 84' lang='grc' dir='ltr'><strong>ιι</strong></span> <span class='ocrx_word' id='word_1_658' title='bbox 2789 4551 3060 4631; x_wconf 65' lang='lat' dir='ltr'><strong>Kalendas</strong></span> <span class='ocrx_word' id='word_1_659' title='bbox 3080 4578 3283 4648; x_wconf 83' lang='lat' dir='ltr'><strong>Aprilis</strong></span> 
     </span>
    </p>
   </div>
   <div class='ocr_carea' id='block_1_108' title="bbox 2928 4728 3062 4787">
    <p class='ocr_par' dir='ltr' id='par_1_108' title="bbox 2928 4728 3062 4787">
     <span class='ocr_line' id='line_1_109' title="bbox 2928 4728 3062 4787; baseline 0.015 -2"><span class='ocrx_word' id='word_1_660' title='bbox 2928 4728 3062 4787; x_wconf 82' lang='lat' dir='ltr'><strong>CXI.</strong></span> 
     </span>
    </p>
   </div>
   <div class='ocr_carea' id='block_1_109' title="bbox 2207 4854 3711 4944">
    <p class='ocr_par' dir='ltr' id='par_1_109' title="bbox 2207 4854 3711 4944">
     <span class='ocr_line' id='line_1_110' title="bbox 2207 4854 3711 4944; baseline 0.001 -8"><span class='ocrx_word' id='word_1_661' title='bbox 2207 4854 2250 4907; x_wconf 79' lang='grc' dir='ltr'><em>υ</em></span> <span class='ocrx_word' id='word_1_662' title='bbox 2262 4858 2452 4944; x_wconf 51' lang='lat' dir='ltr'><strong>&quot;states</strong></span> <span class='ocrx_word' id='word_1_663' title='bbox 2484 4856 2547 4911; x_wconf 83' lang='grc' dir='ltr'><em>ιι</em></span> <span class='ocrx_word' id='word_1_664' title='bbox 2575 4876 2593 4938; x_wconf 76' lang='grc' dir='ltr'><strong>ς</strong></span> <span class='ocrx_word' id='word_1_665' title='bbox 2622 4858 2832 4942; x_wconf 43' lang='lat' dir='ltr'><strong>Amce.</strong></span> <span class='ocrx_word' id='word_1_666' title='bbox 2858 4861 3029 4944; x_wconf 66' lang='grc' dir='ltr'><strong>(εθαίο</strong></span> <span class='ocrx_word' id='word_1_667' title='bbox 3050 4868 3518 4944; x_wconf 42' lang='lat' dir='ltr'><strong>«poenaesed».</strong></span> <span class='ocrx_word' id='word_1_668' title='bbox 3543 4867 3711 4944; x_wconf 60' lang='lat' dir='ltr'><strong>aliter</strong></span> 
     </span>
    </p>
   </div>
   <div class='ocr_carea' id='block_1_110' title="bbox 2276 4925 3710 5015">
    <p class='ocr_par' dir='ltr' id='par_1_110' title="bbox 2276 4925 3710 5015">
     <span class='ocr_line' id='line_1_111' title="bbox 2276 4925 3710 5015; baseline 0.011 -38"><span class='ocrx_word' id='word_1_669' title='bbox 2276 4925 2478 5015; x_wconf 39' lang='lat' dir='ltr'><strong>c&#39;i‘uobus</strong></span> <span class='ocrx_word' id='word_1_670' title='bbox 2509 4928 2756 5015; x_wconf 72' lang='lat' dir='ltr'><strong>episcopis</strong></span> <span class='ocrx_word' id='word_1_671' title='bbox 2797 4925 3024 5005; x_wconf 51' lang='lat' dir='ltr'><strong>inju&#39;ngit</strong></span> <span class='ocrx_word' id='word_1_672' title='bbox 3064 4925 3127 5015; x_wconf 39' lang='grc' dir='ltr'><strong>ἀι.</strong></span> <span class='ocrx_word' id='word_1_673' title='bbox 3153 4936 3482 5015; x_wconf 69' lang='grc' dir='ltr'><strong>ϐυἰιζειῃηιπι</strong></span> <span class='ocrx_word' id='word_1_674' title='bbox 3506 4925 3710 5015; x_wconf 47' lang='lat' dir='ltr'><strong>(cornuti!</strong></span> 
     </span>
    </p>
   </div>
   <div class='ocr_carea' id='block_1_111' title="bbox 2278 4993 3710 5074">
    <p class='ocr_par' dir='ltr' id='par_1_111' title="bbox 2278 4993 3710 5074">
     <span class='ocr_line' id='line_1_112' title="bbox 2278 4993 3710 5074; baseline 0.007 -27"><span class='ocrx_word' id='word_1_675' title='bbox 2278 4993 3246 5074; x_wconf 35' lang='lat' dir='ltr'><strong>Pictavien‘sem)’praeﬁcarnmunicato</strong></span> <span class='ocrx_word' id='word_1_676' title='bbox 3265 4993 3597 5074; x_wconf 60' lang='lat' dir='ltr'><strong>habeam,nisi</strong></span> <span class='ocrx_word' id='word_1_677' title='bbox 3613 5007 3710 5057; x_wconf 75' lang='lat' dir='ltr'><strong>intra</strong></span> 
     </span>
    </p>
   </div>
   <div class='ocr_carea' id='block_1_112' title="bbox 2270 5071 3706 5138">
    <p class='ocr_par' dir='ltr' id='par_1_112' title="bbox 2270 5071 3706 5138">
     <span class='ocr_line' id='line_1_113' title="bbox 2270 5071 3706 5138; baseline 0.01 -21"><span class='ocrx_word' id='word_1_678' title='bbox 2270 5075 2471 5138; x_wconf 78' lang='lat' dir='ltr'><strong>tempus</strong></span> <span class='ocrx_word' id='word_1_679' title='bbox 2514 5085 2545 5120; x_wconf 93' lang='lat' dir='ltr'><strong>a</strong></span> <span class='ocrx_word' id='word_1_680' title='bbox 2575 5084 2629 5122; x_wconf 85' lang='lat' dir='ltr'><strong>se</strong></span> <span class='ocrx_word' id='word_1_681' title='bbox 2652 5071 2971 5138; x_wconf 69' lang='lat' dir='ltr'><strong>prce/initum</strong></span> <span class='ocrx_word' id='word_1_682' title='bbox 2999 5075 3134 5131; x_wconf 82' lang='lat' dir='ltr'><strong>bona</strong></span> <span class='ocrx_word' id='word_1_683' title='bbox 3183 5071 3706 5136; x_wconf 71' lang='lat' dir='ltr'><strong>Vindocineuribumo-</strong></span> 
     </span>
    </p>
   </div>
   <div class='ocr_carea' id='block_1_113' title="bbox 2273 5135 3219 5214">
    <p class='ocr_par' dir='ltr' id='par_1_113' title="bbox 2273 5135 3219 5214">
     <span class='ocr_line' id='line_1_114' title="bbox 2273 5135 3219 5214; baseline 0.015 -26"><span class='ocrx_word' id='word_1_684' title='bbox 2273 5135 2451 5190; x_wconf 77' lang='lat' dir='ltr'><strong>nacltis</strong></span> <span class='ocrx_word' id='word_1_685' title='bbox 2480 5135 2658 5192; x_wconf 84' lang='lat' dir='ltr'><strong>ablata</strong></span> <span class='ocrx_word' id='word_1_686' title='bbox 2683 5135 2958 5197; x_wconf 76' lang='lat' dir='ltr'><strong>restituere</strong></span> <span class='ocrx_word' id='word_1_687' title='bbox 2981 5145 3168 5214; x_wconf 79' lang='lat' dir='ltr'><strong>faciat.</strong></span> <span class='ocrx_word' id='word_1_688' title='bbox 3201 5166 3219 5200; x_wconf 74' lang='grc' dir='ltr'>ι</span> 
     </span>
    </p>
   </div>
   <div class='ocr_carea' id='block_1_114' title="bbox 2800 5258 3190 5331">
    <p class='ocr_par' dir='ltr' id='par_1_114' title="bbox 2800 5258 3190 5331">
     <span class='ocr_line' id='line_1_115' title="bbox 2800 5258 3190 5331; baseline 0.015 -20"><span class='ocrx_word' id='word_1_689' title='bbox 2800 5258 2980 5329; x_wconf 81' lang='lat' dir='ltr'><strong>(Anno</strong></span> <span class='ocrx_word' id='word_1_690' title='bbox 3007 5260 3190 5331; x_wconf 74' lang='grc'><strong>1094.)</strong></span> 
     </span>
    </p>
   </div>
   <div class='ocr_carea' id='block_1_115' title="bbox 2205 5340 3700 5413">
    <p class='ocr_par' dir='ltr' id='par_1_115' title="bbox 2205 5340 3700 5413">
     <span class='ocr_line' id='line_1_116' title="bbox 2205 5340 3700 5413; baseline -0.003 -14"><span class='ocrx_word' id='word_1_691' title='bbox 2205 5340 2476 5413; x_wconf 68' lang='lat' dir='ltr'><strong>[Romam</strong></span> <span class='ocrx_word' id='word_1_692' title='bbox 2511 5345 2561 5400; x_wconf 92' lang='lat' dir='ltr'><strong>in</strong></span> <span class='ocrx_word' id='word_1_693' title='bbox 2619 5345 2735 5403; x_wconf 86' lang='lat' dir='ltr'><strong>Vita</strong></span> <span class='ocrx_word' id='word_1_694' title='bbox 2778 5347 3004 5405; x_wconf 84' lang='lat' dir='ltr'><strong>Urbani.</strong></span> <span class='ocrx_word' id='word_1_695' title='bbox 3030 5383 3098 5392; x_wconf 98' lang='lat'><em>—</em></span> <span class='ocrx_word' id='word_1_696' title='bbox 3122 5348 3274 5410; x_wconf 69' lang='grc' dir='ltr'><strong>Ἦλις.</strong></span> <span class='ocrx_word' id='word_1_697' title='bbox 3313 5365 3364 5412; x_wconf 89' lang='lat' dir='ltr'><strong>et</strong></span> <span class='ocrx_word' id='word_1_698' title='bbox 3404 5354 3546 5411; x_wconf 75' lang='lat' dir='ltr'><strong>Rom.</strong></span> <span class='ocrx_word' id='word_1_699' title='bbox 3586 5346 3700 5402; x_wconf 76' lang='lat' dir='ltr'><strong>0m.</strong></span> 
     </span>
    </p>
   </div>
   <div class='ocr_carea' id='block_1_116' title="bbox 2752 5421 3220 5496">
    <p class='ocr_par' dir='ltr' id='par_1_116' title="bbox 2752 5421 3220 5496">
     <span class='ocr_line' id='line_1_117' title="bbox 2752 5421 3220 5496; baseline 0 -22"><span class='ocrx_word' id='word_1_700' title='bbox 2752 5421 2925 5491; x_wconf 78' lang='lat' dir='ltr'><strong>posth.</strong></span> <span class='ocrx_word' id='word_1_701' title='bbox 2963 5422 3047 5491; x_wconf 87' lang='lat' dir='ltr'><strong>lli,</strong></span> <span class='ocrx_word' id='word_1_702' title='bbox 3074 5424 3164 5478; x_wconf 70' lang='grc'><strong>151</strong></span> <span class='ocrx_word' id='word_1_703' title='bbox 3183 5424 3220 5496; x_wconf 88' lang='grc'><strong>.]</strong></span> 
     </span>
    </p>
   </div>
  </div>
