3888 6322
150 355 250 412 38$

860 463 1013 518 CXII.

141 580 345 632 Urbani
375 577 430 631 11
455 579 670 640 epistola
698 578 764 628 mf
790 577 1115 640 Rotbertum,
1137 574 1540 629 Flandrcnsium
1568 575 1724 627 comi-

211 595 344 632 tum:
375 595 428 631 ιι
455 595 483 631 e
539 595 670 629 stem
698 595 762 628 au
790 595 1115 640 noroermm,
1137 595 1166 627 r
1185 595 1540 629 tanurcnsmm
1568 595 1724 627 comt-

211 660 337 701 lem.
362 678 433 688 —
476 595 564 700 ΠΝ
592 646 879 700 Ecclesium
924 657 970 700 et
1017 648 1312 716 episcopum
1341 645 1726 700 Atrebatensem

210 720 561 772 commendat.

741 808 920 876 (Anno
954 807 1136 876 1094.)

537 896 751 967 libum,
793 896 996 951 Concil.
1026 896 1145 962 XX,
1180 896 1332 967 674.]

209 1012 467 1066 Daunus
494 1011 799 1080 episcopus,
846 1026 1036 1064 servus
1072 1024 1353 1065 servorum
1386 1008 1502 1069 Dei,
1531 1007 1727 1060 dilecto

130 1100 252 1153 ﬁlio
301 1098 622 1161 Roraea'ro,
680 1097 1097 1153 Flandrensium
1146 1098 1351 1162 comiti,
1401 1096 1627 1151 salutem
1671 1102 1725 1147 et

128 1190 494 1257 apostolicam
527 1188 982 1243 benedictionem.

206 1281 404 1351 Magna
447 1283 540 1337 tibi
595 1282 962 1339 exsultatione
1012 1278 1389 1351 gratulandum
1445 1286 1530 1331 est
1581 1276 1723 1347 quod

124 1372 385 1428 ecclesiae
438 1388 558 1442 qua:
607 1375 662 1428 in
706 1383 796 1428 tua
847 1371 1051 1426 ditione
1084 1378 1210 1424 sunt
1245 1369 1350 1423 tuis
1395 1368 1724 1437 temporibus

122 1468 395 1522 amissam
444 1468 713 1539 recipiunt
761 1468 1098 1538 dignitatem.
1146 1462 1287 1518 Ecce
1327 1461 1474 1516 enim
1528 1461 1722 1515 civitas

120 1557 530 1623 Atrebatensis,
587 1574 708 1630 qua:
756 1558 809 1613 in
863 1558 1120 1613 comitatu
1155 1564 1247 1609 tuo
1274 1552 1584 1624 principalis
1619 1562 1719 1615 est,

121 1664 192 1702 ex
251 1649 566 1718 apostolica:
610 1650 753 1705 sedis
810 1648 1071 1719 dignitate
1125 1645 1453 1701 cardinalem
1519 1644 1720 1712 recepit

119 1740 472 1808 episcopum.
508 1742 639 1794 Eum
668 1756 797 1811 ergo
846 1748 901 1795 et
929 1739 979 1793 ei
1022 1738 1367 1793 commissam
1419 1736 1715 1792 Ecclesiam

1315 347 1669 407 EPISTOLzE
1711 347 1794 403 E’I‘
1839 348 2249 405 PRIVILEGIA.

1753 466 1797 523 Λ
1827 475 1987 517 causa
2019 461 2303 516 sollicitius
2330 461 2647 533 agitaretur,
2683 472 2738 518 et
2767 464 3030 534 siquidem
3063 481 3159 537 per
3178 467 3405 541 alicujus

3298 357 3402 413 δώ

1832 553 2085 609 catholici
2113 563 2167 607 et
2198 552 2383 620 legalis
2414 566 2566 622 papa:
2612 555 2987 609 auctoritatem
3037 558 3403 615 authenticam

1828 661 1890 702 se
1922 646 2057 700 tueri
2082 644 2329 699 Dolensis
2357 644 2606 714 nequiret
2633 646 2952 717 episcopus;
2994 648 3061 704 de
3113 659 3310 705 caetero
3348 661 3405 708 et

1830 734 1946 802 ipse
2009 744 2064 789 et
2115 734 2296 789 caeteri
2367 736 2744 791 Britannorum
2807 738 3078 795 antistites
3124 739 3405 798 Turonica:

1834 824 2085 879 Ecclesize
2142 835 2395 894 tanquam
2461 827 2740 896 metropoli
2792 830 3024 898 propriae
3074 832 3397 897 obedirent,

1830 912 1998 980 ipsius
2028 929 2242 984 quoque
2290 915 2342 968 in
2396 915 2707 985 episcopatu
2738 931 3090 974 successores
3129 935 3401 990 nunquam

1830 1002 2054 1058 ulterius
2079 1005 2297 1074 pallium
2339 1006 2669 1060 obtinerent.
2698 1004 2927 1060 Ostensa
2956 1015 3037 1061 est
3062 1009 3224 1063 etiam
3256 1009 3403 1081 lega-

1831 1103 2008 1148 torum
2040 1097 2129 1164 qui
2166 1097 2216 1150 in
2241 1098 2516 1165 provincia
2546 1098 2830 1152 concilium
2858 1109 3401 1169 cgerautperpetrat't

1828 1186 2095 1250 deﬁnitio,
2147 1190 2238 1259 qui
2290 1205 2411 1244 cum
2468 1190 2710 1245 Dolensis
2767 1190 2909 1244 nulla
2956 1206 3175 1245 causam
3250 1209 3401 1247 suam

1830 1281 2138 1333 antlientica
2158 1281 2483 1335 auctoritate
2510 1282 3092 1350 potuissctdcfendere,
3109 1283 3403 1351 Gregorius

1827 1383 1966 1440 papa
1997 1371 2347 1426 sententiam.
2376 1412 2388 1424 .
2424 1410 2439 1424 .
2468 1411 2481 1425 .
2514 1411 2529 1428 .
2586 1356 2803 1442 scriptis
2836 1382 2889 1427 et
2921 1373 3404 1453 subscriptionilms

1825 1463 2151 1518 Omnimodis
2198 1472 2533 1531 statuerunt,
2581 1474 2638 1519 ut
2685 1465 2937 1520 videlicet
2992 1475 3099 1519 tam
3158 1465 3403 1520 Dolensis

1826 1570 1987 1623 quam
2029 1556 2205 1609 czeteri
2234 1555 2610 1610 Britannorum
2630 1556 2862 1626 episcopi
2883 1557 3167 1611 Turonicze
3190 1571 3404 1626 semper

1827 1646 2083 1701 Ecclesiae
2106 1646 2466 1715 subiacerent.
2524 1647 2658 1703 Cum
2707 1650 2773 1702 ad
2834 1648 2949 1704 haec
3005 1648 3403 1718 Dolensis,qui

1825 1736 2001 1790 adhuc
2054 1738 2281 1802 aderat,
2338 1739 2691 1808 responderet
2740 1755 2798 1794 se
2855 1754 2962 1794 non
3014 1741 3081 1794 ad
3136 1741 3400 1811 agendum

119 1833 404 1887 nobilitati
464 1843 568 1888 tua:
601 1833 798 1888 litteris
852 1832 1213 1903 praesentibus
1255 1833 1720 1896 commendamus,
1755 1806 1798 1860 Β
1827 1828 2059 1892 venisse,
2110 1838 2356 1897 paratum
2407 1838 2585 1884 tamen
2628 1846 2749 1884 cum
2802 1831 3068 1901 episcopis
3116 1817 3405 1903 provincia:

116 1930 176 1975 et
206 1921 264 1974 in
297 1931 643 1990 peccatorum
676 1932 888 1976 tuorum
926 1920 1298 1976 remissionem
1343 1920 1721 1991 przecipientes

118 2022 179 2066 ut
214 2028 346 2067 eum
370 2012 551 2067 debita
574 2013 880 2068 obedientia
906 2012 1204 2075 venereris,
1230 2011 1449 2077 tuearis,
1480 2008 1717 2078 adjuves,

116 2114 295 2173 atque
325 2105 393 2158 ad
431 2104 767 2159 restituenda
822 2103 991 2174 ipsius
1042 2102 1295 2157 Ecclesiae
1347 2103 1484 2157 bona
1536 2100 1717 2155 auxilii

118 2196 201 2249 tui
238 2196 524 2250 brachium
564 2196 738 2251 modis
770 2196 1021 2250 omnibus
1049 2195 1300 2266 porrigas

197 2286 336 2339 Data
368 2284 552 2340 Roma:
574 2300 609 2338 ιι
636 2284 860 2339 Kalend.
887 2284 1110 2355 Aprilis.

826 2419 1007 2476 CXIII.

120 2529 337 2584 Urbani
383 2547 531 2601 papa:
560 2530 676 2605 _lf_
710 2531 962 2605 sententia
1005 2530 1070 2584 de
1112 2530 1428 2600 subjectione
1474 2529 1717 2585 Dolensis

550 2599 800 2656 Ecclesia:
827 2602 896 2655 ad
921 2599 1295 2655 Turonenscm.

725 2711 904 2781 (Anno
936 2710 1119 2779 1094.)

378 2820 652 2893 [ΜΑιιτεΝ.
676 2822 942 2878 Thesaur.
978 2822 1173 2876 Anerd.
1206 2822 1292 2887 lll,
1323 2823 1473 2895 879.]

194 2912 459 2968 Unesaus
488 2914 798 2984 episcopus,
821 2929 1012 2969 servus
1042 2928 1323 2968 servorum
1355 2915 1478 2980 Dei,
1509 2916 1709 2971 dilecto

113 3006 285 3059 fratri
366 3005 697 3067 Rmuwuo,
751 3005 1057 3061 Turonensi
1110 3004 1534 3076 archiepiscopo,
1568 3006 1711 3075 ejus-

110 3106 229 3163 que
278 3094 680 3149 successoribus
720 3095 981 3149 canonice
1024 3094 1413 3149 substituendis
1438 3097 1487 3149 in
1519 3111 1708 3166 perpe-

111 3196 300 3238 tuum.

188 3277 524 3331 Sanctorum
547 3291 811 3330 canonum
834 3274 1387 3330 decernitaucloritas
1404 3286 1455 3329 ut
1484 3278 1714 3347 majores

107 3369 483 3425 ecclesiarum
508 3384 687 3424 causa:
709 3368 1018 3438 apostolica:
1045 3368 1187 3422 sedis
1209 3367 1411 3436 judicio
1454 3368 1708 3423 decidan-

112 3477 235 3521 tur.
312 3464 556 3532 Qualiter
605 3465 769 3535 igitur
817 3464 1153 3519 Turonensis
1220 3463 1472 3519 Ecclesiae
1522 3477 1709 3521 contra

111 3556 418 3612 Dolensem
442 3558 756 3628 episcopum
785 3556 1004 3628 querela
1036 3557 1240 3612 nostris
1280 3557 1350 3611 sit
1378 3560 1713 3627 temporibus

111 3646 483 3718 pertractata,
514 3658 567 3705 et
594 3652 940 3720 praesentium
970 3648 1219 3703 volumus
1246 3649 1452 3704 notitiae
1502 3660 1709 3705 certum

108 3740 270 3804 ﬁeri,
299 3749 356 3795 et
386 3738 687 3795 futurorum
713 3742 1025 3796 memoriam
1066 3756 1172 3794 non
1225 3739 1413 3795 latere.
1466 3741 1711 3797 Dolensis

109 3831 395 3900 siquidem
415 3831 701 3902 episcopus
725 3831 999 3887 Rolandus
1024 3847 1168 3886 anno
1199 3832 1492 3888 Dominica:
1520 3833 1707 3888 lncar-

109 3920 369 3975 nationis
436 3919 574 3976 1095
627 3920 695 3974 ad
749 3928 992 3976 nostram
1042 3922 1385 3991 praesentiam
1438 3923 1660 3978 veniens
1694 3965 1708 3989 ,

109 4010 352 4080 pallium
373 4012 527 4081 quasi
562 4009 942 4065 Britannorum
965 4008 1404 4082 archiepiscopus
1430 4014 1709 4084 expetivit.

107 4102 292 4172 Cujus
327 4117 451 4158 cum
475 4116 665 4172 preces
696 4102 899 4158 diutius
947 4118 1349 4170 aversaremur,
1403 4107 1709 4177 apostolica:

113 4195 404 4251 memoria:
424 4194 672 4264 Gregorii
697 4195 909 4264 septimi
940 4193 1153 4249 litteras
1171 4195 1710 4267 prmferebat,quibus

110 4285 691 4339 ostendebaturlvano
716 4285 930 4339 cuidam
963 4285 1174 4340 Dolensi
1208 4288 1461 4357 episcopo
1504 4296 1559 4342 et
1594 4288 1710 4361 ejus

110 4377 534 4431 successoribus
562 4376 781 4446 pallium
804 4377 871 4431 ab
890 4376 1079 4431 eodem
1109 4377 1403 4447 apostolico
1427 4380 1701 4434 contribu-

113 4478 262 4528 tum,
289 4467 441 4521 salva
479 4476 657 4521 tamen
689 4467 909 4537 querela
934 4467 1266 4523 Turonensis
1291 4469 1561 4533 Ecclesiae,
1586 4470 1705 4524 utsi

114 4557 345 4627 quando
366 4558 580 4613 actione
611 4557 848 4629 legitima
881 4558 1149 4629 potuisset
1171 4559 1401 4628 probare
1427 4560 1707 4615 Dolensem

110 4662 463 4720 caeterosque
501 4651 792 4706 Britannia:
839 4653 1108 4708 citerioris
1166 4654 1449 4724 episcopos
1512 4656 1709 4709 debere

114 4740 414 4811 metropoli
444 4740 731 4797 Turouica:
779 4742 996 4811 subjici,
1030 4743 1432 4810 subjicerentur
1466 4744 1707 4814 quidem,

114 4834 376 4889 Dolensis
407 4845 585 4888 tamen
612 4849 765 4888 usum
815 4834 959 4904 pallii
1003 4835 1294 4890 obtineret.
1347 4836 1458 4890 llas
1500 4836 1709 4890 litteras

112 4923 371 4993 Gregorii
397 4938 545 4993 pap:e
584 4939 685 4977 nec
716 4923 894 4978 minus
938 4938 1037 4978 nec
1089 4925 1318 4994 amplius
1360 4941 1523 4993 quam
1574 4940 1708 4995 papa

109 5016 361 5084 iusserat
388 5019 687 5081 continere,
717 5032 840 5071 cum
885 5016 1053 5072 frater
1098 5027 1287 5073 noster
1318 5019 1567 5074 Dolensis
1596 5020 1709 5089 epi-

114 5105 703 5176 scOpusjurejurando
736 5109 1038 5172 ﬁrmasset,
1080 5123 1180 5163 nos
1232 5109 1281 5164 ei
1334 5110 1552 5178 pallium
1610 5109 1709 5164 sub

114 5202 319 5253 eadem
347 5199 659 5253 conditione
709 5199 1098 5255 concessimus.
1140 5201 1377 5257 Veniens
1419 5209 1543 5271 post
1595 5202 1711 5257 lucc

116 5294 189 5347 ad
246 5306 353 5345 nos
412 5292 535 5346 dum
590 5290 883 5346 Beneventi
939 5305 1187 5347 essemus
1235 5303 1325 5348 tua
1384 5292 1707 5358 Strenuitas,

116 5382 449 5437 charissime
477 5382 645 5436 frater
675 5382 901 5438 Radulfe
923 5382 1255 5438 Turonensis
1278 5386 1708 5461 archiepiscoye,

117 5470 369 5537 ejusdem
421 5485 571 5541 papa:
624 5470 869 5541 Gregorii
935 5481 1124 5527 nostro
1170 5474 1457 5529 conventui
1502 5474 1709 5530 litteras

122 5565 496 5629 przesentavit,
534 5578 653 5633 qua:
674 5565 1054 5635 signiﬁcabant
1091 5581 1310 5621 causam
1348 5566 1488 5621 hanc
1522 5566 1707 5621 Romae

126 5656 181 5707 iu
236 5656 468 5711 concilio
527 5665 916 5720 retractatam,
987 5657 1076 5710 ubi
1130 5666 1251 5727 post
1312 5658 1705 5713 discussionem

124 5746 392 5802 diutinam
428 5748 748 5819 dispositum
780 5748 952 5803 fuerat
982 5758 1039 5802 ut
1072 5764 1101 5803 a
1136 5747 1326 5819 legatis
1382 5750 1526 5805 sedis
1581 5764 1711 5819 apo-

132 5841 330 5895 stolica:
356 5842 643 5897 concilium
674 5842 725 5897 in
748 5842 1025 5911 provincia
1050 5851 1434 5911 convocarent,
1498 5842 1551 5897 in
1600 5856 1706 5911 quo

1822 1934 2061 1988 congruo
2085 1929 2324 1990 tempore
2350 1920 2707 1991 respondere,
2734 1936 2857 1986 nos,
2889 1933 3119 1993 utroque
3170 1938 3401 1977 consen-

1825 2009 1994 2064 tiente
2027 2049 2044 2075 ,
2091 2010 2454 2079 disposuimus
2500 2020 2559 2064 ut
2619 2010 2674 2065 in
2730 2013 2960 2081 proximi
3027 2013 3152 2067 anni
3225 2013 3399 2066 media

1822 2100 2244 2172 Quadragesima
2274 2113 2501 2173 uterque
2533 2114 2721 2159 nostro
2749 2119 2806 2158 se
2831 2105 3139 2175 conspectui
3166 2121 3400 2174 praesen-

1822 2201 2000 2248 tarent
2031 2212 2043 2246 :
2076 2195 2166 2263 qui
2199 2204 2377 2249 autem
2408 2210 2465 2249 se
2498 2205 2626 2249 tunc
2678 2197 2795 2249 sine
2855 2196 3121 2251 canonico
3174 2196 3403 2267 impedi-

1822 2297 2003 2340 mento
2040 2286 2385 2340 subtraheret
2409 2295 2504 2341 aut
2527 2286 2803 2349 deﬁceret,
2843 2302 3065 2342 causam
3097 2289 3396 2342 amitteret.

1822 2375 2039 2431 Stat‘uto
2068 2385 2247 2430 autem
2280 2386 2541 2446 tempore,
2575 2392 2698 2431 cum
2727 2391 2824 2432 uos
2875 2377 2927 2431 in
2981 2376 3128 2432 Urbe
3160 2391 3402 2432 morare-

1824 2481 1965 2527 mur,
2019 2464 2272 2519 Dolensis
2324 2466 2639 2535 neutiquam
2690 2466 2847 2520 venit
2879 2504 2893 2529 ,
2938 2474 3025 2518 tua
3092 2463 3405 2520 fraternitas

1820 2563 2017 2623 praesto
2045 2554 2165 2608 fuit.
2190 2555 2431 2621 Qmesita
2465 2563 2548 2610 est
2574 2555 2625 2610 in
2659 2555 2886 2625 registro
2902 2555 2960 2609 Β.
3003 2555 3247 2626 Gregorii
3303 2570 3400 2624 pa-

1820 2660 1898 2713 pa:
1932 2643 2017 2699 νη
2045 2646 2333 2699 sententia.
2364 2646 2428 2699 Et
2487 2647 2561 2699 ita
2616 2647 2833 2701 omnino
2883 2646 3021 2700 siettt
3067 2646 3404 2701 audieramus

1822 2737 2061 2791 inventa.
2130 2736 2366 2792 Ostensa
2427 2746 2552 2792 sunt
2601 2738 2764 2793 etiam
2812 2737 3018 2793 Nicolai
3072 2746 3128 2792 et
3176 2737 3403 2793 Joannis

1824 2830 2196 2883 Romanorum
2233 2830 2547 2899 pontiﬁcum
2580 2831 2910 2885 monimenta
2964 2831 3015 2884 id
3056 2831 3351 2885 astruentia
3381 2848 3396 2897 ;

1819 2921 2014 2975 Leonis
2038 2938 2249 2990 quoque
2292 2920 2361 2975 IX
2397 2923 2673 2977 decretum
2727 2924 2971 2978 eamdem
3025 2937 3245 2976 causam
3302 2923 3401 2977 sub

1818 3012 2177 3068 anathematis
2208 3012 2481 3068 additione
2512 3013 2862 3069 conﬁrmans.
2903 3015 3114 3070 Audita:
3169 3023 3297 3069 sunt
3346 3024 3401 3070 et

1819 3105 2000 3161 fratris
2024 3107 2190 3161 nostri
2222 3107 2463 3163 Dolensis
2489 3108 2718 3178 episcopi
2739 3124 2833 3178 per
2854 3107 3399 3188 quemdamnnntium

1818 3198 2196 3251 excusationes
2228 3214 2239 3249 :
2271 3213 2374 3251 non
2408 3208 2535 3253 tunc
2567 3198 2816 3269 legitima:
2838 3198 3179 3252 videbantur.
3206 3196 3364 3251 Omni
3388 3226 3400 3237 ο

1818 3286 1920 3343 bus
1974 3288 2155 3358 itaque
2229 3288 2616 3357 pertractatis,
2671 3288 2990 3342 inconcussa
3062 3285 3397 3341 confratrum

1820 3388 2125 3434 nostrorum
2157 3379 2383 3433 Joannis
2436 3378 2752 3433 Porlucnsis
2776 3418 2793 3445 ,
2828 3377 3016 3433 Ubaldi
3060 3376 3395 3439 Sabinensis,

1815 3469 2037 3525 Joannis
2065 3469 2501 3534 Tusculancnsis,
2530 3469 2796 3522 Brunonis
2819 3465 3396 3537 Siguicusis,Daiberti

1816 3561 2020 3624 Pisani,
2046 3562 2312 3614 Lambeiti
2344 3559 2718 3614 Atrebatcnsis
2767 3559 3162 3629 episcoporum,
3186 3565 3240 3611 et
3264 3570 3398 3610 non-

1818 3652 2084 3706 nullorum
2117 3663 2315 3705 IlOSll‘u‘e
2344 3650 2597 3704 Ecclesiae
2627 3650 2944 3704 clericorum
2966 3688 2981 3713 ,
3034 3645 3394 3702 Romanorum

1815 3757 2031 3813 quoque
2072 3741 2311 3811 iudicum
2344 3752 2399 3797 et
2419 3742 2644 3796 aliorum
2681 3740 3045 3795 consularium
3079 3756 3091 3791 :
3125 3752 3189 3793 ex
3240 3752 3391 3792 com-

1815 3836 1961 3890 muni
1987 3834 2211 3888 consilio
2248 3834 2415 3889 visum
2445 3843 2528 3887 est
2566 3834 2755 3887 harum
2788 3845 2992 3894 rermn,
3027 3845 3147 3899 qua:
3180 3843 3275 3898 per
3319 3837 3397 3883 tot

1815 3924 2142 3995 apostolicos
2165 3922 2449 3995 pontiﬁces
2480 3922 2812 3978 conﬁrmata:
2842 3921 3074 3979 fuerant.
3129 3920 3397 3975 deﬁnitio—

1814 4033 1935 4072 nem
1964 4016 2177 4087 plenam
2204 4031 2308 4070 non
2342 4016 2536 4070 debere
2566 4012 2804 4078 differri,
2857 4028 2955 4067 nec
2980 4012 3147 4066 ~illum
3198 4010 3393 4063 lucrari

1814 4110 2010 4165 debere
2040 4110 2362 4170 absentiam.
2382 4107 2471 4177 qui
2500 4121 2557 4161 se
2580 4118 2767 4177 arguta
2796 4105 3090 4160 calliditate
3113 4102 3397 4157 subtraxe-

1814 4203 1903 4257 rit.
1973 4203 2040 4257 Et
2096 4218 2194 4257 nos
2248 4203 2412 4273 igitur
2453 4210 2788 4263 sanctormn,
2840 4212 2975 4268 quos
3024 4195 3395 4268 przcdiximus,

1814 4292 2266 4360 prtedecessorum
2306 4301 2612 4344 nostrorttm
2667 4297 2869 4342 statuta
2913 4287 3215 4348 ﬁrmantes,
3248 4300 3389 4354 prte-

1812 4384 1954 4439 senti
1982 4385 2202 4438 decreto
2230 4384 2502 4437 sancimus
2528 4392 2603 4442 ut,
2634 4382 2774 4434 sicut
2828 4380 2895 4432 ab
2928 4379 3055 4449 ipsis
3114 4378 3395 4431 decretqu

1812 4484 1917 4537 est,
1944 4482 2053 4528 tam
2074 4473 2317 4526 Dolensis
2346 4486 2505 4541 quam
2530 4469 2711 4524 caeteri
2734 4469 2988 4536 deinceps
3010 4466 3392 4519 Britannorum

1744 4544 1786 4598 D
1812 4566 2050 4635 episcopi
2084 4564 2455 4619 Turonenscm
2488 4560 2784 4615 Ecclesium
2831 4575 2981 4613 suam
3024 4573 3145 4612 esse
3194 4565 3393 4611 metro-

1815 4656 1979 4727 polim
2010 4663 2419 4725 recognoscant,
2451 4652 2754 4707 etdebitam
2787 4652 2834 4705 ei
2869 4649 3225 4703 reverentiam
3250 4662 3392 4700 sent-

1814 4762 1908 4816 per
1954 4746 2291 4800 exhibeant:
2338 4758 2436 4798 nec
2505 4742 2615 4797 ullo
2688 4741 2914 4795 ulterius
2969 4748 3210 4807 tempore
3274 4745 3395 4804 post

1815 4836 2044 4891 llolandi
2102 4837 2306 4890 obimm
2369 4836 2435 4889 ad
2486 4833 2631 4904 pallii
2684 4848 2838 4886 usum
2896 4830 3139 4884 Dolensis
3193 4828 3394 4896 aspiret

1812 4929 2124 4997 episcopus.
2157 4927 2325 4981 Tuam
2384 4928 2563 4996 itaque
2618 4922 3063 4980 sollicitudinem.
3114 4920 3283 4975 frater
3335 4919 3391 4973 in

1812 5020 2031 5073 Christo
2059 5018 2403 5080 cliarissime,
2428 5018 2873 5079 adltortamur,ut
2902 5022 3061 5066 tantae
3110 5011 3395 5082 dignitatis

1812 5109 1987 5179 gratia
2019 5109 2235 5179 dignam
2260 5124 2317 5163 se
2348 5121 2558 5175 semper
2586 5105 2800 5159 studeat
2852 5103 3126 5155 exhibere.
3177 5101 3392 5166 Quanto

1812 5201 1973 5255 altius
1994 5200 2327 5270 praeminet,
2363 5186 2516 5253 tanto
2539 5195 2699 5250 altius
2729 5194 2992 5249 bonorum
3019 5208 3241 5262 operum
3270 5191 3391 5245 luce

1811 5293 2146 5365 praefulgent.
2174 5294 2367 5348 Pacem
2396 5306 2516 5346 cum
2551 5288 2801 5344 omnibus
2828 5296 3086 5355 sequatur
3107 5295 3162 5341 et
3187 5284 3389 5339 sancti-

1812 5386 2047 5441 moniam
2081 5402 2094 5439 :
2127 5384 2478 5454 iuprospcris
2526 5380 2767 5447 humilis,
2816 5389 2869 5435 et
2923 5381 2975 5434 in
3028 5379 3293 5439 adversis.
3342 5377 3390 5432 si

1810 5479 2026 5548 quando
2072 5477 2371 5539 eveniunt,
2437 5472 2745 5528 inveniatur
2797 5488 2916 5528 cum
2954 5472 3158 5540 justitia
3204 5482 3389 5524 erecta

1812 5568 1983 5621 amica
2030 5567 2209 5629 bonis,
2252 5564 2523 5635 perversis
2562 5564 2859 5629 contraria,
2916 5563 3111 5617 nullius
3146 5575 3386 5630 unquam

1810 5658 2002 5713 faciem
2059 5666 2242 5711 contra
2296 5656 2576 5711 veritatem
2606 5656 2893 5725 recipiens,
2923 5654 3119 5707 nullius
3148 5668 3389 5721 unquam

1811 5746 2004 5799 faciem
2028 5749 2365 5815 proveritate
2386 5745 2692 5814 loquentem
2711 5759 2982 5814 premens.
3007 5740 3389 5795 Misericordia:

1810 5838 2062 5907 operibus
2124 5838 2277 5909 juxta
2334 5838 2593 5894 virtutem
2636 5836 2951 5893 substantiae
3011 5835 3283 5895 ii;s'stcns,
3332 5839 3387 5883 et
