3888 6322
600 298 696 353 587

1952 283 2015 338 υ.
2049 281 2302 338 υιωΑΜ
2327 282 2370 341 ιι
2395 283 2590 338 PAWE
3658 301 3723 356 εει

603 423 784 467 tamen
830 406 1079 462 insistere
1129 415 1291 472 supra
1346 400 1602 456 virtutem
1656 398 1897 469 cupiens,
1942 397 2171 452 infirmis
2201 398 2510 465 Ajudicum
2532 407 2587 453 et
2611 398 2839 452 aliorum
2895 398 3263 454 consularium
3303 400 3610 470 adjudicatutn
3653 424 3721 474 cst,

601 493 956 569 compatiens,
988 496 1122 550 bene
1151 492 1458 546 volentibus
1482 491 1852 560 congaudens,
1875 491 1941 545 de
1983 489 2174 544 alienis

601 588 810 659 gaudiis
829 595 1081 656 tanquam
1113 583 1178 638 de
1194 582 1426 652 propriis
1442 581 1743 647 exsultans,
1767 581 1822 635 in
1839 579 2176 650 corrigendis

603 683 749 738 vitiis
773 681 860 752 pie
885 679 1134 744 saeviens,
1192 677 1246 731 in
1271 675 1516 730 fovendis
1546 673 1835 728 virtutibus
1865 673 2173 728 auditorum

602 774 840 835 animum
875 767 1209 833 demulcens,
1241 767 1296 820 in
1321 764 1676 834 irajudicium
1702 765 1819 820 sine
1850 764 1928 818 ira
1961 772 2171 828 tenens,

603 864 656 917 in
715 860 1109 931 tranquillitate
1171 857 1476 932 severitatis
1525 855 1683 925 justae
1727 869 2008 910 censuram
2067 869 2172 910 non

602 956 881 1019 deserens,
913 961 973 1006 ut
994 949 1234 1006 officium
1281 948 1423 1019 quod
1452 947 1754 1004 forinsecus
1800 946 2172 1010 administras,

605 1041 829 1096 interius
881 1055 1065 1096 coram
1113 1039 1311 1094 divinze
1361 1036 1658 1106 majestatis
1721 1036 1892 1091 oculis
1929 1036 2170 1106 impleas.

602 1137 1027 1194 Fraternitatem
1061 1145 1208 1190 tuam
1231 1149 1464 1205 superna
1514 1133 1750 1203 dignatio
1779 1146 1875 1202 per
1931 1142 2172 1201 tempora

604 1228 764 1298 longa
791 1235 1077 1282 conservet
1111 1225 1453 1280 incolumem.
1496 1223 1766 1295 Scriptum
1812 1238 1905 1292 per
1957 1238 2171 1276 manum

604 1319 748 1374 Petri
780 1317 1050 1373 scriniarii
1082 1317 1220 1372 sacri
1267 1316 1473 1388 palatii.

676 1406 734 1462 S.
760 1408 974 1464 Petrus.
1005 1406 1063 1462 S.
1090 1407 1306 1462 Paulus.

677 1499 925 1554 Urbanus
953 1515 1088 1569 papa
1118 1499 1182 1553 ll.

1056 1589 1223 1645 Locus
1248 1589 1730 1659 monogrammatis.

608 1699 934 1748 BENEDICTUS
1011 1697 1142 1738 DEUS
1214 1697 1283 1736 ΕΤ
1348 1697 1522 1736 PATER
1586 1696 1768 1736 DOUINI
1811 1695 2004 1735 NOSTRI
2055 1696 2174 1736 δεςυ

1275 1767 1504 1806 CHRISTI.

673 1847 864 1900 Datum
899 1845 1082 1900 nonne
1109 1860 1205 1914 per
1225 1859 1445 1898 manum
1490 1842 1714 1899 Joannis
1743 1851 1945 1898 sancta:
1974 1842 2176 1898 Roma-
2269 1853 2276 1860 ‘

602 1955 683 1994 nte
713 1939 968 1994 Ecclesia:
999 1937 1210 1992 diaconi
1261 1935 1575 2000 cardinalis,
1619 1935 1788 1990 Nonis
1825 1934 2051 2020 Aprilis,
2099 1935 2180 1988 in-

601 2033 836 2087 dictione
879 2047 951 2098 ιι,
991 2046 1134 2086 anno
1187 2029 1480 2086 Dominicae
1537 2027 1970 2091 lncarnationis,
2019 2025 2178 2092 1094,

606 2125 954 2194 pontiﬁcatus
981 2137 1109 2178 vero
1133 2121 1314 2176 domui
1358 2120 1560 2177 Urbani
1594 2120 1636 2174 ll
1670 2135 1823 2190 papa:
1854 2119 2105 2192 septimo.

1303 2233 1488 2288 CXIV.

607 2327 805 2381 Urbani
844 2341 994 2396 papa:
1013 2323 1076 2378 ΙΙ
1104 2323 1323 2394 epistola
1375 2323 1444 2377 ad
1483 2322 1748 2396 unigena:
1781 2321 2045 2390 episcopos
2091 2337 2182 2396 per

676 2389 1012 2450 Britanniam
1041 2389 1374 2448 constitutos.
1435 2422 1505 2434 ———
1569 2389 1858 2462 Conﬁrmat
1895 2391 2180 2462 sententias

675 2467 900 2519 aliorum
927 2480 1250 2517 summorum
1290 2462 1616 2531 pontiﬁcum,
1648 2461 1984 2530 pra'cipitque
2010 2461 2083 2531 eis
2125 2469 2180 2513 ut

678 2535 974 2589 Turonensi
1027 2529 1714 2587 arclrievistoootanauam
1777 2529 2181 2599 metropolitano

676 2617 916 2674 paream.

1161 2741 1164 2744 Ι
1205 2672 1382 2743 (Anno
1405 2670 1582 2742 1094.)

903 2764 1175 2836 [Mauram
1216 2763 1366 2817 Thes.
1397 2762 1594 2816 Anecd.
1624 2760 1710 2826 Ill,
1735 2760 1883 2832 881.]

683 2855 786 2908 P'ro
815 2853 1109 2910 confratris
1137 2852 1305 2906 nostri
1336 2851 1580 2907 Dolensis
1609 2852 1846 2922 episcopi
1881 2860 1935 2906 ct
1956 2851 2182 2905 aliorum

606 2957 671 2996 ex
702 2943 852 2997 vobis
883 2941 1238 3011 quorumdam
1264 2939 1571 2997 obedientia
1598 2940 1898 2995 Turonensi
1927 2941 2183 2996 Ecclesia:

606 3039 896 3106 denegata,
913 3034 1224 3104 frequentes
1250 3032 1501 3102 querelas
1527 3032 1592 3086 ad
1622 3032 1804 3087 sedem
1835 3032 2181 3102 apostolicam

608 3103 946 3200 provenisse,
977 3123 1174 3180 multas
1200 3121 1438 3194 ejusdem
1467 3123 1545 3179 rei
1583 3125 1947 3180 discussiones
1991 3140 2175 3194 perpe-
2209 3089 2253 3150 Ω

610 3227 786 3272 tratas
830 3230 971 3280 esse,
1024 3213 1420 3270 fraternitatem
1476 3225 1710 3269 vestram
1770 3214 2019 3284 ignorare
2073 3229 2177 3269 non

589 3310 882 3376 credimus
919 3325 932 3360 :
965 3321 1087 3362 cum
1117 3305 1356 3361 sciamus
1390 3306 1810 3375 praedecessoris
1834 3303 2004 3360 nostri
2045 3304 2178 3360 Gre-

605 3400 741 3470 gorii
770 3413 922 3469 papae
946 3397 1188 3468 duplices
1219 3397 1287 3453 ad
1336 3411 1432 3451 vos
1458 3396 1674 3452 litteras
1706 3409 1868 3466 super
1894 3396 1998 3449 hoc
2023 3409 2183 3464 nego-

609 3492 683 3546 tio
732 3489 1058 3556 destinatas,
1110 3489 1239 3559 quin
1307 3487 1473 3544 etiam
1530 3486 1889 3542 Sanctonensi
1951 3486 2182 3540 concilio

609 3583 892 3652 plerosque
925 3589 1164 3637 vestrum
1193 3580 1505 3635 interfuisse
1558 3580 1954 3644 existimamus,
1992 3578 2044 3630 in
2076 3592 2183 3646 quo

611 3687 643 3724 a
671 3671 860 3741 legatis
889 3670 1136 3739 ejusdem
1168 3670 1447 3740 apostolici
1499 3685 1664 3725 causa
1694 3670 1886 3725 eadem
1939 3669 2182 3738 diligenti

615 3761 1026 3829 investigatione
1053 3761 1316 3825 discussa,
1344 3762 1435 3815 ubi
1485 3777 1608 3815 cum
1663 3761 1908 3816 Dolensis
1963 3775 2183 3815 causam

614 3867 769 3905 suam
796 3850 940 3906 nulla
970 3851 1236 3920 potuisset
1277 3851 1589 3906 autltcntica
1623 3851 1952 3907 auctoritate
1996 3850 2184 3906 defen-

613 3942 775 4008 dere,
813 3943 1107 3997 secundum
1165 3940 1370 4012 praefati
1402 3956 1552 4010 papae
1598 3943 1916 3997 sententiam
1965 3944 2187 3998 omnino

616 4039 878 4084 statutum
908 4039 992 4085 est
1020 4040 1080 4085 ut
1103 4039 1209 4085 tam
1227 4030 1472 4086 Dolensis
1500 4045 1663 4100 quam
1691 4031 1873 4086 caeteri
1901 4030 2188 4086 Britanno-

617 4139 736 4176 rum
754 4123 991 4194 episcopi
1008 4123 1306 4178 Turonensi
1322 4137 1534 4193 semper
1557 4123 1810 4179 Ecclesia:
1825 4121 2181 4192 subjacerent.

613 4215 856 4282 Qualiter
881 4225 1060 4271 autem
1087 4231 1186 4270 nos
1212 4230 1353 4270 anno
1379 4216 1658 4286 praeterito
1688 4215 1908 4272 Dolensi
1934 4216 2186 4287 episcopo

613 4306 832 4375 pallium
886 4305 1286 4372 indulserimns,
1325 4307 1524 4373 nostris
1559 4291 1706 4362 'tnnc
1755 4306 1936 4362 fuistis
1993 4307 2187 4363 litteris

2277 489 2466 544 barum
2517 504 2698 544 rerum
2742 504 2860 559 qua:
2916 504 3016 561 per
3057 499 3139 546 tot
3184 492 3488 562 apostolicos
3535 500 3725 566 pontiﬁces

2275 581 2608 637 confirmata:
2639 581 2881 646 fuerant,
2929 582 3301 638 definitionem
3329 583 3518 654 plenam
3567 605 3644 644 non
3675 598 3726 647 dc-

2276 675 2406 729 bere
2436 675 2664 731 differri.
2696 678 2864 748 Igitur
2883 686 2940 732 et
2970 693 3069 734 nos
3096 694 3284 734 eorum
3317 688 3501 736 statuta
3521 681 3730 751 ﬁrmantes,

2275 769 2630 836 praesentium
2657 768 2812 824 vobis
2837 770 3169 824 auctoritate
3196 770 3518 841 praecipimus
3547 783 3610 839 ut,
3644 777 3731 831 sicut

3811 332 3813 390 1

2276 857 2345 912 ab
2369 857 2501 928 ipsis
2537 859 2816 914 decretum
2845 868 2950 925 est,
2983 857 3291 916 Turonensi
3336 860 3562 932 deinceps
3597 867 3733 922 archie-
3814 896 3815 900 η

2274 947 2494 1018 piscopo
2541 964 2684 1014 eam,
2721 965 2840 1020 qua:
2881 950 3352 1021 metropolitanum
3377 952 3534 1021 decet,
3567 955 3734 1012 obedien-

2279 1037 2406 1091 tiam
2433 1037 2690 1093 exhibere
2715 1041 2936 1095 curetis.

2347 1127 2539 1182 Datum
2587 1129 2770 1186 Roma:
2806 1147 2863 1185 lli
2901 1131 3024 1187 ldus
3052 1132 3250 1213 Aprilis

2988 1307 3146 1362 CXV.

2281 1413 2482 1469 Urbani
2514 1413 2574 1469 11
2615 1415 2834 1484 epistola
2867 1418 2934 1469 ad
2969 1417 3291 1473 Rainoldum
3325 1419 3595 1477 Remanent
3617 1430 3741 1479 archit-

2351 1486 2640 1554 piscopztm.
2672 1515 2742 1524 —
2773 1485 2925 1550 Quod
2951 1485 3594 1561 FulcanrmBe/racenmn
3614 1497 3737 1561 cpiun-

2355 1570 2472 1632 pu_m
2508 1570 2684 1632 coram
2711 1571 2777 1632 se.
2804 1567 3081 1624 purgatum
3107 1575 3137 1610 a
3175 1559 3390 1612 crimine
3426 1562 3586 1617 iterum
3610 1559 3742 1632 pergam

2354 1622 2591 1688 coluerit,
2628 1625 2886 1692 queritur.

2842 1716 3019 1808 (Anno
3062 1740 3250 1810 1094.)

2675 1829 2890 1899 [ΜΑΝςι.
2931 1832 3133 1887 Concil.
3176 1833 3295 1899 XX,
3331 1835 3472 1908 71L]

2355 1935 2606 1992 Uneanus
2656 1939 2970 2008 episcopus,
3012 1929 3204 1997 servus
3251 1959 3520 2000 servorum
3557 1947 3646 2008 Dei.
3673 1950 3743 2003 clla

2286 2116 2646 2189 suﬂ‘raganeis
2676 2119 2910 2176 salutem
2940 2131 2996 2176 et
3026 2123 3382 2192 apostolicam
3415 2126 3737 2182 benedictionem

2355 2207 2712 2263 Fraternitati
2743 2217 2941 2265 vestrae.
2982 2212 3333 2268 notissimum
3366 2215 3608 2285 credimus
3639 2197 3737 2285 quem

2285 2297 2575 2352 admodum
2615 2314 2761 2354 anno
2815 2301 3089 2371 prmterito
3141 2303 3209 2356 ad
3265 2279 3598 2373 apostolorum
3636 2279 3745 2358 limiti:

2284 2387 2452 2443 Fulco
2499 2388 2844 2446 Belvacensis
2873 2393 3157 2464 episcopus
3197 2396 3422 2451 veniens
3469 2397 3589 2450 ultro
3624 2397 3661 2449 in
3689 2413 3737 2448 ma

2285 2481 2445 2537 nibus
2465 2483 2668 2538 nostris
2696 2485 3068 2554 episcopatum
3103 2501 3171 2541 ex
3199 2486 3413 2558 integro
3451 2487 3670 2542 rcfutavit.
3690 2487 3747 2539 iitr-

2285 2583 2464 2628 autem
2515 2576 2823 2630 necessitati
2855 2577 3242 2635 ecclesiastica:
3289 2580 3648 2651 dispensatioae
3679 2596 3739 2649 apo

2285 2665 2474 2720 stolica
2527 2667 2904 2736 providentes,
2943 2669 3120 2724 eidem
3173 2670 3332 2726 fratri
3373 2671 3554 2726 nolenti
3596 2681 3638 2724 ct
3673 2673 3739 2724 ηδικί
3820 2665 3821 2710 1

2287 2759 2418 2810 tenti
2443 2758 2790 2828 episcopatus
2816 2775 3004 2814 curam
3040 2759 3396 2832 injunximus,
3427 2771 3608 2816 retenta
3642 2772 3742 2813 tam

2284 2849 2610 2920 pontificalis
2675 2850 2838 2907 oﬂicii
2895 2851 3272 2922 plenitudine;
3335 2855 3567 2926 quoniam
3616 2855 3741 2923 quiet:

2285 2948 2493 3008 patrem
2525 2941 2643 3010 cjus
2671 2955 2773 3010 pro
2802 2941 2971 3010 ipsius
3001 2941 3269 3000 electione
3297 2945 3560 3015 pecuniam
3584 2943 3743 2997 oblatis.»

2289 3047 2477 3087 rumor
2505 3034 2810 3092 exstiterat.
2862 3034 3132 3090 Caeterum
3175 3047 3305 3106 post
3343 3037 3636 3107 aliquantum
3672 3045 3733 3088 tem

2286 3117 2532 3192 poris’et
2558 3131 2712 3193 pater
2740 3123 2856 3194 ejus
2907 3136 2961 3180 et
2991 3125 3107 3183 Odo
3144 3129 3472 3185 venerabilis
3515 3128 3748 3183 Bclvaccnsi:

2285 3212 2540 3269 Ecclesia:
2580 3216 2874 3271 canonicus
2903 3217 2970 3270 ad
3001 3227 3244 3274 nostram
3286 3221 3603 3290 prmseutiatu
3637 3233 3740 3286 perte

2277 3304 2536 3369 nientes,
2605 3307 2763 3360 tactis
2809 3309 3177 3364 sacrosanctis
3235 3310 3536 3382 Evangeliis
3573 3310 3626 3363 ab
3667 3323 3752 3361 omn

2285 3411 2408 3450 eum
2455 3397 2775 3453 Simoniacaa
2818 3400 3102 3468 pravitatis
3130 3402 3439 3472 suspicione
3483 3402 3662 3456 liberum
3687 3398 3753 3448 rei-

2285 3486 2558 3542 ditlerunt.
2611 3488 2688 3542 lta
2732 3505 2830 3543 nos
2880 3490 3133 3546 Ecclesia:
3177 3503 3379 3547 nostra:
3421 3490 3639 3545 fratribus
3661 3488 3754 3540 suis

2288 3578 2487 3633 factum
2521 3580 2745 3650 justitia:
2782 3580 3186 3649 jndicantibus,‘
3211 3584 3582 3654 plenitudinem
3603 3580 3657 3635 illi
3679 3592 3752 3647 [mn-

2292 3668 2508 3725 tilicalis
2533 3671 2691 3727 oflicii
2729 3673 3081 3728 restituimus.

2361 3785 2494 3840 Cum
2523 3785 2686 3854 igitur
2710 3784 2912 3840 nemini
2942 3801 3177 3856 unquam
3205 3787 3508 3856 apostolica:
3529 3781 3643 3839 sedis
3662 3781 3752 3831 fire-tl

2289 3887 2584 3930 retractare
2627 3874 2913 3943 judicium,
2971 3891 3095 3931 cum
3124 3879 3331 3932 nemini
3383 3879 3448 3934 de
3498 3893 3550 3931 se
3595 3873 3752 3928 confer

2289 3966 2439 4022 ere-ii
2493 3967 2720 4029 debeat;
2780 3980 2904 4020 cum
2950 3967 3016 4020 ad
3061 3967 3221 4021 unius
3265 3968 3631 4023 accusationem
3663 3975 3753 4013 ncne“

2289 4055 2464 4109 valeat
2503 4054 2742 4125 legitime
2771 4054 3149 4121 condemnari,
3179 4056 3446 4111 miramur
3470 4069 3562 4124 qua
3583 4064 3754 4122 pursuin-

2290 4148 2473 4217 ptione
2505 4158 2626 4216 post
2657 4146 2838 4202 datam
2870 4163 2900 4200 a
2946 4147 3092 4226 Petri
3125 4148 3334 4204 vicario
3367 4147 3647 4204 sententiam
3674 4153 3754 4208 prr-

2286 4236 2549 4306 jutlicium
2598 4236 2892 4304 intulistis,
2925 4238 3259 4308 quospiritu
3309 4238 3599 4308 praedictum
3622 4228 3756 4286 (‘0!th-

2291 4313 2429 4385 trem
2461 4339 2516 4385 ct
2539 4318 2920 4400 coepiscopum
2973 4338 3218 4385 nostrum
3258 4332 3331 4386 ob
3379 4330 3526 4384 unius
3547 4321 3756 4381 accusatio-

615 4398 913 4453 informati.
954 4397 1125 4454 Porro
1149 4408 1256 4452 tam
1303 4399 1404 4468 ipsi
1451 4413 1615 4468 quam
1652 4399 1956 4455 Turonensi
2012 4401 2182 4454 archi-

2292 4438 2412 4476 nem
2445 4422 2680 4476 hominis
2719 4421 3027 4485 addixistis,
3074 4436 3180 4490 qua
3215 4422 3510 4476 temeritate
3534 4417 3672 4472 eidem
3704 4409 3756 4459 uni

612 4490 868 4560 episcopo
885 4490 1168 4549 terminum
1193 4489 1701 4560 constituimus,quo
1727 4500 1953 4560 uterque
1981 4506 2038 4545 se
2059 4507 2180 4545 cum

614 4595 724 4634 suae
764 4579 1018 4634 Ecclesia:
1053 4579 1399 4634 munimentis
1427 4595 1526 4650 pro
1551 4581 1789 4650 querelae
1840 4581 2000 4651 bujus
2041 4581 2185 4636 deci-

615 4673 768 4727 sione
789 4681 972 4728 nostro
1006 4673 1322 4742 conspectui
1351 4682 1728 4742 praesentaret.
1759 4675 1894 4729 Cum
1941 4673 2186 4729 Dolensis

615 4777 722 4818 non
747 4763 978 4830 veniret,
1021 4761 1360 4838 Turonensis
1428 4763 1482 4817 in
1535 4773 1778 4833 tempore
1827 4775 2026 4835 prmsto
2066 4765 2185 4820 fuit.

617 4852 772 4908 Tunc
825 4853 881 4908 in
933 4853 1209 4910 autlientia
1256 4853 1576 4926 clericorum
1623 4855 1798 4934 simul
1830 4865 1887 4912 et
1929 4856 2186 4911 laicorum

619 4945 876 5001 Romana:
902 4947 1158 5004 Ecclesia:
1184 4955 1481 5002 retractata
1509 4958 1636 5004 sunt
1664 4989 1678 5014 ,
1704 4963 1823 5018 quae
1868 4949 1951 5011 vel
2001 4958 2189 5004 nostro

621 5036 705 5092 vel
723 5035 968 5108 Gregorii
998 5055 1152 5110 papa:
1183 5050 1426 5110 tempore
1456 5055 1619 5112 super
1647 5041 1749 5097 hoc
1782 5043 2000 5113 negotio
2039 5053 2188 5113 gesta

621 5137 1004 5196 recurrerunt;
1083 5131 1310 5186 recitata
1377 5140 1503 5186 sunt
1574 5133 1737 5204 etiam
1820 5132 2188 5190 Romanorum

620 5219 938 5289 pontificum
959 5221 1184 5287 Nicolai,
1213 5220 1434 5277 Joannis
1462 5232 1516 5278 et
1543 5222 1741 5279 Leonis
1761 5225 2192 5295 scripta,quibus

621 5311 902 5365 decretum
969 5321 1054 5366 est
1103 5322 1162 5367 ut
1215 5314 1449 5369 universi
1510 5315 1892 5391 Britannorum
1950 5316 2191 5388 episcOpi

625 5398 911 5454 Turonicte
987 5399 1220 5456 debeant
1278 5403 1558 5479 metropoli
1605 5403 1922 5479 subjacere.
1987 5405 2192 5472 Quibus

624 5488 880 5544 omnibus
902 5489 1214 5559 diligentius
1235 5477 1538 5562 exquisitis,
1577 5477 1641 5550 ex
1667 5497 1940 5552 communi
1968 5499 2194 5553 consilio

627 5588 737 5632 tam
758 5577 1091 5634 confratrum
1120 5590 1428 5636 nostrorum
1455 5585 1830 5655 episcoporum
1880 5599 1934 5643 et
1966 5591 2194 5644 nonnul-

624 5671 800 5726 lorum
827 5681 1024 5728 nostra:
1049 5672 1301 5727 Ecclcsim
1315 5675 1630 5732 clericorum
1652 5679 2014 5737 Rotnanorum
2033 5699 2191 5751 quam

2291 4515 2636 4584 semetipsum
2671 4513 3038 4568 Simoniaeum
3079 4516 3357 4570 accusanti
3397 4514 3626 4568 adversus
3657 4503 3755 4558 alia":

2292 4606 2428 4659 adeo
2470 4603 2814 4658 credideritis
2837 4643 2852 4668 ,
2900 4612 2960 4658 ut
3003 4619 3163 4673 quem
3193 4607 3261 4661 de
3297 4620 3456 4661 causa
3480 4602 3638 4657 eadem
3663 4604 3758 4647 canor

2270 4695 2413 4760 .nico
2447 4695 2636 4748 ordine
2662 4693 2966 4749 discussum
2997 4693 3237 4750 Ecclesia
3266 4693 3502 4752 fletnana
3530 4687 3755 4745 absolt'cﬂlv

2291 4797 2386 4839 vos
2417 4784 2468 4838 in
2493 4785 2611 4852 ejus
2641 4774 2892 4851 injuriam
2920 4783 3117 4840 iterato
3143 4785 3292 4840 illum
3318 4785 3512 4856 judicio
3543 4770 3755 4851 purgationi

2290 4876 2566 4932 canonica:
2601 4875 2964 4944 subjiceretis.
3014 4875 3151 4944 Quia
3195 4893 3327 4950 ergo
3353 4877 3586 4932 adversus
3607 4875 3756 4922 manu"

2270 4974 2525 5020 .vestram
2557 4965 2857 5020 Romanam
2889 4965 3188 5020 Ecclesiam
3222 4967 3494 5022 brachium
3513 4951 3755 5018 cxtendisis.

2293 5069 2487 5124 magna
2514 5056 2646 5109 estis
2681 5054 3156 5110 animadversione
3201 5053 3511 5127 dignissimi,
3551 5049 3699 5120 quippe
3725 5046 3756 5087 ι³¹

2289 5143 2672 5200 auctoritatem
2707 5151 3017 5200 sanctorum
3062 5159 3330 5201 canonum
3363 5142 3695 5201 conculcantes.
3714 5127 3755 5178 Ῐε

2268 5236 2582 5304 pnecipue,
2627 5235 2948 5294 cltarissime
2987 5253 3051 5293 ac
3095 5238 3534 5303 ,reverendissime
3561 5231 3686 5287 frater
3717 5222 3754 5272 ﬂ-

2293 5323 2580 5380 Remensis
2607 5325 3046 5398 archiepiscope,
3102 5328 3252 5384 salva
3301 5323 3580 5384 dilectionis
3614 5312 3753 5398 indi“?

2295 5418 2621 5483 reverentia,
2658 5425 2711 5472 te
2739 5394 2902 5488 super
2933 5394 3036 5474 boc
3066 5418 3314 5474 ducimus
3337 5411 3644 5488 arguendum,
3666 5394 3754 5470 (Ιυθδ

2295 5506 2348 5560 in
2398 5515 2691 5578 conspectu
2722 5517 2812 5563 tuo
2845 5518 3047 5564 tantam
3078 5509 3187 5578 pati
3219 5509 3448 5579 potueris
3486 5495 3750 5574 apostolorum

2297 5597 2526 5666 principi
2555 5595 2809 5666 injuriam
2844 5600 3094 5674 trrogari.
3129 5600 3235 5653 Nos
3262 5601 3433 5668 itaque
3455 5591 3748 5650 accusationem

2300 5688 2465 5756 illam,
2505 5698 2560 5745 et
2585 5689 2910 5744 sententiam
2945 5691 3089 5744 illam
3135 5702 3323 5745 Contra
3360 5697 3622 5742 sanctorum
3647 5681 3748 5726 ramr

2270 2016 2514 2082 'rissimis
2541 2026 2803 2084 fratribus
2832 2029 2901 2084 R.
2927 2029 3182 2087 Remensi
3208 2034 3591 2106 archiepiscopo
3609 2037 3743 2106 ejusqut
3818 2026 3819 2040 ¹
