3888 6322
82 308 193 364 589

76 527 220 574 mus,
249 519 309 564 et
355 509 743 566 Belvacensem
785 510 1095 581 episcopum
1124 511 1391 581 religiosa:
1435 522 1492 567 et
1536 513 1669 565 sim-

89 603 251 672 plicis
277 603 415 659 ritze
447 603 614 656 virum
646 602 763 657 loco
805 616 904 658 suo
943 611 1000 658 et
1025 602 1201 657 oliicio
1231 604 1542 658 restitutum
1575 603 1666 657 lir—

80 709 315 749 mamus.
369 693 521 748 Sane
573 694 887 763 quicunque
935 709 1001 748 ex
1032 694 1187 749 vobis
1233 695 1494 750 adversus
1545 710 1668 749 cum

80 801 183 840 non
209 785 515 856 judicium,
554 787 647 840 sed
678 785 1050 855 prtejudicium
1087 786 1458 856 protulerunt,
1508 777 1732 841 nove-4'i

84 877 189 930 rint
218 890 280 930 sc
316 884 550 931 auctore
580 875 741 930 Petro
764 886 818 930 et
857 875 1121 945 judicium
1155 891 1324 946 usque
1351 878 1416 942 ad
1463 875 1674 931 satisfa-

83 965 322 1019 ctionem
387 978 688 1034 congruam
739 965 1038 1030 subituros,
1090 973 1147 1019 et
1187 964 1455 1034 jacturam
1510 981 1670 1035 quam

85 1059 256 1111 frater
280 1055 375 1110 ille
407 1070 700 1126 perpessus
739 1066 844 1121 est,
871 1056 1234 1129 aestimatione
1269 1055 1505 1127 legitima
1536 1056 1674 1110 sola-

89 1159 254 1202 turos.
287 1147 452 1201 Illum
489 1156 670 1202 autem
725 1147 800 1202 ita
846 1146 1154 1202 absolutum
1195 1162 1314 1203 esse
1363 1161 1672 1212 censemus,

88 1248 145 1292 ut
172 1242 357 1307 siqua
390 1238 447 1292 in
483 1253 607 1293 eum
636 1239 892 1308 deinceps
921 1238 1148 1309 qumstio
1182 1239 1500 1302 emerserit,
1556 1239 1673 1294 solo

92 1329 347 1382 Romana:
395 1329 545 1383 sedis
581 1327 787 1395 judicio
837 1329 1186 1384 terminatur.
1230 1329 1307 1383 De
1351 1338 1547 1384 caetero
1588 1345 1675 1385 ro—

89 1433 274 1487 gamus
313 1426 391 1483 te,
443 1418 893 1474 rcvercndissime
943 1416 1110 1472 frater
1139 1417 1422 1472 Bernensis
1465 1419 1675 1474 archie-

95 1510 335 1576 piscope,
369 1516 433 1561 ut
479 1507 863 1563 Belvacensem
906 1508 1216 1578 episcopum
1251 1519 1450 1563 nostrae
1486 1509 1674 1579 gratia:

94 1596 486 1665 plenitudinem
537 1598 870 1653 obtinentem
919 1599 971 1652 in
1016 1599 1130 1653 suis
1163 1607 1270 1653 tam
1303 1599 1674 1668 spiritualibus

96 1705 248 1758 quam
285 1690 677 1759 corporalibus
717 1692 1216 1760 opportunitatibus
1246 1691 1530 1760 atljuvetis.

162 1781 291 1835 Data
331 1780 626 1837 Lateranis
657 1797 714 1835 ιιι
754 1782 877 1838 ldus
922 1782 1065 1837 Maii.

795 1937 974 1996 CXVI.

105 2072 290 2128 Urbani
343 2070 405 2126 II
471 2071 709 2144 epistola_
749 2073 825 2144 ad;
887 2055 1162 2142 Hugonem
1228 2073 1672 2144 archiepiscopum

679 2141 1092 2210 Lugdunensem.

694 2231 870 2304 (Anno
895 2232 1076 2300 ιοθι.)

107 2323 181 2393 [1).
233 2323 523 2389 Ruruan'r,
583 2324 702 2378 Vita
747 2323 968 2378 Urbani.
1019 2324 1154 2378 Man.
1204 2336 1258 2380 et
1300 2325 1456 2382 Rom.
1508 2326 1672 2382 Ouvr.

651 2395 819 2464 posth.
850 2395 933 2460 III,
969 2394 1118 2468 359.]

170 2505 406 2561 UBBANUS
422 2506 737 2577 episcopus,
752 2522 936 2562 servus
949 2521 1222 2562 servorum
1240 2508 1353 2574 Dei,
1367 2509 1561 2566 dilecto
1575 2510 1676 2565 fra-

107 2599 164 2650 tri
181 2609 229 2651 et
243 2601 506 2669 episcopo
527 2597 732 2654 "UGONI
757 2599 1117 2670 Lugdunensi,
1141 2609 1195 2653 et
1209 2601 1675 2658 sanctaallomanze

107 2687 339 2744 Ecclesiae
384 2689 610 2766 legato,
657 2692 885 2746 salutem
932 2698 988 2746 et
1042 2691 1392 2762 apostolicam
1456 2694 1676 2751 benedi-

106 2780 333 2836 ctionem.
1534 2849 1538 2852 _

167 2871 554 2930 Sollicitudinis
582 2876 990 2944 nostraz‘vices,
1036 2885 1091 2933 et
1125 2879 1460 2949 agendorum
1494 2882 1672 2936 consi-

107 2960 276 3016 liorum
309 2965 712 3034 providentiam
743 2967 1050 3022 strenuitati
1091 2976 1195 3022 tute
1241 2984 1375 3038 pure
1415 2970 1672 3042 simplici-

111 3064 276 3122 terque
321 3056 718 3112 commisimus.
762 3055 868 3113 Sed
907 3074 1005 3128 pro
1044 3059 1410 3115 conservanda
1448 3076 1580 3130 pace
1617 3072 1673 3120 et

110 3147 302 3215 negotio
325 3146 545 3203 facilius
570 3149 902 3219 peragendo,
923 3149 1108 3205 utilius
1130 3151 1516 3207 azstimavimus
1543 3169 1670 3210 con-

112 3236 274 3292 fratris
300 3239 474 3293 nostri
509 3238 792 3296 Bernensis
822 3241 1212 3312 archiepiscopi
1242 3242 1354 3314 (25)
1387 3245 1668 3302 consilium

115 3330 418 3396 concisccre,
474 3332 602 3400 quia
655 3331 706 3386 in
761 3331 878 3401 ejus
927 3349 1088 3390 manu
1137 3335 1460 3392 familiarius
1505 3353 1670 3396 causa

116 3419 238 3488 regis
277 3433 551 3478 versatur.
594 3422 707 3478 Tua
751 3441 880 3481 vero
924 3425 1170 3482 intererit
1209 3429 1324 3484 sive
1362 3444 1483 3484 cum
1532 3431 1666 3501 ejus,

113 3511 210 3566 sive
238 3513 350 3568 sine
381 3516 505 3586 ejus
533 3516 780 3581 consilio,
819 3526 977 3586 prout
1009 3518 1102 3572 tibi
1139 3534 1169 3572 a
1201 3520 1426 3577 Domino
1457 3524 1668 3591 copiam

116 3603 380 3662 ministrari
414 3607 773 3676 conspexeris
795 3649 809 3671 ,
844 3595 1096 3678 injunctae
1125 3609 1407 3680 legationis
1433 3615 1667 3670 oﬂicium

115 3709 380 3764 exercere,
431 3707 494 3755 et
538 3699 864 3769 pullulantes
913 3701 1166 3756 vitiorum
1217 3702 1464 3772 palmites
1503 3706 1666 3760 divini

116 3786 247 3841 verbi
277 3787 404 3845 falce
435 3789 701 3847 recidere.
736 3791 880 3848 Inter
917 3793 1276 3848 Viennensem
1307 3796 1668 3866 archiepisco-

115 3890 222 3943 pum
269 3880 601 3950 Guidonem,
650 3893 704 3938 et
752 3883 1309 3955 Gratianopolitanum
1359 3887 1665 3958 episcopum

117 3966 366 4038 nugonem
391 3975 525 4045 quid
556 3990 736 4042 rerum
766 3977 858 4041 sit,
882 3977 1152 4046 sagacitas
1183 3988 1268 4034 tua
1294 3979 1450 4049 longe
1477 3980 1666 4036 melius

119 4056 238 4113 intra
284 4067 615 4133 provinciam
664 4067 992 4138 investigare
1039 4068 1322 4137 praevalet,
1365 4086 1526 4140 quam
1569 4087 1666 4126 nos

117 4151 190 4216 qui
243 4163 342 4210 tam
393 4158 575 4228 longis
621 4167 889 4214 terrarum
941 4161 1129 4229 spatiis
1176 4161 1451 4217 absumus.
1511 4162 1664 4228 Quod

118 4237 253 4306 igitur
279 4244 341 4299 de
368 4245 560 4302 eodem
594 4248 808 4317 negotio
835 4256 927 4324 tua
965 4248 1276 4304 fraternitas
1309 4251 1522 4315 statuit,
1567 4267 1665 4306 nos

118 4327 286 4387 «letum
321 4335 548 4404 justitia:
584 4338 892 4408 integritate
933 4340 1105 4394 securi
1145 4347 1325 4396 nostra
1365 4342 1666 4397 assertione

121 4415 381 4479 firmamus.
413 4425 474 4480 Si
511 4441 646 4494 quas
677 4441 805 4481 vero
839 4437 1038 4483 nostra:
1075 4431 1416 4485 auctoritatis
1459 4432 1662 4486 litteras

121 4506 410 4572 Viennensis
435 4515 722 4586 objecerit,
769 4533 928 4574 nosse
972 4534 1070 4575 nos
1113 4520 1360 4576 volumus
1400 4524 1524 4592 quia
1566 4541 1664 4579 nos

123 4599 232 4654 nihil
260 4603 352 4673 ipsi
391 4619 486 4663 aut
521 4608 777 4664 Ecclesiae
807 4608 1097 4666 Viennensi
1132 4614 1520 4681 concessimus,
1562 4616 1662 4670 nisi

122 4693 238 4757 quod
262 4695 398 4762 juste
419 4701 685 4756 hactenus
713 4702 1019 4770 possedisse
1054 4704 1418 4772 cognoscitur,
1447 4707 1660 4761 etiamsi

124 4792 202 4844 per
224 4785 610 4857 subreptionem
642 4789 801 4854 forte,
830 4791 972 4860 quod
1001 4792 1160 4857 absit,
1185 4793 1386 4863 aliquid
1415 4794 1664 4849 videatur

123 4879 390 4944 extortum;
439 4894 536 4934 sua
583 4879 725 4935 enim
759 4881 954 4950 cuique
992 4880 1238 4937 volumus
1269 4882 1390 4952 jura
1429 4887 1655 4939 servari.

126 4955 190 5012 Tu
214 4961 340 5022 hanc
367 4983 553 5025 eorum
590 4971 975 5028 dissentionem
1011 4982 1214 5043 quanto
1244 4974 1404 5029 citius
1433 4977 1654 5044 poteris,

126 5049 375 5119 adiuvante
404 5062 644 5128 Domino,
677 5064 857 5135 sepire
883 5078 1134 5134 procura.
1169 5064 1225 5118 In
1258 5065 1341 5120 his
1369 5075 1425 5120 et
1455 5067 1507 5120 in
1542 5067 1661 5122 aliis

129 5155 224 5208 quae
251 5147 334 5204 Dei
359 5165 503 5220 sunt,
541 5155 594 5209 in
630 5164 880 5226 promptu
914 5155 1116 5211 habeas
1149 5165 1199 5211 te
1224 5157 1318 5213 Dei
1351 5159 1656 5215 ministrum

1271 303 1624 360 I‘IPlSI‘OLAE
1668 299 1752 354 ΕΤ
1783 299 2191 358 PRIVILEGM.

76 439 202 476 num
234 423 494 474 Institnta
519 419 784 491 prolatam
824 421 1045 474 omnino
1085 419 1296 474 irritam
1331 435 1451 475 esse
1476 433 1664 474 cense-
1701 422 1745 476 A

3238 316 3344 373 590

2457 423 2657 479 CXVII.

1775 509 1971 590 Urbani
2013 511 2074 565 11
2113 516 2437 590 εριειυιιιηᾳιι
2463 515 2757 590 ΔΗιιροηιῑιη
2799 517 3346 590 Gratianopolitanum

1844 585 2158 664 episcopum.
2193 614 2264 623 —
2301 583 2392 664 Illi
2438 586 2502 664 de
2552 583 2905 664 superioribus
2956 592 3024 644 ad
3054 583 3346 664 'Hugonem

1842 651 2237 722 Lugdunensem
2273 655 2500 724 epistolis
2529 651 2811 726 signiﬁcat.

2364 746 2538 815 (Anno
2581 747 2758 818 1094.)

1914 837 2205 909 moratam,
2243 837 2358 892 Vita
2392 838 2614 905 Urbani,
2645 842 2729 894 ubi
2765 857 2946 912 supra,
2978 859 3032 913 p.
3057 844 3206 915 560.]

1846 929 2095 985 URBAMJS
2123 930 2441 998 episcopus,
2474 946 2663 986 servus
2690 948 2968 988 servorum
3002 935 3115 1000 Dei,
3154 936 3349 991 dilecto

1767 1019 1928 1100 fratri
1954 1021 2178 1086 HUGONI,
2202 1021 2700 1092 Gratianopolitano
2730 1025 3002 1094 episcogvo,
3035 1025 3260 1081 salutem
3294 1038 3349 1082 et.

1774 1109 2120 1180 apostolicam
2154 1108 2606 1165 benedictionem.

1842 1200 1948 1255 Pro
1977 1201 2191 1271 negotio
2222 1210 2311 1254 tuo
2342 1200 2600 1256 confratri
2631 1211 2819 1256 nostro
2859 1202 3198 1274 Lugdunensi
3239 1205 3351 1259 Ηυ-

1775 1293 1899 1361 goni
1951 1292 2358 1363 archiepiscopo
2415 1295 2792 1364 rescripsimus
2844 1297 2988 1365 quod
3046 1296 3186 1350 enim
3238 1298 3352 1366 ipse

1776 1394 1958 1440 nostra
1996 1385 2114 1440 vice
2142 1385 2360 1449 statuit,
2402 1401 2502 1440 nos
2534 1395 2720 1440 nostra
2762 1387 3062 1443 assertione
3092 1389 3350 1444 corrobo-

1777 1493 1981 1532 ramus.
2035 1477 2092 1532 Si
2132 1493 2267 1548 quas
2313 1493 2441 1532 vero
2499 1488 2699 1534 nostrae
2753 1480 3092 1537 auctoritatis
3142 1481 3352 1537 litteras

1781 1569 2098 1625 Viennensis
2156 1569 2594 1640 archiepiscopus
2643 1573 2973 1641 opposuerit,
3002 1573 3132 1628 nihil
3176 1590 3352 1629 causie

1778 1669 1882 1716 tute
1907 1659 2122 1716 ofﬁcere
2151 1653 2449 1718 arbitreris.
2479 1661 2586 1717 Nos
2606 1663 2748 1719 enim
2767 1665 2895 1720 nihil
2921 1666 3152 1735 ipsi,aut
3175 1667 3352 1723 Eccle-

1702 1761 1749 1820 Β
1778 1751 1872 1807 site
1899 1750 2191 1809 Viennensi
2219 1756 2607 1822 concessimus,
2634 1757 2734 1813 nisi
2758 1759 2898 1827 quod
2919 1759 3065 1828 juste
3092 1759 3354 1814 hactenus

1777 1846 2086 1915 possedisse
2125 1849 2491 1918 cognoscitur,
2534 1864 2630 1904 sua
2676 1851 2827 1916 enim.
2869 1852 3061 1921 cuique
3108 1852 3354 1908 volumus

1771 1939 1892 2006 jura
1923 1940 2150 1995 servari.
2179 1940 2435 1997 Orantem
2468 1957 2565 2012 pro
2591 1946 2747 2001 nobis
2780 1944 3171 2002 fraternitatem
3205 1957 3351 2001 tuam

1775 2031 2052 2086 miseratio
2088 2033 2270 2088 divina
2300 2035 2608 2090 custodiat.‘

1846 2124 1977 2178 Data
2002 2123 2186 2180 Romae
2221 2141 2332 2180 xvu
2367 2126 2593 2182 Kalend.
2627 2127 2788 2204 Junii-

2452 2229 2679 2294 CXVIII.

1776 2321 1978 2378 Urbani
2015 2324 2078 2377 lI
2120 2326 2444 2397 privilegium
2487 2346 2581 2397 pro
2622 2332 2887 2385 canonicis
2929 2330 3350 2388 Pistoriensibus.

2364 2415 2541 2486 (Anno
2573 2418 2754 2490 1094.)

1862 2571 1870 2584 .
1965 2504 2280 2576 [lacunam
2314 2507 2576 2562 Anecdota
2606 2511 2760 2564 medii
2788 2512 2904 2577 (rvi,
2935 2527 2988 2581 p.
3018 2513 3170 2587 224.]

1848 2596 2101 2652 Unewus
2141 2599 2445 2668 episcopus,
2483 2615 2672 2656 servus
2706 2619 2983 2659 servorum
3008 2607 3122 2670 Dei,
3146 2608 3354 2664 dilectis

1778 2689 1831 2743 in
1872 2689 2089 2744 Christo
2129 2689 2253 2744 filiis
2295 2689 2463 2745 UGONI
2505 2694 2811 2763 praeposito,
2848 2705 2900 2751 et
2945 2699 3153 2753 caeteris
3184 2698 3354 2756 Pisto-

1779 2779 1972 2834 riensis
1996 2779 2268 2834 canonicaz
2299 2779 2580 2846 fratribus,
2616 2799 2912 2856 eorumque
2949 2789 3352 2844 successoribus
3389 2826 3392 2827 ν

1775 2869 1829 2924 in
1859 2868 2116 2940 regularis
2144 2871 2264 2925 vitze
2291 2873 2632 2928 observantia
2660 2877 3031 2944 permansuris
3081 2878 3132 2932 in
3160 2894 3352 2950 perpe-

1775 2970 1944 3017 tuum.
2872 3035 2874 3037 _
3027 3033 3030 3036 Α

1845 3055 1954 3110 Pisc
1989 3055 2282 3111 voluntatis
2321 3056 2544 3112 affectus
2579 3058 2759 3114 studio
2803 3059 2961 3115 debet
2992 3072 3354 3131 prosequente

1776 3146 2057 3216 compleri,
2094 3156 2154 3201 ut
2196 3147 2562 3205 ecclesiastica
2610 3151 2810 3205 utilitas
2859 3153 3166 3221 apostolica:
3209 3155 3353 3210 sedis

1775 3241 1962 3295 favore
1992 3241 2135 3295 vires
2163 3243 2394 3313 accipiat
2421 3251 2477 3296 et
2514 3253 2809 3299 accrescat.
2840 3243 3072 3300 Proinde
3106 3245 3351 3316 religiosa

1776 3339 1899 3386 vota
1941 3341 2120 3388 vestra
2162 3335 2475 3403 accipimus,
2503 3342 2558 3388 et
2597 3335 2764 3403 aequis
2798 3335 3144 3404 petitionibus
3175 3337 3351 3391 liben-

1776 3430 1858 3477 ter
1898 3423 2238 3494 impertimur
2283 3440 2584 3490 assensum,
2626 3434 2686 3480 ut
2731 3427 3003 3480 canonica:
3041 3427 3164 3482 vitae
3201 3428 3348 3483 ordi-

1773 3528 1919 3581 nem,
1951 3529 2111 3582 quam
2146 3514 2374 3583 professi
2405 3516 2556 3579 estis,
2588 3517 2924 3572 auctoritatis
2956 3525 3169 3571 nostrae
3189 3519 3352 3588 privi-

1773 3603 1912 3674 legio
1956 3605 2281 3658 muniamus.
2314 3605 2568 3660 Prmsenti
2607 3606 2769 3676 igitur
2810 3607 3025 3662 decreto
3063 3609 3352 3665 statuimus

1773 3703 1831 3750 ut
1875 3695 2080 3750 nemini
2130 3697 2426 3751 viventium
2466 3697 2624 3752 liceat
2660 3714 2751 3752 vos
2785 3709 2838 3754 et
2879 3714 3223 3756 successores
3257 3717 3348 3757 ve-

1773 3799 1916 3846 stros
1945 3806 1971 3844 a
2002 3790 2126 3843 vitae
2154 3791 2428 3845 canonica
2455 3791 2832 3845 communione
2864 3792 3187 3853 distrahere.
3217 3810 3351 3849 neve

1773 3881 1929 3937 alicui
1963 3891 2200 3936 vestrum
2233 3892 2352 3951 post
2378 3882 2769 3952 professionem
2801 3883 3028 3938 liberum
3064 3883 3188 3939 sita
3221 3900 3350 3940 con-

1730 4009 1736 4014 ι
1772 3974 2082 4043 gregatione
2109 3973 2384 4029 discedere
2399 3983 2453 4029 et
2471 3974 2678 4031 latioris
2709 3975 2809 4030 viae
2836 3985 3103 4046 praerupta
3127 3978 3347 4032 sectari.

1771 4061 2132 4128 Quamobrem
2165 4064 2509 4121 decernimus
2539 4075 2618 4132 ut,
2666 4066 2711 4120 si
2745 4081 2809 4122 ex
2841 4067 2996 4122 vobis
3020 4067 3286 4138 quispiam
3318 4085 3348 4122 a

1770 4153 2048 4222 proposito
2078 4155 2434 4223 aberraverit,
2467 4157 2533 4210 ad
2572 4157 2948 4228 corrigendum
2987 4173 3134 4223 eum,
3164 4167 3219 4212 et
3259 4175 3346 4214 se-

1769 4245 2000 4299 cundum
2051 4245 2391 4314 disciplinam
2445 4247 2641 4316 regula“:
2687 4249 3065 4313 coercendum,
3110 4249 3227 4313 tibi,
3264 4251 3348 4302 vel

1768 4335 2170 4390 successoribus
2199 4335 2326 4401 tuis,
2358 4345 2411 4390 et
2453 4338 2686 4401 creteris,
2717 4339 2806 4407 qui
2839 4337 3169 4406 prae-fuerint,
3201 4338 3343 4390 nulla

1769 4424 1959 4480 debeat
2005 4442 2234 4497 persona
2282 4429 2566 4484 obsistere.
2611 4427 2854 4485 Obeunte
2899 4437 2971 4494 te,
3013 4431 3093 4482 vel
3137 4430 3347 4484 caneris

1771 4521 2044 4574 canonica:
2073 4529 2265 4574 vestrae
2299 4520 2619 4586 rectoribus,
2651 4520 2827 4576 nullus
2857 4521 2927 4576 ibi
2959 4520 3194 4590 qualibet
3219 4523 3347 4576 suh-

1772 4610 2029 4678 rcptionis
2078 4611 2304 4675 astutia,
2356 4611 2440 4666 vel
2497 4611 2749 4667 violentia
2807 4620 3181 4680 praeponatur,
3241 4611 3344 4664 nisi

1771 4718 1929 4771 quem
1968 4703 2244 4777 regulares
2289 4701 2484 4758 fratres
2513 4703 2807 4759 secundum
2838 4702 2931 4756 Dei
2964 4703 3233 4764 timorem,
3261 4702 3343 4755 vel

1769 4795 1835 4848 de
1863 4793 1996 4857 suis,
2027 4794 2072 4847 si
2104 4793 2264 4848 talem
2299 4793 2441 4848 inter
2473 4808 2532 4849 se
2572 4792 2888 4863 repererint,
2918 4790 3000 4845 vel
3037 4789 3102 4844 de
3132 4789 3342 4855 alienis,

1768 4885 1812 4938 si
1851 4885 2169 4954 oportuerit,
2201 4901 2324 4941 cum
2376 4884 2600 4941 consilio
2646 4885 2898 4956 episcopi,
2941 4883 3033 4952 qui
3085 4883 3342 4938 canonice

1768 4975 1995 5040 electus,
2016 4985 2071 5031 et
2090 4991 2188 5047 per
2208 4975 2505 5033 Ilomanam
2533 4976 2694 5031 fuerit
2720 4975 3012 5032 Ecclesiam
3038 4975 3339 5039 ordinatus,

1767 5064 2046 5136 elegerint.
2097 5065 2225 5132 Qua:
2271 5067 2450 5123 omnia
2490 5074 2547 5120 ut
2589 5062 2886 5134 Opitulante
2921 5063 3148 5118 Domino
3185 5063 3337 5118 ﬁrma

1721 5196 1724 5200 η
1766 5171 2001 5227 semper,
2049 5166 2103 5212 et
2145 5157 2343 5213 illibata
2391 5164 2766 5227 permaneant,
2805 5156 3084 5226 praesentis
3135 5155 3335 5209 decreti

1763 5247 2084 5302 auctoritate
2126 5248 2419 5312 sancimus,
2450 5257 2508 5300 ut
2557 5246 2759 5300 nemini
2801 5246 3022 5299 omnino
3064 5244 3218 5300 liccat
3252 5259 3340 5297 ve-

1764 5348 1932 5393 stram
1971 5338 2286 5394 canozticam
2328 5348 2526 5394 temere
2565 5339 2902 5408 perturbare,
2934 5337 3014 5392 vel
3056 5336 3172 5406 ejus
3211 5352 3339 5406 pos-

1763 5429 2035 5486 sessiones
2079 5428 2318 5494 aufcrre,
2365 5428 2446 5483 vel
2493 5428 2699 5484 ablatas
2753 5429 3014 5493 retinere,
3069 5427 3334 5498 minuere,

129 5235 289 5299 sPiritu
330 5243 720 5302 ferventissimo
758 5247 1034 5302 exhibere.
1074 5247 1328 5304 Orantem
1369 5265 1466 5320 pro
1506 5253 1658 5306 nobis

135 5330 429 5392 sanctitatem
459 5347 603 5392 tuam
623 5337 795 5408 gratia
822 5338 998 5393 divina
1019 5339 1304 5394 custodiat.

189 5415 300 5475 Data
320 5423 493 5484 Romae
521 5444 630 5484 xvu
660 5427 780 5483 Kal.
806 5427 970 5485 Junii.

143 5615 361 5749 ῡυξξξθωδ
395 5641 503 5688 erat
548 5631 876 5704 Rayuoldus,
915 5631 1003 5689 (uti
1052 5646 1148 5703 pro
1174 5613 1281 5689 suae
1313 5632 1455 5688 sedis
1485 5632 1747 5704 dignitate
1771 5642 1821 5691 ct
1863 5630 2092 5704 propriis
2139 5629 2364 5694 meritis,
2391 5627 2552 5684 multa
2605 5631 2923 5685 auctoritate
2964 5627 3102 5697 apud
3143 5639 3325 5696 regem
