3888 6322
613 334 712 390 39f

1907 324 1965 382 B.
2010 323 2188 379 ωιΒΑ

2297 271 2337 380 l’l
2379 325 2575 381 ΡΑΡίΕ

613 445 696 502 vel
743 442 1042 500 temerariis
1078 438 1453 496 vexationibiis
1501 436 1758 506 fatigare;
1807 439 1922 499 sed,
1965 443 2074 490 tam
2122 450 2184 491 ca
2215 452 2263 510 Α
2293 438 2502 491 milucac
2529 436 2918 490 lncaruationis
2949 436 3108 500 1094,
3139 436 3466 506 pontiﬁcatus
3491 455 3594 494 vero
3619 445 3746 504 ιιοωιω

612 551 733 608 quae
769 549 834 590 ex
875 534 1261 604 episcoporum,
1290 528 1581 586 donatione
1610 533 1770 597 quam
1797 534 1852 580 et
1878 541 1939 582 ea
1967 541 2086 596 quae
2125 541 2188 582 ex

610 638 1055 697 quorumcuuque
1100 620 1339 677 ﬁdelium
1410 617 1775 675 oblationibus
1821 615 1980 671 hodie
2019 616 2194 685 possi-

611 719 771 780 detis,
802 723 1064 787 perpetuo
1093 713 1246 769 vobis
1277 713 1487 783 integra
1516 715 1922 766 conserventur.
1961 707 2039 762 Ex
2070 706 2190 776 qui—

613 809 718 864 bus
766 806 1086 863 nominatim
1128 805 1240 860 hate
1281 801 1608 872 designanda
1671 800 1941 855 duximus.
1976 798 2194 854 Plebem

609 900 678 955 de
716 898 924 953 Viliano
951 912 1074 953 cum
1105 895 1252 950 omni
1287 893 1666 958 decimatioue,
1697 900 1753 948 et
1781 892 1991 963 plebem
2033 890 2100 946 de
2131 888 2192 946 S.

609 991 833 1058 Quirico
861 989 1134 1054 similiter,
1163 995 1218 1042 et
1238 993 1466 1042 cmteras
1490 984 1880 1040 decimationes
1908 982 2022 1039 sive
2050 980 2191 1036 infra

611 1083 886 1137 civitatem
937 1080 1052 1135 sive
1097 1089 1248 1134 extra
1299 1078 1368 1133 ab
1404 1075 1674 1148 episcopis
1701 1075 1855 1131 vobis
1883 1087 2191 1140 concessas,

610 1185 662 1229 et
689 1182 936 1243 quartam
966 1170 1266 1242 portionem
1291 1168 1649 1233 oblationum,
1676 1181 1812 1237 quas
1832 1165 2036 1220 litanias
2060 1164 2194 1221 olfe-

615 1273 760 1329 runt,
791 1272 845 1318 et
873 1263 1261 1318 decimationes
1305 1260 1374 1316 de
1409 1259 1665 1330 Gropolc,
1696 1270 1750 1313 et
1787 1253 2108 1322 de'Colliua,
2139 1265 2195 1312 et

612 1354 900 1410 ecclesiam
933 1352 990 1409 S.
1021 1353 1184 1408 Blasii
1231 1367 1352 1408 eum
1393 1351 1556 1407 terris
1605 1349 1795 1421 posit-is
1840 1350 1890 1403 in
1931 1365 2074 1420 aqua
2113 1350 2190 1405 vi-

613 1441 750 1505 vola,
781 1451 836 1498 et
870 1443 922 1497 in
953 1442 1201 1510 Virsano,
1239 1450 1294 1497 et
1324 1458 1378 1496 tu
1406 1441 1735 1512 Falagrano.
1765 1450 1819 1495 et
1850 1440 1901 1494 in
1940 1439 2192 1506 Barzaui,

611 1543 666 1588 et
702 1534 754 1586 in
795 1531 1104 1599 Glandaria,
1135 1537 1278 1587 sicut
1312 1545 1406 1586 eas
1441 1531 1586 1585 dedit
1625 1528 1886 1585 Girardus
1925 1528 2066 1584 ﬁlius
2094 1529 2195 1583 Ba-

611 1626 806 1680 conchi
830 1624 965 1696 (26),
1001 1635 1056 1680 et
1103 1621 1375 1680 Ronaldus
1421 1637 1542 1678 cum
1578 1622 1809 1678 Davizzo
1845 1635 2043 1692 genero
2074 1636 2190 1676 suo.

611 1715 742 1769 l‘llud
771 1715 958 1780 etiam,
998 1715 1141 1784 quod
1171 1713 1240 1769 ab
1263 1712 1533 1785 episcopis
1570 1711 2054 1796 vestrigstatutum
2087 1720 2189 1772 est,

612 1816 808 1862 nostra:
853 1806 1198 1862 auctoritatis
1241 1806 1544 1861 assertione
1585 1803 1881 1868 firmamus,
1914 1812 1972 1857 ut
2013 1803 2056 1858 si
2099 1804 2190 1874 qui
2295 1803 3267 1914 ώθῶὧὶὧῖὲὼῇοήὺυὲ
3289 1851 3374 1898 ρει
3403 1803 3760 1899 relemém’im

610 1915 676 1954 ex
715 1899 1005 1954 ordinariis
1040 1897 1472 1954 clericis-adhuc
1507 1897 1562 1952 in
1599 1896 1759 1952 domo
1794 1911 1888 1951 sua
1931 1897 2192 1951 manenti-

608 1989 709 2044 bus
752 1989 950 2045 szeculn
995 1989 1415 2060 emigravcrint,
1462 1987 1723 2058 quidquid
1775 2002 1963 2042 eorum
2013 1988 2191 2042 ordini

608 2080 881 2147 pertinere
910 2078 1140 2144 videtur,
1171 2077 1226 2133 in
1259 2092 1416 2133 usum
1453 2078 1838 2133 canonicorum
1871 2078 2193 2149 regulariter

612 2170 912 2223 viventium
939 2169 1236 2240 redigatur,
1273 2183 1335 2223 ea
1365 2167 1620 2222 nimirum
1650 2166 1928 2238 diligentia
1954 2182 2194 2238 curaque

610 2260 872 2326 adhibita,
893 2275 958 2314 ne
974 2275 1154 2314 rerum
1177 2259 1480 2330 augmentis
1510 2259 1563 2312 in
1595 2257 1898 2314 libertatem
1928 2261 2124 2324 carnis,
2139 2269 2195 2315 et

612 2347 858 2404 velamen
880 2347 1442 2412 malitiae,abutamiui,
1475 2361 1544 2402 ne
1564 2362 1779 2418 quoquo
1807 2349 1966 2404 modo
1990 2363 2079 2405 res
2100 2365 2195 2404 au-

613 2454 763 2512 gere,
794 2447 849 2494 et
877 2438 1103 2494 fratrum
1131 2439 1372 2494 debeatis
1402 2454 1684 2494 numerum
1716 2440 2066 2507 imminuere;
2099 2442 2192 2498 sed

617 2539 800 2584 tantus
828 2529 1214 2606 canonicorum
1242 2545 1500 2586 numerus
1528 2541 1902 2596 conservetur,
1933 2542 2193 2602 quantum

613 2620 718 2676 loci
745 2621 912 2677 vestri
945 2618 1175 2676 facultas
1218 2621 1329 2688 pati
1369 2636 1526 2692 posse
1566 2622 1854 2687 videbitur,
1883 2638 1950 2678 ne
1984 2622 2197 2693 religio-

613 2710 698 2765 nis
720 2718 776 2765 et
799 2709 1008 2765 servitii
1046 2711 1212 2766 debiti
1241 2711 1622 2766 detrimentum
1659 2712 1894 2768 Ecclesia
1936 2715 2190 2784 patiatur.

611 2801 693 2854 Ad
724 2801 837 2855 lucc
868 2799 1155 2868 adjicimus
1193 2810 1252 2856 ut
1288 2815 1620 2872 quaecunque
1646 2801 1804 2857 hodie
1828 2815 2006 2858 vestra
2032 2819 2197 2860 cauo-

612 2893 735 2946 nica
761 2891 904 2960 juste
929 2890 1189 2960 possidet,
1211 2891 1328 2947 sive
1355 2892 1410 2947 in
1439 2890 1682 2947 futurum
1711 2893 1858 2964 juste
1897 2903 2060 2963 atque
2104 2909 2198 2948 ca-

563 3001 570 3006 ’
613 2983 828 3049 nonice,
861 2983 1238 3053 episcoporum
1286 2983 1656 3051 concessione,
1689 2983 2018 3040 liberalitate
2045 2987 2194 3055 prin-

611 3076 812 3145 cipum,
843 3073 930 3128 vel
955 3073 1226 3130 oblatione
1255 3073 1490 3140 fidelium
1521 3075 1718 3146 poterit
1749 3075 1995 3146 adipisci,
2019 3077 2190 3145 v'oLis,

611 3166 917 3236 vestrisque
961 3166 1402 3232 successoribus,
1453 3167 1546 3237 qui
1589 3167 1645 3222 in
1688 3166 1881 3222 eadem
1933 3167 2193 3239 religione
2220 3177 2262 3235 c

609 3255 1034 3326 permanserint,
1064 3253 1220 3310 ﬁrma
1270 3271 1486 3327 semper
1530 3265 1586 3312 et
1631 3256 1834 3313 illibata
1879 3259 2191 3328 persistant,

609 3361 822 3410 eorum,
847 3361 946 3416 pro
971 3359 1203 3414 quorum
1234 3345 1672 3402 substeutatione
1720 3355 1776 3401 et
1802 3347 2194 3417 gubernatione

608 3445 1075 3503 eoneessa,sunt,
1126 3436 1316 3492 usibus
1357 3437 1685 3494 omnimodis
1738 3437 2040 3508 profutura.
2089 3440 2194 3496 Vos

610 3526 795 3594 igitur,
839 3525 936 3580 filii
970 3526 1020 3580 in
1053 3525 1270 3582 Christo
1305 3526 1638 3593 charissimi,
1675 3536 1890 3598 oportet
1932 3529 2192 3599 regularis

612 3621 735 3674 vitae
764 3619 1192 3676 institutionibus
1225 3620 1517 3690 diligenter
1544 3622 1815 3688 insistere,
1845 3631 1902 3678 et
1936 3623 1988 3677 in
2017 3623 2193 3678 omni-

610 3709 716 3764 bus
758 3710 1064 3781 apostoliea:
1107 3712 1252 3767 sedis
1292 3713 1512 3768 decreta
1542 3727 1782 3779 servare,
1816 3723 1875 3770 ut
1914 3722 2036 3784 post
2069 3716 2193 3769 vita:

611 3801 896 3868 praesentis
926 3803 1206 3872 angustias
1231 3804 1534 3873 opitulante
1567 3805 1797 3862 Domino
1837 3808 1905 3861 ad
1946 3821 2194 3878 superna:

613 3890 916 3945 latitudinis
965 3891 1194 3962 gloriam
1245 3894 1562 3949 mereamini
1611 3895 1916 3965 pervenire.
1957 3898 2101 3951 Sane
2144 3897 2189 3952 si

611 3979 736 4048 quis
779 3983 833 4033 lu
883 3982 1188 4036 crastinum
1228 3984 1700 4055 archiepiscopus,
1753 3995 1847 4040 aut
1887 3987 2188 4056 episcopus,

613 4072 934 4140 imperator,
981 4082 1072 4126 aut
1115 4082 1240 4140 rex,
1288 4077 1565 4142 marcbio,
1609 4091 1823 4142 omnes,
1865 4080 2188 4145 vieecomes,

602 4161 793 4231 judex,
825 4170 920 4216 aut
961 4163 1244 4231 castaldio,
1275 4174 1370 4220 aut
1418 4181 1648 4237 persona
1699 4168 1951 4238 qua-libet
1994 4185 2188 4248 magna

611 4253 696 4307 vel
742 4269 932 4324 parva,
974 4253 1131 4324 hujus
1179 4257 1446 4330 privilegii
1492 4261 1744 4330 paginam
1792 4261 1968 4316 sciens
2000 4271 2188 4316 contra

607 4359 728 4401 eam
784 4354 988 4404 temere
1037 4351 1224 4404 venire
1269 4353 1594 4420 tentaverit,
1643 4354 1880 4409 secundo
1924 4355 2190 4424 tertioque

605 4439 989 4502 commonitus,
1021 4441 1062 4494 si
1111 4456 1214 4496 non
1250 4443 1623 4499 satisfactione
1661 4459 1900 4516 congrua
1936 4447 2189 4501 emenda-

607 4527 767 4589 verit,
818 4533 1102 4598 potestatis
1145 4530 1474 4602 honorisque
1528 4533 1611 4588 sui
1669 4534 1930 4605 dignitate
1978 4543 2183 4599 careat,

608 4631 867 4687 reumque
897 4635 956 4674 se
984 4621 1049 4674 de
1077 4622 1260 4677 divino
1281 4623 1490 4692 judicio
1523 4626 1758 4680 existere
1783 4628 1848 4682 de
1877 4638 2181 4697 perpetrata

606 4707 871 4776 iniquitate
911 4722 1222 4780 cognoscat,
1253 4723 1417 4782 atque
1461 4730 1491 4768 a
1541 4717 1912 4772 sacratissimo
1958 4733 2184 4787 corpore

606 4809 660 4853 et
689 4802 949 4872 sanguine
979 4804 1068 4858 Dei
1106 4814 1159 4860 et
1206 4806 1413 4860 Domini
1453 4794 1828 4876 Redemptoris
1861 4811 2026 4864 nostri
2057 4809 2180 4866 Jesu

605 4891 804 4948 Christi
833 4896 1038 4950 alienus
1068 4899 1178 4959 tiat,
1209 4909 1261 4952 et
1293 4900 1343 4952 in
1375 4910 1618 4955 extremo
1644 4903 1893 4955 examine
1923 4905 2185 4959 dictrictie

607 4984 794 5036 ultioni
838 4988 1133 5053 subjaeeat.
1178 4991 1402 5044 (iunctis
1447 5001 1628 5046 autem
1670 4993 1844 5046 cidem
1892 4993 2010 5049 loco
2041 4994 2187 5063 justa

607 5075 950 5131 rervautibus
1007 5079 1080 5133 sit
1132 5095 1235 5149 pax
1291 5079 1501 5135 Domini
1557 5082 1728 5136 nostri
1776 5081 1906 5138 Jesu
1961 5083 2187 5150 Christi,

604 5173 876 5232 quatenus
912 5177 966 5221 et
1015 5171 1101 5225 hic
1141 5169 1374 5227 fructum
1415 5175 1571 5228 home
1605 5173 1834 5229 actionis
1864 5175 2182 5246 percipiant,

603 5262 664 5307 et
705 5254 844 5323 apud
886 5258 1189 5315 districtum
1243 5264 1479 5330 judicent
1528 5265 1748 5333 praemia
1782 5274 2000 5320 acterna:
2037 5267 2186 5337 pacis

606 5343 900 5401 inveniant.
942 5349 1133 5418 Amen,
1163 5367 1341 5418 amen,
1375 5371 1551 5410 amen.

676 5456 868 5514 Datum
892 5460 1160 5518 Pistoriae.
1202 5463 1304 5519 Per
1329 5481 1548 5520 manum
1573 5463 1796 5522 Joannis
1818 5467 1875 5522 S.
1905 5465 1970 5521 Β.
2000 5467 2180 5523 Eccle-

603 5548 698 5604 sim
727 5549 865 5606 diae.
894 5559 1065 5622 card.,
1095 5569 1184 5608 xiv
1216 5555 1329 5611 Kal.
1361 5555 1506 5624 .l;in.,
1538 5559 1732 5620 indici.
1773 5573 1854 5626 ιιι,
1894 5573 2038 5614 anno
2073 5559 2176 5614 Do—

2296 525 2499 582 Urnani
2525 525 2568 580 ll
2594 539 2692 596 pp.
2718 534 2962 596 septimo.

2987 619 3175 677 CXIX.

2294 709 2496 766 Urbani
2519 711 2581 766 II
2609 715 2828 787 epistola
2851 715 2920 769 ad
2948 714 3264 769 Durannum
3293 703 3751 787 .lrueruprumicpim-

2361 799 2507 852 pum.
2551 813 2622 824 —
2664 783 2888 840 Mandat
2952 797 3010 839 ut
3068 803 3102 839 a
3145 784 3408 838 canonicis
3459 783 3754 843 Bitiomeiuitn

2363 854 2649 977 ςωὲιοιὲἱιιηι
2670 853 2736 908 Β.
2762 854 2897 925 Lupi
2918 856 3122 910 restitui
3150 853 3413 909 monachis
3434 854 3755 912 Cluniacensibu

2367 938 2418 977 ιιι
2457 940 2517 977 ea
2545 963 2559 977 .

2356 938 2559 991 juoeat.

2887 1019 3069 1090 (Anno
3096 1017 3278 1090 ιοθι.)

2561 1111 2840 1185 [Μιιιιιιιη
2879 1113 3077 1168 Annal.
3109 1114 3331 1180 Bened.,
3359 1112 3424 1178 ν,
3445 1113 3580 1186 556.]

2369 1202 2618 1259 υιιΒιΝυε
2638 1206 2944 1276 episcopus,
2971 1221 3158 1261 servus
3178 1219 3452 1259 servorum
3475 1203 3574 1272 Dei,
3591 1203 3758 1262 Datim

2294 1293 2618 1348 charissimo
2649 1293 2807 1349 fratri
2834 1295 3205 1350 Arvernorum
3241 1295 3512 1365 episcopo,
3544 1294 3759 1351 salulemet

2294 1385 2645 1455 apostolicam
2673 1386 3130 1443 benedictionem.

2365 1475 2638 1533 Adversus
2680 1476 3077 1533 fraternitatem
3125 1487 3273 1531 tuam
3316 1491 3412 1547 pro
3443 1475 3758 1530 Biliomensilns

2292 1567 2589 1632 canonicis,
2631 1567 2722 1638 qui
2779 1577 2883 1624 tuae
2925 1568 3147 1624 ditionis
3197 1568 3480 1636 habentur,
3519 1581 3608 1622 non
3637 1567 3759 1636 exigu:

2292 1656 2512 1726 querela
2545 1658 2812 1728 provenit.
2837 1658 2901 1713 Hi
2927 1658 3182 1713 nimirum
3207 1657 3359 1712 Beati
3385 1656 3507 1725 Lupi
3530 1654 3759 1716 emnobium,

2293 1752 2437 1819 quod
2464 1751 2564 1806 sub
2593 1750 2971 1808 Cluniacensis
2991 1750 3227 1806 cmnobii
3246 1748 3374 1818 jure
3395 1747 3562 1803 multis
3576 1745 3661 1814 iam
3676 1746 3760 1800 ultu

2275 1937 2445 2012 ‘sione
2481 1936 2774 2000 horrenda,
2807 1945 2865 1992 et
2895 1935 3179 1993 catholicis
3217 1935 3440 1990 auribus
3473 1947 3565 1988 non
3602 1931 3761 1990 ferenda,

2293 2037 2483 2084 contra
2527 2043 2689 2084 omne
2717 2026 2810 2098 jus
2847 2035 2903 2083 et
2947 2026 3031 2082 fas
3080 2036 3433 2096 usurpantes,
3481 2025 3626 2078 altare
3661 2022 3762 2091 ipsius

2294 2120 2530 2176 ccenobii
2561 2119 2866 2185 diruerunt,
2905 2118 3165 2188 reliquias
3189 2118 3243 2172 in
3279 2131 3345 2172 eo
3380 2115 3588 2170 latentes
3610 2114 3761 2181 diripue-

2296 2219 2443 2274 runt,
2467 2211 2720 2283 quodque
2745 2211 2892 2266 dictu
2923 2219 2977 2266 et
3003 2209 3188 2264 audittt
3213 2207 3372 2264 nefas
3396 2217 3496 2271 est,
3522 2206 3661 2276 ipsum
3677 2205 3760 2272 quod

2294 2317 2458 2372 super
2499 2301 2673 2356 altare
2712 2301 2779 2354 ad
2817 2300 3158 2355 infirmorum
3200 2314 3338 2354 usus
3376 2298 3634 2367 repositum
3657 2294 3762 2348 fuerat

2293 2408 2494 2464 corpus
2520 2391 2881 2455 Dominicum,
2913 2391 3041 2461 ipsis
3067 2390 3539 2460 supercmlestihus
3567 2386 3762 2440 virtutium

2293 2483 2683 2548 reverendum,
2709 2482 2892 2553 .humo
2932 2472 3242 2552 dispergere
3284 2481 3501 2535 minime
3537 2478 3761 2537 timuerunt;

2295 2582 2349 2628 et
2401 2581 2599 2628 caetera
2654 2582 2995 2637 ornamenta,
3045 2587 3376 2644 omnemque
3425 2569 3685 2627 monasterii
3714 2584 3764 2620 su-

2293 2663 2617 2735 pellectilem
2664 2665 2717 2718 in
2782 2679 2914 2720 usus
2966 2664 3214 2734 proprios
3265 2668 3659 2734 asportavcrunt.
3693 2656 3763 2712 [lat

2298 2773 2461 2828 quam
2489 2757 2696 2827 gravia,
2735 2773 2896 2827 quam
2945 2755 3234 2821 horrenda,
3271 2771 3433 2826 quam
3463 2752 3693 2810 catholicis
3713 2767 3765 2804 aii-

2297 2851 2446 2923 ribus
2486 2850 2844 2919 importabilia
2885 2849 3195 2912 videantur,
3229 2847 3572 2904 fraternitatis
3602 2856 3678 2899 tua:
3703 2859 3761 2897 twn

2294 2942 2567 2997 credimus
2597 2941 2777 2997 latere'
2795 2941 3154 3010 prudentiam.
3187 2939 3469 3007 Quomodo
3505 2939 3639 3009 igitur
3662 2936 3762 2989 ἱιιιιίίι

2294 3029 2412 3085 haec
2457 3029 2571 3099 pati
2617 3025 3033 3085 sollicitudo'tua
3064 3038 3298 3100 poterat.
3342 3045 3444 3084 non
3482 3027 3762 3084 minimumsi

2298 3119 2370 3174 ita
2414 3135 2472 3175 se
2514 3121 2588 3174 rei
2626 3121 2828 3176 veritas
2875 3121 3097 3184 habeat,
3130 3120 3481 3175 admiramur.
3509 3116 3765 3174 Praesentibus

2294 3223 2426 3281 ergo
2449 3211 2646 3266 litteris
2670 3209 2829 3266 olIicil
2871 3210 2944 3265 tui
2971 3211 3210 3266 debitum
3241 3213 3597 3272 admonemus,
3622 3216 3660 3259 ut
3683 3219 3763 3274 pia-

2293 3301 2502 3358 dictum
2531 3301 2744 3367 locum,
2773 3311 2827 3356 et
2852 3315 2919 3356 ex
2953 3317 3018 3357 eo
3055 3301 3272 3371 direpta
3312 3301 3552 3356 utensilia
3582 3299 3763 3353 universa.

2291 3392 2784 3450 Celsii’iiacensibus
2809 3392 3023 3449 restitui
3051 3391 3220 3448 facias
3246 3410 3260 3446 :
3287 3391 3484 3462 quibus
3519 3371 3762 3445 reinvcstitii

2293 3485 2338 3541 si
2368 3500 2531 3556 quam
2565 3485 2620 3540 in
2661 3485 2779 3542 loco
2811 3485 2904 3541 illo
2927 3483 3196 3554 justitiam
3234 3498 3298 3540 se
3337 3485 3577 3540 habuisse
3605 3476 3763 3536 canonici

2291 3574 2644 3632 Biliomenses
2664 3576 3013 3642 comitentur,
3037 3584 3281 3645 tempore
3305 3589 3536 3646 congruo
3553 3585 3651 3627 cum
3666 3565 3765 3622 Celsi-

2294 3667 2634 3724 niacensibus
2669 3668 2950 3724 monachis
2993 3678 3177 3724 nostro
3215 3683 3278 3724 se
3326 3663 3612 3737 conspectui
3642 3671 3766 3728 repit-

2293 3769 2526 3817 seutent.
2570 3759 2627 3816 Si
2665 3771 2845 3816 autem
2875 3769 3074 3817 nostra
3103 3760 3230 3816 huic
3249 3758 3481 3829 iussioni
3515 3755 3764 3810 Biliomeuses

2291 3851 2538 3908 canonici
2561 3851 2783 3907 obedire
2807 3853 3252 3922 contempserint,
3272 3851 3510 3906 divinum
3536 3849 3593 3901 iis
3614 3841 3763 3898 olliriinn

2292 3942 2623 4010 interdicito,
2656 3945 3008 4014 quoadusque
3045 3943 3448 4013 resipisccntcs,
3481 3931 3762 3996 Celsiuiacensi

2288 4035 2584 4106 praeposito
2626 4044 2683 4091 et
2718 4033 2982 4091 fratribus
3024 4050 3145 4106 qua:
3186 4034 3522 4105 diripuerunt
3555 4029 3763 4086 restituant

2290 4128 2441 4195 Quod
2464 4129 2510 4184 si
2533 4127 2854 4199 episcopalis
2869 4127 3207 4183 auctoritatis
3222 4127 3486 4197 judicium
3508 4116 3762 4190 neglexerint

2291 4228 2477 4276 nostra
2501 4235 2561 4276 se
2583 4235 2613 4273 a
2641 4218 2842 4276 divi-nis
2862 4217 3054 4274 olliciis
3077 4219 3405 4273 auctoritate
3430 4214 3644 4272 noverint
3667 4210 3764 4261 inter

2290 4313 2484 4375 dictos,
2511 4323 2570 4366 ut
2596 4327 2694 4368 nec
2724 4312 2822 4383 ipsi
2849 4311 3082 4382 uspiam,
3105 4324 3206 4365 nec
3224 4309 3317 4364 alii
3348 4309 3400 4362 in
3427 4320 3596 4362 eorum
3613 4293 3764 4356 eccleia

2289 4405 2342 4459 id
2385 4397 2643 4461 exhibere
2685 4411 3040 4474 praesumant,
3083 4401 3435 4472 quoadusque
3480 4400 3580 4453 hzrc
3616 4409 3638 4445 a
3671 4385 3765 4442 nobis

2214 4521 2264 4582 ο
2289 4503 2554 4564 prmcepta
2588 4494 2887 4565 perficiant.

2993 4583 3158 4641 CXX.

2293 4671 2490 4727 Urbani
2510 4674 2569 4728 11
2588 4675 2803 4744 cpistola
2815 4676 2884 4729 ad
2900 4674 3254 4736 Guillelmum,
3269 4677 3501 4728 comitem
3519 4670 3760 4744 T910803!“-

2289 4776 2357 4784 -—-
2387 4745 2542 4798 Illum
2575 4733 2638 4799 ibi:
2662 4746 2891 4816 expulsis
2919 4746 3192 4800 abbatibus
3232 4733 3580 4813 Naissiaceui
3603 4748 3642 4792 et
3664 4733 3760 4787 Lm-

2361 4816 2489 4868 tcnsi
2514 4817 2776 4887 objurgat.

2763 4908 2940 4978 (Circa
2971 4923 3172 4964 annum
3210 4908 3389 4976 1094.)

2526 4998 2748 5071 [ΒΑιιιῑ.
2775 4999 2996 5054 Miscell.
3030 5002 3159 5054 edit.
3199 4995 3350 5062 Lue.,
3383 4999 3443 5065 ll,
3476 4993 3602 5063 18L]

2363 5088 2613 5147 Unumus
2661 5093 2963 5162 episcopus.
3001 5109 3027 5148 s
3065 5109 3191 5148 rvus
3225 5107 3497 5148 servorum
3533 5081 3761 5147 Deiif'w’

2289 5195 2496 5247 ιειιιο,
2543 5182 2730 5238 comiti
2784 5182 3068 5247 Tolosatis,
3122 5188 3346 5239 salutem
3397 5191 3450 5238 et
3500 5172 3772 5250 ειιιυὸιθίίωιιι

2287 5267 2739 5327 benedictionem.

2362 5360 2536 5430 Super
2580 5361 2836 5433 religione
2872 5373 2927 5418 et
2963 5364 3319 5436 elecmosynis
3351 5377 3490 5440 quas
3516 5371 3621 5426 0'83
3651 5352 3757 5442 Mi?“

2286 5464 2341 5508 et
2391 5453 2505 5522 t'jus
2549 5455 2780 5511 famulos
2825 5457 3022 5513 diceris
3069 5459 3324 5514 exhibere
3365 5438 3582 5510 maxime
3629 5438 3757 5512 gaudi“

2283 5553 2648 5617 exsultamus,
2699 5552 2964 5605 maximas
3012 5551 3218 5622 agimus
3267 5549 3491 5605 laetitias.
3529 5541 3606 5596 Est
3638 5538 3754 5589 θυιθπί

698 5709 789 5774 9.6)
827 5711 985 5766 Forte
1039 5713 1292 5777 Raconti;
1342 5724 1509 5771 sancti
1557 5717 1752 5786 quippe
1795 5717 2016 5773 Baconti
2066 5715 2204 5788 apud
2243 5714 2602 5770 Pistorienses
2630 5710 2837 5767 celebre
2867 5725 3077 5765 nomen.
