3888 6322
96 397 187 456 593
880 441 882 443 ,
1220 365 1573 426 ΕΝΞΤΟΙᾸΕ
1612 363 1697 419 ET

94 507 219 578 quod
245 509 471 557 nostram
499 489 925 549 benevolentiam
954 484 1297 578 tensamciat
1321 481 1460 552 quod
1494 479 1627 534 adeo
1656 480 1702 539 Α

90 576 328 670 justitiam
369 585 588 654 exsequi
632 591 686 636 te
722 579 1048 634 audivimus.
1083 576 1194 629 lloc
1235 582 1416 627 autem
1461 586 1527 625 ex
1573 584 1637 623 eo

92 661 268 755 accipit
289 687 631 748 augmentum
661 672 786 741 quia
814 666 1228 741 Moyssiaeensis
1247 675 1303 720 et
1323 661 1638 718 Lezatensis

90 775 301 834 etenobii
345 771 568 826 abbates
601 763 801 834 injuste
838 761 1029 832 expelli
1073 768 1128 815 et
1173 761 1228 814 in
1271 771 1458 814 eorum
1507 755 1638 810 locis

89 870 255 936 inique
298 862 428 916 alios
470 854 752 924 subrogari
813 853 921 924 pati
972 849 1120 905 nullo
1172 848 1331 902 modo
1386 846 1633 916 potuisti.

93 959 268 1014 Notum
293 961 469 1007 autem
490 947 586 1002 tibi
605 946 839 1000 facimus
859 941 1002 1012 quod
1024 939 1393 996 venerabilem
1415 937 1637 991 fratrem

94 1056 310 1102 nostrum
357 1037 736 1108 Ansquilinum
787 1035 839 1088 in
892 1031 1341 1103 Moyssiaeensem
1390 1029 1637 1083 abbatem

88 1133 542 1194 consecravimus,
597 1124 904 1180 Iltmaldum
959 1130 1142 1175 autem
1205 1122 1508 1174 invasorcm
1569 1130 1637 1170 ex

89 1228 260 1283 eodem
288 1220 532 1277 coenobio
573 1217 830 1272 recedere
849 1212 1234 1292 decrevimus;
1272 1209 1431 1278 idque
1468 1215 1639 1260 totum

93 1321 321 1390 episcopo
371 1309 691 1368 Catmecnsi
747 1307 950 1362 nostris
997 1303 1194 1358 litteris
1249 1301 1635 1356 intimavitnus.

93 1408 301 1464 Studeat
334 1417 462 1472 ergo
515 1399 702 1467 religio
742 1407 829 1451 tua
872 1395 1016 1450 sedis
1055 1392 1364 1463 apostolica
1408 1389 1639 1445 decretis

91 1498 351 1568 vigilanter
381 1491 638 1546 insudare
664 1498 719 1544 et
740 1497 800 1541 nt
827 1485 1026 1541 nostris
1047 1482 1326 1538 affectibus
1349 1489 1642 1551 praecepto—

89 1604 196 1643 rum
235 1588 387 1642 detur
435 1582 705 1638 insistere.
757 1579 901 1634 Sane
949 1575 1077 1643 quia
1116 1584 1170 1629 te
1217 1582 1420 1628 sancta:
1459 1571 1640 1625 Maria:

93 1682 338 1734 deaurata:
369 1674 517 1744 apud
555 1672 807 1728 Tolosam
838 1669 1064 1723 omnino
1098 1665 1382 1722 ecclesiam
1418 1663 1641 1733 diligere

84 1782 137 1825 et
165 1772 417 1824 honorare
451 1764 761 1834 accepimus
800 1760 936 1830 (27),
966 1758 1082 1827 tuis
1121 1755 1478 1811 assentientes
1515 1768 1640 1822 pro-

92 1862 241 1923 cibus,
268 1871 367 1912 tua:
398 1854 708 1910 dilectionis
732 1850 975 1922 religioni
999 1847 1346 1904 concedimus
1375 1853 1639 1914 quatenus

94 1953 172 2006 tibi
201 1961 400 2018 tumque
432 1946 710 2017 progeniei
743 1944 852 1997 illic
879 1939 1250 2024 emineterium
1275 1945 1561 1991 eonstruas
1585 1943 1643 1988 et

93 2040 305 2094 benedici
352 2037 548 2091 facias.
597 2034 666 2089 Ut
711 2041 892 2086 autem
935 2031 1109 2085 beatte
1156 2024 1337 2080 Maria:
1393 2024 1642 2093 beatique

94 2131 219 2186 Petri
253 2128 480 2198 apostoli
513 2127 732 2181 studeas
758 2123 968 2178 devotis
1001 2121 1240 2176 servitiis
1273 2117 1560 2178 incubare,
1590 2125 1643 2170 te

88 2233 140 2276 et
161 2235 332 2274 omnes
368 2219 465 2288 qui
513 2217 567 2270 in
607 2217 798 2270 eodem
829 2213 948 2267 loco
972 2210 1246 2279 religionis
1281 2208 1454 2278 gratia
1493 2215 1647 2275 opta-

95 2311 245 2365 verint
271 2309 513 2379 sepeliri,
546 2322 643 2377 per
677 2304 823 2360 beati
860 2302 1002 2357 Petri
1029 2300 1262 2370 gratiam
1299 2299 1368 2351 ab
1393 2296 1646 2351 omnibus

92 2399 392 2452 absolvimus
447 2394 686 2450 vinculis
737 2392 1082 2447 delictorum.
1152 2389 1417 2456 Episcopo
1461 2395 1644 2440 autem

99 2487 308 2542 civitatis
351 2496 410 2541 ut
464 2485 596 2540 illud
640 2490 923 2538 consecret
966 2496 1033 2536 ex
1081 2478 1250 2535 nostri
1296 2486 1449 2547 parte.
1497 2492 1649 2530 mau-

95 2578 246 2633 dabis.

761 2702 946 2759 CXXI.

97 2839 272 2894 Urbani
302 2840 359 2894 ΙΙ
379 2837 608 2910 epistola
651 2837 720 2889 ad
761 2834 1099 2890 Guillelmum
1123 2828 1434 2904 [Geraldam
1456 2825 1505 2897 2]
1536 2841 1647 2946 ert-

157 2928 345 2946 .M.......
386 2911 759 2946 ιτηιητροηιρηι
813 2934 882 2944 -.
917 2903 1130 2946 Μηηιιηι
1165 2912 1241 2946 ut-
1281 2897 1496 2946 exuttlso
1534 2895 1557 2946 Ι
1591 2912 1647 2946 u-

152 2928 348 2977 sropam
386 2895 781 2977 Caturcemem.
813 2934 882 2944 —
912 2895 1149 2977 Mandatj
1165 2912 1241 2962 ut,
1281 2895 1503 2977 carptus-0’
1534 2895 1650 2946 llu-

154 2966 314 3045 iml'do,
361 2977 736 3048 Ansquilinum
763 2976 816 3028 in
865 2973 1234 3027 monasterium
1281 2966 1651 3021 Moissiacense

157 3050 372 3105 reducat.

531 3135 712 3204 (Circa
760 3144 959 3203 annum
1008 3127 1189 3198 1094.)

304 3249 535 3321 manu.
565 3243 786 3300 Miscell.
819 3242 951 3298 edit.
984 3240 1139 3307 Luc.,
1169 3238 1232 3306 Il,
1263 3237 1411 3310 I8L]

155 3377 387 3435 {insanus
433 3378 748 3446 cpiscOpus,
789 3387 981 3428 servus
1024 3385 1302 3426 servorum
1326 3368 1448 3432 Dei,
1485 3367 1650 3422 Gen.-

103 3481 268 3531 LELIIO,
298 3465 622 3522 Caturcensi
652 3463 929 3533 episcopo,
965 3460 1192 3515 salutem
1223 3467 1278 3512 et
1303 3454 1649 3527 apostolicam:

103 3558 531 3613 benedictionem.
1067 3560 1077 3569 '

159 3673 399 3740 Quamvis
457 3686 624 3741 supra
677 3676 905 3722 matrem
961 3679 1114 3720 suam
1173 3673 1230 3716 et
1287 3659 1650 3716 Ecclesiarum

103 3763 315 3815 ominum
350 3761 660 3817 Romanam
700 3756 996 3811 Ecclesium
1022 3753 1331 3807 calcancum
1363 3748 1654 3802 elevaverit

107 3850 352 3908 llunaldus
381 3869 444 3907 ex
495 3848 827 3906 monasterio
863 3841 1396 3916 Moyssiacensi,-qui
1444 3841 1496 3895 in
1540 3840 1655 3908 ipso

106 3944 322 3998 CtBliObIO
349 3945 525 3999 abbas
553 3942 730 3995 factus
757 3950 945 3993 contra
984 3937 1238 3991 Romana:
1272 3932 1525 3987 Ecclesia:
1563 3945 1654 3984 vo-

107 4031 335 4089 luntatem
356 4034 745 4103 Ansquilinum
773 4031 953 4098 ejecit,
985 4039 1164 4082 tamen
1192 4041 1257 4080 ex
1280 4025 1424 4079 sedis
1446 4031 1655 4092 aposto-

107 4125 204 4179 lica:
222 4127 548 4196 benignitate
572 4141 635 4178 ac
650 4125 916 4194 patientia
934 4119 1256 4176 sententiam
1274 4116 1656 4186 suspendimns

105 4222 329 4271 ettanta:
371 4216 651 4287 parcimus
701 4211 1129 4283 praesumptioni.
1176 4209 1431 4264 Jubemus
1475 4216 1654 4260 autem

109 4312 157 4354 ut
187 4301 485 4359 llunaldum
523 4306 589 4359 ab
624 4305 812 4359 eodem
845 4302 1176 4362 monasterio
1209 4299 1435 4369 repellas
1460 4306 1517 4352 et
1551 4296 1658 4350 fra-

111 4399 225 4447 trem
274 4406 519 4450 nostrum
569 4395 930 4449 venerabilem
985 4393 1159 4447 virum
1207 4389 1546 4458 Asquilinum
1600 4389 1656 4442 in

1737 361 2143 419 PRIVILEGIA.
3197 359 3303 416 δεδι

2408 475 2612 530 CXXII.

1738 569 1940 625 Urbani
1983 570 2042 624 ΙΙ
2073 567 2290 637 epistola
2322 570 2388 622 ad
2425 569 2772 639 Codefiidnnt
2811 568 3079 624 Lucanum
3105 571 3306 637 episco-

1809 657 1951 710 pum.
1984 670 2053 680 -—-
2085 640 2236 705 Quod
2263 656 2364 693 non
2388 641 2512 710 sint
2538 640 2812 710 homicida:
2851 641 3186 694 existimandi
3218 642 3307 710 qui

1807 707 2280 764 emutntttnicatos
2320 709 2426 762 zelo
2468 707 2717 762 Ecclesia:
2744 710 3046 764 occiderint.

2227 801 2391 872 (Intra
2420 816 2510 854 an.
2541 800 2675 854 1088
2706 800 2822 871 95.)

2128 892 2348 965 [MARS],
2380 889 2580 946 Concil.
2617 891 2731 950 XX.
2764 891 2913 964 7I5.]

1812 985 2411 1039 Excommunicatorum
2441 981 2880 1038 interfectoribus
2915 989 3074 1052 prout
3103 997 3309 1040 morem

1740 1076 1997 1130 Romana:
2032 1075 2284 1130 Ecclesia:
2319 1075 2462 1128 nosti
2515 1072 2810 1128 secundum
2859 1073 3096 1141 ipsorum
3139 1074 3312 1128 inten-

1741 1165 1942 1219 tionem
1976 1165 2192 1218 modum
2223 1179 2479 1236 congrua:
2517 1162 2906 1219 satisfactionis
2929 1162 3164 1232 injtmge.
3198 1163 3312 1216 Non

1740 1254 1884 1309 enim
1943 1269 2038 1310 eos
2098 1254 2397 1309 homicidas
2448 1255 2805 1318 arbitramur,
2859 1255 3002 1323 quod
3056 1254 3316 1309 adversus

1740 1346 2232 1400 excommunicatos
2286 1345 2400 1400 zelo
2457 1346 2742 1400 catholicae
2790 1345 2979 1399 matris
3038 1345 3314 1408 ardentes,

1739 1449 1929 1488 eorum
1983 1434 2252 1503 quoslibet
2309 1434 2608 1489 trucidasse
2656 1433 2961 1504 contigerit.
3006 1432 3084 1488 Nc
3139 1444 3317 1488 tamen

1740 1521 1981 1594 ejusdem
2011 1522 2264 1578 Ecclesia:
2292 1524 2482 1578 matris
2509 1523 2788 1594 disciplina
2817 1525 3094 1590 deszeviat,
3134 1533 3322 1579 tenore

1740 1629 1900 1685 quem
1936 1616 2190 1680 dixnnus,
2227 1614 2598 1685 ptenitcntiam
2648 1615 2730 1669 eis
2772 1616 2994 1670 indicuo
3023 1629 3322 1684 congruen-

1749 1716 1884 1771 tem,
1928 1722 2032 1774 qua
2092 1706 2286 1760 divina:
2335 1705 2698 1776 simplicitatis
2745 1705 2930 1760 oculos
2977 1708 3236 1760 adversus
3264 1720 3322 1759 sc

1673 1815 1717 1868 Β
1743 1795 2078 1865 complacere
2106 1794 2440 1864 pervaleant,
2466 1795 2510 1849 si
2533 1793 2673 1849 forte
2695 1795 2824 1865 quid
2855 1794 3187 1864 duplicitatis
3221 1809 3322 1864 pro

1741 1886 1970 1938 humana
1983 1883 2274 1955 fragilitate
2288 1885 2339 1939 in
2357 1885 2542 1938 eodem
2559 1883 2757 1954 ﬂagitio
2773 1884 3247 1956 contraxeruntﬁ?
3260 1885 3318 1954 ‘).

2422 1974 2650 2028 CXXIII.

1746 2063 2021 2133 Urbani]!
2037 2063 2252 2133 epistola
2269 2064 2339 2117 ad
2363 2062 2659 2133 Cyriacum,
2674 2064 2967 2134 episcopum
2981 2064 3319 2118 Janaensent.

1789 2161 1860 2174 ~—
1873 2134 1976 2200 Qui
1988 2134 2340 2204 jurejurando
2352 2135 2784 2203 propinquitatem
2800 2134 3019 2201 ﬁrmare
3044 2134 3280 2188 debeant.

2239 2226 2402 2298 (Intra
2433 2240 2522 2278 an.
2552 2223 2830 2292 4090-95.)

1919 2315 2209 2387 [Gnarum
2243 2314 2444 2368 Decret.
2475 2312 2536 2368 C.
2568 2327 2730 2379 xxxv,
2779 2328 2870 2381 qu.
2893 2312 2956 2378 6,
2987 2327 3037 2367 c.
3068 2312 3149 2383 5.]

1816 2407 2166 2462 Notificamus
2199 2405 2313 2472 tibi,
2357 2413 2415 2458 ut
2448 2413 2731 2474 postquam
2767 2411 2912 2468 tres,
2967 2411 3060 2457 aut
3109 2391 3215 2457 duo
3260 2419 3328 2459 ex

1746 2498 2222 2569 propinquioribus
2245 2497 2358 2568 jam
2390 2491 2657 2552 defunctae
2682 2496 2866 2551 uxoris
2889 2496 3026 2567 ejus,
3057 2497 3146 2565 qui
3168 2512 3331 2552 aecu-

1749 2597 1920 2652 satur,
1952 2587 2036 2643 vel
2072 2587 2229 2654 vivze,
2275 2587 2419 2642 itane
2470 2585 2928 2656 propinquitatem
2976 2585 3330 2655 jtrrcj-urando

1751 2679 2108 2745 firmaverint,
2140 2678 2222 2734 vel
2253 2687 2381 2746 tres,
2424 2687 2514 2732 aut
2543 2679 2648 2733 duo
2694 2693 2760 2734 ex
2801 2679 3196 2748 antiquioribus
3221 2679 3334 2736 Ge-

1752 2771 2067 2837 nueusibus,
2099 2769 2293 2840 quibus
2332 2770 2452 2825 lucc
2480 2771 2866 2841 propinquitas
2911 2779 3036 2826 nota
3084 2781 3188 2838 est,
3236 2771 3332 2840 qui

1754 2867 1907 2922 bona:
1935 2865 2092 2919 fama:
2111 2873 2166 2920 et
2189 2864 2398 2920 veracis
2429 2864 2718 2919 testimonii
2743 2863 2874 2929 sint,
2892 2871 3100 2918 remoto
3121 2877 3329 2928 arnore,

1757 2956 1968 3021 timore,
1992 2954 2165 3024 pretio
2185 2963 2240 3010 et
2261 2954 2407 3010 omni
2435 2952 2577 3008 malo
2605 2953 2806 3021 studio,
2834 2953 3144 3023 supradicto
3166 2955 3332 3010 modo

1749 3043 2662 3116 eonsanguinitatemfirmaverint,
2692 3043 2809 3098 sine
2837 3043 2983 3098 omni
3017 3058 3168 3098 mora
3199 3057 3333 3099 con-

1675 3163 1725 3228 c
1752 3137 1901 3209 jugia
1929 3132 2584 3228 dissolvantur._Qood«si
2614 3135 2924 3206 propinqui,
2962 3142 3054 3228 aut
3087 3135 3334 3192 extranei

1755 3229 1933 3284 verbis
1954 3238 2159 3282 tantum
2180 3225 2640 3296 propinquitatem
2666 3232 2933 3279 testantur
2956 3223 3335 3292 etjuramento

1751 3321 2014 3391 probare,
2055 3317 2140 3372 vel
2173 3316 2469 3380 noluerint,
2500 3313 2583 3370 Vel
2616 3312 2978 3384 nequiverint,
3024 3311 3336 3382 coniugium

1753 3410 2063 3466 nullatenus
2090 3407 2422 3463 dissolvatur
2450 3423 2464 3460 :
2497 3405 2590 3461 sed
2620 3413 2932 3473 competens
2959 3403 3039 3458 eis
3063 3404 3335 3473 pmniten—

1757 3503 1832 3557 tia
1864 3508 2086 3570 propter
2110 3497 2412 3562 infamiam,
2439 3495 2526 3551 vel
2562 3493 2772 3565 peccati
2804 3491 3071 3547 maculam
3094 3492 3168 3563 (si
3198 3492 3338 3549 forte

1758 3594 1810 3648 in
1838 3593 1941 3648 hac
1970 3605 2029 3647 re
2054 3589 2427 3646 contraxerint
2456 3587 2715 3657 aliquam)
2751 3582 3082 3655 injungatur.

2425 3677 2659 3734 CXXIV.

1758 3771 1962 3827 Urbani
1996 3771 2061 3825 11
2086 3770 2302 3840 epistola
2344 3771 2415 3823 ad
2458 3769 2738 3840 Rogerium
2767 3769 2949 3840 ducent
2985 3775 3034 3820 et
3056 3764 3338 3840 Damna-n-

1822 3844 1950 3896 dunt
1976 3835 2183 3904 fratres.
2199 3869 2269 3881 -
2283 3835 2568 3895 Monachus
2589 3841 2661 3894 ab
2688 3838 3012 3893 immanibus
3031 3835 3284 3906 defendit.

2206 3930 2372 4000 (Intra
2398 3945 2598 3984 annum
2629 3927 2912 3996 1094—95.)

2096 4023 2344 4095 -ιιιιιιιςι,
2391 4021 2593 4075 εοηςιι.
2645 4021 2773 4083 xx,
2824 4018 2994 4090 647.1

1829 4115 2082 4170 [insanus
2107 4114 2412 4183 episcopus,
2436 4127 2624 4166 servus
2644 4125 2926 4166 servorum
2951 4108 3063 4172 Dei,
3097 4108 3342 4164 ROGEBIO

1757 4209 1880 4263 duci
1922 4216 1976 4263 et
2017 4208 2310 4260 Boauuuoo
2352 4204 2506 4259 fratri
2547 4203 2684 4272 ejus,
2731 4201 2963 4259 salutem
2992 4207 3048 4255 et
3081 4198 3342 4269 apostoli-

1759 4315 1876 4354 cam
1909 4297 2358 4353 benedictionem.

1829 4389 2315 4444 Proclamationem
2363 4394 2490 4441 ante
2530 4393 2769 4439 nostram
2823 4380 3169 4452 prtesentiam
3212 4377 3342 4434 fecit

108 4486 272 4539 eodem
298 4487 414 4541 loco
443 4487 702 4542 restituas
743 4487 794 4539 in
825 4487 1097 4548 abbatem,
1133 4493 1187 4537 et
1217 4484 1318 4537 hoc
1347 4482 1484 4535 infra
1517 4496 1653 4550 qua—
1687 4496 1735 4550 ι)
1763 4479 1903 4535 Urse
1943 4479 2204 4532 Bautinus
2249 4476 2417 4532 abbas
2469 4475 2538 4530 de
2585 4472 2911 4543 quibusdam
2958 4468 3246 4525 comitibus
3287 4474 3346 4522 et

113 4572 332 4643 dt'aginta
369 4578 487 4632 dies
533 4585 819 4646 postquam
864 4576 1073 4630 litteras
1123 4585 1336 4628 nostras
1379 4573 1658 4641 acceperis

114 4676 138 4712 a
180 4666 338 4721 nobis.
398 4668 556 4734 Quod
606 4667 708 4721 nisi
765 4665 902 4720 infra
948 4665 1316 4736 przescriptum
1360 4661 1659 4733 perfeceris

115 4756 397 4822 terminum,
430 4759 598 4811 etiam
635 4757 862 4810 invitum
893 4759 960 4812 ab
995 4757 1143 4811 omni
1184 4764 1233 4810 te
1267 4755 1659 4824 suspendetnus

111 4842 281 4899 ollicio.
312 4847 382 4902 Ut
409 4858 589 4902 autent
612 4848 834 4903 omnino
861 4857 1096 4917 satagas,
1125 4847 1338 4902 noveris
1368 4856 1419 4901 te
1448 4845 1659 4898 Domini
1683 4890 1689 4896 .

115 4935 260 4987 nostri
284 4937 394 4990 oris
417 4937 850 4992 benedictionem
875 4947 1074 4992 nostrae
1100 4952 1291 4990 manus
1313 4935 1661 5005 dispositione

114 5035 480 5081 assecuturum.
526 5027 582 5082 Si
633 5045 763 5100 ergo
804 5029 1006 5084 nostris
1050 5029 1320 5083 obedieris
1355 5027 1660 5096 praeceptis,

114 5115 236 5179 apud
275 5131 371 5171 nos
419 5120 556 5174 bene
597 5119 949 5188 judicaberis.
999 5119 1094 5173 Sin
1141 5127 1342 5183 autem,
1379 5127 1433 5173 te
1467 5117 1664 5188 jaculis

117 5206 294 5260 nostris
320 5208 595 5264 feriemus.
628 5209 851 5276 Qualem
882 5225 1018 5281 ergo
1051 5219 1104 5266 te
1133 5209 1464 5276 exbibueris,
1501 5207 1662 5263 talem

117 5305 202 5347 nos
232 5296 470 5353 habebis.

177 5640 280 5716 (27)
315 5645 539 5716 Histoire
564 5646 654 5700 des
688 5656 878 5701 comtes
904 5647 968 5700 de
1010 5642 1285 5708 Tonlonse,
1312 5660 1449 5716 pag.
1466 5642 1591 5716 125.

1769 4569 2088 4633 baronibus,
2124 4568 2222 4637 qui
2267 4565 2457 4620 callida
2496 4565 2755 4619 invidiosa
2787 4555 3203 4633 [invidiosaque]
3230 4555 3343 4625 epi-

1764 4675 2050 4730 scoporum
2083 4656 2488 4712 machinatione
2522 4653 2752 4714 seducti,
2787 4653 2960 4722 ipsum
2989 4657 3049 4704 et
3077 4646 3192 4716 ejus
3222 4659 3342 4701 mo-

1769 4754 2067 4808 nasterium
2098 4751 2302 4806 nostris
2333 4750 2584 4804 manibus
2624 4753 3002 4802 consecratum
3040 4739 3198 4796 modo
3223 4738 3342 4808 plus

1763 4846 2113 4902 conturbant.
2153 4843 2333 4908 Unde,
2361 4841 2487 4912 quia
2510 4840 2824 4910 praedictum
2857 4831 3242 4890 monasterium
3273 4829 3344 4883 ad

1760 4936 1851 5008 jus
1879 4937 1936 4990 Β.
1967 4935 2110 4990 Petri
2143 4934 2420 5005 pertinere
2456 4939 2689 4985 vestram
2736 4943 2842 4982 non
2897 4925 3027 4978 latet
3071 4919 3341 4983 notitiam,

1767 5044 1833 5084 ex
1878 5027 2199 5082 auctoritate
2246 5023 2308 5076 Β.
2359 5021 2505 5077 Petri
2549 5028 2608 5074 et
2653 5025 2840 5072 nostra
2868 5011 3257 5068 monasterium
3286 5017 3345 5064 et

1768 5121 2018 5176 abbatem
2047 5118 2198 5173 vobis
2216 5113 2681 5173 commendamus,
2705 5118 2973 5177 quatenus
2996 5102 3337 5164 custodiatis,

1766 5211 2055 5283 adjuvetis,
2087 5220 2142 5264 et
2169 5223 2198 5261 a
2235 5206 2391 5261 malis
2421 5202 2750 5266 hominibus,
2784 5199 2925 5254 sicut
2952 5197 3012 5250 Β.
3045 5193 3191 5250 Petri
3220 5205 3346 5283 pro-

1769 5281 2081 5373 prietatem,
2125 5297 2356 5353 fideliter
2400 5292 2726 5356 defendatis,
2758 5298 2812 5346 et
2851 5302 3029 5359 neque
3065 5281 3346 5358 depromit-

1772 5395 1974 5455 tiones,
2026 5401 2200 5457 neque
2243 5385 2480 5453 aliquam
2530 5381 2613 5435 sui
2657 5379 2798 5450 juris
2854 5375 3266 5434 diminutionem
3313 5382 3349 5424 ι

1764 5494 2091 5553 quocunque
2124 5477 2238 5532 fieri
2268 5473 2572 5546 patiamini.

137 5740 139 5742 -
181 5690 880 5786 {ai‘)‘iiIeé'i'ﬁsS'Gei-BR;
904 5690 1686 5786 Ejus]:'bI-Baiii'iiti'siiﬁéium
1727 5702 2304 5778 decerpsitGratianus
2330 5699 2420 5770 52,
2454 5696 2594 5770 (1.2,
2622 5709 2741 5754 can.
2774 5694 2850 5750 De
2874 5690 3060 5760 neptis-

535 5836 802 5895 ΡΑτιιοι..
846 5833 994 5894 CLI.

2987 5799 3070 5894 is,
