3888 6322
103 396 194 451 507

97 607 304 659 decreto
351 603 565 657 concilii
613 618 641 656 a
673 603 826 656 nobis
864 618 1033 672 nuper
1068 604 1170 657 acti
1227 605 1536 657 damnatum
1564 620 1659 658 au—

95 693 336 748 ctoritate
365 693 455 747 Dei
483 702 538 747 et
567 692 625 746 Β.
653 693 833 758 Petri,
875 701 929 746 et
957 703 1154 747 sanctzr
1185 693 1436 748 Romanae
1474 694 1660 749 Eccle-

95 787 200 849 εἴη),
228 784 310 837 cui
340 783 555 854 auspice
587 783 696 838 Deo
724 785 991 848 deservio,
1017 783 1128 851 jam
1168 783 1660 837 excommunicavi-

95 891 224 938 mus,
254 884 306 927 et
328 889 451 928 cum
486 890 582 929 suo
611 873 877 937 Wiberto,
923 874 1096 929 bestia
1147 872 1372 927 terribili
1404 881 1456 928 et
1486 874 1656 937 varia,

91 983 202 1034 qua:
231 966 476 1020 ascendit
509 965 574 1020 de
601 966 762 1031 mari,
790 975 845 1020 et
881 965 1012 1019 facit
1039 965 1236 1019 bellum
1270 979 1390 1018 cum
1430 965 1657 1028 sanctis,

91 1073 240 1124 quam
267 1056 500 1111 adorant
538 1073 767 1126 quorum
801 1073 905 1111 non
954 1067 1079 1111 sunt
1115 1059 1330 1112 nomina
1373 1059 1572 1126 scripta
1606 1058 1656 1110 in

90 1151 220 1204 libro
251 1149 372 1203 vitae
413 1159 470 1204 et
500 1151 642 1220 agni,
675 1145 980 1218 portionem
1024 1148 1418 1203 maledictionis
1437 1149 1485 1204 ei
1510 1149 1659 1204 dedi-

91 1255 201 1292 tuus
238 1253 334 1306 pro
366 1253 435 1292 eo
483 1238 624 1307 quod
668 1231 1011 1292 Simo‘niaeus
1041 1245 1142 1302 est,
1189 1246 1246 1291 et
1291 1237 1658 1306 episcopatum

87 1329 200 1380 data
222 1327 451 1395 pecunia
484 1329 782 1397 usurpavit,
816 1337 875 1382 et
906 1329 1029 1396 quia
1071 1343 1168 1382 vos
1198 1328 1396 1397 injuste
1443 1329 1510 1382 de
1541 1328 1660 1382 loco

90 1429 254 1471 vestro
279 1435 342 1472 ex
396 1427 667 1488 praecepto
714 1417 795 1471 sui
859 1420 998 1488 regis
1030 1418 1254 1488 expulit,
1307 1427 1512 1472 etcum
1565 1418 1658 1488 qui

89 1520 293 1578 propter
320 1511 724 1565 contumaciam
777 1520 831 1564 et
874 1511 1291 1565 iuobedieutiam
1339 1509 1554 1579 publico
1577 1508 1660 1576 ju-

89 1601 218 1655 dicio
242 1600 589 1667 adjudicatus
631 1610 687 1655 et
733 1601 1128 1656 condemnatus
1157 1611 1297 1665 erat,
1337 1611 1557 1670 accepta
1589 1600 1657 1655 ab

87 1709 145 1746 eo
182 1693 407 1762 pecunia
441 1693 749 1762 supposuit,
794 1702 847 1746 et
875 1693 998 1761 quia
1027 1693 1238 1747 cuidam
1277 1692 1427 1760 Lupo
1461 1691 1574 1761 ('50)
1605 1701 1659 1748 et

86 1781 377 1836 Simoniaca
406 1782 628 1848 lueresi,
660 1792 715 1836 ct
744 1783 863 1837 aliis
894 1783 1215 1852 capitalibus
1235 1782 1408 1852 culpis
1444 1783 1656 1854 publice

87 1871 285 1940 etjuste
308 1874 572 1928 damnato
603 1889 798 1928 manus
829 1875 1104 1943 imposuit.
1133 1875 1400 1931 Similiter
1419 1885 1473 1931 et
1503 1877 1654 1932 illum

87 1964 323 2019 Ecclesia:
381 1964 675 2034 profanum
740 1980 1088 2034 pervaserem
1143 1966 1540 2031 damnavimus,
1601 1975 1658 2022 et

86 2055 667 2109 excommunicavimus
705 2054 1117 2118 Wolbodonem,
1166 2056 1289 2123 quia
1348 2055 1657 2112 Simouiaee

88 2160 144 2198 ac
171 2145 452 2215 tyrannica
509 2153 781 2214 potestate
810 2160 908 2215 per
962 2144 1100 2199 male
1131 2145 1451 2213 acquisitam
1488 2160 1653 2215 pecu-

86 2239 217 2291 niam
242 2237 521 2291 abbatiam
555 2246 817 2301 vestram,
843 2246 897 2291 et
923 2236 1098 2290 locum
1131 2238 1271 2290 unde
1294 2251 1394 2305 per
1422 2236 1657 2292 insolen-

91 2327 205 2379 tiam
263 2341 439 2389 suam,
515 2326 656 2381 sicut
714 2327 961 2382 diabolus
1024 2325 1091 2382 de
1149 2326 1287 2381 coelo
1357 2327 1655 2392 deciderat,

88 2416 263 2471 invasit
295 2418 408 2488 (5f)
434 2428 498 2474 et
543 2434 666 2473 cum
696 2433 762 2473 eo
789 2419 978 2473 omnes
1007 2417 1213 2472 militiae
1246 2418 1362 2488 ejus
1384 2418 1659 2488 adjutores

88 2517 134 2560 et
171 2508 417 2564 fautores.
465 2511 665 2566 Omnes
695 2523 914 2580 quoque
962 2509 1160 2578 quibus
1192 2510 1308 2578 ipse
1349 2509 1656 2565 oblationes

91 2597 302 2653 ﬁdelium
363 2616 460 2656 res
510 2601 775 2664 ecclesiae,
809 2609 865 2655 et
911 2600 1170 2668 praedicta
1221 2598 1420 2654 divinis
1472 2600 1658 2656 usibus

89 2691 265 2745 tradita
312 2692 395 2747 vel
448 2693 688 2748 vendidit
746 2692 830 2748 vel
875 2691 1041 2755 dedit,
1088 2691 1294 2760 pariter
1339 2705 1462 2744 cum
1495 2690 1586 2745 illo
1627 2707 1657 2745 a

89 2784 274 2848 gremio
303 2794 514 2838 sancta:
541 2783 798 2838 Ecclesiae
841 2781 1138 2852 apostolica
1189 2781 1518 2835 auctoritate
1550 2781 1659 2851 pel-

89 2873 832 2941 limus,anathematizamus,
873 2875 1214 2939 damnamus,
1266 2881 1321 2927 et
1365 2873 1660 2944 sacrilegos

91 2963 395 3029 iudicamus,
429 2981 610 3035 usque
633 2965 758 3019 dum
794 2979 889 3019 sua
921 2964 1178 3020 Ecclesia:
1205 2963 1516 3019 restituant.
1555 2964 1660 3019 Vos

91 3062 271 3119 autem,
312 3053 490 3110 frater
533 3053 875 3114 charissime,
921 3053 1170 3123 gaudete,
1205 3054 1333 3122 quia
1366 3068 1460 3108 rex
1494 3052 1660 3108 Israel

90 3143 238 3198 ﬁlium
266 3159 420 3199 suum
475 3144 590 3198 vult
619 3159 782 3214 super
806 3142 1028 3196 [Iumina
1062 3143 1354 3214 Babylonis
1380 3146 1568 3199 sedere
1601 3153 1655 3200 et

89 3230 217 3295 flere.
244 3243 297 3287 ct
341 3235 408 3288 ad
458 3234 690 3287 reditum
737 3233 790 3287 in
846 3242 1045 3287 terram
1077 3234 1454 3301 promissionis
1483 3235 1654 3292 libero

102 3326 259 3379 cordis
295 3324 497 3382 affectu
538 3327 837 3396 suspirare,
867 3341 971 3379 non
1005 3325 1056 3379 in
1095 3325 1224 3395 ipsis
1259 3325 1572 3382 fluminibus
1600 3336 1655 3384 et

91 3419 262 3473 studiis
319 3418 678 3474 saecularibus
731 3417 1050 3488 implicitum
1111 3419 1357 3473 interire.
1430 3417 1655 3473 Summa

92 3518 266 3564 nostra:
320 3509 619 3566 voluntatis
681 3519 765 3566 est
803 3519 861 3564 ut
926 3519 1101 3564 teneat
1139 3511 1423 3580 prudentia
1474 3521 1655 3566 vestra

93 3601 216 3668 quod
268 3601 402 3656 ratio
463 3603 776 3670 persuadet,
833 3601 1114 3671 Scriptura
1168 3601 1350 3656 divina
1404 3611 1652 3668 testatur,

92 3701 274 3746 sancta:
314 3694 602 3764 religionis
641 3695 776 3749 ordo
809 3693 1061 3764 requirit,
1093 3703 1392 3765 martyrum
1434 3695 1657 3765 sanguis

91 3781 323 3850 insinuat,
391 3796 578 3841 mater
622 3796 830 3848 nostra.
887 3796 1074 3841 sancta
1125 3787 1330 3842 scilicet
1385 3786 1650 3854 Ecclesia,

90 3875 311 3942 praecipit
332 3887 386 3931 et
407 3877 782 3931 commendat.
810 3876 1022 3932 Veritas
1048 3878 1160 3946 ipsa
1193 3887 1250 3931 ut
1279 3876 1345 3930 ad
1369 3876 1653 3932 veritatem

93 3977 177 4017 nos
213 3979 552 4023 converteret
591 3971 727 4023 mori
778 3969 966 4034 voluit,
1005 3970 1248 4039 nihilque
1292 3971 1507 4024 animas
1558 3985 1655 4024 no-

92 4064 236 4121 stras,
284 4061 382 4113 nisi
419 4059 540 4114 sola
573 4060 786 4115 Veritas
827 4077 856 4114 a
902 4069 1173 4128 potestate
1228 4059 1424 4115 diaboli
1456 4061 1653 4116 libera—

92 4143 173 4199 bit.
226 4148 474 4204 Salutant
504 4166 597 4205 vos
644 4151 696 4205 in
737 4149 956 4204 Christo
985 4158 1040 4205 et
1083 4150 1174 4219 qui
1220 4151 1499 4205 vobiscum
1530 4158 1656 4205 sunt

94 4231 266 4292 fratres
305 4249 524 4294 vestros
574 4239 628 4293 in
683 4239 941 4308 praesenti
1008 4238 1288 4294 nobiscum
1343 4240 1653 4311 congregati

97 4326 332 4397 episcopi,
365 4329 576 4391 clerici,
610 4330 833 4384 abbates
863 4338 919 4383 et
953 4329 1224 4395 monachi,
1250 4337 1308 4382 ut
1334 4330 1653 4383 memoriam

93 4419 244 4470 nostri
283 4419 334 4472 in
373 4419 574 4474 vestris
621 4419 826 4474 sanctis
881 4419 1222 4474 orationibus
1277 4420 1548 4485 habeatis,
1597 4427 1654 4473 ut

94 4520 179 4573 pro
210 4524 336 4577 pace
380 4519 567 4565 nostra
596 4519 648 4565 et
680 4519 882 4565 sanctae
919 4509 1174 4565 Ecclesiae
1215 4525 1337 4564 eum
1372 4511 1462 4580 qui
1493 4519 1653 4566 natus

96 4612 260 4663 pacem
294 4601 458 4655 terris
493 4602 695 4665 attulit,
729 4601 930 4671 quique
979 4615 1077 4655 suo
1106 4602 1367 4671 sanguine
1397 4617 1515 4655 eam
1547 4602 1648 4657 sibi

97 4685 435 4754 desponsavit,
470 4691 670 4760 rogetis
691 4689 1005 4758 suppliciter
1039 4705 1347 4745 exoramus.
1376 4689 1648 4746 Charissi-

98 4789 200 4829 mus
244 4777 384 4834 ﬁlius
459 4793 648 4833 noster
702 4779 1018 4845 Gcrbertus,
1096 4780 1286 4834 harum
1349 4780 1650 4835 litterarum

99 4868 309 4933 gerulus,
347 4871 587 4939 quando,
636 4871 752 4935 ubi,
803 4872 1100 4940 quomodo,
1156 4887 1279 4925 cum
1340 4871 1536 4940 quibus
1586 4871 1652 4927 ad

101 4971 184 5011 nos
248 4961 361 5016 sine
426 4963 812 5031 impedimento
879 4961 1097 5018 Satanae
1161 4963 1348 5018 venire
1409 4961 1650 5025 possitis.

101 5060 290 5106 secreto
317 5054 581 5109 iudicabit
604 5055 776 5110 vobis.
811 5053 955 5110 Bene
983 5054 1182 5110 valete.

168 5504 278 5579 (50)_
304 5507 430 5561 Sive
455 5505 868 5579 Lupoui‘ahbati
905 5503 1242 5579 Trudonensi
1289 5503 1378 5579 qui
1411 5502 1477 5559 ab
1515 5501 1661 5579 ﬂen-

112 5573 210 5645 ricu
262 5572 551 5632 Leodieusi'
598 5576 782 5645 pulsus
836 5591 931 5630 sua
979 5574 1246 5645 dignitate
1286 5572 1483 5628 fuerat.
1526 5573 1663 5628 Vide

112 5641 288 5717 Chron.
312 5646 472 5717 Trud.
505 5641 758 5717 Spicilcg.
798 5655 835 5700 ι.
874 5645 978 5700 VII.
1010 5641 1086 5698 Ιῦ.

174 5715 274 5783 (5i)
313 5716 444 5771 Iliuc
471 5711 638 5771 de'eo
679 5711 934 5785 antiquus
980 5724 1171 5785 auctor
1221 5713 1471 5785 Historia:
1504 5712 1564 5768 S.
1596 5711 1661 5785 L_.

111 5778 356 5838 Laurentii
386 5803 414 5840 a
448 5787 597 5844 nobis
618 5778 856 5843 edendas
879 5785 1065 5857 (edidit
1090 5794 1126 5839 t.
1157 5784 1221 5844 IV
1258 5783 1370 5840 Vel.
1399 5782 1664 5851 Monum.)

1288 386 1641 444 EI‘ISTOL/E
1681 385 1766 440 ET
1796 385 2194 447 I’RIVILEGIA.

99 517 188 570 stri
237 514 432 583 rigoris
473 514 758 566 iucurvare
811 513 1175 566 contenderet.
1229 514 1398 580 Quem
1463 530 1558 568 nos
1598 526 1662 569 ex
1695 510 1738 562 A

3230 399 3334 456 398

2435 515 2665 571 CXXVI.

1799 601 1956 657 Bulla
1997 603 2197 674 Urbani
2227 578 2464 671 ριιρῖιῗΙΙ
2497 624 2591 674 pro
2628 608 2942 661 nionaslerio
2971 608 3027 663 S.
3066 610 3208 666 l’elri
3236 614 3299 666 tle

2149 673 2384 730 Puteolis
2412 673 2638 730 Lucana:
2674 678 2925 733 (ἐξωσθεὶς.

2359 764 2537 836 (Anno
2559 766 2741 834 1095.)

1867 850 2264 922 [Mn-mnum,
2314 855 2518 926 Annal.
2580 855 2881 913 Catualdul.
2944 867 3074 915 tom.
3126 861 3213 926 Ill,

2297 925 2569 994 Append.,
2595 941 2648 994 p.
2677 927 2824 998 HL]

1835 1013 2083 1068 Unnaucs
2111 1015 2421 1084 episcopus,
2459 1031 2649 1072 servus
2683 1032 2960 1072 servorum
2997 1021 3112 1086 Dei,
3142 1023 3336 1077 dilecto

1763 1104 1872 1158 ﬁlio
1925 1105 2174 1160 MARTINO
2230 1107 2396 1176 priori
2447 1109 2767 1163 monasterii
2814 1109 2872 1164 S.
2907 1111 3077 1176 Petri,
3113 1115 3334 1182 quodin

1761 1195 1993 1250 Lucanae
2019 1196 2272 1251 Ecclesia:
2304 1199 2560 1266 parocliia
2593 1199 2756 1254 situm
2787 1209 2892 1263 est,
2924 1201 3040 1256 loco
3072 1207 3214 1272 quod
3245 1221 3336 1259 vo-

1760 1295 1916 1338 catur
1956 1284 2216 1352 Puteolis,
2276 1286 2502 1357 ejusque
2573 1291 2979 1346 successoribus
3039 1293 3090 1344 iu
3150 1309 3335 1362 perpe-

1763 1384 1930 1428 tuum.

1833 1466 2166 1521 Desiderium
2212 1468 2356 1536 quod
2413 1468 2480 1524 ad
2526 1470 2837 1540 religiosum
2902 1472 3237 1542 propositum
3284 1477 3341 1529 et

1760 1558 2064 1612 animarum
2107 1560 2341 1616 salutem
2386 1564 2661 1632 pertinere
2712 1573 3072 1628 monstratur,
3119 1575 3342 1619 auctore

1760 1650 2011 1714 Domino,
2043 1651 2160 1707 sine
2207 1653 2387 1723 aliqua
2415 1664 2498 1710 est
2529 1655 2787 1711 dilatione
2831 1657 3231 1736 complendum.
3264 1658 3340 1712 Ea

1758 1755 2000 1814 propter,
2033 1746 2103 1801 ﬁli
2147 1747 2199 1800 in
2229 1747 2446 1804 Christo
2476 1749 2817 1813 charissime,
2859 1751 2966 1806 tuis
2993 1751 3343 1822 petitionibus

1688 1869 1731 1928 Β
1762 1847 2082 1902 annuentes,
2119 1840 2508 1894 monasterium
2541 1840 2727 1896 Sancti
2757 1841 2926 1906 Petri,
2969 1843 3056 1897 cui
3107 1843 3336 1897 Domino

1761 1939 1985 1984 auctore
2005 1930 2280 1999 prtesides,
2319 1931 2605 2000 praesentis
2635 1932 2840 1988 decreti
2873 1934 3196 1988 auctoritate
3227 1950 3342 1987 mu-

1761 2022 1958 2077 nimus.
1990 2023 2294 2078 Statuimus
2334 2023 2477 2077 enim
2509 2032 2568 2078 ut
2606 2037 2946 2094 quaecunque
2994 2025 3152 2080 hodie
3201 2025 3341 2079 idem

1761 2114 2066 2168 cmuobiutn
2103 2115 2249 2183 juste
2306 2115 2566 2185 possidet,
2601 2117 2718 2171 sive
2766 2117 2819 2170 in
2865 2115 3160 2170 crastinum
3213 2132 3346 2172 con-

1761 2201 2010 2256 cessione
2084 2201 2421 2270 pontiﬁcum,
2474 2202 2800 2259 liberalitate
2863 2205 3192 2274 principum,
3260 2204 3345 2258 vel

1761 2291 2034 2346 oblatione
2062 2291 2321 2358 ﬁdelium,
2345 2290 2490 2360 juste
2519 2303 2682 2363 atque
2709 2295 2972 2350 canonice
2996 2295 3197 2363 poterit
3223 2296 3341 2348 adi-

1761 2381 1918 2450 pisci,
1959 2381 2111 2436 ﬁrma
2158 2381 2252 2435 tibi
2307 2383 2523 2453 tuisque
2581 2385 2992 2441 successoribus
3032 2396 3086 2441 et
3140 2385 3345 2440 illibata

1762 2482 2130 2540 permaneant.
2164 2473 2574 2530 Possessionum
2607 2475 2796 2540 etiam,
2821 2490 2940 2544 quze
2969 2478 3022 2529 iu
3071 2485 3345 2530 monaste-

1762 2561 1828 2616 rii
1853 2563 2182 2630 proprietate
2210 2563 2574 2626 continentur,
2608 2564 2846 2620 decimas
2880 2563 3082 2633 absque
3112 2563 3217 2618 ulla
3245 2578 3343 2618 vos

1762 2651 2009 2704 molestia
2037 2651 2314 2719 possidere
2366 2660 2631 2720 perpetuo
2672 2650 2943 2706 volumus.
2997 2651 3344 2722 Sepulturam

1761 2757 1977 2814 quoque
2008 2741 2251 2810 ejusdem
2279 2742 2380 2798 loci
2423 2744 2646 2798 omnino
2673 2743 2900 2799 liberam
2946 2743 3132 2798 haberi
3165 2745 3347 2800 sauci-

1763 2850 1906 2898 mus,
1962 2843 2021 2888 ut
2069 2847 2260 2889 eorum
2319 2835 2411 2903 qui
2469 2835 2578 2890 illic
2626 2835 2840 2905 sepeliri
2899 2834 3346 2904 deliberaverint,

1763 2925 2036 2980 devotioni
2057 2935 2112 2979 et
2135 2935 2396 2984 extremze
2423 2926 2685 2982 voluntati
2718 2926 2895 2980 nullus
2926 2926 3160 2982 obsistat
3193 2927 3346 2983 salvo

1763 3015 2110 3084 parochiana:
2158 3015 2405 3072 ecclesiae
2459 3016 2664 3071 debito.
2711 3015 3064 3070 Decernimus
3111 3031 3243 3086 ergo
3287 3027 3348 3071 ut

1764 3104 1893 3158 nulli
1917 3105 2139 3159 omnino
2165 3104 2443 3158 hominum
2462 3104 2621 3159 liceat
2643 3105 2780 3159 idem
2805 3104 3111 3159 cmuobium
3136 3113 3346 3160 temere

1682 3207 1725 3264 ο
1759 3198 2078 3267 perturbare
2109 3208 2204 3253 aut
2245 3199 2296 3254 ei
2322 3197 2563 3252 subditas
2587 3196 2960 3267 possessiones
2987 3195 3221 3262 auferre,
3253 3197 3344 3251 vel

1759 3288 1935 3343 oblata
1960 3289 2211 3352 retinere,
2263 3289 2527 3351 minuere,
2557 3286 2641 3341 vel
2685 3285 2993 3340 temerariis
3043 3285 3345 3340 venationi-

1758 3380 1861 3435 bus
1887 3380 2139 3450 fatigare,
2168 3381 2262 3436 sed
2286 3380 2467 3436 omnia
2493 3380 2701 3449 integra
2733 3385 3128 3432 conserventur
3153 3391 3342 3433 eorum

1759 3487 1858 3542 pro
1886 3488 2114 3542 quorum
2143 3473 2544 3528 sustentatione
2574 3489 2638 3527 ac
2659 3474 3052 3541 gubernatione
3081 3489 3342 3529 concessa

1759 3572 1919 3626 sunt,
1963 3563 2150 3617 usibus
2178 3562 2508 3616 omnimodis
2556 3562 2883 3630 profutura,
2920 3562 3066 3618 salva
3109 3562 3346 3618 Lucana;

1759 3654 2002 3710 ecclesiae
2027 3655 2206 3710 debita
2237 3663 2293 3709 et
2320 3654 2580 3709 canonica
2606 3655 2928 3709 reverentia.
2967 3655 3112 3710 Sane
3143 3655 3190 3710 si
3215 3657 3339 3724 quis

1760 3747 1814 3800 in
1840 3745 2137 3802 crastinum
2167 3745 2606 3814 archiepiscomis
2631 3755 2726 3800 aut
2753 3745 3060 3815 episcopus,
3102 3747 3342 3817 impera-

1762 3845 1846 3893 tor
1873 3844 1965 3890 aut
1987 3851 2104 3901 rex,
2135 3849 2317 3891 comes
2340 3843 2432 3889 aut
2464 3832 2981 3902 vicecomes,'judex
3021 3844 3115 3889 aut
3142 3835 3343 3889 castal-

1759 3928 1867 3989 dio,
1898 3935 1990 3980 aut
2023 3940 2253 3997 persona
2303 3925 2554 3995 quaslibet
2597 3939 2790 3995 magna
2837 3923 2922 3980 vel
2959 3940 3126 3994 parva
3183 3925 3344 3996 hujus

1761 4018 1932 4074 nostri
1957 4017 2218 4089 privilegii
2250 4018 2497 4087 paginam
2535 4017 2712 4070 sciens
2742 4025 2930 4070 contra
2965 4031 3084 4070 eam
3135 4023 3342 4070 temere

1761 4111 1946 4164 venire
1979 4108 2288 4174 tentaverit,
2316 4106 2559 4162 secundo
2609 4105 2843 4160 tertiove
2881 4105 3264 4169 commorutus,
3296 4105 3347 4158 si

1761 4217 1870 4256 non
1921 4200 2295 4256 satisfactione
2327 4214 2564 4269 congrua
2609 4197 3000 4260 emendaverit,
3046 4197 3332 4265 potestatis

1763 4293 2092 4361 honorisque
2131 4291 2396 4362 dignitate
2449 4297 2652 4352 careat,
2709 4302 2970 4355 reumque
3029 4300 3091 4340 se
3162 4284 3345 4340 divino

1759 4383 1962 4455 judicio
1995 4383 2233 4438 existere
2263 4381 2329 4435 de
2367 4387 2672 4450 perpetrata
2710 4378 2994 4446 iniquitate
3018 4385 3339 4445 cognoscat,

1765 4483 1820 4529 et
1846 4491 1876 4528 a
1910 4473 2281 4529 sacratissimo
2302 4485 2530 4540 corpore
2563 4469 2653 4523 Dei
2689 4479 2744 4524 et
2774 4468 2984 4524 Domini
3010 4467 3340 4537 Redempto-

1680 4547 1837 4621 l)ris
1884 4566 2056 4620 nostri
2103 4563 2229 4619 Jcsu
2269 4563 2467 4617 Christi
2512 4561 2719 4618 alienus
2765 4561 2880 4628 ﬁat,
2939 4570 3102 4629 atque
3149 4559 3202 4613 in
3250 4573 3345 4613 ex-

1758 4666 1933 4712 tremo
1969 4657 2218 4712 examine
2281 4655 2539 4710 districta:
2591 4653 2779 4709 ultioni
2835 4651 3132 4721 subjaceat.
3187 4649 3364 4720 Cun-_

1753 4748 1879 4814 ctis,
1905 4755 2012 4801 etc.

1829 4839 2166 4894 BENEDICTUS
2194 4838 2430 4962 DBUSCET
2462 4836 2646 4960 Pus;
2680 4837 2870 4890 DOIHNI
2901 4850 3096 4889 nos'rm
3135 4834 3263 4889 Jssu

2352 4923 2554 4962 nntsrt.
2643 4921 2768 4959 una.

2352 4923 2554 4962 HRISTI.
2595 4921 2768 4960 ABEN.

1748 5053 1751 5056 .
1828 5007 2025 5062 Datum
2077 5002 2366 5058 Florentia
2414 5017 2509 5072 per
2574 5011 2790 5054 manum
2848 4998 3072 5053 Joannis
3137 5006 3342 5052 sancta:

1759 5097 2016 5152 Romana:
2043 5095 2300 5149 Ecclesiae
2323 5093 2530 5150 diaconi
2559 5090 2865 5154 cardiualis,
2902 5089 3020 5142 lial.
3053 5087 3340 5144 Februarii

1760 5188 2159 5250 indictiouent,
2204 5201 2347 5241 anno
2387 5185 2680 5239 Dominicae
2723 5181 3118 5238 lucarnationis
3175 5180 3338 5246 1095,

1759 5279 2110 5350 pontiﬁcatus
2162 5293 2290 5334 vero
2336 5275 2520 5332 domni
2573 5274 2771 5330 Urbani
2823 5273 3048 5330 secundi
3097 5287 3189 5344 pp.
3252 5287 3342 5342 se-

1761 5373 1950 5443 ptimo.

1749 5497 2120 5570 liPecuniam,
2170 5504 2362 5572 inquit,
2400 5502 2623 5557 multam
2673 5517 2702 5556 a
2748 5501 3144 5557 mercatoribus
3179 5499 3341 5572 hujus

1765 5578 1952 5646 patriae
1989 5569 2174 5629 mutuo
2203 5569 2428 5643 accepit,
2460 5588 2620 5642 quam
2656 5574 2724 5628 de
2753 5572 2981 5646 ecclesia
3010 5572 3112 5646 ista
3134 5569 3344 5646 persmo

1717 5658 1729 5688 ρ
1766 5639 1917 5702 veret
1941 5665 1954 5699 :
1979 5646 2120 5699 unde
2148 5645 2260 5713 ipse
2284 5639 2376 5698 rex
2407 5639 2678 5699 trecentas
2704 5659 2915 5698 marcas
2944 5639 3361 5713 habuit._0ber-_

1769 5726 1854 5774 tus
1885 5727 2061 5772 autem
2089 5709 2192 5772 non
2220 5729 2442 5786 parvam
2469 5714 2590 5772 inde
2619 5724 2828 5786 partem
2855 5711 3082 5789 accepit.
3111 5729 3131 5762 ι
3156 5709 3232 5764 In.
