3888 6322
1741 412 1747 418 .
1817 361 1873 414 Β.
1919 358 2156 418 υΙῖΒΛΝΙ

2278 359 2480 416 ΡΑΡΑΞ
3673 365 3748 421 I00

2192 474 2238 530 A
2336 472 2446 540 Ego
2475 472 2652 528 Bonus
2688 471 2868 527 senior
2905 473 3188 544 presbyter
3210 472 3488 527 cardinalis
3512 474 3749 548 subscripsi.

2336 561 2448 632 Ego
2479 563 2658 617 'I‘euzo
2685 562 2964 632 presbyter
2991 563 3281 616 cardinalis
3303 563 3597 633 subscripsi.

2335 651 2446 722 Ego
2469 651 2762 722 Gregorius
2789 653 3050 707 diaconus
3083 653 3372 709 cardinalis
3406 657 3678 725 subscripsi.

2334 743 2446 813 Ego
2490 741 2776 798 Daibertus
2795 743 3022 799 Pisanus
3058 745 3487 816 archiepiscopus
3510 749 3752 820 subscripsi.

2333 834 2444 904 Ego
2495 833 2808 904 Rodulphus
2865 835 3197 890 Turonensis
3240 837 3639 908 archiepiscopus
3667 842 3754 893 sub-

2263 938 2475 992 SCI‘IpSI.
2966 983 2970 987 _
3125 973 3127 976 .

2333 1013 2486 1083 Ilugo
2530 1013 2822 1070 cardinalis
2863 1014 3126 1071 diaconus
3177 1026 3381 1071 sanctae
3427 1016 3652 1071 Romane
3686 1018 3753 1072 Ec-

2260 1101 2438 1157 clesia:
2462 1103 2774 1173 subscripsi.

2331 1193 2691 1249 Ilerimannus
2719 1195 3028 1251 cardinalis.

2330 1285 2442 1354 Ego
2466 1284 2741 1354 Philippus
2766 1286 3032 1341 Lunensis
3067 1287 3352 1357 episc0pus
3381 1287 3662 1357 subscripsi.

2329 1375 2442 1446 Ego
2468 1378 2844 1432 Aurasicensis
2881 1380 3169 1448 episcopus
3217 1378 3476 1433 Gilelmus
3520 1381 3758 1448 subscripsi.

2327 1465 2438 1536 Ego
2473 1465 2737 1533 Rogcrius
2767 1477 2970 1524 sancta:
3013 1469 3272 1523 Romamn
3305 1468 3550 1523 Ecclesia:
3572 1469 3761 1523 diaconus

581 369 696 427 399

1238 493 1490 551 CXXVII.

569 590 785 649 Urbani
813 589 870 644 ΙΙ
899 589 1052 642 bulla:
1091 604 1184 657 pro
1214 586 1554 657 monasterio
1577 583 1757 657 Sancti
1783 582 2012 653 ngidii,
2040 599 2164 639 con-

925 653 1149 727 ﬁrmaia'
1176 658 1228 711 in
1254 655 1476 711 concilio
1489 653 1812 708 Placentino.

1182 749 1362 818 (Anno
1417 745 1598 811 I095.)

792 841 1038 914 (Dawn,
1075 839 1295 894 Miscell.
1332 838 1464 893 edit.
1497 837 1650 902 Luc.,
1681 836 1743 902 Il,
1776 835 1926 908 I77.]

653 933 902 988 Unuasus
936 933 1244 1001 episcopus,
1273 943 1460 984 servus
1486 941 1766 982 servorum
1795 926 1911 991 Dei,
1949 925 2157 978 univer—

579 1026 654 1081 sis
701 1041 797 1095 per
835 1024 1118 1080 Gothicam
1173 1021 1505 1092 provinciam
1554 1019 1800 1074 [ideiibus
1838 1017 2066 1073 salutem
2107 1026 2161 1072 et

578 1113 929 1186 apostolicam
960 1111 1411 1166 benedictionem.

649 1202 844 1257 Notum
875 1202 1125 1256 omnibus
1153 1200 1303 1254 vobis
1327 1199 1572 1253 volumus
1607 1198 1731 1267 quia
1763 1197 1989 1251 dilectus
2018 1195 2158 1250 ﬁlius

574 1304 759 1348 noster
812 1289 1167 1354 Raimundus,
1219 1290 1517 1344 Tolosanus
1551 1303 1754 1352 comes,
1807 1298 1915 1342 tam
1959 1289 2159 1343 nostris

575 1400 738 1454 quam
787 1384 1014 1437 aliorum
1061 1383 1455 1455 religiosorum.
1482 1380 1720 1434 virorum
1755 1380 1973 1434 monitis
2013 1380 2161 1433 exci-

576 1485 720 1529 tatus
735 1483 787 1528 et
809 1474 1194 1544 omnipotentis
1220 1472 1308 1527 Dei
1336 1471 1526 1525 timore
1551 1479 1902 1539 compunctus
1925 1480 2154 1538 partem,

548 1565 685 1619 'imo
715 1565 955 1634 rapinam
984 1579 1145 1632 quam
1185 1577 1248 1618 ex
1295 1571 1579 1630 parentum
1627 1574 1845 1614 suorum
1877 1559 2156 1611 invasione
2257 1555 2574 1626 subscripsi.

574 1655 628 1710 in
652 1656 805 1711 altari
846 1655 1029 1710 Sancti
1077 1654 1278 1724 ,λεεωἰί
1309 1661 1363 1707 et
1391 1651 1611 1721 reliquis
1649 1651 1816 1720 ipsius
1849 1650 2036 1704 altaris
2063 1665 2153 1704 ec-
2329 1647 2442 1718 Ego
2471 1648 2706 1705 Joannes
2739 1649 3057 1708 Portuensis
3096 1650 3388 1706 cardinalis
3415 1650 3764 1720 cpiscopussub-

573 1744 752 1801 clesia:
786 1745 1046 1799 altaribus
1073 1744 1273 1798 habere
1318 1741 1508 1796 solitus
1553 1750 1690 1804 erat,
1718 1740 1827 1794 Deo
1861 1755 1924 1793 ac
1955 1748 2156 1793 sanctae
2193 1809 2219 1810 ί
2257 1741 2469 1810 scripsi.

574 1836 667 1890 Dei
698 1824 955 1891 Genitrici
986 1822 1163 1889 Ilarim
1189 1832 1877 1902 sanctisqueapostolorum
1899 1830 2155 1900 principi-
2189 1809 2232 1861 Β
2329 1809 2439 1902 Ego
2493 1831 2794 1888 Willelmus
2842 1832 3158 1888 Ausciensis
3218 1833 3637 1902 archiepiscopus
3683 1845 3761 1884 cum

573 1927 670 1980 bus
697 1926 856 1980 Petro
886 1941 949 1981 ac
976 1925 1140 1978 Paulo
1186 1934 1242 1979 et
1266 1923 1422 1977 beato
1450 1922 1749 1977 confessori
1781 1920 1998 1989 {Egidio
2030 1920 2154 1974 red-
2259 1924 2396 1979 meis
2447 1924 2820 1994 sull‘raganeis,
2880 1927 3090 1979 scilicet
3145 1915 3293 1980 Dod'o
3353 1926 3660 1996 Bigorritano
3689 1924 3762 1992 epi-

570 2016 724 2069 didit.
779 2017 909 2084 Qum
946 2016 1176 2070 redditio
1207 2015 1320 2069 sive
1361 2013 1605 2069 dimissio
1644 2014 1696 2066 in
1747 2011 2011 2064 Tolosana
2062 2025 2164 2080 sy-.
2258 2028 2442 2082 scopo,
2469 2015 2663 2069 Sancio
2685 2015 3034 2069 Laseurrensi
3059 2016 3336 2085 episeopo,
3362 2016 3551 2069 Ottune
3574 2014 3766 2067 Olorcnsc

573 2108 713 2159 nodo
763 2105 900 2159 facta
942 2117 1024 2161 est
1058 2120 1240 2159 coram
1292 2104 1468 2173 legato
1514 2113 1697 2157 nostro
1727 2101 2020 2164 Bernardo,
2052 2100 2156 2154 To-
2257 2107 2532 2174 episcopo,
2575 2105 2846 2160 Willelmo
2875 2106 3189 2172 ansorano
3224 2107 3498 2176 episeopo,
3527 2102 3763 2172 subscripsi.

570 2196 750 2249 Ietano
777 2196 1201 2265 archiepiscopo,
1224 2204 1276 2248 et
1300 2194 1543 2264 pluribus
1571 2203 1678 2245 tam
1702 2193 1970 2262 cpiscOpis
1991 2206 2153 2260 quam
2331 2193 2442 2262 me
2471 2195 2744 2250 Imolensis
2767 2199 3050 2268 cpiscopus
3086 2198 3214 2253 Otto
3243 2195 3557 2264 subscripsi.

571 2284 878 2340 abbatibus.
909 2285 1039 2338 Item
1065 2285 1123 2338 in
1169 2283 1458 2338 festivitate
1508 2281 1680 2335 sancti
1739 2281 1934 2350 Egidii
1971 2296 2152 2335 coram
2329 2286 2444 2355 Ego
2483 2287 2744 2344 Rodullus
2776 2289 3014 2362 Reginus
3053 2291 3496 2360 archiepiscopus
3522 2286 3761 2354 subscripsi.

571 2377 761 2433 eodem
789 2377 964 2446 legato
988 2385 1174 2430 nostro
1199 2374 1426 2442 aliisque
1454 2372 1865 2441 quamplurimis
1889 2373 2156 2441 episcopis
2332 2375 2521 2432 Petrus
2552 2377 2789 2435 Venetus
2816 2383 3147 2452 patriarcha,
3197 2382 3393 2436 Petrus
3417 2379 3768 2448 archiepiscopis

570 2468 656 2522 vel
690 2467 974 2522 abbatibus
1016 2465 1260 2519 eamdem
1309 2463 1664 2518 redditionem
1709 2476 1829 2516 eum
1861 2476 2030 2515 uxore
2056 2475 2154 2516 sua
2261 2462 2696 2529 Mediolanensis,
2739 2466 3052 2522 Gotalridus
3097 2467 3387 2535 episcopus
3436 2463 3766 2533 Magaloncnsa,

569 2558 802 2612 Hervira
831 2566 882 2610 ct
915 2555 1022 2610 lllio
1050 2554 1352 2610 Bertranno
1372 2567 1535 2621 super
1560 2551 1730 2604 altare
1758 2550 1901 2604 beati
1950 2549 2152 2620 ASgidii
2259 2551 2616 2624 Berengarius
2641 2571 2926 2626 episcopus
2956 2557 3370 2627 Forojuliensis,
3415 2559 3620 2610 Amatus
3647 2553 3768 2606 arch-

569 2646 929 2709 coni‘rrmavit,
953 2643 1162 2699 duobus
1190 2643 1296 2698 illic
1319 2640 1552 2695 nummis
1582 2639 1905 2708 [Egidiensis
1926 2647 2156 2694 monetae
2259 2647 2545 2717 cpiscopus
2584 2650 3016 2720 Durdegalensis,
3045 2651 3376 2706 Aldebertus
3407 2648 3768 2717 archiepiscopis

568 2736 778 2806 positis.
809 2735 974 2805 Igitur
1001 2747 1100 2788 nos
1135 2731 1431 2787 secundum
1475 2729 1641 2800 ipsius
1666 2728 1882 2783 comitis
1922 2729 2153 2798 postula-

570 2827 771 2879 tionem
802 2839 900 2894 pro
937 2838 1032 2875 sua
1060 2834 1114 2876 et
1149 2831 1432 2891 parentum
1465 2834 1688 2874 suorum
1732 2817 1905 2873 salute
1953 2818 2153 2873 factum

570 2915 674 2969 hoc
699 2913 1023 2968 auctoritate
1053 2910 1351 2981 apostolica
1399 2909 1783 2964 confirmamus
1815 2916 1870 2962 et
1905 2911 2154 2977 omnipo-

570 3005 736 3059 tentis
765 3003 853 3058 Dei
885 3003 1314 3057 miscricordiam
1337 3001 1692 3067 deprecamur
1720 3010 1989 3070 quatenus
2010 2999 2155 3068 quod

569 3095 637 3150 de
659 3109 838 3149 rerum
867 3093 1358 3150 ecclesiasticarum
1403 3094 1749 3162 usurpatione
1779 3093 2041 3148 hactenus
2067 3093 2156 3148 ad-

569 3188 854 3252 miserunt,
885 3202 980 3242 sua
1006 3186 1088 3240 eis
1106 3185 1485 3255 propitiatione
1515 3185 1786 3256 indulgeat
1811 3194 1865 3238 et
1887 3200 1915 3238 a
1938 3201 2158 3239 suorum

569 3276 888 3331 delictorum
939 3275 1170 3331 vinculis
1211 3289 1308 3345 per
1347 3282 1654 3329 sanctorum
1709 3274 2073 3343 apostolorum
2105 3283 2161 3330 et

567 3367 744 3423 sancti
773 3366 977 3438 zEgiJii
1020 3366 1216 3421 merita
1263 3373 1318 3420 et
1346 3379 1538 3435 preces
1566 3365 1833 3420 absolvat.
1864 3365 2032 3419 Porro
2051 3375 2157 3418 tam

567 3459 744 3528 ipsum
767 3471 930 3527 quam
956 3455 1000 3524 ej
1011 3465 1073 3511 ds
1095 3465 1340 3526 posteros
1365 3455 1668 3520 universos,
1708 3454 1752 3510 si
1785 3453 2036 3510 altarium
2062 3454 2159 3509 ob-

566 3549 822 3604 lationem
857 3548 1082 3602 ulterius
1130 3547 1389 3603 invadere
1417 3546 1767 3611 tentaverint,
1823 3545 2156 3600 anathemati

568 3641 884 3710 subiicimus
923 3649 975 3696 et
998 3641 1065 3694 ab
1095 3639 1351 3694 universo
1381 3638 1638 3695 Ecclesiae
1663 3638 1941 3694 consortio
1962 3652 2152 3706 segre-

569 3747 779 3803 gamus.
831 3730 1149 3800 Quicunque
1169 3731 1334 3785 etiam
1379 3731 1464 3784 vel
1493 3730 1562 3785 ab
1599 3730 1717 3799 ipso
1744 3731 1943 3785 comite
1983 3730 2066 3784 vel
2090 3729 2159 3783 ab

569 3827 751 3896 aliquo
789 3826 1025 3896 quolibet
1055 3826 1121 3878 de
1169 3825 1532 3880 oblationibus
1573 3825 1681 3880 illis
1717 3824 1933 3879 l'eudum
1989 3831 2157 3886 tenet,

572 3913 734 3983 hujus
767 3914 966 3968 decreti
1021 3923 1207 3968 tenore
1236 3919 1454 3983 cognito
1483 3914 1586 3968 nisi
1633 3916 1855 3968 omnino
1901 3912 2158 3967 Ecclesiae

571 4003 886 4068 reddiderit,
913 4003 1089 4057 eidem
1118 4003 1446 4058 anathemati
1477 4001 1771 4069 subjaceat.
1825 4003 1961 4073 Ipsis
1993 4002 2155 4056 etiam

570 4087 854 4143 monachis
884 4088 983 4142 sub
1012 4088 1364 4142 anathemate
1413 4087 1785 4143 interdicimus
1811 4103 1876 4141 ne
1905 4088 2016 4143 ullo
2054 4104 2155 4142 un-

569 4195 730 4249 quam
763 4189 1001 4248 tempore
1040 4177 1300 4232 laicorum
1341 4178 1592 4247 cuiquam
1636 4177 1690 4230 in
1733 4177 1864 4248 ipsis
1900 4178 2155 4232 altarium

567 4269 932 4324 oblationibus
957 4280 1165 4339 partem
1204 4268 1406 4322 habere
1433 4267 1772 4337 permittant.
1821 4267 2072 4335 Alioquin
2102 4277 2156 4321 et

567 4358 659 4426 qui
685 4357 895 4413 dederit
919 4366 973 4411 et
993 4357 1086 4427 qui
1120 4357 1389 4427 receperit
1419 4356 1754 4411 anathemati
1783 4356 1926 4426 quod
1957 4369 2154 4425 propo-

567 4447 778 4500 suimus
804 4446 1124 4516 subjacebit.

638 4537 774 4591 Data
805 4503 921 4608 pcr'
945 4552 1162 4594 manum
1203 4535 1448 4602 Joannis,
1499 4547 1703 4592 sancta:
1755 4537 2012 4592 Romana:
2053 4535 2152 4592 Ee-
2187 4503 2233 4557 Β
2256 4525 2398 4594 ll“Od
2428 4524 2592 4579 δίιυηι
2623 4534 2705 4581 εει
2737 4525 2788 4579 ίιι
2821 4524 2965 4580 Si!”
2998 4524 3184 4594 Nigra,
3228 4525 3382 4595 illm
3414 4525 3598 4580 ﬂumen
3628 4520 3758 4586 Βτίὲλ·

566 4629 746 4684 etesiae
796 4629 1004 4685 diaconi
1055 4628 1369 4692 cardinalis,
1427 4627 1712 4685 Cremonae
1753 4645 1828 4682 xu
1883 4629 2153 4683 Kalendas
2254 4618 3074 4688 nam.eiusquesmcessoribus
3099 4621 3420 4691 regulariter
3442 4615 3761 4676 substituendis

567 4716 767 4783 Martii,
799 4717 1098 4772 indictione
1133 4733 1216 4781 Ill,
1259 4733 1402 4771 anno
1434 4719 1500 4772 ab
1532 4718 1900 4772 Incarnatione
1938 4718 2150 4772 Domini
2256 4707 2308 4762 in
2339 4721 2682 4779 perpetuum.

571 4807 726 4872 I095,
770 4807 1117 4878 pontiﬁcatus
1169 4823 1297 4863 vero
1357 4809 1538 4864 domui
1599 4808 1802 4865 Urbani
1870 4824 2021 4879 papae
2069 4824 2153 4864 se-
2325 4801 2668 4858 Desiderium
2719 4806 2864 4874 quod
2911 4805 2978 4860 ad
3027 4806 3338 4877 religiosum
3393 4804 3686 4876 pI‘OPOaIIIIm
3725 4801 3756 4845 ῡι

567 4896 757 4965 ptimo.

639 4986 752 5058 ('52)
782 4988 999 5044 Relecta
1029 5003 1159 5044 vero
1202 4998 1257 5044 et
1289 4988 1612 5045 confirmata
1654 4990 1707 5043 in
1742 4989 1977 5045 concilio
2011 4991 2152 5059 quod

565 5076 710 5132 idem
745 5093 880 5148 papa
911 5081 1198 5138 Placentiae
1226 5082 1538 5138 celebravit.

639 5166 750 5237 Ego
789 5167 1022 5227 Joannes
1054 5172 1375 5228 Purtuensis
1391 5171 1998 5243 episcopus'cardinalis
2022 5173 2151 5227 sub-

568 5259 782 5328 scripsi.

639 5352 749 5424 Ego
786 5353 1036 5410 Albertus
1074 5355 1361 5410 eardinalis
1387 5355 1704 5424 subscripsi.

635 5441 750 5516 Ego
790 5443 1087 5498 Richardus
1132 5448 1417 5516 presbyter
1453 5446 1745 5502 cardinalis
1797 5454 1998 5501 sancta:
2038 5446 2148 5501 Ito-

567 5545 741 5587 manze
769 5531 1021 5587 Ecclesia:
1046 5543 1101 5587 et
1129 5533 1479 5590 Massiliensis
1507 5537 1674 5592 abbas
1703 5536 2020 5593 subscripsi.

2261 2825 2606 2884 Belvacensis
2628 2830 2911 2902 episcopus
2933 2831 3313 2887 interfuerunt.

2333 2921 2624 2978 Tetbaldus
2683 2923 3041 2981 Bercellensis
3091 2927 3260 2980 abbas
3303 2926 3557 2980 laudavit.
3604 2921 3768 2978 Poncius

2261 3014 2432 3070 abbas
2469 3015 2620 3072 Casae
2660 3016 2777 3083 Dei,
2815 3017 3110 3074 Frotardus
3151 3020 3317 3073 abbas
3347 3019 3529 3074 Sancti
3568 3016 3719 3070 Potitii.

2187 3155 2230 3213 Ο
2332 3104 2425 3160 Isti
2461 3114 2515 3160 et
2546 3121 2735 3162 omnes
2785 3108 3200 3178 archiepiscopi,
3257 3110 3497 3179 episcopi
3535 3119 3583 3162 ct
3610 3108 3764 3160 abbales

2261 3287 2504 3342 chartam
2535 3299 2801 3360 przccepto
2823 3291 3026 3346 domini
3058 3307 3212 3362 papa:
3241 3292 3591 3355 laudaverunt
3619 3304 3662 3346 et
3677 3307 3764 3344 con-

2260 3378 2632 3443 ﬁrmaverunt.
2681 3396 2744 3436 ac
2781 3381 2940 3450 hujus
2981 3383 3313 3438 dimissionis
3343 3385 3588 3453 deinceps
3615 3384 3762 3436 invaso-

2260 3485 2375 3525 rem
2405 3471 2495 3526 vel
2515 3473 2888 3544 subreptorem
2921 3483 3182 3545 perpetuo
3228 3477 3554 3532 anathemati
3579 3475 3761 3530 subdide-

2260 3569 2404 3624 runt,
2433 3569 2489 3616 et
2539 3563 2927 3622 monasterium
2977 3580 3160 3630 omne,
3193 3566 3235 3621 si
3290 3566 3575 3636 aliquando
3621 3563 3764 3617 invasio

2259 3651 2550 3717 accideret,
2599 3653 2668 3708 ab
2691 3655 2836 3709 omni
2866 3655 3049 3711 divino
3089 3654 3262 3713 oﬂicio
3306 3656 3655 3714 interdicendo
3688 3667 3764 3707 ces-

2257 3757 2382 3800 sare
2403 3743 2702 3812 jusserunt.

2907 3837 3182 3894 CXXVIII.

2262 3923 2505 3997 Urbanus
2555 3925 2628 3997 7H
2689 3929 2929 3997 pontifex
2980 3932 3357 3992 monasterium
3416 3931 3480 3986 Β.
3528 3927 3698 3997 Georgii
3728 3926 3759 3972 in

2331 3994 2501 4070 Nigra
2539 3994 2707 4070 Silva—7
2738 4000 2792 4050 in
2840 3994 2990 4052 surint
3044 4003 3413 4067 prolectionem
3462 4001 3624 4070 recipit
3645 3994 3760 4063 atqu

2327 4067 2554 4136 insignes
2578 4069 2625 4121 ei
2651 4067 2914 4122 libertates
2943 4071 3199 4124 roncedit.

2847 4159 3022 4228 (Anno
3065 4159 3250 4232 I095.)

2437 4245 2827 4317 [ScnmrrLtn.,
2854 4249 3022 4303 Alsat.
3057 4249 3211 4318 dipl.,
3243 4259 3374 4305 tom.
3398 4251 3442 4317 I,
3464 4267 3514 4321 p.
3539 4247 3662 4318 l77.]

2332 4336 2581 4394 Unnaaus
2611 4340 2920 4410 episc0pus,
2954 4353 3146 4396 servus
3171 4356 3457 4397 servorum
3488 4342 3593 4404 Dei,
3626 4336 3762 4391 dilecto

2253 4983 2394 5047 Deo,
2436 4987 2554 5039 sine
2603 4985 2782 5055 aliqua
2825 4995 2909 5042 est
2949 4987 3221 5042 delatione
3260 4987 3636 5057 complendum.
3662 4975 3753 5044 Qui-1

2254 5077 2416 5146 igitur
2461 5077 2669 5133 nobiles
2715 5079 2818 5132 viri
2872 5077 3056 5134 Herilo
3099 5089 3154 5134 et
3202 5079 3374 5135 IIesso
3420 5082 3470 5134 in
3513 5079 3753 5147 cpiscﬁlm"

2251 5167 2674 5234 Constantiensi,
2721 5170 2773 5224 in
2822 5187 2959 5242 pago
3003 5173 3220 5227 nomine
3263 5173 3424 5237 Bara,
3471 5173 3518 5225 in
3560 5164 3753 5223 comitatu

2251 5259 2522 5326 Ascheim,
2545 5261 2598 5315 in
2621 5261 2754 5315 silva
2781 5277 2942 5330 quam
2972 5262 3160 5316 dicunt
3187 5263 3424 5333 Nigram,
3448 5263 3588 5331 juxta
3612 5255 3750 5306 llumrn

2250 5351 2563 5422 Briganam,
2608 5351 2660 5406 in
2704 5352 2910 5407 honore
2958 5353 3128 5408 sancti
3176 5353 3390 5422 Georgii
3435 5345 3749 5414 martyrismo-

2251 5443 2547 5497 nasterium
2592 5441 3033 5507 tedilicaverunt,
3079 5453 3129 5496 et
3174 5443 3336 5497 beato
3378 5431 3529 5494 Petro
3571 5425 3751 5502 apostolo

548 5803 554 5810 ι
639 5733 750 5806 {59.)
781 5734 1071 5804 Sequentia
1097 5735 1276 5791 addita
1308 5745 1488 5804 postea
1519 5745 1662 5792 sunt.

2262 2735 2630 2807 Bituricensis,
2661 2740 2852 2796 Petrus
2888 2742 3331 2812 archiepiscopus
3363 2741 3632 2811 Aquensis,
3655 2737 3765 2789 Fult‘n
3851 2763 3853 2812 ς

2265 3195 2318 3250 in
2366 3196 2676 3252 Placentina
2731 3199 2936 3268 synodo
2990 3200 3289 3255 residentes
3334 3201 3477 3256 hanc
3517 3197 3766 3254 (Ῐὶιιιὶδείυιςίς
3849 3251 3851 3268 ἰ

2261 4430 2372 4485 lilio
2416 4429 2694 4486 Tuoesnlo
2745 4432 2926 4488 abbati
2981 4435 3296 4488 monasterii
3356 4433 3537 4488 Sancti
3579 4427 3758 4494 Georgii.
3846 4427 3847 4494 ἓ

2255 4894 2556 4948 animarum
2609 4895 2834 4951 salutem
2888 4898 3162 4966 pertinuere
3213 4907 3557 4958 monstratur,
3601 4900 3756 4945 auctore
3844 4949 3845 4967 χ

2250 5535 2303 5590 id
2341 5535 2514 5606 ipsum
2555 5550 2677 5591 cum
2714 5535 2980 5592 universis
3025 5550 3146 5604 qua:
3194 5533 3304 5590 illic
3335 5530 3615 5589 obtulerant
3649 5516 3747 5575 deli.-
3839 5516 3841 5562 ἒ

3837 5679 3841 5885 l
