3888 6322
137 363 224 418 ii)!
1286 371 1645 432 EPISTOLzE
1683 377 1772 435 ET
1798 380 2203 446 PRIVILEGIA.

131 483 420 547 gaverunt,
451 487 550 530 nos
585 478 882 534 secundum
913 494 1101 538 eorum
1133 483 1474 545 devotionem
1504 492 1695 560 praefa-

131 543 234 620 tum
266 566 442 620 locum
487 569 588 622 sub
635 571 945 638 apostolicae
986 576 1133 631 sedis
1176 580 1341 634 tutela
1384 583 1692 651 specialiter

126 654 506 710 confovendum
550 659 896 730 suscipimus.
935 662 1038 720 Per
1063 670 1364 736 ‘praesentis
1394 671 1556 743 igitur
1583 676 1692 744 pri-
1771 695 1776 700 ·

125 743 294 814 vilegii
357 746 607 815 paginam
666 751 963 819 apostolica
1025 758 1350 816 auctoritate
1403 743 1693 822 statuimus

124 844 178 888 nt
204 849 538 904 quaecunque
580 839 780 908 praalia
813 842 926 897 sive
956 846 1321 913 possessiones
1349 850 1555 920 praefati
1589 855 1692 910 viri

125 923 201 976 vel
251 923 340 977 alii
389 926 614 995 quilibet
658 943 723 984 ex
768 946 872 988 suo
916 932 1038 1001 jure
1085 939 1396 1006 supradicto
1441 945 1690 1001 coenobio

119 1014 455 1082 obtulerunt,
513 1033 890 1092 quemcunque
945 1025 998 1080 in
1056 1026 1297 1084 futurum
1342 1036 1691 1090 concessione

121 1105 467 1174 pontificum,
516 1109 842 1167 liberalitate
891 1116 1228 1189 principum,
1279 1138 1371 1179 seu
1421 1125 1692 1182 oblatione

122 1195 350 1250 tidelium
373 1197 520 1266 juste
550 1209 710 1270 atque
733 1208 992 1262 canonice
1023 1213 1226 1278 poterit
1253 1215 1499 1286 adipisci,
1535 1217 1688 1273 firma

123 1288 209 1340 tibi
261 1289 476 1358 tuisque
521 1298 926 1354 successoribus
972 1310 1028 1355 et
1071 1302 1274 1359 illibata
1313 1319 1686 1376 permaneant.

123 1374 254 1430 Nulli
320 1388 587 1447 przeterea
637 1387 1014 1450 sacerdotum.
1088 1408 1278 1464 regum
1315 1374 1430 1452 _vel
1491 1400 1688 1456 ducum

119 1475 206 1520 ant
231 1471 514 1533 comitum.
546 1488 638 1529 seu
671 1480 1034 1546 quarumlibet
1063 1499 1415 1552 personarum
1447 1491 1605 1547 liceat
1637 1494 1688 1548 in

119 1576 181 1614 eo
217 1561 332 1615 loco
381 1563 598 1632 aliquas
636 1569 735 1622 sibi
784 1573 1132 1640 proprietatis
1176 1579 1534 1648 conditiones,
1579 1599 1690 1640 non

120 1653 442 1709 hmreditarii
491 1657 650 1725 juris,
709 1676 812 1716 non
863 1665 1195 1733 advocatize,
1253 1685 1359 1726 non
1407 1673 1694 1739 cujuslibet

120 1748 395 1813 potestatis
443 1753 876 1822 usurpationem,
923 1773 1042 1825 qua:
1092 1759 1329 1817 libertati
1378 1771 1689 1825 monasterii

3258 417 3370 472 «ιω.

1723 495 1771 551 Α
1797 514 1914 554 cem
1943 504 2168 572 praemia
2196 516 2413 566 mternae
2442 515 2594 583 pacis
2623 517 2920 579 inveniant.
2959 523 3153 595 Amen,
3185 543 3368 597 amen,

1794 607 1974 650 amen.

1864 687 2057 743 Datum
2117 691 2409 751 Placentiae
2469 712 2566 768 per
2627 711 2846 762 manum
2895 707 3112 767 Joannis
3166 724 3369 771 sancta:

1794 776 2051 835 Romanae
2089 781 2348 840 Ecclesiae
2375 784 2584 845 diaconi
2613 794 2925 863 cardinalis,
2957 813 3051 854 vni
3078 798 3201 855 ldus
3228 801 3372 855 Mar-

1769 873 1875 935 -tii,
1907 874 2094 930 indict.
2123 893 2207 943 In,
2255 894 2400 933 anno
2435 883 2728 941 Dominicae
2760 889 3030 947 lncarnat.
3065 895 3204 950 1095
3232 896 3368 967 (55),

1766 967 2143 1034 pontificatus
2201 981 2384 1028 autem
2434 974 2616 1032 domni
2689 979 2889 1037 Urbani
2942 989 3163 1043 secundi
3221 1005 3371 1061 papa:

1793 1057 2044 1125 septimo.

2454 1158 2688 1216 CXXIX.

1766 1241 2176 1324 ‘Monasterium
2238 1245 2640 1324 Hirsaugiense,
2676 1253 2935 1324 Spirensis
2991 1258 3220 1314 diaeresis
3274 1261 3379 1317 sub-

1862 1315 2181 1394 protectione
2235 1317 2373 1372 sedis
2398 1315 2726 1394 Δ(ι’ροειοιὶείέ
2767 1327 3013 1394 recipitur
3038 1370 3052 1391 ,

1863 1383 2042 1437 omnia
2083 1386 2252 1440 eidem
2282 1383 2681 1456 conﬁrmantur.

2374 1478 2554 1549 (Anno
2595 1481 2776 1552 1095.)

2022 1565 2438 1637 [ϐοοουειικεὴ
2462 1570 2670 1626 Bullar.
2693 1574 2922 1641 collect.,
2948 1576 3014 1644 ll,
3044 1578 3158 1648 80.]

1866 1655 2118 1714 Unsesus
2146 1660 2452 1730 episcopus,
2490 1673 2682 1719 servus
2712 1679 2992 1720 servorum
3025 1668 3141 1734 Dei,
3171 1668 3372 1725 dilecto

1798 1750 1908 1805 filio
1943 1750 2302 1818 Gsusnanno,
2351 1756 2662 1810 monasterii
2710 1756 3116 1828 liirsaugieusis
3165 1761 3368 1824 abbati,

3137 1331 3369 1402 bonaque

119 1845 338 1901 noceat,
393 1839 699 1895 vindicare.
750 1843 1082 1902 Advocatum
1131 1851 1233 1906 sibi
1282 1857 1686 1925 constituendi,

1792 1840 2016 1909 ejusque
2054 1842 2462 1899 successoribus
2494 1843 2817 1914 regulariter
2855 1847 3264 1916 substitueudis,
3313 1849 3372 1903 in

120 1939 268 1992 quem
305 1927 600 1993 voluerint,
646 1932 811 1987 abbas
857 1951 980 1991 cum
1011 1941 1123 1994 suis
1172 1943 1431 2001 fratribus
1463 1947 1686 2005 liberam

123 2014 343 2070 habeant
371 2027 722 2086 potestatem.
753 2024 818 2078 Et
840 2026 885 2080 si
915 2028 960 2083 is
996 2033 1336 2098 postmodum
1361 2041 1690 2096 monasterio

121 2105 312 2160 inutilis
336 2106 528 2169 fuerit.
555 2123 764 2196 remoto
790 2130 855 2170 eo
876 2118 1041 2173 alium
1065 2124 1421 2182 constituant.
1444 2127 1691 2187 Obeunte

121 2205 168 2250 te
195 2214 329 2253 nunc
364 2199 492 2267 ejus
537 2201 638 2256 loci
681 2206 876 2262 abbate
921 2211 1002 2264 vel
1039 2220 1254 2268 tuorum
1301 2218 1542 2286 quolibet
1568 2235 1690 2276 suc-

119 2302 418 2356 cessorum,
464 2292 642 2349 nullus
680 2296 750 2350 ibi
799 2299 1043 2368 qualibet
1088 2305 1456 2376 subreptionis
1489 2313 1690 2365 astutia

121 2377 197 2432 vel
236 2379 497 2436 violentia
547 2397 919 2455 prmponatnr,
963 2392 1064 2446 nisi
1107 2410 1266 2462 quem
1308 2397 1505 2453 fratres
1543 2414 1692 2455 com-

119 2472 254 2523 muni
290 2485 566 2528 consensu
618 2477 703 2530 vel
749 2479 977 2536 fratrum
1032 2499 1158 2552 pars
1197 2488 1409 2543 consilii
1460 2492 1692 2547 sanioris

118 2562 394 2617 secundum
442 2565 541 2620 Dei
575 2568 822 2624 timorem
853 2580 909 2627 et
953 2576 1193 2644 regulam
1239 2579 1380 2634 beati
1415 2581 1690 2640 Benedicti

119 2649 382 2721 elegerint.
437 2655 514 2710 lit
557 2666 736 2715 autem
774 2662 968 2719 fratres
1003 2666 1054 2720 in
1085 2670 1274 2724 eodem
1319 2671 1439 2726 loco
1478 2676 1688 2732 collecti

118 2744 498 2814 omnipotentis
522 2748 614 2804 Dei
644 2754 882 2810 servitiis
910 2757 1136 2816 liberius
1167 2763 1382 2818 valeant
1413 2766 1690 2836 insudare,

117 2829 446 2893 decernimus
493 2850 552 2894 ut
585 2843 716 2898 nulli
757 2847 980 2904 omnino
1023 2849 1303 2908 hominum
1346 2856 1504 2912 liceat
1549 2861 1689 2916 idem

117 2926 408 2982 ctenobium
472 2939 672 2988 temere
714 2939 1038 3005 perturbare
1086 2951 1181 2997 aut
1215 2945 1460 3003 subditas
1489 2951 1537 3005 ei
1569 2968 1690 3022 pos-

119 3017 370 3075 sessiones
409 3022 659 3091 auferre,
703 3029 947 3085 minuere
994 3033 1074 3088 vel
1106 3040 1414 3097 temerariis
1441 3046 1688 3101 vexatio-

120 3109 263 3166 nibus
318 3113 582 3185 fatigare,
644 3119 739 3174 sed
783 3124 964 3177 omnia
1011 3124 1222 3198 integra
1273 3145 1685 3204 conserventur,

118 3212 289 3257 eorum
331 3220 427 3274 pro
483 3224 713 3277 quorum
757 3217 1151 3273 sustentatione
1186 3235 1251 3276 ac
1294 3223 1686 3293 gubernatione

119 3304 358 3349 concessa
419 3307 559 3352 sunt
611 3301 795 3357 usibus
855 3306 1182 3364 omnimodis
1238 3312 1542 3380 profutura.
1581 3319 1686 3376 Vos

117 3392 256 3446 vero.
302 3386 393 3441 ﬁlii
437 3389 499 3443 in
547 3389 766 3447 Christo
812 3396 1144 3465 charissimi,
1175 3413 1390 3471 oportet
1421 3410 1686 3479 regularis

122 3472 396 3544 disciplinm
427 3480 864 3541 institutionibus
891 3488 1178 3558 diligenter
1224 3494 1497 3563 insistere,
1525 3509 1580 3556 et
1607 3512 1686 3556 to-

123 3564 216 3620 tius
242 3570 430 3627 animte
487 3588 552 3627 ac
591 3577 787 3632 mentis
830 3580 1118 3640 virtutibus
1159 3588 1450 3654 anhelare,
1501 3600 1557 3644 ut
1591 3591 1688 3660 per

121 3669 306 3716 arctam
338 3665 487 3718 viam
516 3669 822 3736 gradientes
857 3675 1216 3743 omnipotenti
1260 3680 1367 3734 Deo
1397 3681 1608 3750 placere
1633 3693 1688 3738 et

123 3751 181 3802 ad
209 3767 498 3821 supernam
546 3757 932 3817 beatitudinem
977 3769 1266 3834 pervenire
1311 3772 1556 3826 valeatis.
1605 3774 1686 3830 Ad

124 3839 360 3899 indicium
392 3857 583 3902 autem
612 3853 883 3921 perceptae
910 3856 1069 3924 hujus
1094 3873 1122 3912 a
1161 3859 1404 3916 Romana
1449 3863 1684 3921 Ecclesia

122 3929 367 3994 libertatis
396 3954 502 4009 per
526 3957 695 3997 annos
717 3944 958 4013 singulos
987 3963 1210 4002 aureum
1245 3951 1548 4009 Bizantium
1585 3956 1687 4011 La-

125 4032 370 4084 teranensi
406 4031 616 4100 palatio
641 4037 977 4104 persolvetis.
1016 4038 1156 4094 Sane
1184 4044 1226 4098 si
1260 4047 1380 4115 quis
1409 4047 1461 4100 in
1493 4050 1689 4103 crusti.—

122 4130 235 4171 num
282 4123 731 4194 archiepiscopus
779 4139 872 4182 aut
919 4132 1227 4204 episcopus,
1269 4137 1560 4205 imperator
1593 4148 1688 4194 aut

123 4220 226 4273 rex,
271 4212 374 4266 dux
419 4223 520 4267 aut
551 4217 812 4282 marchio,
865 4234 1048 4276 comes
1095 4232 1187 4277 aut
1233 4226 1551 4289 vicecomes,
1592 4239 1688 4282 aut

121 4315 331 4368 persona
378 4306 638 4376 quaelibet
684 4309 1052 4368 ecclesiastica
1099 4316 1176 4370 vel
1209 4318 1481 4373 saecularis
1530 4319 1686 4387 hujus

125 4400 302 4448 nostrae
344 4397 752 4455 constitutionis
801 4403 1053 4472 paginam
1103 4406 1281 4462 sciens
1329 4417 1515 4462 contra
1564 4425 1684 4464 eam

126 4489 310 4539 temere
337 4487 529 4541 venire
561 4491 868 4553 tentaverit.
901 4495 1138 4550 secundo
1182 4498 1404 4552 tertiove
1440 4514 1684 4555 commo-

1771 1977 1774 1979 .
1796 1943 2140 2004 perpetuum.

1865 2027 1999 2084 Cum
2031 2028 2305 2084 universis
2333 2037 2536 2084 sancta:
2571 2028 2828 2084 Ecclesiae
2867 2029 2992 2086 filiis
3019 2045 3117 2099 pro
3146 2039 3374 2102 aposto-

1798 2121 1912 2175 licrr.
1968 2121 2114 2177 sedis
2177 2119 2499 2176 auctoritate
2553 2135 2618 2175 ac
2673 2120 3048 2176 benevolentia
3100 2122 3372 2179 debitores

1793 2214 2114 2283 existamus,
2147 2216 2250 2272 illis
2275 2227 2480 2282 tamen,
2525 2217 2660 2274 locis
2703 2233 2767 2274 ac
2795 2218 3060 2288 personis,
3088 2233 3208 2288 quae
3249 2232 3375 2288 spe»

1796 2302 1987 2358 cialius
2028 2313 2084 2360 et
2128 2304 2447 2362 familiarius
2481 2307 2736 2361 Romanae
2783 2306 3062 2362 adhmrent
3091 2306 3368 2373 Ecclesiae,

1794 2407 2022 2463 (piaeque
2062 2396 2311 2465 ampliori
2362 2397 2638 2467 religionis
2687 2397 2862 2467 gratia
2921 2397 3210 2461 eminent,
3247 2413 3372 2468 pro-

1794 2485 2033 2553 pensiori
2078 2502 2178 2542 nos
2218 2487 2480 2542 convenit
2514 2487 2795 2544 charitatis
2841 2489 3020 2543 studio
3061 2490 3368 2544 imminere.

1798 2575 1950 2630 Unde
2008 2592 2140 2643 nos,
2190 2578 2345 2634 bonae
2391 2578 2664 2634 memoriae
2719 2575 3135 2648 praedecessoris
3196 2579 3370 2635 nostri

1794 2668 2040 2739 Gregorii
2082 2669 2308 2725 formam
2344 2679 2665 2740 sequentes,
2694 2670 2884 2726 eadem
2918 2670 3014 2724 tibi
3045 2669 3255 2739 tuisque
3295 2668 3374 2723 le-

1769 2758 1999 2826 gitimis
2025 2759 2374 2814 concedimus
2403 2751 2828 2824 successoribus,
2859 2772 2978 2827 quae
3016 2758 3133 2825 ipse
3161 2757 3371 2827 praede-

1775 2847 2001 2902 cessori
2035 2855 2124 2903 tuo
2153 2847 2426 2903 Willelmo
2452 2855 2507 2902 et
2537 2847 2778 2918 ejusdem
2827 2846 3155 2902 monasterio
3193 2847 3372 2915 preci-

1773 2940 1896 2996 .bus
1941 2939 2218 2995 Adalberti
2273 2939 2516 3004 comitis,
2563 2940 2834 2995 concessit
2887 2947 2942 2994 et
2985 2937 3366 3005 confirmavit;

1795 3034 1885 3102 qui
1916 3040 2135 3088 mternae
2158 3031 2529 3087 retributionis
2555 3045 2738 3086 amore
2769 3043 3066 3086 succensus
3088 3028 3140 3083 in
3165 3026 3368 3098 praedio

1797 3141 1894 3180 suo
1921 3124 2064 3195 quod
2099 3125 2298 3180 dicitur
2337 3124 2644 3195 llirsangia,
2677 3122 3068 3178 monasterium
3115 3136 3143 3174 a
3172 3134 3368 3191 proge-

1715 3193 1761 3255 (ἶ
1793 3193 2062 3268 nitoribus
2105 3214 2219 3268 suis
2256 3214 2510 3283 antiquis
2537 3193 2935 3279 constructum,
2967 3226 3141 3283 nuper
3171 3211 3371 3266 amissa

1767 3306 2083 3360 -rcstituens
2131 3314 2358 3360 venuste
2409 3304 2711 3376 reparavit,
2758 3312 2814 3359 et
2858 3304 2913 3357 in
2959 3319 3088 3359 usus
3135 3304 3368 3358 fratrum

1789 3391 1923 3446 inibi
1964 3393 2074 3448 Deo
2121 3391 2476 3461 servientium
2524 3391 2768 3461 pluribus
2808 3390 3271 3459 possessionibus,
3311 3397 3368 3444 et

1791 3485 2089 3540 redditibus
2115 3484 2412 3553 ampliavit.
2444 3483 2616 3550 Quam
2645 3498 2754 3538 sum
2778 3480 3118 3536 liberalitatis
3152 3481 3368 3535 institu-

1791 3578 1990 3630 tionem
2028 3590 2094 3629 ne
2137 3575 2243 3628 ulla
2287 3575 2340 3629 in
2370 3585 2645 3643 posterum
2673 3586 3050 3643 perversurum
3081 3572 3364 3625 hominum

1790 3666 2017 3721 audacia
2056 3667 2300 3721 minuere
2337 3675 2430 3720 aut
2473 3665 2676 3720 violare
2723 3672 3014 3736 praesumat
3057 3662 3366 3733 apostolica:

1767 3756 2135 3812 auctoritatis
2183 3755 2466 3825 privilegio
2513 3755 2733 3820 muniri,
2782 3763 2837 3809 et
2872 3761 3074 3808 sancta:
3110 3753 3367 3808 Romamn

1770 3849 2050 3905 Ecclesiae
2088 3849 2317 3904 tnitione
2345 3847 2588 3903 roborari
2633 3848 2943 3918 postulavit.
2973 3847 3361 3914 Quamobrem,

1770 3942 2071 4013 praefatum
2116 3940 2500 3996 monasterium
2562 3941 2663 3995 sub
2697 3940 3008 4008 apostolicae
3051 3941 3195 3995 sedis
3243 3955 3365 4008 pro-

1773 4033 2024 4088 .tectione
2049 4047 2113 4086 ac
2137 4031 2304 4086 tutela
2334 4029 2646 4099 specialiter
2671 4029 3060 4098 amplectentes
3078 4068 3091 4093 ,
3125 4041 3363 4097 prmsen-

1793 4125 1862 4178 tis
1900 4122 2163 4193 privilegii
2211 4121 2407 4191 pagina
2433 4120 2739 4183 statuimus,
2776 4128 2838 4172 ut
2875 4134 2994 4188 qua:
3025 4119 3182 4172 hodie
3224 4119 3362 4172 idem

1767 4213 2096 4270 .ceenonium
2130 4211 2274 4280 juste
2301 4209 2559 4279 possidet,
2602 4211 2717 4265 sive
2763 4211 2815 4264 in
2859 4212 3095 4265 futurum
3135 4223 3361 4263 conces-

1791 4307 1943 4360 sione
1982 4304 2318 4374 pontificnm,
2345 4303 2598 4357 libertate
2626 4302 2952 4370 principum,
2986 4299 3073 4354 vel.
3092 4299 3364 4354 oblatione

1791 4396 2059 4459 fidelium,
2086 4393 2233 4462 juste
2281 4402 2336 4448 et
2369 4393 2630 4448 canonice
2668 4392 2866 4461 poterit
2901 4391 3154 4461 adipisci,
3207 4391 3361 4445 firma

1793 4487 1912 4551 tibi,
1944 4487 2158 4555 tuisque
2201 4482 2626 4549 successoribus,
2665 4492 2719 4537 et
2751 4481 2951 4536 illibata
2989 4491 3360 4551 permaneant.

127 4571 274 4637 nitus,
332 4578 378 4631 si
428 4594 535 4632 non
583 4580 957 4639 satisfactione
1007 4601 1243 4657 congrua
1291 4591 1682 4659 emendaverit,
1720 4563 1765 4616 υ
1793 4580 1845 4633 In
1897 4577 2093 4646 (Ιιιίδυε
2151 4576 2267 4629 hinc
2320 4572 2640 4627 "omim‘lim
2691 4572 3021 4652 desig'm'a
3067 4572 3360 4626 ἀ¹¹³ί¹¹¹¹¹¹⁵³

126 4669 391 4728 potestatis
427 4671 757 4744 honorisque
783 4677 864 4731 sui
894 4677 1158 4749 dignitate
1187 4693 1393 4748 careat,
1421 4699 1685 4754 rcumqne

125 4764 179 4804 se
215 4756 392 4812 divino
433 4759 638 4827 judicio
675 4765 914 4820 existere
941 4766 1008 4821 de
1047 4779 1357 4838 perpetrata
1401 4773 1686 4836 iniquitate

125 4855 418 4914 cognoscat,
449 4858 612 4918 atque
641 4867 670 4905 a
709 4856 1080 4911 sacratissimo
1106 4875 1334 4928 corpore
1363 4863 1456 4918 Dei
1486 4879 1550 4919 ac
1587 4866 1686 4919 Do—

127 4933 243 4990 mini
284 4937 662 5010 Redemptoris
694 4945 862 4999 nostri
903 4945 1029 5000 Jcsu
1075 4948 1274 5004 Christi
1323 4951 1528 5007 alienus
1568 4955 1684 5020 fiat,

125 5031 175 5076 et
200 5025 248 5079 in
280 5040 526 5086 extremo
569 5035 818 5089 examine
846 5035 1104 5090 districta:
1146 5038 1336 5093 ultioni
1381 5041 1679 5110 subjaceat.

127 5113 330 5171 Cunctis
367 5129 544 5175 autem
570 5123 744 5176 cidem
785 5123 904 5180 loco
925 5125 1071 5194 justa
1103 5131 1447 5185 servantibus
1476 5133 1542 5186 sit
1579 5149 1680 5201 pax

130 5203 324 5264 Domini
357 5213 524 5266 nostri
560 5212 684 5268 Jesu
715 5215 938 5281 Christi,
962 5227 1228 5287 quatenus
1255 5233 1308 5275 et
1336 5223 1422 5277 hic
1447 5225 1681 5280 fructum

130 5295 268 5353 bona:
303 5304 535 5360 actionis
569 5308 866 5375 percipiant
898 5318 956 5364 et
1000 5311 1141 5380 apud
1182 5312 1487 5368 districtum
1536 5314 1681 5384 judi-

193 5493 296 5564 (53)
333 5497 530 5586 'Errant
578 5501 685 5583 qui
721 5503 1122 5586 Eugenium-IV.
1161 5504 1398 5586 omnium
1425 5505 1680 5586 “primum

132 5577 278 5643 ιιξςίξῐη
333 5566 719 5643 Incartmtiouis
771 5566 830 5626 ni
877 5574 1155 5643 rescriptis
1205 5576 1316 5630 suis
1371 5566 1683 5628 adhibuisse

135 5632 221 5684 sibi
250 5639 586 5704 persuadent,
617 5651 776 5695 atque
803 5645 938 5696 adeo
981 5632 1168 5698 omnes
1197 5645 1368 5699 bullas
1409 5655 1534 5698 ante
1579 5645 1680 5698 Eu—

134 5704 332 5781 genium
379 5707 442 5781 Ii]
487 5712 641 5763 annis
687 5713 1083 5767 lucarnatiunis
1132 5725 1342 5768 notatas
1391 5715 1678 5781 interpola~

135 5770 279 5827 tionis
334 5777 558 5835 roddunt
609 5791 906 5852 suspectas.
970 5785 1258 5840 Pontifices
1297 5783 1407 5850 jam
1460 5801 1488 5838 a
1534 5770 1674 5840 Leo--

1790 4670 2008 4724 cellulas
2039 4667 2100 4723 S.
2133 4665 2386 4735 Georgii,
2428 4680 2547 4733 qua:
2588 4663 2788 4719 dicitur
2836 4649 3167 4727 Richenbac,
3203 4672 3258 4716 et
3301 4660 3360 4716 S.

1773 4759 2036 4823 .Martini,
2065 4774 2184 4828 qua:
2209 4756 2410 4811 dicitur
2434 4755 2816 4824 Vischbahajo,
2848 4763 2900 4809 et
2929 4755 3185 4824 praedium
3218 4755 3360 4822 quod

1790 4854 1988 4908 dicitur
2018 4851 2267 4912 Gilstein,
2305 4849 2446 4918 quod
2477 4849 2661 4902 datum
2692 4859 2775 4900 est
2803 4861 2900 4914 pro
2929 4845 3061 4899 cella
3102 4845 3158 4898 S.
3184 4843 3357 4909 Petri;

1791 4944 2200 5005 constituentes,
2240 4955 2308 4996 ne
2341 4940 2425 4996 vel
2460 4951 2535 5005 tu,
2561 4940 2632 4993 fili
2677 4939 2995 4994 charissime
3015 4936 3358 5000 Gebebarde,

1792 5037 1874 5091 vel
1906 5035 2130 5105 quilibet
2169 5044 2381 5089 tuorttm
2423 5048 2816 5096 successorum,
2849 5029 3104 5098 prmfatas
3139 5028 3358 5082 cellulas

1791 5127 2092 5190 destruere,
2122 5125 2207 5178 vel
2234 5141 2318 5190 ea,
2347 5141 2468 5194 qua:
2507 5124 2609 5177 illis
2635 5137 2893 5176 concessa
2937 5130 3063 5175 sunt
3095 5133 3190 5174 seu
3225 5134 3360 5172 con-

1790 5217 2067 5281 cedentur,
2103 5226 2306 5271 temere
2341 5214 2678 5285 prmsumatis
2718 5213 3056 5268 imminuere.
3089 5213 3358 5269 Przeterea

1770 5307 2156 5374 'tle’cernimus,
2201 5317 2258 5363 ut
2284 5306 2414 5362 nulli
2448 5305 2668 5361 omnino
2701 5305 2976 5358 hominum
3020 5304 3180 5358 liceat
3216 5301 3358 5357 idem

1792 5510 1875 5563 nis
1904 5507 1972 5562 IX
2003 5516 2162 5562 aetate
2191 5521 2297 5559 aera
2331 5502 2722 5582 incarnationis
2749 5502 3081 5582 subindensi
3119 5500 3356 5582 fuerunt,

1789 5590 1870 5631 ast
1905 5580 2003 5631 sub
2043 5578 2279 5645 Eugenio
2309 5573 2371 5627 ιν
2419 5575 2642 5654 ejusque
2672 5574 3072 5654 successoribus
3109 5587 3239 5654 usus
3269 5569 3359 5623 ille

1787 5659 2040 5700 constans
2092 5641 2208 5700 esse
2258 5641 2460 5712 ru‘pit.’
2493 5645 2813 5723 (Mannum.
3002 5641 3063 5696 ré'
3104 5641 3356 5723 Diplontz,

1785 5719 1876 5770 lib.
1920 5735 1976 5772 ll.
2029 5734 2146 5784 rap.
2202 5718 2300 5780 23;
2349 5707 2510 5782 Paul,
2569 5714 2696 5770 i'ilw
2742 5715 3044 5784 pontiﬁcum
3110 5707 3237 5765 lunt.
3291 5707 3354 5772 ll,

1782 5805 1902 5858 pag.
1933 5788 2079 5854 556.)
