3888 6322
113 343 205 399 405

1255 329 1611 388 ΕΡΙδΤΟΙπΕ
1641 329 1724 384 ΕΤ
1750 329 2156 386 PRIVILEGIA.

3244 338 3361 394 406'

173 452 501 509 Desidet-inm
519 448 662 521 quod
693 448 758 502 ad
784 445 1094 517 religiosum
1118 448 1453 518 propositum
1475 453 1530 501 et
1553 445 1668 499 ani-
1698 443 1742 499 A
1769 439 1956 497 indict.
1992 458 2073 508 ιιι,
2099 458 2242 498 anno
2268 443 2561 498 Dominicae
2586 443 2852 499 lncarnat.
2889 446 3039 514 1094,
3066 449 3348 516 pontiﬁca—

110 561 307 601 marum
333 543 562 598 salutem
593 541 872 610 pertinere
922 547 1278 602 monstratur,
1319 545 1541 592 auclore
1563 536 1672 590 Deo

109 641 219 692 sine
258 637 438 703 aliqua
491 642 576 688 est
617 633 879 688 dilatione
925 632 1327 701 complendum.
1376 619 1512 697 Quia
1542 645 1674 702 ergo

108 730 328 802 egregia:
389 728 685 782 nobilitatis
711 727 796 780 vir
837 724 1292 781 Bertholdus'dux
1331 724 1382 778 in
1414 724 1672 778 comitatu

108 823 471 891 Brisaque'nsi,
520 822 573 874 in
609 819 1019 875 Constantiensi
1073 819 1406 888 episcopatu,
1449 817 1502 871 in
1530 817 1675 872 Silva

109 930 218 985 qua:
243 914 444 967 dicitur
466 912 636 982 Nigra
669 913 735 966 ad
767 911 1029 966 honorem
1081 909 1254 965 sancti
1285 909 1431 963 Petri
1458 920 1677 978 aposto-

110 1008 269 1060 lorum
298 1004 558 1073 principis
584 1003 971 1057 monasterium
997 1000 1309 1063 tediﬂcavit,
1342 1000 1516 1070 ipsum
1549 1015 1680 1068 quo-

107 1111 204 1164 que
247 1093 506 1147 allodium
564 1093 823 1147 Romana:
867 1091 1119 1147 Ecclesia:
1162 1092 1272 1162 jttri
1323 1092 1676 1160 tnaneipavit.

109 1186 208 1240 Nos
249 1183 364 1245 eius
416 1184 760 1239 devotionem
805 1191 992 1239 nostra
1044 1184 1371 1238 auctoritate
1399 1183 1679 1237 ﬁrmantes

109 1285 270 1332 locum
304 1293 479 1347 ipsum
519 1278 619 1332 sub
647 1277 956 1346 apostolicm
992 1278 1136 1332 sedis
1173 1276 1336 1331 tutela
1368 1276 1680 1346 specialiter

113 1368 391 1421 iuvettdnm
444 1369 804 1435 suscepimus.
864 1367 968 1422 Per
1010 1367 1296 1436 praesentis
1327 1367 1492 1435 igitur
1517 1367 1682 1436 privi-

111 1457 221 1527 legii
267 1457 522 1526 paginam
576 1457 874 1524 apostolica
926 1455 1252 1512 auctoritate
1286 1458 1598 1524 statuimus,
1625 1467 1682 1511 ιιι

113 1561 438 1616 qurecunque
479 1548 679 1616 prtedia
705 1534 820 1603 sive
856 1549 1228 1616 possessiones
1253 1548 1513 1618 praefatus
1548 1551 1679 1614 dux,

111 1643 185 1696 Vel
236 1641 324 1694 alii
381 1639 486 1694 viri
513 1656 580 1694 ex
605 1656 704 1694 suo
735 1639 860 1708 jure
901 1653 1084 1696 vestro
1115 1643 1444 1697 monasterio
1468 1642 1680 1697 obtule-

117 1736 232 1800 rint,
259 1733 371 1787 sive
401 1732 456 1786 in
510 1731 751 1785 futurum
787 1733 1141 1788 concessione
1177 1734 1515 1803 pontificum,
1549 1733 1680 1790 libe-

116 1828 312 1882 ralitate
337 1826 668 1895 principum,
687 1841 781 1880 seu
805 1826 1078 1883 oblatione
1103 1828 1496 1898 ﬁdeliumjuste
1519 1841 1682 1901 alque

118 1921 362 1975 canonice
389 1928 646 1987 poteritis
673 1919 925 1987 adipisci,
964 1921 1120 1973 lirn'ta
1161 1922 1337 1984 vobis,
1372 1924 1678 1992 vestrisque

118 2012 519 2066 successoribus
557 2017 613 2063 et
670 2009 875 2064 illibata
925 2021 1303 2080 permaneant.
1337 2013 1691 2070 Decernimus

118 2111 299 2172 ergout
324 2100 457 2154 nulli
483 2101 705 2154 omnino
732 2102 1006 2154 hominum
1035 2102 1352 2159 liceatidem
1381 2107 1688 2161 coenobium

122 2202 307 2247 temere
334 2192 686 2260 perturbare,
739 2192 824 2246 vel
854 2193 900 2248 ei
931 2193 1175 2248 subditas
1197 2196 1568 2263 possessiones
1596 2213 1690 2250 au-

123 2287 269 2351 ferre,
327 2292 602 2352 minuere,
655 2291 737 2346 vel
790 2292 1097 2348 temerariis
1145 2290 1528 2345 vexationibus
1566 2290 1690 2343 fati-

122 2395 274 2448 gare,
335 2385 432 2435 sed
489 2383 670 2436 omnia
728 2392 942 2452 integre
989 2389 1413 2442 conserventur,
1471 2380 1689 2443 vestris,

122 2485 523 2546 vestrarnntque
573 2491 948 2532 successorum
984 2474 1173 2528 usibus
1213 2473 1541 2529 omnimodis
1563 2488 1688 2542 pro-

124 2570 305 2621 futura.
366 2569 623 2624 Obeunte
669 2584 734 2623 eo
785 2568 960 2637 quiin
998 2567 1153 2621 vobis
1203 2565 1415 2620 abbatis
1447 2565 1694 2634 fungitur

123 2660 442 2725 ministerio,
501 2661 680 2715 nullus
729 2661 800 2713 ibi
875 2659 975 2714 sub
1037 2658 1278 2728 qualibet
1324 2659 1695 2728 subreptiouis

125 2755 304 2806 astutia
341 2754 424 2808 vel
475 2753 731 2806 violentia
784 2760 1153 2822 prteponatur,
1187 2752 1288 2806 nisi
1325 2766 1485 2819 quem
1523 2749 1692 2804 vestri

126 2845 316 2915 Collegii
348 2846 707 2910 universitas,
737 2844 821 2898 vel
859 2844 1094 2898 sanioris
1118 2843 1329 2898 consilii
1362 2858 1488 2912 pars
1503 2857 1698 2897 secun-

127 2937 236 2988 dtnn
269 2936 523 2989 timorem
554 2936 666 2998 Dei,
700 2934 836 2989 etB.
870 2934 1147 2989 Benedicti
1180 2933 1426 3003 regulam
1450 2932 1693 3002 elegerit.

127 3026 439 3089 Advocatus,
478 3043 639 3097 quem
672 3037 870 3081 vestris
917 3027 1134 3094 juribus
1163 3025 1542 3088 decreveritis,
1579 3023 1699 3077 nul—

131 3121 222 3174 lam
250 3123 298 3176 iu
323 3121 665 3176 monasterio
696 3129 879 3175 vestro
918 3119 1121 3190 aliquid
1153 3117 1475 3188 disponendi
1501 3117 1696 3172 habeat
1727 3159 1768 3216 Ο

130 3222 431 3278 petestatem
479 3231 492 3266 :
521 3212 651 3266 nulli
684 3213 847 3266 etiam
873 3210 1121 3266 saeculari
1147 3224 1392 3280 personae
1418 3209 1471 3265 in
1503 3209 1697 3264 eodem
1723 3257 1727 3259 .

133 3301 236 3355 loco
256 3302 412 3357 liceat
425 3303 703 3357 habitare.

195 3425 292 3482 Vos
313 3437 522 3493 autem,
556 3428 646 3482 ﬁlii
673 3429 723 3483 in
749 3429 964 3484 Christo
1011 3427 1342 3491 cbarissimi,
1367 3435 1588 3498 oportet
1623 3440 1702 3480 re-

135 3519 316 3587 gularis
337 3519 646 3599 disciplina:
673 3519 1105 3574 institutionibus
1120 3519 1698 3588 diligenterinsistere,

135 3612 181 3654 et
209 3604 360 3658 totius
407 3619 612 3659 ammte
661 3619 725 3660 ac
783 3605 981 3659 mentis
1007 3604 1304 3658 virtutibus
1335 3602 1618 3668 anhelare,
1643 3611 1704 3656 ut

138 3708 220 3761 per
259 3705 466 3750 arctam
513 3695 656 3749 viam
693 3696 1006 3766 gradientes
1060 3694 1417 3763 omnipotenti
1452 3693 1561 3748 Deo
1586 3693 1702 3762 pla-

139 3796 268 3846 cere,
289 3795 340 3839 et
358 3786 423 3840 ad
457 3799 746 3854 supernam
773 3784 1111 3838 latitudinem
1146 3783 1431 3853 pervenire
1456 3782 1700 3837 valeatis.

139 3871 213 3925 Ad
253 3873 510 3931 indicium
551 3863 734 3930 autem
765 3882 1033 3942 perceptte
1096 3872 1256 3942 hujus
1285 3888 1314 3926 a
1344 3872 1586 3926 Romana
1613 3870 1709 3924 Ec-

143 3959 286 4016 clesia
334 3964 614 4019 libertatis
671 3979 897 4019 aureum
948 3965 1258 4035 bysantium
1314 3979 1412 4034 per
1467 3962 1710 4034 singulos

143 4067 295 4109 annos
323 4054 680 4111 Lateranensi
705 4056 908 4125 palatio
937 4055 1282 4126 persolvetis.

205 4173 337 4232 Sane
387 4178 432 4233 si
496 4177 618 4247 quis
668 4179 722 4232 in
769 4177 1067 4233 crastinum
1121 4177 1566 4246 archiepiscopus
1616 4183 1711 4230 aut

145 4269 425 4338 episcopus,
456 4271 755 4340 imperator
766 4281 986 4336 autrex,
1004 4271 1259 4342 princeps
1274 4271 1508 4335 autdux,
1527 4284 1710 4326 comes

151 4369 232 4413 aut
281 4363 606 4429 vicecomes,
627 4362 793 4430 judex
824 4372 916 4417 aut
954 4379 1186 4433 persona
1227 4364 1484 4433 quaelibet
1514 4377 1708 4430 magna

149 4449 220 4502 vel
249 4466 424 4519 parva,
482 4452 759 4508 saecularis
797 4454 880 4507 vel
911 4454 1281 4508 ecclesiastica
1321 4454 1480 4524 hujus
1510 4461 1709 4506 nostrae

152 4544 537 4600 constitutionis
577 4545 830 4615 paginam
873 4545 1052 4600 sciens
1091 4555 1281 4600 contra
1339 4559 1459 4600 eam
1511 4551 1714 4598 temere

150 4635 318 4690 venire
367 4637 684 4703 tentaverit,
735 4637 974 4692 secundo
1035 4638 1263 4692 tertiove
1326 4637 1711 4700 commonitus,

153 4723 190 4775 si
241 4741 340 4780 non
397 4726 775 4782 satisfactione
822 4742 1060 4798 congrua
1103 4728 1508 4794 emendaverit,
1563 4737 1715 4798 pote-

154 4813 293 4866 statis
335 4815 664 4885 honorisque
715 4816 798 4870 sui
835 4817 1098 4886 dignitate
1132 4825 1340 4882 careat,
1366 4831 1629 4887 reumque
1657 4831 1716 4871 se

155 4901 319 4958 divino
341 4905 547 4974 judicio
571 4907 833 4972 existere,
863 4916 920 4959 ut
951 4923 982 4960 a
1011 4907 1383 4962 sacratissimo
1413 4922 1642 4976 corpore
1663 4915 1719 4962 et

157 4995 399 5063 sanguine
451 4995 544 5050 Dei
596 5011 662 5051 ac
713 4996 926 5051 Domini
980 4995 1361 5065 Redemptoris
1391 4997 1567 5050 nostri
1588 4993 1716 5050 Jesu

155 5079 338 5136 Christi
389 5083 597 5139 alienus
663 5084 777 5150 ﬁat,
815 5094 978 5154 atque
1009 5085 1062 5138 in
1084 5093 1332 5140 extremo
1362 5085 1616 5138 examine
1638 5084 1720 5138 di-

159 5170 342 5225 stricta:
387 5173 576 5227 ultioni
605 5172 901 5243 subjaceat.
930 5173 1153 5228 Cunctis
1185 5183 1366 5229 autem
1393 5173 1569 5228 eidem
1600 5173 1718 5230 loco

156 5255 291 5324 juxta
305 5264 645 5316 servantibus
670 5263 741 5316 sit
761 5277 866 5331 pax
893 5263 1104 5316 Domini
1132 5263 1306 5316 nostri
1339 5262 1465 5317 Jesu
1488 5263 1718 5329 Christi,

163 5360 414 5416 quatenus
458 5365 513 5408 et
553 5355 643 5410 hic
668 5354 907 5409 fructum
943 5356 1100 5410 boum
1125 5355 1356 5411 actionis
1385 5357 1718 5426 percipiant,

162 5449 209 5540 et
257 5446 390 5511 apud
446 5447 746 5502 districtum
780 5446 1020 5517 judicem
1049 5447 1272 5520 prtemia
1303 5457 1522 5504 :nternte
1569 5448 1720 5520 pacis

165 5535 444 5591 inveniant.
474 5541 671 5595 Amen.

228 5647 409 5704 Datum
432 5651 718 5709 Placentia:
744 5669 842 5724 per
864 5671 1081 5711 manum
1103 5655 1348 5720 Joannis,
1380 5664 1582 5711 sanctae
1611 5657 1718 5711 lio-

173 5749 326 5797 tnante
382 5745 633 5806 Ecclesize
693 5749 903 5805 diaconi
947 5751 1258 5818 cardinalis,
1288 5767 1336 5806 Vl
1369 5749 1492 5807 ldus
1520 5751 1718 5815 Martii,

1746 4519 1792 4572 D

1776 543 1860 589 tus
1887 544 2066 590 autem
2096 536 2278 590 domui
2315 535 2512 591 Urbani
2547 535 2587 589 ll
2620 552 2768 606 papa:
2799 552 2888 591 vn.

2433 646 2690 701 CXXXII.

1776 733 1980 789 Urbani
2024 733 2085 788 II
2119 735 2337 804 epistola
2363 737 2430 788 ad
2464 735 2767 790 Rotbertum
2808 737 3220 792 Flandrcnsium
3267 756 3350 794 σοι

1845 806 2044 869 mitem,
2067 816 2113 859 et
2138 807 2253 875 ejus
2293 808 2586 873 optimates.
2618 837 2687 846 —
2713 807 2970 862 Hortatur
3010 820 3062 862 ut
3109 809 3355 862 Lamber-

1848 885 1982 948 t_t_tm,
2030 877 2329 948 episcopum
2396 876 2824 948 Atrebatensem,
2880 879 2934 932 in
2987 879 3371 948 recuperandis.

1852 945 2102 999 Erclesire
2125 947 2536 1011 possessionibus
2563 947 2790 1016 adjuvet.

2379 1037 2556 1108 (Anno
2594 1037 2777 1108 1095.)

2189 1127 2406 1214 [Momm
2437 1127 2636 1183 Concil.
2672 1129 2787 1196 XX,
2821 1130 2971 1203 675.]

1855 1220 2108 1278 Uaeauus
2136 1208 2439 1290 episc0pns,
2469 1235 2660 1276 servus
2689 1236 2969 1278 servorum
3012 1223 3128 1289 Dei,
3165 1223 3385 1278 dilecto-

1783 1312 1891 1367 tilio
1920 1311 2235 1380 Rorasaro,
2293 1310 2708 1368 Flandrensium
2761 1314 2972 1376 comiti,
3008 1323 3064 1368 et
3093 1313 3365 1383 optimati-

1781 1409 1882 1463 bus
1910 1408 2045 1472 suis,
2076 1408 2301 1463 salutem
2334 1418 2386 1463 et
2419 1408 2772 1477 apostolicam
2806 1405 3257 1461 benedictionem.

1853 1497 1960 1552 Pro
1994 1497 2318 1552 charissimo
2346 1497 2513 1554 fratre
2561 1508 2748 1553 nostro
2801 1497 3109 1562 Lamberto,
3143 1493 3378 1548 Atreba-

1787 1589 1926 1643 tensi
1956 1589 2231 1659 episcopo,
2282 1589 2526 1658 repetitis
2555 1603 2648 1644 vos
2695 1587 2893 1642 litteris
2938 1586 3289 1641 exhortamur
3313 1593 3371 1636 et

1784 1695 2023 1746 oramus,
2059 1690 2118 1735 ut
2145 1681 2193 1735 ei
2243 1680 2310 1734 ad
2343 1680 2698 1749 reparandatn
2743 1678 2982 1733 renovati
3025 1677 3370 1746 episcopatus

1715 1802 1758 1860 Β
1787 1772 2101 1842 dignitatem
2127 1770 2338 1826 consilii
2363 1779 2416 1825 et
2440 1770 2624 1825 auxilii
2655 1770 2817 1824 vestri
2845 1784 3034 1823 manus
3059 1765 3366 1836 porrigatis,

1792 1873 1846 1918 et
1877 1861 2247 1932 possessiones
2296 1860 2538 1931 ejusdem
2585 1861 2927 1930 episcopatus
2955 1874 2986 1912 a
3014 1858 3374 1913 Camer-acetis

1792 1955 1941 2009 sibus
1994 1953 2282 2023 episcopis,
2327 1953 2525 2022 quibus
2564 1951 2795 2007 ecclesia
2841 1951 3028 2004 eadem
3077 1946 3372 2003 commissa

1791 2043 1986 2110 fuerat,
2020 2043 2161 2098 male
2205 2044 2516 2108 distractus,
2550 2043 2617 2097 de
2646 2041 2897 2096 manibus
2946 2038 3242 2093 tenentium
3266 2035 3374 2089 eri-

1793 2150 1940 2206 pere,
1965 2145 2021 2190 et
2046 2135 2517 2190 eidemecclesiae
2562 2135 2854 2188 restituere
2913 2147 3014 2200 pro
3068 2137 3370 2183 vestrormn

1792 2235 2138 2294 peccatorum
2193 2225 2511 2280 remissione
2561 2225 2814 2279 omnibus
2871 2223 3044 2277 modis
3099 2218 3372 2274 laborrtis.

1795 2315 2053 2372 Volumus
2100 2326 2382 2386 prteterea,
2415 2326 2470 2370 et
2503 2315 2800 2385 apostolica
2852 2312 3173 2367 auctoritate
3215 2310 3375 2376 jube-

1794 2421 1932 2472 mus,
1965 2415 2022 2460 ut
2053 2406 2198 2460 nullo
2228 2406 2482 2473 deinceps
2514 2413 2754 2473 tempore
2775 2401 3056 2472 prarl'atam
3080 2398 3376 2453 Ecclesium

1793 2499 1952 2553 alicui
2008 2498 2260 2554 Ecclesia:
2293 2495 2482 2565 subjici
2538 2497 2619 2550 vel
2661 2494 2899 2549 infestari
2955 2491 3250 2563 patiamini,
3284 2488 3378 2543 sed

1795 2591 1966 2660 ipsam
2000 2589 2256 2658 tanquam
2290 2598 2521 2643 matrem
2558 2596 2792 2641 vestram
2821 2595 2876 2640 et
2902 2584 3198 2646 dominam,
3229 2580 3380 2634 salvo

1798 2682 2082 2736 llemensis
2115 2681 2369 2736 Ecclesia:
2410 2680 2536 2750 jure
2569 2680 2860 2741 honorare,
2893 2676 2957 2731 alt
2993 2672 3200 2742 injuriis
3243 2672 3410 2748 tueri.

1795 2781 1850 2826 et
1876 2771 2168 2824 defendere
2193 2781 2499 2838 procurate.

1869 2862 2001 2916 Data
2030 2861 2317 2917 Placentiae
2353 2878 2382 2915 v
2413 2861 2536 2915 ldus
2565 2859 2764 2913 Martii.

2445 2951 2727 3008 CXXXI".

1805 3045 2006 3101 Urbani
2038 3045 2102 3099 II
2129 3045 2467 3116 epistolaiad
2498 3041 3174 3116 Gnalclterumepiscopatu
3201 3035 3386 3116 Cante-

1874 3106 2169 3170 raceusem:
2211 3147 2282 3157 —-
2333 3115 2597 3170 Hortatur
2641 3131 2702 3168 ne
2751 3111 3002 3166 Ecclesia:
3031 3106 3418 3163 Atrebateusis-

1864 3187 1993 3256 jura
2027 3185 2203 3241 (radat.

2396 3275 2572 3346 (Anno
2601 3272 2784 3342 1095.)

2191 3367 2407 3438 [Mausr,
2438 3364 2638 3421 Concil.
2673 3363 2790 3430 XX,
2823 3359 2969 3432 675.]

1877 3462 2127 3518 Unastvos
2149 3461 2458 3529 episc0pns,
2487 3471 2677 3511 servus
2713 3468 2993 3509 servorum
3043 3449 3161 3513 Dei,
3191 3448 3390 3504 dilecto

1807 3553 1914 3608 lilio
1959 3553 2306 3618 Gusccnsuo,
2365 3546 2743 3604 Cameraceusi
2799 3545 2994 3600 electo.
3051 3542 3279 3598 salutem
3336 3549 3393 3596 et

1807 3645 2157 3717 apostolicam
2189 3641 2646 3715 benedictionem.

1880 3736 2189 3790 Meminisse
2220 3744 2271 3788 te
2297 3742 2550 3789 convenit
2573 3732 2714 3802 quod
2741 3730 3098 3801 jurejurando
3128 3729 3394 3799 promise-

1810 3829 1885 3883 ris
1909 3827 2213 3898 apostolica:
2239 3825 2384 3880 sedis
2405 3825 2621 3879 decreta
2643 3833 2692 3877 te
2713 3821 2940 3877 ﬁdeliter
2958 3823 3392 3875 observaturun‘t.

1813 3918 1966 3986 Quod
1994 3917 2158 3985 igitur
2180 3917 2246 3970 de
2274 3913 2621 3968 Atrebatcnsi
2654 3911 2895 3968 Ecclesia
2921 3911 3081 3965 sedes
3100 3908 3395 3979 apostolica

1811 4009 2020 4074 statuit,
2053 4024 2186 4064 cave
2215 4025 2280 4062 ne
2322 4015 2499 4061 tentes
2543 4004 2782 4074 qualibet
2824 4002 3110 4057 occasione
3153 4003 3395 4055 turbare.

1811 4101 1924 4156 lmo
1953 4100 2200 4155 volumus
2223 4109 2388 4167 atque
2416 4095 2764 4166 praecipimus
2793 4103 2851 4147 ut
2879 4110 2942 4148 ea
2970 4092 3148 4147 omnia
3175 4108 3293 4160 qua:
3324 4094 3394 4144 ad

1804 4191 1895 4262 jus
1944 4191 2087 4244 illius
2138 4188 2392 4244 Ecclesia:
2438 4189 2732 4242 secundum
2781 4184 3117 4254 privilegium
3152 4192 3394 4235 nostrum

1813 4283 2087 4354 pertinere
2115 4281 2422 4352 cognoscis,
2444 4281 2623 4350 quiete
2645 4277 2712 4331 ab
2736 4293 2797 4331 ea
2826 4275 3090 4347 possideri
3127 4283 3180 4328 et
3210 4275 3398 4327 incon.-

1814 4374 1967 4429 vulsa
1994 4389 2210 4429 manere
2236 4375 2536 4440 permittas.

1799 4557 1802 4560 ν
2466 4480 2759 4536 cxxxw.

1825 4576 2030 4633 Urbani
2055 4576 2117 4632 11
2154 4575 2372 4646 epistola
2423 4575 2490 4628 ad
2518 4574 2822 4656 .Guidonem
2861 4571 3201 4626 Viennensem
3225 4567 3402 4621 archi-

2447 4661 2764 4715 episcopum.

2397 4733 2580 4803 (Anno
2633 4731 2823 4802 1095.)

2087 4827 2172 4899 [1).
2206 4825 2477 4892 RUINABT,
2516 4825 2635 4878 Vita
2666 4821 2889 4888 Urbani,
2921 4834 2973 4888 p.
3003 4817 3154 4889 565.]

1893 4922 2146 4978 Unsauus
2167 4919 2473 4988 episcopus,
2495 4933 2685 4972 servus
2708 4928 2991 4969 servorum
3017 4909 3400 4974 Dei,Gotnom,

1821 5013 2208 5070 Viennensium
2248 5011 2673 5080 archiepiscopo,
2713 5005 2940 5061 salutem
2969 5012 3025 5058 et
3053 5001 3400 5074 apostolicam

1819 5103 2272 5161 benedictionem.

1893 5194 2211 5250 Necessitali
2261 5202 2316 5248 et
2371 5188 2593 5245 utilitati
2638 5184 2891 5241 Ecclesia:
2940 5184 3316 5256 providentes,
3347 5183 3402 5238 in

1821 5287 2159 5359 promotione
2208 5297 2297 5340 tua
2346 5283 2488 5353 quod
2536 5279 2681 5336 tetati
2744 5278 2956 5342 deerat,
3017 5276 3411 5340 toleravitnus;

1823 5392 2009 5436 contra
2038 5377 2291 5434 Eccles'm
2328 5385 2527 5432 nostra:
2563 5387 2792 5437 morem,
2829 5371 3036 5426 absenti
3064 5370 3158 5424 tibi
3181 5367 3402 5440 pall'i-tun

1823 5471 2239 5535 contribuitnus,
2278 5467 2617 5538 privilegium
2665 5480 2882 5534 quoque
2927 5462 3314 5526 concessimus,
3347 5461 3402 5514 in

1822 5577 1931 5632 quo
1969 5569 2146 5616 tamen
2201 5558 2410 5630 legatus
2453 5566 2575 5610 tuus
2613 5554 2664 5609 id
2706 5569 2804 5623 per
2843 5553 3241 5620 subreptionem
3272 5548 3404 5603 fecit

1824 5653 2021 5708 ascribi
2061 5651 2202 5722 quod
2250 5665 2422 5719 usque
2450 5648 2514 5702 ad
2547 5657 2634 5701 tua
2675 5655 2917 5717 tempora
2947 5640 3401 5710 Gratianopolita—

1826 5762 1928 5804 nus
1957 5746 2241 5815 episcopus
2273 5743 2604 5814 possederat,
2639 5755 2797 5811 quem
2822 5739 2874 5795 in
2898 5737 3138 5792 Romana
3163 5732 3408 5788 Ecclesia
