3888 6322
540 371 650 427 ωτ

1774 368 1830 422 Β.
1874 365 2124 424 URBANI
2160 365 2201 420 ll
2239 366 2441 423 PAPIE
3646 383 3719 433 ltiti

542 484 832 552 plurimum
878 496 1067 536 carum
1116 481 1394 534 habemus.
1438 480 1551 546 Qua
1584 479 1649 534 de
1686 494 1744 533 re
1795 495 1916 534 cum
1972 493 2114 549 stupe
2141 482 2188 540 Α
2216 494 2336 548 (illae
2382 494 2480 549 Per
2511 479 2899 551 callloncorlm
2949 468 3251 551 P'l"Cil"l“‘
3287 493 3588 541 ίεδίπηιειδιδ
3630 492 3721 545 Bt"-

545 572 683 641 apud
717 586 817 625 nos
839 580 892 625 et
916 571 1053 639 apud
1087 571 1317 641 legatum
1353 579 1597 624 nostrum
1633 570 1956 624 venerabilis
1978 585 2111 625 con-

544 664 711 719 frater
740 673 922 719 noster
950 664 1293 733 supradictus
1320 662 1606 732 episcopus
1644 670 1972 729 conquestus
2000 661 2114 716 fue-

545 758 635 820 rit,
680 766 768 821 tu,
827 765 1097 809 tantorum
1145 754 1529 808 beneficiorum
1589 752 1889 817 immemor,
1941 763 2115 823 neque

539 846 770 908 nostris,
816 861 988 914 neque
1042 846 1202 914 legati
1253 845 1418 899 nostri
1465 842 1658 898 litteris
1713 844 1794 898 vel
1847 856 2114 914 preceepto

537 935 790 990 obedisti.
836 935 1013 1004 Nuper
1044 943 1220 987 autem
1252 936 1319 987 ad
1354 934 1639 987 concilium
1670 933 1811 1001 quod
1844 943 2114 989 annuente

539 1028 649 1081 Deo
664 1027 938 1082 Placentia
964 1026 1369 1083 celebravimus.
1398 1026 1536 1080 idem
1563 1026 1845 1096 episcopus
1868 1026 2112 1089 veniens,

536 1117 603 1170 de
631 1118 819 1171 eadem
872 1130 950 1179 rc,
1001 1115 1067 1168 de
1117 1113 1529 1169 Salmoriaeensi
1581 1130 1716 1184 pago
1762 1113 2023 1180 videlicet,
2059 1114 2110 1167 in

536 1205 809 1258 ‹·οιιιιιιιιιιί
862 1204 1135 1257 audientia
1195 1215 1522 1272 conquestus
1584 1217 1697 1270 est,
1760 1205 2110 1274 plurimorum

535 1296 697 1348 etiam
730 1294 1121 1347 assertionibus
1150 1295 1320 1362 patuit
1354 1310 1545 1364 pagum
1573 1295 1717 1348 illiilli
1756 1296 1854 1348 sub
1884 1294 2113 1347 nonnul-

538 1386 603 1436 lis
640 1384 912 1453 episcopis
960 1383 1517 1454 Gratiatmpolitauam
1575 1386 1870 1440 Ecclesium
1926 1399 2109 1451 posse-

511 1474 703 1527 -disse.
735 1473 885 1527 Illam
924 1475 1085 1543 igitur
1117 1477 1539 1546 subreptionem,
1582 1492 1678 1545 per
1706 1492 1866 1544 quam
1900 1492 1985 1530 res
2013 1477 2112 1531 sub

535 1565 872 1630 queriumuia
905 1567 1109 1635 positas
1150 1568 1302 1636 quasi
1358 1583 1454 1637 per
1482 1568 1815 1637 privilegium
1847 1567 2111 1632 vindicas,

534 1669 635 1708 nos
657 1655 867 1709 irritam
894 1671 1032 1721 esse,
1049 1667 1101 1711 ct
1125 1658 1267 1712 vires
1291 1658 1461 1711 nullas
1482 1657 1727 1712 obtinere
1748 1658 2108 1712 decernimus.

533 1743 688 1799 Unde
728 1747 968 1815 synodali
995 1746 1205 1814 judicio
1229 1764 1353 1803 eum
1381 1750 1447 1803 de
1487 1764 1623 1820 pago
1670 1749 1781 1813 illo,
1832 1749 1976 1803 salva
2007 1760 2109 1804 tua:

2218 570 2367 641 gensi
2390 570 2631 626 ecclesiae
2653 572 2843 627 collata
2868 585 3185 638 noscuntur,
3209 591 3422 646 semper
3446 579 3494 632 in
3521 590 3616 645 tua,
3634 590 3725 637 cha-

2214 660 2429 715 rissime
2463 660 2651 726 frater,
2693 671 2749 715 et
2780 672 2992 717 tuorum
3023 680 3405 721 successorum
3437 669 3729 738 dispositione

2215 764 2279 804 ac
2318 751 2661 819 possessione
2688 765 3062 822 permaneant.
3100 756 3374 825 Quidquid
3413 761 3568 814 etiam
3604 764 3645 816 iu
3672 768 3729 817 tu.

2217 850 2393 895 turum
2424 843 2611 897 eadem
2641 843 2933 913 Burgeusis
2971 846 3197 901 ecclesia
3231 848 3383 915 juste
3416 859 3470 902 et
3503 856 3727 917 canonice.

2215 932 2329 986 sive
2360 932 2677 989 liberalitate
2719 936 3044 1004 principum,
3092 953 3184 992 seu
3230 940 3503 994 oblatione
3550 944 3730 1000 fideliqu

2214 1024 2411 1092 poterit
2436 1025 2683 1094 adipiseit
2706 1036 2967 1095 perpetuo
2987 1029 3035 1082 ei
3059 1028 3183 1096 jure
3210 1031 3529 1099 possidenda
3554 1048 3733 1096 passes.

2212 1098 2286 1167 dtis
2315 1115 2519 1169 decreti
2550 1118 2872 1172 auctoritate
2911 1098 3279 1187 praicipimus.
3310 1120 3457 1173 Sane
3500 1123 3542 1175 si
3567 1126 3666 1193 quis
3695 1126 3729 1177 iu

2215 1205 2509 1257 crastinum
2544 1207 2985 1276 archiepiscopus
3017 1218 3108 1263 aut
3156 1210 3465 1278 episcopus,
3499 1212 3733 1281 imperatur

2215 1303 2309 1345 aut
2338 1310 2453 1359 rex,
2509 1296 2759 1366 princeps
2802 1310 2895 1352 aut
2941 1301 3072 1365 dux,
3104 1316 3286 1355 comes
3324 1311 3417 1356 aut
3471 1304 3734 1366 vicecotncs.

2207 1382 2373 1450 jndex
2403 1395 2495 1439 aut
2532 1402 2761 1455 persona
2780 1389 3050 1458 ’qutelibct
3076 1392 3380 1457 saecularis,
3408 1402 3501 1446 aut
3536 1396 3735 1449 ecclesia-

2214 1476 2370 1541 stica,
2420 1477 2578 1547 hujus
2620 1480 2788 1533 nostri
2838 1480 3039 1537 decreti
3082 1483 3340 1553 paginam
3374 1486 3566 1550 sciens,
3592 1498 3733 1541 contra

2213 1580 2330 1619 eam
2402 1577 2603 1623 temere
2659 1571 2843 1624 venire
2890 1573 3212 1637 tentaverit,
3266 1576 3510 1628 secundo
3561 1578 3737 1630 lcrtime

2213 1659 2593 1723 commonitus,
2635 1660 2676 1714 si
2717 1675 2821 1714 non
2852 1662 3228 1719 satisfactione
3258 1680 3503 1733 congrua
3535 1668 3735 1719 emenda-

2214 1747 2372 1813 verit,
2426 1749 2717 1816 potestatis
2749 1749 3079 1820 honorisque
3128 1753 3209 1805 sui
3267 1753 3534 1822 dignitate
3577 1766 3736 1813 careat,

536 1836 781 1890 Ecclesia
815 1837 1042 1905 justitia,
1075 1842 1529 1905 reinvestivimus,
1562 1850 1617 1897 et
1645 1842 1739 1895 tibi
1767 1845 2108 1910 prmsentium

2224 1853 2479 1906 reumque
2527 1854 2586 1892 se
2636 1840 2820 1895 divino
2852 1841 3058 1909 judicio
3096 1842 3337 1896 existere
3380 1843 3449 1896 de
3490 1852 3737 1911 perpetrata

532 1928 835 1983 litterarum
868 1931 1191 1985 auctoritate
1221 1933 1559 2003 prmcipitnu“
1595 1943 1654 1987 ut
1690 1936 1935 1989 eamdem
1965 1936 2113 1989 inve-

532 2022 782 2075 stituram
810 2024 1105 2092 adiiupleas
1131 2035 1184 2079 et
1213 2038 1334 2079 eun'.
1381 2036 1564 2095 quiete
1590 2028 1871 2096 possidere
1894 2030 2113 2097 permit-

534 2123 639 2175 t-as,
671 2115 842 2170 donec
878 2126 968 2169 aut
1006 2126 1132 2170 ante
1162 2134 1285 2182 nos,
1315 2129 1408 2171 aut
1450 2127 1575 2173 ante
1604 2118 1838 2186 legatum
1868 2130 2111 2177 nostrum

530 2204 1020 2272 canonicojudicio
1056 2207 1367 2270 decidatur;
1417 2211 1558 2277 quod
1604 2210 1647 2262 si
1699 2215 2106 2282 contempseris,

532 2294 774 2361 profecto
800 2298 1014 2353 noveris
1061 2299 1202 2353 beati
1241 2298 1384 2352 Petri
1431 2314 1496 2352 ac
1526 2308 1768 2354 nostram
1803 2311 1855 2357 te
1884 2303 2111 2372 gratiam

532 2397 879 2438 ενιιιιεειιτιιιη.

606 2475 738 2530 Data
772 2475 1059 2533 Placentiae
1102 2489 1297 2549 quarto
1336 2480 1457 2533 lzlus
1486 2476 1682 2534 Martii.

1191 2586 1453 2643 CXXXV.

533 2684 785 2767 Urbanus
806 2705 940 2767 papa
976 2690 1034 2742 Il
1065 2694 1459 2767 translationem
1500 2699 1753 2753 Aucensis
1781 2701 2107 2767 episcopatus

599 2757 1070 2835 parochiurunnpte
1095 2763 1407 2818 divisionem
1452 2769 1507 2822 in
1556 2757 1849 2825 Fuselleusi
1886 2757 2106 2825 cuiacilio

603 2831 819 2891 factum,
849 2832 1145 2895 conlinunt.

1121 2924 1303 2993 (Anno
1336 2928 1357 2981 l
1368 2929 1517 2999 095.)

714 3009 973 3079 [Ficta-:2,
1006 3009 1224 3081 Εδραὴιι
1254 3020 1509 3086 sagrada,
1548 3021 1734 3088 XXVI,
1778 3024 1926 3095 463.]

604 3101 856 3157 l'unas'us
881 3105 1195 3174 episcopus,
1218 3123 1405 3164 servus
1440 3128 1718 3167 servorum
1765 3116 1878 3181 Dei,
1911 3116 2104 3170 dilecto

533 3193 688 3246 fratri
713 3194 1024 3259 Goncsuo,
1051 3197 1308 3267 llurgensi
1329 3204 1605 3273 episcopo,
1636 3206 1859 3275 ejusque
1886 3223 2103 3263 succes-
2136 3176 2177 3233 (ί

531 3284 746 3338 sorihus
772 3286 1031 3340 canonice
1057 3288 1443 3347 snbstituendis
1474 3295 1524 3348 in
1555 3305 1891 3365 perpetuum.

600 3375 873 3430 Claruisse
910 3376 1169 3445 plurimas
1198 3384 1466 3449 quondam
1500 3385 1551 3439 in
1585 3386 1837 3454 llispania
1862 3387 2109 3441 civitates

529 3467 853 3522 Christiana:
889 3469 1164 3541 religionis
1192 3472 1359 3542 gloria
1398 3484 1453 3529 et
1491 3477 1811 3547 episcopalis
1838 3479 2107 3532 cathedra:

532 3560 816 3627 dignitate,
843 3569 901 3615 et
926 3573 1239 3618 sanctorum
1273 3577 1569 3637 martyrum
1599 3585 1690 3622 seu
1713 3570 2106 3635 confessornzu,

534 3650 865 3704 monimenta
913 3652 1209 3718 declarant,
1245 3666 1298 3708 et
1333 3656 1713 3713 Toletanorum
1755 3661 2107 3715 conciliorum

538 3739 840 3806 frequentia
872 3756 1158 3796 numerosa
1182 3744 1468 3812 signilteat.
1497 3748 1569 3799 Ex
1607 3749 1800 3815 quibus
1824 3750 2108 3803 nonnullas

534 3842 756 3880 eversas
781 3843 902 3881 esse
924 3833 1323 3898 cognoscimus.
1353 3834 1696 3890 Miseratione
1726 3847 1904 3892 tamen
1930 3841 2106 3893 muni-

539 3917 774 3985 poteutis
798 3918 1007 3972 Domini
1032 3920 1211 3973 multa:
1237 3925 1574 3989 postmodum
1605 3927 1659 3979 in
1681 3928 2105 3983 Christianorum

530 4010 620 4077 jus
648 4017 934 4072 revocatio,
967 4010 1207 4079 pristinae
1233 4013 1511 4081 dignitatis
1545 4017 1738 4071 infulas
1768 4032 2107 4089 receperunt.

534 4098 776 4152 Aliarum
808 4116 928 4169 qum
964 4101 1238 4156 soloteuus
1273 4118 1473 4159 eversae
1510 4108 1753 4173 fuerant,
1786 4109 2017 4179 dignitas
2054 4113 2105 4166 in

535 4192 697 4244 urbes
722 4192 997 4259 proximas
1026 4205 1105 4247 cst
1134 4196 1404 4249 translata.
1439 4198 1509 4251 Ita
1537 4200 1788 4255 nimirum
1813 4219 1933 4255 cum
1961 4205 2105 4258 Auea

535 4283 727 4337 civitas
756 4284 1079 4353 episcopalis
1126 4289 1395 4354 quondam
1428 4290 1733 4358 defecisset,
1770 4310 1835 4348 ne
1877 4298 1942 4350 ad
1986 4312 2105 4351 eam

534 4381 813 4448 pertinens
848 4380 1103 4436 dimcesis
1133 4384 1382 4439 universa
1415 4390 1646 4456 pastoris
1675 4392 1875 4458 proprii
1916 4393 2109 4447 solatio

2217 1930 2499 1998 iniquitate
2542 1944 2849 1998 cognoscat,
2883 1944 2937 1987 et
2986 1950 3014 1987 a
3062 1934 3440 1988 sacratissimo
3480 1950 3734 2002 corporeae

2215 2020 2474 2089 Sanguine
2525 2021 2615 2073 Dei
2664 2031 2717 2073 et
2758 2022 2967 2076 Domini
3021 2024 3407 2092 Redemptoris
3465 2026 3618 2077 nostri
3648 2023 3736 2077 leui

2213 2107 2411 2162 Christi
2443 2108 2651 2163 alienus
2682 2108 2791 2172 fiat,
2844 2121 3006 2179 atque
3053 2113 3108 2166 in
3148 2122 3403 2167 extremo
3429 2115 3655 2167 examine
3676 2116 3733 2166 di-

2213 2196 2412 2250 stricta:
2442 2197 2629 2250 ultioni
2662 2197 2960 2265 subjaeeat.
2993 2199 3217 2256 Cunctis
3258 2213 3447 2255 autem
3476 2201 3632 2255 eidem
3656 2201 3738 2254 loro

2203 2285 2351 2351 jnsta
2380 2289 2720 2342 servantibus
2746 2290 2818 2342 sit
2840 2306 2940 2359 pax
2969 2291 3179 2345 Domini
3204 2293 3381 2347 nostri
3418 2291 3542 2346 Iesu
3563 2292 3735 2353 Christi,

2212 2385 2480 2443 quatenus
2509 2388 2564 2430 et
2609 2378 2695 2432 hic
2730 2379 2964 2433 fructum
3007 2382 3160 2436 bona:
3198 2383 3438 2436 actionis
3475 2384 3736 2453 percipiant,

2212 2478 2267 2523 ct
2315 2472 2454 2538 apud
2505 2471 2812 2527 districtum
2842 2471 3082 2544 judicent
3134 2475 3343 2545 premia
3387 2484 3593 2530 :eterna:
3627 2476 3736 2544 pacis

2209 2562 2511 2620 inveniant.

2284 2657 2475 2711 Datum
2512 2655 2799 2710 Placentia:
2836 2672 2932 2726 per
2975 2671 3190 2709 manum
3220 2654 3472 2722 Joannis,
3509 2654 3562 2709 S.
3607 2653 3660 2707 R.
3693 2652 3734 2705 Ε.

2211 2745 2424 2799 diaconi
2457 2744 2771 2809 cardinalis,
2804 2744 2979 2813 pridie
3009 2744 3131 2798 ldus
3156 2744 3363 2808 Martii,
3393 2745 3660 2798 indictione
3677 2757 3737 2801 ιιι,

2210 2852 2354 2890 anno
2381 2835 2671 2889 Douiinica:
2701 2835 3090 2889 lncarnatiouis
3118 2834 3277 2899 1095,
3311 2836 3642 2905 pontiﬁcatus
3662 2848 3731 2887 au-

2211 2935 2317 2981 tem
2349 2924 2551 2981 domini
2582 2923 2786 2979 Urbani
2813 2925 3033 2979 secundi
3065 2938 3216 2994 papa
3245 2940 3393 2980 anno
3411 2933 3609 2979 octavo.

2862 3034 3146 3090 CXXXVI.

2214 3127 2373 3183 Bulla
2407 3125 2610 3180 Urbani
2647 3126 2705 3178 11
2738 3143 2830 3193 pro
2861 3126 3254 3194 conﬁrmatione
3292 3127 3414 3179 rita’
3443 3121 3674 3178 canonice
3696 3120 3735 3171 in

2525 3196 2760 3250 Ecclesia
2794 3195 3157 3265 Maguloncusi
3184 3197 3462 3249 instituta'.

2801 3288 2979 3356 (Anno
3021 3287 3202 3354 1095.)

2473 3378 2638 3450 [σαιι.
2681 3377 2876 3432 Christ.
2917 3395 3058 3441 nom,
3100 3388 3137 3431 ι.
3171 3377 3258 3443 Vl,
3293 3394 3350 3447 p.
3394 3375 3541 3447 552.]

2286 3468 2535 3523 Uunasus
2564 3469 2870 3536 episcopus,
2900 3482 3091 3520 servus
3116 3482 3402 3521 servorum
3432 3466 3542 3527 Dei,
3574 3461 3733 3517 dilectis

2214 3561 2267 3613 in
2295 3560 2511 3614 Christo
2535 3558 2659 3612 [iliis
2685 3558 2925 3613 OllGERIO
2956 3558 3364 3619 archidiacouo,
3397 3558 3653 3610 RAIIUNDO
3669 3567 3730 3604 sa-

2210 3651 2439 3712 cerdoti,
2465 3658 2519 3702 ct
2563 3649 2818 3703 Duonno
2861 3650 3216 3712 subdiacono,
3247 3650 3565 3717 ueterisque
3588 3646 3631 3699 in
3654 3643 3731 3695 lla-

2210 3738 2491 3808 gatonensi
2532 3738 2762 3792 ceclesia
2795 3739 3115 3792 canonicam
3158 3738 3324 3792 vitam
3379 3736 3633 3807 professis,
3664 3747 3728 3783 co-

2211 3846 2440 3899 rumqne
2486 3832 2892 3887 successoribus
2945 3831 2997 3885 in
3033 3818 3221 3886 eadem
3263 3832 3524 3903 religione
3559 3824 3727 3881 victuris

2212 3928 2265 3981 in
2298 3933 2639 3995 perpetuum.

2284 4016 2390 4068 [‘he
2432 4014 2724 4067 voluntatis
2760 4012 2984 4067 aﬂcctus
3026 4023 3390 4083 prosequente
3425 4014 3574 4067 debet
3596 4007 3729 4061 studio

2212 4104 2512 4169 confoveri,
2547 4113 2605 4157 ut
2652 4104 3021 4157 ecclesiastica
3062 4105 3270 4158 utilitas
3299 4103 3597 4174 apostolica:
3621 4098 3728 4152 sedis

2214 4198 2396 4251 l'avore
2422 4195 2564 4251 vires
2600 4196 2849 4264 accipiat,
2880 4205 2934 4250 et
2964 4207 3258 4250 accrescat.
3288 4193 3634 4266 Omnipotcuti
3657 4191 3725 4243 Do-

2214 4292 2390 4354 mino,
2439 4289 2592 4355 cujus
2638 4292 2828 4346 melior
2870 4300 2955 4344 est
2999 4292 3373 4346 misericordia
3422 4307 3575 4362 super
3607 4288 3725 4341 vitas.

2210 4383 2415 4453 gratias
2441 4381 2670 4450 agimus,
2701 4385 2825 4452 quia
2871 4400 2966 4438 vos
3011 4385 3164 4446 estis,
3197 4384 3287 4454 qui
3333 4393 3624 4439 sanctorum
3659 4377 3725 4429 Pa-

531 4480 765 4537 careret,
800 4487 898 4541 per
919 4473 1254 4530 Christianos
1286 4478 1532 4547 princeps
1558 4479 1745 4549 Burgis
1772 4481 1964 4537 civitas
1995 4485 2105 4537 Au—
2139 4519 2184 4571 Β
2213 4485 2354 4528 trum
2401 4475 2567 4528 vitam
2608 4474 2937 4543 probabilem
2990 4490 3254 4529 renovare
3301 4471 3653 4571 proposuislis.
3682 4474 3724 4562 ὀι

532 4582 611 4616 me
641 4574 726 4617 est
753 4566 949 4617 vicaria
984 4566 1224 4620 instituta
1263 4587 1274 4621 :
1318 4570 1408 4622 ubi
1454 4571 1701 4626 videlicet
1750 4574 2108 4630 eharissimus

536 4665 721 4712 noster
762 4658 903 4711 filius
941 4658 1237 4715 lldefonsus
1287 4678 1379 4716 rex
1429 4664 1786 4734 episcopalem
1818 4667 2104 4721 ecclesiam

535 4749 654 4803 suis
686 4750 989 4818 sumpt-ibus
1015 4750 1319 4805 aediﬁcavit.
1346 4752 1514 4818 Quam
1551 4754 1937 4810 institutionem
1969 4758 2104 4810 utin

535 4850 851 4909 perpetuum
890 4850 1138 4909 patrante
1176 4842 1401 4896 Domino
1427 4844 1633 4899 stabilis
1655 4857 1978 4913 perseveret,
2011 4862 2106 4900 nos

536 4933 825 5001 praesentis
853 4935 1059 4989 decreti
1090 4935 1285 5007 pagina
1313 4938 1635 4992 auctoritate
1664 4939 1953 5008 apostolica
1980 4955 2108 4995 con—

537 5026 835 5079 firmamus.

612 5116 994 5172 Parorhiarum
1028 5120 1189 5174 etiam
1215 5120 1527 5186 divisiones,
1568 5123 1849 5193 qureinter
1870 5123 2109 5195 Burgeu-

538 5221 654 5258 sem
685 5216 738 5258 et
779 5207 1135 5263 Oxomensem
1171 5210 1452 5265 ecclesiam
1485 5228 1665 5265 coram
1702 5213 1845 5267 sedis
1888 5226 2104 5284 aposto-

537 5297 653 5348 licze
694 5296 871 5363 legato
902 5297 1170 5363 lliehardo
1205 5302 1465 5355 eardiuali
1505 5305 1832 5373 presbytero,
1866 5314 1919 5356 et
1960 5306 2106 5359 Man-

535 5385 738 5440 siliensi
803 5386 1018 5449 abbate,
1066 5390 1118 5441 in
1168 5394 1372 5461 synodo
1422 5393 1560 5463 apud
1612 5397 1994 5450 monasterium
2042 5398 2107 5451 de

534 5477 766 5533 Fusellis
800 5479 1105 5532 constituite
1142 5490 1284 5543 sunt,
1324 5483 1462 5537 sicut
1500 5499 1566 5537 ex
1607 5484 1846 5554 ejusdem
1888 5486 2102 5539 confra-

535 5568 635 5625 tris
687 5570 853 5623 nostri
905 5571 1203 5625 assertione
1251 5571 1574 5637 didii-iuius,
1638 5576 1743 5630 vim
1792 5588 2104 5646 perpetuam

532 5659 777 5713 obtinere
831 5661 1169 5713 mandamus.
1238 5661 1502 5716 Prteterea
1555 5667 1842 5719 statuimus
1892 5676 1948 5720 ut
1996 5677 2102 5720 tam

532 5749 950 5808 Valcraniccnse
984 5767 1143 5823 quam
1181 5759 1373 5806 uetera
1426 5757 1775 5821 monasteria,
1820 5772 1913 5811 seu
1946 5759 2103 5826 villae,

2210 4566 2523 4635 apostolica:
2572 4564 2820 4619 instituta
2858 4564 3119 4618 doctrinae
3167 4563 3480 4634 primordiis
3526 4553 3724 4612 Ecclesia?

2208 4666 2410 4711 sancta:
2459 4658 2697 4723 insolita,
2747 4656 2839 4712 sed
2890 4665 3171 4710 crescente
3224 4654 3464 4708 Ecclesia
3499 4650 3598 4719 jam
3625 4658 3723 4715 pene

2208 4750 2409 4815 deleta,
2446 4750 2705 4803 instinctu
2739 4748 2910 4801 sancti
2946 4746 3184 4814 Spiritus
3209 4746 3497 4799 suscitatis.
3530 4739 3721 4792 Vestrum

2208 4859 2337 4910 ergo
2367 4854 2571 4905 votum,
2610 4851 2847 4896 vestrum
2886 4840 3220 4909 propositum
3263 4839 3431 4892 nostri
3462 4828 3721 4889 auctorilitlc

2207 4930 2368 4984 ollicii
2398 4930 2808 4988 confirmamus,
2854 4937 2909 4982 et
2958 4930 3140 4981 lirmos
3182 4942 3279 4980 vos
3317 4927 3369 4978 in
3400 4942 3463 4979 eo
3493 4921 3720 4992 persistere

2209 5025 2581 5085 adhortamur,
2614 5032 2669 5075 et
2715 5031 2970 5089 tanquam
3027 5018 3135 5071 Deo
3181 5019 3498 5071 exhortante
3538 5025 3625 5081 per,
3652 5016 3720 5057 n05

2209 5113 2582 5167 obsecramus.
2638 5113 3000 5178 Quamobrem
3070 5110 3323 5164 omnibus
3372 5109 3423 5161 iu
3459 5113 3618 5158 vestro
3646 5107 3717 5192 cat-

2212 5206 2374 5261 uohio
2403 5206 2566 5259 vitam
2605 5206 2922 5260 canonicam
2970 5204 3264 5259 secundum
3308 5201 3448 5257 beati
3493 5188 3716 5287 Augustini

2212 5299 2451 5367 regulam
2483 5296 2883 5367 proﬁtentibus,
2913 5304 2969 5348 et
3015 5294 3067 5346 in
3111 5308 3174 5347 ea
3219 5292 3500 5361 adjuvante
3545 5286 3716 5378 Doﬂlm"

2210 5388 2676 5459 permanentibns,
2733 5401 2832 5440 nos
2858 5386 2984 5439 licet
3013 5384 3215 5453 indigni
3243 5382 3585 5452 apostolorum
3611 5381 3712 5421 vica-

2212 5484 2501 5543 rii,eorum
2527 5496 2590 5534 ac
2614 5489 2853 5534 nostram
2879 5476 3308 5531 benedictionem
3334 5468 3715 5542 peccatorumun

2211 5574 2601 5629 absolutionem
2634 5578 2903 5641 potestate
2934 5570 3038 5623 illis
3072 5583 3099 5619 a
3143 5566 3372 5619 Domino
3417 5559 3593 5616 iiululta
3622 5563 3709 5602 (νιν

2210 5666 2469 5723 cedimus,
2506 5662 2894 5717 constituentes
2945 5675 3010 5711 ne
3060 5656 3311 5724 cuiquam
3357 5650 3556 5706 omnino
3597 5642 3709 5692 lio‘al

2210 5756 2351 5811 hunc
2388 5756 2547 5810 vestri
2592 5762 2789 5808 statum
2821 5750 3028 5805 ordinis
3072 5756 3423 5803 commutare.
3475 5734 3709 5796 Statuunt!»
