  <div class='ocr_page' id='page_1' title='image "/cluster/home/n/w/nwhite01/storage/ocr_20150623/151/hvd.32044015473796/210.png"; bbox 0 0 3888 6322; ppageno 0'>
   <div class='ocr_carea' id='block_1_1' title="bbox 94 289 193 345">
    <p class='ocr_par' dir='ltr' id='par_1_1' title="bbox 94 289 193 345">
     <span class='ocr_line' id='line_1_1' title="bbox 94 289 193 345; baseline 0 0"><span class='ocrx_word' id='word_1_1' title='bbox 94 289 193 345; x_wconf 67' lang='grc'><strong>409</strong></span> 
     </span>
    </p>
   </div>
   <div class='ocr_carea' id='block_1_2' title="bbox 1301 282 2225 355">
    <p class='ocr_par' dir='ltr' id='par_1_2' title="bbox 1301 282 2225 355">
     <span class='ocr_line' id='line_1_2' title="bbox 1301 282 2225 355; baseline 0.002 -17"><span class='ocrx_word' id='word_1_2' title='bbox 1301 282 1651 355; x_wconf 63' lang='grc' dir='ltr'><strong>ΕΙἾ8ΤΟΙΑΞ</strong></span> <span class='ocrx_word' id='word_1_3' title='bbox 1688 282 1777 335; x_wconf 86' lang='grc' dir='ltr'><strong>ΕΤ</strong></span> <span class='ocrx_word' id='word_1_4' title='bbox 1820 284 2225 342; x_wconf 70' lang='lat' dir='ltr'><strong>PRIVILEGIA.</strong></span> 
     </span>
    </p>
   </div>
   <div class='ocr_carea' id='block_1_3' title="bbox 3245 292 3343 349">
    <p class='ocr_par' dir='ltr' id='par_1_3' title="bbox 3245 292 3343 349">
     <span class='ocr_line' id='line_1_3' title="bbox 3245 292 3343 349; baseline 0.041 -4"><span class='ocrx_word' id='word_1_5' title='bbox 3245 292 3343 349; x_wconf 75' lang='grc' dir='ltr'><strong>ΗΟ</strong></span> 
     </span>
    </p>
   </div>
   <div class='ocr_carea' id='block_1_4' title="bbox 91 400 3341 475">
    <p class='ocr_par' dir='ltr' id='par_1_4' title="bbox 91 400 3341 475">
     <span class='ocr_line' id='line_1_4' title="bbox 91 400 3341 475; baseline 0.001 -17"><span class='ocrx_word' id='word_1_6' title='bbox 91 408 249 459; x_wconf 81' lang='lat' dir='ltr'><strong>etiam</strong></span> <span class='ocrx_word' id='word_1_7' title='bbox 285 418 352 456; x_wconf 92' lang='lat' dir='ltr'><strong>uc</strong></span> <span class='ocrx_word' id='word_1_8' title='bbox 377 400 735 472; x_wconf 78' lang='lat' dir='ltr'><strong>professionis</strong></span> <span class='ocrx_word' id='word_1_9' title='bbox 765 400 1039 455; x_wconf 79' lang='lat' dir='ltr'><strong>canonica:</strong></span> <span class='ocrx_word' id='word_1_10' title='bbox 1062 400 1352 470; x_wconf 85' lang='lat' dir='ltr'><strong>quispiam,</strong></span> <span class='ocrx_word' id='word_1_11' title='bbox 1382 412 1664 470; x_wconf 85' lang='lat' dir='ltr'><strong>postquam</strong></span> <span class='ocrx_word' id='word_1_12' title='bbox 1696 400 1740 454; x_wconf 83' lang='grc' dir='ltr'><strong>Α</strong></span> <span class='ocrx_word' id='word_1_13' title='bbox 1768 405 2169 460; x_wconf 80' lang='lat' dir='ltr'><strong>successoribus</strong></span> <span class='ocrx_word' id='word_1_14' title='bbox 2195 412 2408 467; x_wconf 87' lang='lat' dir='ltr'><strong>noceat,</strong></span> <span class='ocrx_word' id='word_1_15' title='bbox 2434 403 2718 459; x_wconf 59' lang='lat' dir='ltr'><strong>malificare.</strong></span> <span class='ocrx_word' id='word_1_16' title='bbox 2746 403 2800 459; x_wconf 86' lang='lat' dir='ltr'><strong>Si</strong></span> <span class='ocrx_word' id='word_1_17' title='bbox 2824 406 2946 475; x_wconf 84' lang='lat' dir='ltr'><strong>quis</strong></span> <span class='ocrx_word' id='word_1_18' title='bbox 2971 406 3021 460; x_wconf 92' lang='lat' dir='ltr'><strong>in</strong></span> <span class='ocrx_word' id='word_1_19' title='bbox 3046 408 3341 461; x_wconf 87' lang='lat' dir='ltr'><strong>erastinmn</strong></span> 
     </span>
    </p>
   </div>
   <div class='ocr_carea' id='block_1_5' title="bbox 91 491 1667 563">
    <p class='ocr_par' dir='ltr' id='par_1_5' title="bbox 91 491 1667 563">
     <span class='ocr_line' id='line_1_5' title="bbox 91 491 1667 563; baseline -0.004 -13"><span class='ocrx_word' id='word_1_20' title='bbox 91 497 277 552; x_wconf 87' lang='lat' dir='ltr'><strong>deifice</strong></span> <span class='ocrx_word' id='word_1_21' title='bbox 307 509 481 563; x_wconf 83' lang='lat' dir='ltr'><strong>super</strong></span> <span class='ocrx_word' id='word_1_22' title='bbox 507 500 671 560; x_wconf 87' lang='lat' dir='ltr'><strong>caput</strong></span> <span class='ocrx_word' id='word_1_23' title='bbox 701 493 802 547; x_wconf 86' lang='lat' dir='ltr'><strong>sibi</strong></span> <span class='ocrx_word' id='word_1_24' title='bbox 829 493 1100 547; x_wconf 81' lang='lat' dir='ltr'><strong>hominem</strong></span> <span class='ocrx_word' id='word_1_25' title='bbox 1131 492 1469 562; x_wconf 78' lang='lat' dir='ltr'><strong>imposuerit,</strong></span> <span class='ocrx_word' id='word_1_26' title='bbox 1500 491 1667 546; x_wconf 89' lang='lat' dir='ltr'><strong>alicu-</strong></span> 
     </span>
    </p>
   </div>
   <div class='ocr_carea' id='block_1_6' title="bbox 82 582 1668 659">
    <p class='ocr_par' dir='ltr' id='par_1_6' title="bbox 82 582 1668 659">
     <span class='ocr_line' id='line_1_6' title="bbox 82 582 1668 659; baseline -0.003 -19"><span class='ocrx_word' id='word_1_27' title='bbox 82 592 168 659; x_wconf 89' lang='lat' dir='ltr'><strong>jus</strong></span> <span class='ocrx_word' id='word_1_28' title='bbox 221 588 467 643; x_wconf 83' lang='lat' dir='ltr'><strong>levitatis</strong></span> <span class='ocrx_word' id='word_1_29' title='bbox 506 595 800 650; x_wconf 82' lang='lat' dir='ltr'><strong>instinctu,</strong></span> <span class='ocrx_word' id='word_1_30' title='bbox 845 584 928 640; x_wconf 90' lang='lat' dir='ltr'><strong>vel</strong></span> <span class='ocrx_word' id='word_1_31' title='bbox 994 585 1342 639; x_wconf 81' lang='lat' dir='ltr'><strong>districtioris</strong></span> <span class='ocrx_word' id='word_1_32' title='bbox 1394 582 1668 654; x_wconf 84' lang='lat' dir='ltr'><strong>religionis</strong></span> 
     </span>
    </p>
   </div>
   <div class='ocr_carea' id='block_1_7' title="bbox 87 675 1664 743">
    <p class='ocr_par' dir='ltr' id='par_1_7' title="bbox 87 675 1664 743">
     <span class='ocr_line' id='line_1_7' title="bbox 87 675 1664 743; baseline -0.003 -12"><span class='ocrx_word' id='word_1_33' title='bbox 87 682 301 733; x_wconf 84' lang='lat' dir='ltr'><strong>obtentu</strong></span> <span class='ocrx_word' id='word_1_34' title='bbox 346 693 416 732; x_wconf 76' lang='lat' dir='ltr'><strong>ex</strong></span> <span class='ocrx_word' id='word_1_35' title='bbox 467 678 652 732; x_wconf 89' lang='lat' dir='ltr'><strong>eodem</strong></span> <span class='ocrx_word' id='word_1_36' title='bbox 704 676 943 731; x_wconf 81' lang='lat' dir='ltr'><strong>claustro</strong></span> <span class='ocrx_word' id='word_1_37' title='bbox 984 677 1183 730; x_wconf 80' lang='lat' dir='ltr'><strong>audeat</strong></span> <span class='ocrx_word' id='word_1_38' title='bbox 1229 676 1345 729; x_wconf 87' lang='lat' dir='ltr'><strong>sine</strong></span> <span class='ocrx_word' id='word_1_39' title='bbox 1396 675 1664 743; x_wconf 65' lang='lat' dir='ltr'><strong>praepositi</strong></span> 
     </span>
    </p>
   </div>
   <div class='ocr_carea' id='block_1_8' title="bbox 91 765 1664 836">
    <p class='ocr_par' dir='ltr' id='par_1_8' title="bbox 91 765 1664 836">
     <span class='ocr_line' id='line_1_8' title="bbox 91 765 1664 836; baseline -0.003 -16"><span class='ocrx_word' id='word_1_40' title='bbox 91 770 359 836; x_wconf 72' lang='lat' dir='ltr'><strong>totiusque</strong></span> <span class='ocrx_word' id='word_1_41' title='bbox 418 765 862 836; x_wconf 80' lang='lat' dir='ltr'><strong>congregationis</strong></span> <span class='ocrx_word' id='word_1_42' title='bbox 915 766 1273 834; x_wconf 88' lang='lat' dir='ltr'><strong>permissione</strong></span> <span class='ocrx_word' id='word_1_43' title='bbox 1341 765 1664 819; x_wconf 87' lang='lat' dir='ltr'><strong>discedere:</strong></span> 
     </span>
    </p>
   </div>
   <div class='ocr_carea' id='block_1_9' title="bbox 86 855 1665 925">
    <p class='ocr_par' dir='ltr' id='par_1_9' title="bbox 86 855 1665 925">
     <span class='ocr_line' id='line_1_9' title="bbox 86 855 1665 925; baseline -0.003 -14"><span class='ocrx_word' id='word_1_44' title='bbox 86 859 463 913; x_wconf 80' lang='lat' dir='ltr'><strong>discedentem</strong></span> <span class='ocrx_word' id='word_1_45' title='bbox 489 871 617 910; x_wconf 88' lang='lat' dir='ltr'><strong>vero</strong></span> <span class='ocrx_word' id='word_1_46' title='bbox 650 856 829 911; x_wconf 92' lang='lat' dir='ltr'><strong>nullus</strong></span> <span class='ocrx_word' id='word_1_47' title='bbox 854 856 1135 919; x_wconf 90' lang='lat' dir='ltr'><strong>abbatum,</strong></span> <span class='ocrx_word' id='word_1_48' title='bbox 1162 855 1243 911; x_wconf 91' lang='lat' dir='ltr'><strong>vel</strong></span> <span class='ocrx_word' id='word_1_49' title='bbox 1267 855 1665 925; x_wconf 83' lang='lat' dir='ltr'><strong>episcoporum,</strong></span> 
     </span>
    </p>
   </div>
   <div class='ocr_carea' id='block_1_10' title="bbox 89 946 1666 1005">
    <p class='ocr_par' dir='ltr' id='par_1_10' title="bbox 89 946 1666 1005">
     <span class='ocr_line' id='line_1_10' title="bbox 89 946 1666 1005; baseline -0.004 0"><span class='ocrx_word' id='word_1_50' title='bbox 89 959 133 1005; x_wconf 88' lang='lat' dir='ltr'><strong>cl</strong></span> <span class='ocrx_word' id='word_1_51' title='bbox 185 948 363 1002; x_wconf 72' lang='lat' dir='ltr'><strong>mullus</strong></span> <span class='ocrx_word' id='word_1_52' title='bbox 419 948 811 1003; x_wconf 89' lang='lat' dir='ltr'><strong>monachorum</strong></span> <span class='ocrx_word' id='word_1_53' title='bbox 866 948 982 1002; x_wconf 89' lang='lat' dir='ltr'><strong>sine</strong></span> <span class='ocrx_word' id='word_1_54' title='bbox 1039 947 1313 1002; x_wconf 88' lang='lat' dir='ltr'><strong>communi</strong></span> <span class='ocrx_word' id='word_1_55' title='bbox 1362 946 1666 1001; x_wconf 86' lang='lat' dir='ltr'><strong>litterarum</strong></span> 
     </span>
    </p>
   </div>
   <div class='ocr_carea' id='block_1_11' title="bbox 87 1040 1668 1109">
    <p class='ocr_par' dir='ltr' id='par_1_11' title="bbox 87 1040 1668 1109">
     <span class='ocr_line' id='line_1_11' title="bbox 87 1040 1668 1109; baseline -0.001 -15"><span class='ocrx_word' id='word_1_56' title='bbox 87 1040 330 1094; x_wconf 74' lang='lat' dir='ltr'><strong>cautione</strong></span> <span class='ocrx_word' id='word_1_57' title='bbox 374 1040 640 1109; x_wconf 83' lang='lat' dir='ltr'><strong>suscipiat</strong></span> <span class='ocrx_word' id='word_1_58' title='bbox 671 1056 685 1092; x_wconf 91' lang='lat'><strong>:</strong></span> <span class='ocrx_word' id='word_1_59' title='bbox 716 1040 1064 1109; x_wconf 57' lang='lat' dir='ltr'><strong>praepositum</strong></span> <span class='ocrx_word' id='word_1_60' title='bbox 1106 1048 1311 1104; x_wconf 88' lang='lat' dir='ltr'><strong>autem,</strong></span> <span class='ocrx_word' id='word_1_61' title='bbox 1363 1040 1447 1094; x_wconf 93' lang='lat' dir='ltr'><strong>vel</strong></span> <span class='ocrx_word' id='word_1_62' title='bbox 1490 1040 1668 1093; x_wconf 91' lang='lat' dir='ltr'><strong>archi-</strong></span> 
     </span>
    </p>
   </div>
   <div class='ocr_carea' id='block_1_12' title="bbox 90 1130 1668 1199">
    <p class='ocr_par' dir='ltr' id='par_1_12' title="bbox 90 1130 1668 1199">
     <span class='ocr_line' id='line_1_12' title="bbox 90 1130 1668 1199; baseline 0.001 -15"><span class='ocrx_word' id='word_1_63' title='bbox 90 1132 396 1194; x_wconf 88' lang='lat' dir='ltr'><strong>diacouum,</strong></span> <span class='ocrx_word' id='word_1_64' title='bbox 435 1144 531 1185; x_wconf 90' lang='lat' dir='ltr'><strong>seu</strong></span> <span class='ocrx_word' id='word_1_65' title='bbox 560 1130 849 1199; x_wconf 86' lang='lat' dir='ltr'><strong>cujuslibet</strong></span> <span class='ocrx_word' id='word_1_66' title='bbox 883 1130 1305 1199; x_wconf 78' lang='lat' dir='ltr'><strong>dispensationis</strong></span> <span class='ocrx_word' id='word_1_67' title='bbox 1333 1130 1668 1187; x_wconf 85' lang='lat' dir='ltr'><strong>ecclesiasti-</strong></span> 
     </span>
    </p>
   </div>
   <div class='ocr_carea' id='block_1_13' title="bbox 87 1222 1667 1292">
    <p class='ocr_par' dir='ltr' id='par_1_13' title="bbox 87 1222 1667 1292">
     <span class='ocr_line' id='line_1_13' title="bbox 87 1222 1667 1292; baseline -0.001 -15"><span class='ocrx_word' id='word_1_68' title='bbox 87 1240 155 1277; x_wconf 70' lang='lat' dir='ltr'><strong>cae</strong></span> <span class='ocrx_word' id='word_1_69' title='bbox 183 1223 521 1285; x_wconf 86' lang='lat' dir='ltr'><strong>ministrum,</strong></span> <span class='ocrx_word' id='word_1_70' title='bbox 562 1223 664 1278; x_wconf 85' lang='lat' dir='ltr'><strong>nisi</strong></span> <span class='ocrx_word' id='word_1_71' title='bbox 696 1237 856 1291; x_wconf 84' lang='lat' dir='ltr'><strong>quem</strong></span> <span class='ocrx_word' id='word_1_72' title='bbox 885 1238 995 1278; x_wconf 82' lang='lat' dir='ltr'><strong>suae</strong></span> <span class='ocrx_word' id='word_1_73' title='bbox 1047 1222 1398 1292; x_wconf 77' lang='lat' dir='ltr'><strong>professionis</strong></span> <span class='ocrx_word' id='word_1_74' title='bbox 1427 1238 1667 1277; x_wconf 86' lang='lat' dir='ltr'><strong>comnm-</strong></span> 
     </span>
    </p>
   </div>
   <div class='ocr_carea' id='block_1_14' title="bbox 90 1312 1665 1384">
    <p class='ocr_par' dir='ltr' id='par_1_14' title="bbox 90 1312 1665 1384">
     <span class='ocr_line' id='line_1_14' title="bbox 90 1312 1665 1384; baseline 0.001 -17"><span class='ocrx_word' id='word_1_75' title='bbox 90 1315 165 1367; x_wconf 89' lang='lat' dir='ltr'><strong>nis</strong></span> <span class='ocrx_word' id='word_1_76' title='bbox 192 1312 424 1367; x_wconf 79' lang='lat' dir='ltr'><strong>fratrum</strong></span> <span class='ocrx_word' id='word_1_77' title='bbox 461 1312 660 1369; x_wconf 89' lang='lat' dir='ltr'><strong>electio</strong></span> <span class='ocrx_word' id='word_1_78' title='bbox 697 1313 1019 1384; x_wconf 83' lang='lat' dir='ltr'><strong>regulariter</strong></span> <span class='ocrx_word' id='word_1_79' title='bbox 1045 1314 1342 1369; x_wconf 83' lang='lat' dir='ltr'><strong>viventium</strong></span> <span class='ocrx_word' id='word_1_80' title='bbox 1372 1316 1665 1369; x_wconf 89' lang='lat' dir='ltr'><strong>secundum</strong></span> 
     </span>
    </p>
   </div>
   <div class='ocr_carea' id='block_1_15' title="bbox 90 1402 1667 1476">
    <p class='ocr_par' dir='ltr' id='par_1_15' title="bbox 90 1402 1667 1476">
     <span class='ocr_line' id='line_1_15' title="bbox 90 1402 1667 1476; baseline 0.004 -22"><span class='ocrx_word' id='word_1_81' title='bbox 90 1402 250 1455; x_wconf 88' lang='lat' dir='ltr'><strong>Deum</strong></span> <span class='ocrx_word' id='word_1_82' title='bbox 275 1403 534 1473; x_wconf 82' lang='lat' dir='ltr'><strong>elegerit,</strong></span> <span class='ocrx_word' id='word_1_83' title='bbox 565 1405 719 1460; x_wconf 89' lang='lat' dir='ltr'><strong>vobis</strong></span> <span class='ocrx_word' id='word_1_84' title='bbox 746 1403 988 1474; x_wconf 66' lang='lat' dir='ltr'><strong>praeferri</strong></span> <span class='ocrx_word' id='word_1_85' title='bbox 1019 1406 1346 1462; x_wconf 83' lang='lat' dir='ltr'><strong>auctoritate</strong></span> <span class='ocrx_word' id='word_1_86' title='bbox 1372 1406 1667 1476; x_wconf 88' lang='lat' dir='ltr'><strong>apostolica</strong></span> 
     </span>
    </p>
   </div>
   <div class='ocr_carea' id='block_1_16' title="bbox 87 1494 1668 1562">
    <p class='ocr_par' dir='ltr' id='par_1_16' title="bbox 87 1494 1668 1562">
     <span class='ocr_line' id='line_1_16' title="bbox 87 1494 1668 1562; baseline 0.005 -17"><span class='ocrx_word' id='word_1_87' title='bbox 87 1494 455 1561; x_wconf 89' lang='lat' dir='ltr'><strong>prohibemus.</strong></span> <span class='ocrx_word' id='word_1_88' title='bbox 509 1496 646 1562; x_wconf 82' lang='lat' dir='ltr'><strong>Quia</strong></span> <span class='ocrx_word' id='word_1_89' title='bbox 698 1511 827 1552; x_wconf 89' lang='lat' dir='ltr'><strong>vero</strong></span> <span class='ocrx_word' id='word_1_90' title='bbox 878 1497 1120 1551; x_wconf 85' lang='lat' dir='ltr'><strong>nonnulli</strong></span> <span class='ocrx_word' id='word_1_91' title='bbox 1178 1498 1231 1552; x_wconf 90' lang='lat' dir='ltr'><strong>in</strong></span> <span class='ocrx_word' id='word_1_92' title='bbox 1288 1499 1441 1553; x_wconf 81' lang='lat' dir='ltr'><strong>vobis</strong></span> <span class='ocrx_word' id='word_1_93' title='bbox 1492 1500 1668 1553; x_wconf 77' lang='lat' dir='ltr'><strong>adhuc</strong></span> 
     </span>
    </p>
   </div>
   <div class='ocr_carea' id='block_1_17' title="bbox 88 1586 1669 1661">
    <p class='ocr_par' dir='ltr' id='par_1_17' title="bbox 88 1586 1669 1661">
     <span class='ocr_line' id='line_1_17' title="bbox 88 1586 1669 1661; baseline 0.006 -24"><span class='ocrx_word' id='word_1_94' title='bbox 88 1594 201 1638; x_wconf 77' lang='lat' dir='ltr'><strong>sunt</strong></span> <span class='ocrx_word' id='word_1_95' title='bbox 231 1586 322 1654; x_wconf 89' lang='lat' dir='ltr'><strong>qui</strong></span> <span class='ocrx_word' id='word_1_96' title='bbox 384 1587 617 1647; x_wconf 86' lang='lat' dir='ltr'><strong>necdum</strong></span> <span class='ocrx_word' id='word_1_97' title='bbox 672 1589 889 1659; x_wconf 90' lang='lat' dir='ltr'><strong>quidem</strong></span> <span class='ocrx_word' id='word_1_98' title='bbox 926 1590 1089 1644; x_wconf 90' lang='lat' dir='ltr'><strong>vitam</strong></span> <span class='ocrx_word' id='word_1_99' title='bbox 1134 1591 1452 1646; x_wconf 90' lang='lat' dir='ltr'><strong>canonicam</strong></span> <span class='ocrx_word' id='word_1_100' title='bbox 1490 1591 1669 1661; x_wconf 80' lang='lat' dir='ltr'><strong>elege-</strong></span> 
     </span>
    </p>
   </div>
   <div class='ocr_carea' id='block_1_18' title="bbox 89 1675 1663 1748">
    <p class='ocr_par' dir='ltr' id='par_1_18' title="bbox 89 1675 1663 1748">
     <span class='ocr_line' id='line_1_18' title="bbox 89 1675 1663 1748; baseline 0.006 -21"><span class='ocrx_word' id='word_1_101' title='bbox 89 1687 223 1738; x_wconf 85' lang='lat' dir='ltr'><strong>runt,</strong></span> <span class='ocrx_word' id='word_1_102' title='bbox 251 1675 344 1730; x_wconf 89' lang='lat' dir='ltr'><strong>sed</strong></span> <span class='ocrx_word' id='word_1_103' title='bbox 384 1677 491 1746; x_wconf 91' lang='lat' dir='ltr'><strong>ipsi</strong></span> <span class='ocrx_word' id='word_1_104' title='bbox 525 1692 618 1733; x_wconf 89' lang='lat' dir='ltr'><strong>vos</strong></span> <span class='ocrx_word' id='word_1_105' title='bbox 650 1687 904 1748; x_wconf 87' lang='lat' dir='ltr'><strong>tanquam</strong></span> <span class='ocrx_word' id='word_1_106' title='bbox 957 1679 1101 1736; x_wconf 90' lang='lat' dir='ltr'><strong>inter</strong></span> <span class='ocrx_word' id='word_1_107' title='bbox 1153 1680 1371 1736; x_wconf 90' lang='lat' dir='ltr'><strong>ultimos</strong></span> <span class='ocrx_word' id='word_1_108' title='bbox 1425 1679 1663 1736; x_wconf 86' lang='lat' dir='ltr'><strong>fraterna</strong></span> 
     </span>
    </p>
   </div>
   <div class='ocr_carea' id='block_1_19' title="bbox 1769 493 3337 565">
    <p class='ocr_par' dir='ltr' id='par_1_19' title="bbox 1769 493 3337 565">
     <span class='ocr_line' id='line_1_19' title="bbox 1769 493 3337 565; baseline 0.004 -20"><span class='ocrx_word' id='word_1_109' title='bbox 1769 493 2206 563; x_wconf 82' lang='lat' dir='ltr'><strong>archiepiscopus</strong></span> <span class='ocrx_word' id='word_1_110' title='bbox 2235 504 2328 548; x_wconf 89' lang='lat' dir='ltr'><strong>aut</strong></span> <span class='ocrx_word' id='word_1_111' title='bbox 2374 495 2676 565; x_wconf 88' lang='lat' dir='ltr'><strong>episcopus,</strong></span> <span class='ocrx_word' id='word_1_112' title='bbox 2731 496 3028 565; x_wconf 88' lang='lat' dir='ltr'><strong>imperator</strong></span> <span class='ocrx_word' id='word_1_113' title='bbox 3080 507 3173 551; x_wconf 90' lang='lat' dir='ltr'><strong>aut</strong></span> <span class='ocrx_word' id='word_1_114' title='bbox 3221 513 3337 559; x_wconf 81' lang='lat' dir='ltr'><strong>rex,</strong></span> 
     </span>
    </p>
   </div>
   <div class='ocr_carea' id='block_1_20' title="bbox 1764 583 3344 657">
    <p class='ocr_par' dir='ltr' id='par_1_20' title="bbox 1764 583 3344 657">
     <span class='ocr_line' id='line_1_20' title="bbox 1764 583 3344 657; baseline 0.004 -22"><span class='ocrx_word' id='word_1_115' title='bbox 1764 583 2017 652; x_wconf 87' lang='lat' dir='ltr'><strong>princeps</strong></span> <span class='ocrx_word' id='word_1_116' title='bbox 2047 594 2139 638; x_wconf 90' lang='lat' dir='ltr'><strong>aut</strong></span> <span class='ocrx_word' id='word_1_117' title='bbox 2169 585 2297 647; x_wconf 83' lang='lat' dir='ltr'><strong>dux,</strong></span> <span class='ocrx_word' id='word_1_118' title='bbox 2339 598 2520 639; x_wconf 87' lang='lat' dir='ltr'><strong>comes</strong></span> <span class='ocrx_word' id='word_1_119' title='bbox 2572 595 2665 639; x_wconf 90' lang='lat' dir='ltr'><strong>aut</strong></span> <span class='ocrx_word' id='word_1_120' title='bbox 2696 587 3014 651; x_wconf 89' lang='lat' dir='ltr'><strong>vicecomes,</strong></span> <span class='ocrx_word' id='word_1_121' title='bbox 3041 588 3204 657; x_wconf 81' lang='lat' dir='ltr'><strong>judex</strong></span> <span class='ocrx_word' id='word_1_122' title='bbox 3250 599 3344 642; x_wconf 90' lang='lat' dir='ltr'><strong>aut</strong></span> 
     </span>
    </p>
   </div>
   <div class='ocr_carea' id='block_1_21' title="bbox 1772 676 3347 748">
    <p class='ocr_par' dir='ltr' id='par_1_21' title="bbox 1772 676 3347 748">
     <span class='ocr_line' id='line_1_21' title="bbox 1772 676 3347 748; baseline 0.004 -24"><span class='ocrx_word' id='word_1_123' title='bbox 1772 689 1995 741; x_wconf 74' lang='lat' dir='ltr'><strong>persona</strong></span> <span class='ocrx_word' id='word_1_124' title='bbox 2028 676 2306 743; x_wconf 72' lang='lat' dir='ltr'><strong>qna-libet,</strong></span> <span class='ocrx_word' id='word_1_125' title='bbox 2339 676 2612 731; x_wconf 73' lang='lat' dir='ltr'><strong>smeularis</strong></span> <span class='ocrx_word' id='word_1_126' title='bbox 2655 676 2737 731; x_wconf 89' lang='lat' dir='ltr'><strong>vel</strong></span> <span class='ocrx_word' id='word_1_127' title='bbox 2769 678 3136 733; x_wconf 86' lang='lat' dir='ltr'><strong>ecclesiastica</strong></span> <span class='ocrx_word' id='word_1_128' title='bbox 3186 678 3347 748; x_wconf 86' lang='lat' dir='ltr'><strong>hujus</strong></span> 
     </span>
    </p>
   </div>
   <div class='ocr_carea' id='block_1_22' title="bbox 1772 765 3348 837">
    <p class='ocr_par' dir='ltr' id='par_1_22' title="bbox 1772 765 3348 837">
     <span class='ocr_line' id='line_1_22' title="bbox 1772 765 3348 837; baseline 0.005 -21"><span class='ocrx_word' id='word_1_129' title='bbox 1772 766 1939 818; x_wconf 89' lang='lat' dir='ltr'><strong>nostri</strong></span> <span class='ocrx_word' id='word_1_130' title='bbox 1994 765 2199 820; x_wconf 85' lang='lat' dir='ltr'><strong>decreti</strong></span> <span class='ocrx_word' id='word_1_131' title='bbox 2245 766 2497 837; x_wconf 80' lang='lat' dir='ltr'><strong>paginam</strong></span> <span class='ocrx_word' id='word_1_132' title='bbox 2544 766 2721 822; x_wconf 91' lang='lat' dir='ltr'><strong>sciens</strong></span> <span class='ocrx_word' id='word_1_133' title='bbox 2766 778 2953 822; x_wconf 85' lang='lat' dir='ltr'><strong>contra</strong></span> <span class='ocrx_word' id='word_1_134' title='bbox 2987 784 3106 823; x_wconf 89' lang='lat' dir='ltr'><strong>eam</strong></span> <span class='ocrx_word' id='word_1_135' title='bbox 3147 778 3348 825; x_wconf 86' lang='lat' dir='ltr'><strong>temere</strong></span> 
     </span>
    </p>
   </div>
   <div class='ocr_carea' id='block_1_23' title="bbox 1773 860 3347 925">
    <p class='ocr_par' dir='ltr' id='par_1_23' title="bbox 1773 860 3347 925">
     <span class='ocr_line' id='line_1_23' title="bbox 1773 860 3347 925; baseline 0.004 -16"><span class='ocrx_word' id='word_1_136' title='bbox 1773 860 1956 914; x_wconf 83' lang='lat' dir='ltr'><strong>venire</strong></span> <span class='ocrx_word' id='word_1_137' title='bbox 1999 861 2303 923; x_wconf 87' lang='lat' dir='ltr'><strong>tentaverit,</strong></span> <span class='ocrx_word' id='word_1_138' title='bbox 2357 861 2594 915; x_wconf 84' lang='lat' dir='ltr'><strong>secundo</strong></span> <span class='ocrx_word' id='word_1_139' title='bbox 2645 861 2872 916; x_wconf 82' lang='lat' dir='ltr'><strong>tertiove</strong></span> <span class='ocrx_word' id='word_1_140' title='bbox 2923 862 3256 925; x_wconf 91' lang='lat' dir='ltr'><strong>admonitus,</strong></span> <span class='ocrx_word' id='word_1_141' title='bbox 3301 862 3347 915; x_wconf 91' lang='lat' dir='ltr'><strong>si</strong></span> 
     </span>
    </p>
   </div>
   <div class='ocr_carea' id='block_1_24' title="bbox 1772 949 3344 1022">
    <p class='ocr_par' dir='ltr' id='par_1_24' title="bbox 1772 949 3344 1022">
     <span class='ocr_line' id='line_1_24' title="bbox 1772 949 3344 1022; baseline 0.003 -19"><span class='ocrx_word' id='word_1_142' title='bbox 1772 965 1874 1005; x_wconf 93' lang='lat' dir='ltr'><strong>non</strong></span> <span class='ocrx_word' id='word_1_143' title='bbox 1905 949 2274 1006; x_wconf 82' lang='lat' dir='ltr'><strong>satisfactione</strong></span> <span class='ocrx_word' id='word_1_144' title='bbox 2309 951 2573 1020; x_wconf 90' lang='lat' dir='ltr'><strong>condigna</strong></span> <span class='ocrx_word' id='word_1_145' title='bbox 2607 952 2996 1016; x_wconf 85' lang='lat' dir='ltr'><strong>emendaverit,</strong></span> <span class='ocrx_word' id='word_1_146' title='bbox 3056 952 3344 1022; x_wconf 85' lang='lat' dir='ltr'><strong>potestatis</strong></span> 
     </span>
    </p>
   </div>
   <div class='ocr_carea' id='block_1_25' title="bbox 1772 1041 3351 1113">
    <p class='ocr_par' dir='ltr' id='par_1_25' title="bbox 1772 1041 3351 1113">
     <span class='ocr_line' id='line_1_25' title="bbox 1772 1041 3351 1113; baseline 0.002 -18"><span class='ocrx_word' id='word_1_147' title='bbox 1772 1041 2101 1110; x_wconf 88' lang='lat' dir='ltr'><strong>honorisque</strong></span> <span class='ocrx_word' id='word_1_148' title='bbox 2133 1042 2216 1096; x_wconf 90' lang='lat' dir='ltr'><strong>sui</strong></span> <span class='ocrx_word' id='word_1_149' title='bbox 2255 1042 2519 1113; x_wconf 82' lang='lat' dir='ltr'><strong>dignitate</strong></span> <span class='ocrx_word' id='word_1_150' title='bbox 2544 1050 2750 1105; x_wconf 86' lang='lat' dir='ltr'><strong>careat,</strong></span> <span class='ocrx_word' id='word_1_151' title='bbox 2785 1058 3044 1113; x_wconf 88' lang='lat' dir='ltr'><strong>reumque</strong></span> <span class='ocrx_word' id='word_1_152' title='bbox 3084 1044 3351 1098; x_wconf 71' lang='lat' dir='ltr'><strong>se‘divino</strong></span> 
     </span>
    </p>
   </div>
   <div class='ocr_carea' id='block_1_26' title="bbox 1765 1129 3351 1201">
    <p class='ocr_par' dir='ltr' id='par_1_26' title="bbox 1765 1129 3351 1201">
     <span class='ocr_line' id='line_1_26' title="bbox 1765 1129 3351 1201; baseline 0.003 -19"><span class='ocrx_word' id='word_1_153' title='bbox 1765 1129 1970 1199; x_wconf 87' lang='lat' dir='ltr'><strong>judicio</strong></span> <span class='ocrx_word' id='word_1_154' title='bbox 1999 1131 2237 1185; x_wconf 75' lang='lat' dir='ltr'><strong>existere</strong></span> <span class='ocrx_word' id='word_1_155' title='bbox 2278 1131 2344 1185; x_wconf 91' lang='lat' dir='ltr'><strong>de</strong></span> <span class='ocrx_word' id='word_1_156' title='bbox 2380 1140 2688 1200; x_wconf 86' lang='lat' dir='ltr'><strong>perpetrata</strong></span> <span class='ocrx_word' id='word_1_157' title='bbox 2730 1131 3016 1200; x_wconf 86' lang='lat' dir='ltr'><strong>iniquitate</strong></span> <span class='ocrx_word' id='word_1_158' title='bbox 3060 1142 3351 1201; x_wconf 85' lang='lat' dir='ltr'><strong>cognoscat</strong></span> 
     </span>
    </p>
   </div>
   <div class='ocr_carea' id='block_1_27' title="bbox 1770 1219 3351 1291">
    <p class='ocr_par' dir='ltr' id='par_1_27' title="bbox 1770 1219 3351 1291">
     <span class='ocr_line' id='line_1_27' title="bbox 1770 1219 3351 1291; baseline 0.003 -20"><span class='ocrx_word' id='word_1_159' title='bbox 1770 1228 1820 1271; x_wconf 90' lang='lat' dir='ltr'><strong>et</strong></span> <span class='ocrx_word' id='word_1_160' title='bbox 1852 1235 1880 1272; x_wconf 91' lang='lat' dir='ltr'><strong>a</strong></span> <span class='ocrx_word' id='word_1_161' title='bbox 1915 1219 2289 1274; x_wconf 85' lang='lat' dir='ltr'><strong>sacratissimo</strong></span> <span class='ocrx_word' id='word_1_162' title='bbox 2315 1236 2545 1289; x_wconf 87' lang='lat' dir='ltr'><strong>corpore.</strong></span> <span class='ocrx_word' id='word_1_163' title='bbox 2567 1230 2621 1275; x_wconf 91' lang='lat' dir='ltr'><strong>et</strong></span> <span class='ocrx_word' id='word_1_164' title='bbox 2653 1222 2914 1291; x_wconf 83' lang='lat' dir='ltr'><strong>sanguine</strong></span> <span class='ocrx_word' id='word_1_165' title='bbox 2941 1222 3032 1276; x_wconf 91' lang='lat' dir='ltr'><strong>Dei</strong></span> <span class='ocrx_word' id='word_1_166' title='bbox 3057 1238 3120 1276; x_wconf 90' lang='lat' dir='ltr'><strong>ac</strong></span> <span class='ocrx_word' id='word_1_167' title='bbox 3142 1223 3351 1277; x_wconf 87' lang='lat' dir='ltr'><strong>Domini</strong></span> 
     </span>
    </p>
   </div>
   <div class='ocr_carea' id='block_1_28' title="bbox 1771 1308 3354 1380">
    <p class='ocr_par' dir='ltr' id='par_1_28' title="bbox 1771 1308 3354 1380">
     <span class='ocr_line' id='line_1_28' title="bbox 1771 1308 3354 1380; baseline 0.003 -19"><span class='ocrx_word' id='word_1_168' title='bbox 1771 1308 2129 1377; x_wconf 88' lang='lat' dir='ltr'><strong>redemptoris</strong></span> <span class='ocrx_word' id='word_1_169' title='bbox 2160 1309 2331 1363; x_wconf 82' lang='lat' dir='ltr'><strong>nostri</strong></span> <span class='ocrx_word' id='word_1_170' title='bbox 2370 1308 2494 1364; x_wconf 86' lang='lat' dir='ltr'><strong>Jcsu</strong></span> <span class='ocrx_word' id='word_1_171' title='bbox 2538 1310 2741 1365; x_wconf 81' lang='lat' dir='ltr'><strong>Clu-isti</strong></span> <span class='ocrx_word' id='word_1_172' title='bbox 2787 1311 2994 1364; x_wconf 89' lang='lat' dir='ltr'><strong>alienus</strong></span> <span class='ocrx_word' id='word_1_173' title='bbox 3037 1310 3161 1375; x_wconf 86' lang='lat' dir='ltr'><strong>ﬁat;</strong></span> <span class='ocrx_word' id='word_1_174' title='bbox 3193 1320 3354 1380; x_wconf 89' lang='lat' dir='ltr'><strong>atque</strong></span> 
     </span>
    </p>
   </div>
   <div class='ocr_carea' id='block_1_29' title="bbox 1772 1395 3351 1467">
    <p class='ocr_par' dir='ltr' id='par_1_29' title="bbox 1772 1395 3351 1467">
     <span class='ocr_line' id='line_1_29' title="bbox 1772 1395 3351 1467; baseline 0.003 -18"><span class='ocrx_word' id='word_1_175' title='bbox 1772 1395 1823 1449; x_wconf 91' lang='lat' dir='ltr'><strong>in</strong></span> <span class='ocrx_word' id='word_1_176' title='bbox 1872 1405 2119 1451; x_wconf 84' lang='lat' dir='ltr'><strong>extremo</strong></span> <span class='ocrx_word' id='word_1_177' title='bbox 2173 1397 2425 1452; x_wconf 71' lang='lat' dir='ltr'><strong>exmnine</strong></span> <span class='ocrx_word' id='word_1_178' title='bbox 2476 1400 2736 1453; x_wconf 72' lang='lat' dir='ltr'><strong>districtm</strong></span> <span class='ocrx_word' id='word_1_179' title='bbox 2794 1399 2982 1455; x_wconf 85' lang='lat' dir='ltr'><strong>ultioni</strong></span> <span class='ocrx_word' id='word_1_180' title='bbox 3043 1398 3351 1467; x_wconf 87' lang='lat' dir='ltr'><strong>subjaceat;</strong></span> 
     </span>
    </p>
   </div>
   <div class='ocr_carea' id='block_1_30' title="bbox 1771 1488 3352 1563">
    <p class='ocr_par' dir='ltr' id='par_1_30' title="bbox 1771 1488 3352 1563">
     <span class='ocr_line' id='line_1_30' title="bbox 1771 1488 3352 1563; baseline 0.005 -22"><span class='ocrx_word' id='word_1_181' title='bbox 1771 1488 1982 1542; x_wconf 91' lang='lat' dir='ltr'><strong>cunctis</strong></span> <span class='ocrx_word' id='word_1_182' title='bbox 2036 1504 2215 1543; x_wconf 86' lang='lat' dir='ltr'><strong>autem</strong></span> <span class='ocrx_word' id='word_1_183' title='bbox 2264 1500 2404 1557; x_wconf 67' lang='lat' dir='ltr'><strong>iusta</strong></span> <span class='ocrx_word' id='word_1_184' title='bbox 2456 1494 2803 1549; x_wconf 83' lang='lat' dir='ltr'><strong>servantibus</strong></span> <span class='ocrx_word' id='word_1_185' title='bbox 2857 1494 2927 1549; x_wconf 90' lang='lat' dir='ltr'><strong>sit</strong></span> <span class='ocrx_word' id='word_1_186' title='bbox 2980 1509 3081 1563; x_wconf 82' lang='lat' dir='ltr'><strong>pax</strong></span> <span class='ocrx_word' id='word_1_187' title='bbox 3143 1496 3352 1549; x_wconf 87' lang='lat' dir='ltr'><strong>Domini</strong></span> 
     </span>
    </p>
   </div>
   <div class='ocr_carea' id='block_1_31' title="bbox 1772 1584 3352 1657">
    <p class='ocr_par' dir='ltr' id='par_1_31' title="bbox 1772 1584 3352 1657">
     <span class='ocr_line' id='line_1_31' title="bbox 1772 1584 3352 1657; baseline 0.003 -19"><span class='ocrx_word' id='word_1_188' title='bbox 1772 1586 1941 1639; x_wconf 88' lang='lat' dir='ltr'><strong>nostri</strong></span> <span class='ocrx_word' id='word_1_189' title='bbox 1984 1584 2141 1639; x_wconf 82' lang='lat' dir='ltr'><strong>Jesns</strong></span> <span class='ocrx_word' id='word_1_190' title='bbox 2175 1586 2405 1652; x_wconf 86' lang='lat' dir='ltr'><strong>Christi,</strong></span> <span class='ocrx_word' id='word_1_191' title='bbox 2438 1598 2705 1657; x_wconf 86' lang='lat' dir='ltr'><strong>quatenus</strong></span> <span class='ocrx_word' id='word_1_192' title='bbox 2736 1596 2791 1642; x_wconf 92' lang='lat' dir='ltr'><strong>et</strong></span> <span class='ocrx_word' id='word_1_193' title='bbox 2829 1589 2917 1642; x_wconf 90' lang='lat' dir='ltr'><strong>hic</strong></span> <span class='ocrx_word' id='word_1_194' title='bbox 2945 1586 3179 1643; x_wconf 89' lang='lat' dir='ltr'><strong>fructum</strong></span> <span class='ocrx_word' id='word_1_195' title='bbox 3228 1588 3352 1643; x_wconf 89' lang='lat' dir='ltr'><strong>boni</strong></span> 
     </span>
    </p>
   </div>
   <div class='ocr_carea' id='block_1_32' title="bbox 1769 1677 3347 1748">
    <p class='ocr_par' dir='ltr' id='par_1_32' title="bbox 1769 1677 3347 1748">
     <span class='ocr_line' id='line_1_32' title="bbox 1769 1677 3347 1748; baseline 0.001 -19"><span class='ocrx_word' id='word_1_196' title='bbox 1769 1677 1948 1745; x_wconf 81' lang='lat' dir='ltr'><strong>Operis</strong></span> <span class='ocrx_word' id='word_1_197' title='bbox 1980 1678 2263 1745; x_wconf 84' lang='lat' dir='ltr'><strong>percipiat,</strong></span> <span class='ocrx_word' id='word_1_198' title='bbox 2289 1689 2343 1731; x_wconf 91' lang='lat' dir='ltr'><strong>et</strong></span> <span class='ocrx_word' id='word_1_199' title='bbox 2365 1679 2503 1747; x_wconf 90' lang='lat' dir='ltr'><strong>apud</strong></span> <span class='ocrx_word' id='word_1_200' title='bbox 2535 1679 2841 1734; x_wconf 90' lang='lat' dir='ltr'><strong>districtum</strong></span> <span class='ocrx_word' id='word_1_201' title='bbox 2860 1678 3098 1748; x_wconf 86' lang='lat' dir='ltr'><strong>judicent</strong></span> <span class='ocrx_word' id='word_1_202' title='bbox 3126 1679 3347 1748; x_wconf 77' lang='lat' dir='ltr'><strong>przetnia</strong></span> 
     </span>
    </p>
   </div>
   <div class='ocr_carea' id='block_1_33' title="bbox 91 1742 3069 1841">
    <p class='ocr_par' dir='ltr' id='par_1_33' title="bbox 91 1742 3069 1841">
     <span class='ocr_line' id='line_1_33' title="bbox 91 1742 3069 1841; baseline 0.004 -24"><span class='ocrx_word' id='word_1_203' title='bbox 91 1767 345 1821; x_wconf 88' lang='lat' dir='ltr'><strong>sustinent</strong></span> <span class='ocrx_word' id='word_1_204' title='bbox 397 1770 694 1835; x_wconf 86' lang='lat' dir='ltr'><strong>charitate,</strong></span> <span class='ocrx_word' id='word_1_205' title='bbox 749 1771 892 1840; x_wconf 89' lang='lat' dir='ltr'><strong>ipsos</strong></span> <span class='ocrx_word' id='word_1_206' title='bbox 943 1770 1160 1840; x_wconf 87' lang='lat' dir='ltr'><strong>quidem</strong></span> <span class='ocrx_word' id='word_1_207' title='bbox 1204 1771 1270 1825; x_wconf 89' lang='lat' dir='ltr'><strong>ad</strong></span> <span class='ocrx_word' id='word_1_208' title='bbox 1328 1773 1659 1841; x_wconf 86' lang='lat' dir='ltr'><strong>propositum</strong></span> <span class='ocrx_word' id='word_1_209' title='bbox 1696 1742 1738 1799; x_wconf 71' lang='grc' dir='ltr'><strong>Β</strong></span> <span class='ocrx_word' id='word_1_210' title='bbox 1766 1777 1981 1823; x_wconf 61' lang='lat' dir='ltr'><strong>(eterna:</strong></span> <span class='ocrx_word' id='word_1_211' title='bbox 2009 1771 2156 1838; x_wconf 90' lang='lat' dir='ltr'><strong>pacis</strong></span> <span class='ocrx_word' id='word_1_212' title='bbox 2182 1771 2443 1835; x_wconf 88' lang='lat' dir='ltr'><strong>inveniat,</strong></span> <span class='ocrx_word' id='word_1_213' title='bbox 2472 1786 2649 1832; x_wconf 89' lang='lat' dir='ltr'><strong>amen,</strong></span> <span class='ocrx_word' id='word_1_214' title='bbox 2682 1785 2862 1829; x_wconf 81' lang='lat' dir='ltr'><strong>amen.</strong></span> <span class='ocrx_word' id='word_1_215' title='bbox 2890 1785 3069 1823; x_wconf 74' lang='lat' dir='ltr'><strong>ante&quot;.</strong></span> 
     </span>
    </p>
   </div>
   <div class='ocr_carea' id='block_1_34' title="bbox 91 1860 1661 1932">
    <p class='ocr_par' dir='ltr' id='par_1_34' title="bbox 91 1860 1661 1932">
     <span class='ocr_line' id='line_1_34' title="bbox 91 1860 1661 1932; baseline 0.008 -25"><span class='ocrx_word' id='word_1_216' title='bbox 91 1866 312 1911; x_wconf 87' lang='lat' dir='ltr'><strong>vestrum</strong></span> <span class='ocrx_word' id='word_1_217' title='bbox 346 1860 589 1914; x_wconf 90' lang='lat' dir='ltr'><strong>transire</strong></span> <span class='ocrx_word' id='word_1_218' title='bbox 632 1875 737 1915; x_wconf 92' lang='lat' dir='ltr'><strong>non</strong></span> <span class='ocrx_word' id='word_1_219' title='bbox 773 1862 1038 1932; x_wconf 81' lang='lat' dir='ltr'><strong>cogimus,</strong></span> <span class='ocrx_word' id='word_1_220' title='bbox 1074 1865 1166 1918; x_wconf 90' lang='lat' dir='ltr'><strong>sed</strong></span> <span class='ocrx_word' id='word_1_221' title='bbox 1196 1864 1302 1918; x_wconf 90' lang='lat' dir='ltr'><strong>illis</strong></span> <span class='ocrx_word' id='word_1_222' title='bbox 1331 1873 1423 1917; x_wconf 91' lang='lat' dir='ltr'><strong>aut</strong></span> <span class='ocrx_word' id='word_1_223' title='bbox 1459 1864 1528 1919; x_wconf 90' lang='lat' dir='ltr'><strong>ad</strong></span> <span class='ocrx_word' id='word_1_224' title='bbox 1574 1878 1661 1918; x_wconf 91' lang='lat' dir='ltr'><strong>re-</strong></span> 
     </span>
    </p>
   </div>
   <div class='ocr_carea' id='block_1_35' title="bbox 91 1949 1664 2023">
    <p class='ocr_par' dir='ltr' id='par_1_35' title="bbox 91 1949 1664 2023">
     <span class='ocr_line' id='line_1_35' title="bbox 91 1949 1664 2023; baseline 0.005 -24"><span class='ocrx_word' id='word_1_225' title='bbox 91 1949 311 2014; x_wconf 82' lang='lat' dir='ltr'><strong>gularem</strong></span> <span class='ocrx_word' id='word_1_226' title='bbox 342 1949 515 2002; x_wconf 88' lang='lat' dir='ltr'><strong>vitam</strong></span> <span class='ocrx_word' id='word_1_227' title='bbox 563 1952 861 2017; x_wconf 83' lang='lat' dir='ltr'><strong>conversis,</strong></span> <span class='ocrx_word' id='word_1_228' title='bbox 902 1962 995 2007; x_wconf 87' lang='lat' dir='ltr'><strong>aut</strong></span> <span class='ocrx_word' id='word_1_229' title='bbox 1026 1954 1223 2007; x_wconf 63' lang='lat' dir='ltr'><strong>sarculo</strong></span> <span class='ocrx_word' id='word_1_230' title='bbox 1269 1954 1664 2023; x_wconf 85' lang='lat' dir='ltr'><strong>etnigrantibus</strong></span> 
     </span>
    </p>
   </div>
   <div class='ocr_carea' id='block_1_36' title="bbox 90 2041 1662 2112">
    <p class='ocr_par' dir='ltr' id='par_1_36' title="bbox 90 2041 1662 2112">
     <span class='ocr_line' id='line_1_36' title="bbox 90 2041 1662 2112; baseline 0.003 -17"><span class='ocrx_word' id='word_1_231' title='bbox 90 2054 260 2095; x_wconf 85' lang='lat' dir='ltr'><strong>eorum</strong></span> <span class='ocrx_word' id='word_1_232' title='bbox 291 2041 540 2096; x_wconf 87' lang='lat' dir='ltr'><strong>honores</strong></span> <span class='ocrx_word' id='word_1_233' title='bbox 567 2043 682 2097; x_wconf 90' lang='lat' dir='ltr'><strong>sive</strong></span> <span class='ocrx_word' id='word_1_234' title='bbox 712 2045 1082 2112; x_wconf 88' lang='lat' dir='ltr'><strong>possessiones</strong></span> <span class='ocrx_word' id='word_1_235' title='bbox 1111 2045 1515 2101; x_wconf 84' lang='lat' dir='ltr'><strong>ecclesiasticas</strong></span> <span class='ocrx_word' id='word_1_236' title='bbox 1540 2062 1662 2101; x_wconf 92' lang='lat' dir='ltr'><strong>cum</strong></span> 
     </span>
    </p>
   </div>
   <div class='ocr_carea' id='block_1_37' title="bbox 93 2131 1666 2207">
    <p class='ocr_par' dir='ltr' id='par_1_37' title="bbox 93 2131 1666 2207">
     <span class='ocr_line' id='line_1_37' title="bbox 93 2131 1666 2207; baseline 0.004 -23"><span class='ocrx_word' id='word_1_237' title='bbox 93 2131 193 2184; x_wconf 88' lang='lat' dir='ltr'><strong>suis</strong></span> <span class='ocrx_word' id='word_1_238' title='bbox 215 2131 529 2197; x_wconf 81' lang='lat' dir='ltr'><strong>augmentis</strong></span> <span class='ocrx_word' id='word_1_239' title='bbox 565 2132 680 2187; x_wconf 90' lang='lat' dir='ltr'><strong>sive</strong></span> <span class='ocrx_word' id='word_1_240' title='bbox 727 2133 1214 2200; x_wconf 83' lang='lat' dir='ltr'><strong>meliorationibus,</strong></span> <span class='ocrx_word' id='word_1_241' title='bbox 1242 2143 1296 2190; x_wconf 90' lang='lat' dir='ltr'><strong>et</strong></span> <span class='ocrx_word' id='word_1_242' title='bbox 1347 2146 1522 2191; x_wconf 85' lang='lat' dir='ltr'><strong>terras</strong></span> <span class='ocrx_word' id='word_1_243' title='bbox 1546 2152 1666 2207; x_wconf 69' lang='lat' dir='ltr'><strong>qum</strong></span> 
     </span>
    </p>
   </div>
   <div class='ocr_carea' id='block_1_38' title="bbox 93 2219 1663 2295">
    <p class='ocr_par' dir='ltr' id='par_1_38' title="bbox 93 2219 1663 2295">
     <span class='ocr_line' id='line_1_38' title="bbox 93 2219 1663 2295; baseline 0.006 -23"><span class='ocrx_word' id='word_1_244' title='bbox 93 2219 325 2287; x_wconf 72' lang='lat' dir='ltr'><strong>deinceps</strong></span> <span class='ocrx_word' id='word_1_245' title='bbox 343 2229 546 2275; x_wconf 79' lang='lat' dir='ltr'><strong>vestra:</strong></span> <span class='ocrx_word' id='word_1_246' title='bbox 569 2222 825 2278; x_wconf 70' lang='lat' dir='ltr'><strong>Ecclesim</strong></span> <span class='ocrx_word' id='word_1_247' title='bbox 848 2223 987 2277; x_wconf 62' lang='lat' dir='ltr'><strong>datae</strong></span> <span class='ocrx_word' id='word_1_248' title='bbox 1010 2223 1234 2289; x_wconf 89' lang='lat' dir='ltr'><strong>fuerint,</strong></span> <span class='ocrx_word' id='word_1_249' title='bbox 1259 2225 1311 2278; x_wconf 91' lang='lat' dir='ltr'><strong>in</strong></span> <span class='ocrx_word' id='word_1_250' title='bbox 1339 2226 1663 2295; x_wconf 86' lang='lat' dir='ltr'><strong>regularinnt</strong></span> 
     </span>
    </p>
   </div>
   <div class='ocr_carea' id='block_1_39' title="bbox 98 2312 1668 2384">
    <p class='ocr_par' dir='ltr' id='par_1_39' title="bbox 98 2312 1668 2384">
     <span class='ocr_line' id='line_1_39' title="bbox 98 2312 1668 2384; baseline 0.008 -24"><span class='ocrx_word' id='word_1_251' title='bbox 98 2312 304 2362; x_wconf 80' lang='lat' dir='ltr'><strong>fratrum</strong></span> <span class='ocrx_word' id='word_1_252' title='bbox 356 2312 765 2379; x_wconf 85' lang='lat' dir='ltr'><strong>possessionem</strong></span> <span class='ocrx_word' id='word_1_253' title='bbox 811 2315 1007 2369; x_wconf 90' lang='lat' dir='ltr'><strong>cedere</strong></span> <span class='ocrx_word' id='word_1_254' title='bbox 1042 2316 1295 2384; x_wconf 79' lang='lat' dir='ltr'><strong>praesenti</strong></span> <span class='ocrx_word' id='word_1_255' title='bbox 1342 2318 1668 2372; x_wconf 85' lang='lat' dir='ltr'><strong>auctoritate</strong></span> 
     </span>
    </p>
   </div>
   <div class='ocr_carea' id='block_1_40' title="bbox 96 2405 1669 2475">
    <p class='ocr_par' dir='ltr' id='par_1_40' title="bbox 96 2405 1669 2475">
     <span class='ocr_line' id='line_1_40' title="bbox 96 2405 1669 2475; baseline 0.006 -21"><span class='ocrx_word' id='word_1_256' title='bbox 96 2417 391 2467; x_wconf 82' lang='lat' dir='ltr'><strong>censemus,</strong></span> <span class='ocrx_word' id='word_1_257' title='bbox 423 2413 487 2457; x_wconf 88' lang='lat' dir='ltr'><strong>et</strong></span> <span class='ocrx_word' id='word_1_258' title='bbox 517 2405 721 2459; x_wconf 93' lang='lat' dir='ltr'><strong>nullum</strong></span> <span class='ocrx_word' id='word_1_259' title='bbox 754 2406 1011 2475; x_wconf 88' lang='lat' dir='ltr'><strong>deinceps</strong></span> <span class='ocrx_word' id='word_1_260' title='bbox 1038 2407 1236 2461; x_wconf 89' lang='lat' dir='ltr'><strong>ibidem</strong></span> <span class='ocrx_word' id='word_1_261' title='bbox 1264 2406 1381 2462; x_wconf 86' lang='lat' dir='ltr'><strong>ﬁeri</strong></span> <span class='ocrx_word' id='word_1_262' title='bbox 1414 2409 1493 2462; x_wconf 87' lang='lat' dir='ltr'><strong>vel</strong></span> <span class='ocrx_word' id='word_1_263' title='bbox 1524 2409 1669 2463; x_wconf 87' lang='lat' dir='ltr'><strong>ordi-</strong></span> 
     </span>
    </p>
   </div>
   <div class='ocr_carea' id='block_1_41' title="bbox 102 2490 1671 2569">
    <p class='ocr_par' dir='ltr' id='par_1_41' title="bbox 102 2490 1671 2569">
     <span class='ocr_line' id='line_1_41' title="bbox 102 2490 1671 2569; baseline 0.006 -25"><span class='ocrx_word' id='word_1_264' title='bbox 102 2490 206 2546; x_wconf 87' lang='lat' dir='ltr'><strong>uari</strong></span> <span class='ocrx_word' id='word_1_265' title='bbox 231 2493 579 2560; x_wconf 87' lang='lat' dir='ltr'><strong>canonicum,</strong></span> <span class='ocrx_word' id='word_1_266' title='bbox 614 2495 716 2551; x_wconf 89' lang='lat' dir='ltr'><strong>nisi</strong></span> <span class='ocrx_word' id='word_1_267' title='bbox 744 2497 836 2566; x_wconf 92' lang='lat' dir='ltr'><strong>qui</strong></span> <span class='ocrx_word' id='word_1_268' title='bbox 865 2512 924 2552; x_wconf 89' lang='lat' dir='ltr'><strong>se</strong></span> <span class='ocrx_word' id='word_1_269' title='bbox 954 2499 1217 2554; x_wconf 91' lang='lat' dir='ltr'><strong>canonice</strong></span> <span class='ocrx_word' id='word_1_270' title='bbox 1244 2500 1514 2555; x_wconf 89' lang='lat' dir='ltr'><strong>victurum</strong></span> <span class='ocrx_word' id='word_1_271' title='bbox 1546 2514 1671 2569; x_wconf 81' lang='lat' dir='ltr'><strong>pro-</strong></span> 
     </span>
    </p>
   </div>
   <div class='ocr_carea' id='block_1_42' title="bbox 103 2580 1670 2661">
    <p class='ocr_par' dir='ltr' id='par_1_42' title="bbox 103 2580 1670 2661">
     <span class='ocr_line' id='line_1_42' title="bbox 103 2580 1670 2661; baseline 0.007 -26"><span class='ocrx_word' id='word_1_272' title='bbox 103 2580 256 2638; x_wconf 81' lang='lat' dir='ltr'><strong>fessus</strong></span> <span class='ocrx_word' id='word_1_273' title='bbox 304 2586 495 2641; x_wconf 81' lang='lat' dir='ltr'><strong>fuerit.</strong></span> <span class='ocrx_word' id='word_1_274' title='bbox 551 2587 821 2658; x_wconf 83' lang='lat' dir='ltr'><strong>Quidquid</strong></span> <span class='ocrx_word' id='word_1_275' title='bbox 867 2601 1128 2661; x_wconf 66' lang='lat' dir='ltr'><strong>prmterea</strong></span> <span class='ocrx_word' id='word_1_276' title='bbox 1170 2591 1444 2648; x_wconf 89' lang='lat' dir='ltr'><strong>confrater</strong></span> <span class='ocrx_word' id='word_1_277' title='bbox 1484 2602 1670 2647; x_wconf 87' lang='lat' dir='ltr'><strong>noster</strong></span> 
     </span>
    </p>
   </div>
   <div class='ocr_carea' id='block_1_43' title="bbox 98 2679 1669 2752">
    <p class='ocr_par' dir='ltr' id='par_1_43' title="bbox 98 2679 1669 2752">
     <span class='ocr_line' id='line_1_43' title="bbox 98 2679 1669 2752; baseline 0.003 -20"><span class='ocrx_word' id='word_1_278' title='bbox 98 2679 401 2734; x_wconf 68' lang='lat' dir='ltr'><strong>Godcfrialus</strong></span> <span class='ocrx_word' id='word_1_279' title='bbox 432 2691 625 2736; x_wconf 82' lang='lat' dir='ltr'><strong>vester</strong></span> <span class='ocrx_word' id='word_1_280' title='bbox 660 2682 952 2752; x_wconf 84' lang='lat' dir='ltr'><strong>episcOpus</strong></span> <span class='ocrx_word' id='word_1_281' title='bbox 993 2683 1044 2737; x_wconf 92' lang='lat' dir='ltr'><strong>in</strong></span> <span class='ocrx_word' id='word_1_282' title='bbox 1079 2699 1233 2739; x_wconf 91' lang='lat' dir='ltr'><strong>nsum</strong></span> <span class='ocrx_word' id='word_1_283' title='bbox 1278 2684 1447 2750; x_wconf 91' lang='lat' dir='ltr'><strong>dedit,</strong></span> <span class='ocrx_word' id='word_1_284' title='bbox 1494 2685 1669 2740; x_wconf 86' lang='lat' dir='ltr'><strong>eccle-</strong></span> 
     </span>
    </p>
   </div>
   <div class='ocr_carea' id='block_1_44' title="bbox 98 2769 1670 2842">
    <p class='ocr_par' dir='ltr' id='par_1_44' title="bbox 98 2769 1670 2842">
     <span class='ocr_line' id='line_1_44' title="bbox 98 2769 1670 2842; baseline 0.007 -23"><span class='ocrx_word' id='word_1_285' title='bbox 98 2769 191 2821; x_wconf 73' lang='lat' dir='ltr'><strong>s‘as</strong></span> <span class='ocrx_word' id='word_1_286' title='bbox 223 2769 476 2825; x_wconf 74' lang='lat' dir='ltr'><strong>videlicet</strong></span> <span class='ocrx_word' id='word_1_287' title='bbox 505 2771 572 2825; x_wconf 90' lang='lat' dir='ltr'><strong>de</strong></span> <span class='ocrx_word' id='word_1_288' title='bbox 607 2770 909 2835; x_wconf 84' lang='lat' dir='ltr'><strong>Villanova,</strong></span> <span class='ocrx_word' id='word_1_289' title='bbox 952 2774 1018 2826; x_wconf 87' lang='lat' dir='ltr'><strong>de</strong></span> <span class='ocrx_word' id='word_1_290' title='bbox 1064 2772 1563 2842; x_wconf 79' lang='lat' dir='ltr'><strong>illontepessnlano,</strong></span> <span class='ocrx_word' id='word_1_291' title='bbox 1602 2775 1670 2830; x_wconf 90' lang='lat' dir='ltr'><strong>dc</strong></span> 
     </span>
    </p>
   </div>
   <div class='ocr_carea' id='block_1_45' title="bbox 98 2856 1669 2927">
    <p class='ocr_par' dir='ltr' id='par_1_45' title="bbox 98 2856 1669 2927">
     <span class='ocr_line' id='line_1_45' title="bbox 98 2856 1669 2927; baseline 0.007 -19"><span class='ocrx_word' id='word_1_292' title='bbox 98 2856 328 2925; x_wconf 75' lang='lat' dir='ltr'><strong>tiigeano,</strong></span> <span class='ocrx_word' id='word_1_293' title='bbox 363 2875 495 2915; x_wconf 90' lang='lat' dir='ltr'><strong>cum</strong></span> <span class='ocrx_word' id='word_1_294' title='bbox 528 2860 891 2916; x_wconf 88' lang='lat' dir='ltr'><strong>decimatione</strong></span> <span class='ocrx_word' id='word_1_295' title='bbox 938 2862 1079 2916; x_wconf 67' lang='lat' dir='ltr'><strong>villa:</strong></span> <span class='ocrx_word' id='word_1_296' title='bbox 1120 2862 1376 2927; x_wconf 85' lang='lat' dir='ltr'><strong>Paderni,</strong></span> <span class='ocrx_word' id='word_1_297' title='bbox 1408 2864 1669 2919; x_wconf 89' lang='lat' dir='ltr'><strong>ecclesias</strong></span> 
     </span>
    </p>
   </div>
   <div class='ocr_carea' id='block_1_46' title="bbox 101 2949 1672 3018">
    <p class='ocr_par' dir='ltr' id='par_1_46' title="bbox 101 2949 1672 3018">
     <span class='ocr_line' id='line_1_46' title="bbox 101 2949 1672 3018; baseline 0.008 -17"><span class='ocrx_word' id='word_1_298' title='bbox 101 2949 150 3002; x_wconf 87' lang='lat' dir='ltr'><strong>S.</strong></span> <span class='ocrx_word' id='word_1_299' title='bbox 186 2951 391 3007; x_wconf 75' lang='lat' dir='ltr'><strong>Eulalia:</strong></span> <span class='ocrx_word' id='word_1_300' title='bbox 440 2960 502 3008; x_wconf 86' lang='lat' dir='ltr'><strong>et</strong></span> <span class='ocrx_word' id='word_1_301' title='bbox 546 2952 828 3009; x_wconf 74' lang='lat' dir='ltr'><strong>Leocadia:</strong></span> <span class='ocrx_word' id='word_1_302' title='bbox 871 2954 937 3009; x_wconf 91' lang='lat' dir='ltr'><strong>de</strong></span> <span class='ocrx_word' id='word_1_303' title='bbox 970 2955 1136 3018; x_wconf 84' lang='lat' dir='ltr'><strong>Valle,</strong></span> <span class='ocrx_word' id='word_1_304' title='bbox 1191 2954 1248 3011; x_wconf 98' lang='grc'><strong>8.</strong></span> <span class='ocrx_word' id='word_1_305' title='bbox 1296 2955 1575 3011; x_wconf 86' lang='lat' dir='ltr'><strong>Michaelis</strong></span> <span class='ocrx_word' id='word_1_306' title='bbox 1605 2956 1672 3013; x_wconf 87' lang='lat' dir='ltr'><strong>de</strong></span> 
     </span>
    </p>
   </div>
   <div class='ocr_carea' id='block_1_47' title="bbox 101 3044 1669 3112">
    <p class='ocr_par' dir='ltr' id='par_1_47' title="bbox 101 3044 1669 3112">
     <span class='ocr_line' id='line_1_47' title="bbox 101 3044 1669 3112; baseline 0.006 -17"><span class='ocrx_word' id='word_1_307' title='bbox 101 3044 364 3111; x_wconf 81' lang='lat' dir='ltr'><strong>Mouteilio,</strong></span> <span class='ocrx_word' id='word_1_308' title='bbox 420 3048 488 3100; x_wconf 74' lang='lat' dir='ltr'><strong>S.</strong></span> <span class='ocrx_word' id='word_1_309' title='bbox 525 3046 755 3103; x_wconf 80' lang='lat' dir='ltr'><strong>Joannis</strong></span> <span class='ocrx_word' id='word_1_310' title='bbox 803 3048 869 3103; x_wconf 89' lang='lat' dir='ltr'><strong>de</strong></span> <span class='ocrx_word' id='word_1_311' title='bbox 917 3047 1160 3112; x_wconf 87' lang='lat' dir='ltr'><strong>Cueone,</strong></span> <span class='ocrx_word' id='word_1_312' title='bbox 1222 3049 1280 3104; x_wconf 88' lang='lat' dir='ltr'><strong>S.</strong></span> <span class='ocrx_word' id='word_1_313' title='bbox 1334 3049 1571 3103; x_wconf 82' lang='lat' dir='ltr'><strong>Marcelli</strong></span> <span class='ocrx_word' id='word_1_314' title='bbox 1605 3052 1669 3105; x_wconf 87' lang='lat' dir='ltr'><strong>de</strong></span> 
     </span>
    </p>
   </div>
   <div class='ocr_carea' id='block_1_48' title="bbox 101 3135 1669 3205">
    <p class='ocr_par' dir='ltr' id='par_1_48' title="bbox 101 3135 1669 3205">
     <span class='ocr_line' id='line_1_48' title="bbox 101 3135 1669 3205; baseline 0.008 -20"><span class='ocrx_word' id='word_1_315' title='bbox 101 3135 348 3202; x_wconf 76' lang='lat' dir='ltr'><strong>fratribus,</strong></span> <span class='ocrx_word' id='word_1_316' title='bbox 374 3137 434 3193; x_wconf 85' lang='lat' dir='ltr'><strong>S.</strong></span> <span class='ocrx_word' id='word_1_317' title='bbox 456 3138 690 3194; x_wconf 76' lang='lat' dir='ltr'><strong>Andrea:</strong></span> <span class='ocrx_word' id='word_1_318' title='bbox 719 3139 785 3194; x_wconf 93' lang='lat' dir='ltr'><strong>de</strong></span> <span class='ocrx_word' id='word_1_319' title='bbox 810 3139 1087 3205; x_wconf 80' lang='lat' dir='ltr'><strong>Manrone,</strong></span> <span class='ocrx_word' id='word_1_320' title='bbox 1113 3142 1170 3195; x_wconf 86' lang='lat' dir='ltr'><strong>S.</strong></span> <span class='ocrx_word' id='word_1_321' title='bbox 1196 3140 1340 3195; x_wconf 88' lang='lat' dir='ltr'><strong>Petri</strong></span> <span class='ocrx_word' id='word_1_322' title='bbox 1372 3142 1439 3196; x_wconf 91' lang='lat' dir='ltr'><strong>de</strong></span> <span class='ocrx_word' id='word_1_323' title='bbox 1467 3141 1669 3197; x_wconf 87' lang='lat' dir='ltr'><strong>Monte-</strong></span> 
     </span>
    </p>
   </div>
   <div class='ocr_carea' id='block_1_49' title="bbox 101 3230 1668 3304">
    <p class='ocr_par' dir='ltr' id='par_1_49' title="bbox 101 3230 1668 3304">
     <span class='ocr_line' id='line_1_49' title="bbox 101 3230 1668 3304; baseline 0.004 -22"><span class='ocrx_word' id='word_1_324' title='bbox 101 3230 377 3298; x_wconf 76' lang='lat' dir='ltr'><strong>Arbedone,</strong></span> <span class='ocrx_word' id='word_1_325' title='bbox 434 3233 501 3287; x_wconf 90' lang='lat' dir='ltr'><strong>S.</strong></span> <span class='ocrx_word' id='word_1_326' title='bbox 554 3231 740 3286; x_wconf 87' lang='lat' dir='ltr'><strong>Ililarii</strong></span> <span class='ocrx_word' id='word_1_327' title='bbox 777 3233 843 3287; x_wconf 88' lang='lat' dir='ltr'><strong>de</strong></span> <span class='ocrx_word' id='word_1_328' title='bbox 892 3233 1267 3302; x_wconf 77' lang='lat' dir='ltr'><strong>Centrauegis,</strong></span> <span class='ocrx_word' id='word_1_329' title='bbox 1320 3235 1377 3289; x_wconf 89' lang='lat' dir='ltr'><strong>S.</strong></span> <span class='ocrx_word' id='word_1_330' title='bbox 1411 3235 1668 3304; x_wconf 86' lang='lat' dir='ltr'><strong>Stephani</strong></span> 
     </span>
    </p>
   </div>
   <div class='ocr_carea' id='block_1_50' title="bbox 101 3316 1673 3387">
    <p class='ocr_par' dir='ltr' id='par_1_50' title="bbox 101 3316 1673 3387">
     <span class='ocr_line' id='line_1_50' title="bbox 101 3316 1673 3387; baseline 0.009 -20"><span class='ocrx_word' id='word_1_331' title='bbox 101 3318 156 3370; x_wconf 82' lang='lat' dir='ltr'><strong>de</strong></span> <span class='ocrx_word' id='word_1_332' title='bbox 181 3316 474 3385; x_wconf 85' lang='lat' dir='ltr'><strong>Bczanicis,</strong></span> <span class='ocrx_word' id='word_1_333' title='bbox 528 3321 586 3377; x_wconf 87' lang='lat' dir='ltr'><strong>S.</strong></span> <span class='ocrx_word' id='word_1_334' title='bbox 621 3321 849 3378; x_wconf 85' lang='lat' dir='ltr'><strong>Joannis</strong></span> <span class='ocrx_word' id='word_1_335' title='bbox 885 3325 950 3378; x_wconf 92' lang='lat' dir='ltr'><strong>de</strong></span> <span class='ocrx_word' id='word_1_336' title='bbox 985 3324 1221 3387; x_wconf 85' lang='lat' dir='ltr'><strong>Vedace,</strong></span> <span class='ocrx_word' id='word_1_337' title='bbox 1270 3324 1329 3379; x_wconf 90' lang='lat' dir='ltr'><strong>S.</strong></span> <span class='ocrx_word' id='word_1_338' title='bbox 1361 3325 1559 3380; x_wconf 88' lang='lat' dir='ltr'><strong>Felicis</strong></span> <span class='ocrx_word' id='word_1_339' title='bbox 1607 3326 1673 3381; x_wconf 89' lang='lat' dir='ltr'><strong>de</strong></span> 
     </span>
    </p>
   </div>
   <div class='ocr_carea' id='block_1_51' title="bbox 104 3408 1672 3489">
    <p class='ocr_par' dir='ltr' id='par_1_51' title="bbox 104 3408 1672 3489">
     <span class='ocr_line' id='line_1_51' title="bbox 104 3408 1672 3489; baseline 0.006 -29"><span class='ocrx_word' id='word_1_340' title='bbox 104 3408 307 3475; x_wconf 77' lang='lat' dir='ltr'><strong>Veruna,</strong></span> <span class='ocrx_word' id='word_1_341' title='bbox 357 3414 414 3489; x_wconf 75' lang='grc'><strong>8.</strong></span> <span class='ocrx_word' id='word_1_342' title='bbox 464 3412 722 3484; x_wconf 88' lang='lat' dir='ltr'><strong>Stephani</strong></span> <span class='ocrx_word' id='word_1_343' title='bbox 761 3415 825 3470; x_wconf 90' lang='lat' dir='ltr'><strong>de</strong></span> <span class='ocrx_word' id='word_1_344' title='bbox 880 3416 1154 3485; x_wconf 85' lang='lat' dir='ltr'><strong>Pignano,</strong></span> <span class='ocrx_word' id='word_1_345' title='bbox 1211 3416 1269 3470; x_wconf 88' lang='grc'><strong>8.</strong></span> <span class='ocrx_word' id='word_1_346' title='bbox 1328 3416 1550 3471; x_wconf 87' lang='lat' dir='ltr'><strong>Joannis</strong></span> <span class='ocrx_word' id='word_1_347' title='bbox 1607 3417 1672 3470; x_wconf 86' lang='lat' dir='ltr'><strong>de</strong></span> 
     </span>
    </p>
   </div>
   <div class='ocr_carea' id='block_1_52' title="bbox 106 3500 1670 3579">
    <p class='ocr_par' dir='ltr' id='par_1_52' title="bbox 106 3500 1670 3579">
     <span class='ocr_line' id='line_1_52' title="bbox 106 3500 1670 3579; baseline 0.006 -28"><span class='ocrx_word' id='word_1_348' title='bbox 106 3500 231 3562; x_wconf 70' lang='lat' dir='ltr'><strong>liuia,</strong></span> <span class='ocrx_word' id='word_1_349' title='bbox 257 3512 309 3558; x_wconf 84' lang='lat' dir='ltr'><strong>et</strong></span> <span class='ocrx_word' id='word_1_350' title='bbox 337 3505 393 3558; x_wconf 89' lang='lat' dir='ltr'><strong>S.</strong></span> <span class='ocrx_word' id='word_1_351' title='bbox 431 3506 690 3571; x_wconf 66' lang='lat' dir='ltr'><strong>Andrem,</strong></span> <span class='ocrx_word' id='word_1_352' title='bbox 721 3516 775 3561; x_wconf 89' lang='lat' dir='ltr'><strong>et</strong></span> <span class='ocrx_word' id='word_1_353' title='bbox 802 3508 859 3561; x_wconf 14' lang='lat' dir='ltr'><strong>Si.</strong></span> <span class='ocrx_word' id='word_1_354' title='bbox 898 3507 1137 3579; x_wconf 80' lang='lat' dir='ltr'><strong>Dionysii</strong></span> <span class='ocrx_word' id='word_1_355' title='bbox 1169 3509 1236 3563; x_wconf 82' lang='lat' dir='ltr'><strong>tle</strong></span> <span class='ocrx_word' id='word_1_356' title='bbox 1267 3508 1670 3563; x_wconf 62' lang='lat' dir='ltr'><strong>Monte-Fistul-</strong></span> 
     </span>
    </p>
   </div>
   <div class='ocr_carea' id='block_1_53' title="bbox 107 3591 1668 3669">
    <p class='ocr_par' dir='ltr' id='par_1_53' title="bbox 107 3591 1668 3669">
     <span class='ocr_line' id='line_1_53' title="bbox 107 3591 1668 3669; baseline 0.006 -27"><span class='ocrx_word' id='word_1_357' title='bbox 107 3591 272 3658; x_wconf 85' lang='lat' dir='ltr'><strong>lereto,</strong></span> <span class='ocrx_word' id='word_1_358' title='bbox 303 3594 358 3649; x_wconf 92' lang='grc'><strong>8.</strong></span> <span class='ocrx_word' id='word_1_359' title='bbox 390 3596 615 3651; x_wconf 85' lang='lat' dir='ltr'><strong>Martini</strong></span> <span class='ocrx_word' id='word_1_360' title='bbox 653 3599 718 3652; x_wconf 86' lang='lat' dir='ltr'><strong>de</strong></span> <span class='ocrx_word' id='word_1_361' title='bbox 757 3598 1015 3663; x_wconf 85' lang='lat' dir='ltr'><strong>Pruneto,</strong></span> <span class='ocrx_word' id='word_1_362' title='bbox 1054 3614 1243 3654; x_wconf 90' lang='lat' dir='ltr'><strong>omnes</strong></span> <span class='ocrx_word' id='word_1_363' title='bbox 1270 3614 1393 3654; x_wconf 90' lang='lat' dir='ltr'><strong>cum</strong></span> <span class='ocrx_word' id='word_1_364' title='bbox 1426 3600 1668 3669; x_wconf 81' lang='lat' dir='ltr'><strong>capellis,</strong></span> 
     </span>
    </p>
   </div>
   <div class='ocr_carea' id='block_1_54' title="bbox 106 3685 1671 3761">
    <p class='ocr_par' dir='ltr' id='par_1_54' title="bbox 106 3685 1671 3761">
     <span class='ocr_line' id='line_1_54' title="bbox 106 3685 1671 3761; baseline 0.006 -26"><span class='ocrx_word' id='word_1_365' title='bbox 106 3696 210 3735; x_wconf 90' lang='lat' dir='ltr'><strong>cum</strong></span> <span class='ocrx_word' id='word_1_366' title='bbox 231 3685 447 3743; x_wconf 81' lang='lat' dir='ltr'><strong>decimis</strong></span> <span class='ocrx_word' id='word_1_367' title='bbox 479 3697 534 3742; x_wconf 89' lang='lat' dir='ltr'><strong>et</strong></span> <span class='ocrx_word' id='word_1_368' title='bbox 558 3689 941 3755; x_wconf 89' lang='lat' dir='ltr'><strong>oblationibus,</strong></span> <span class='ocrx_word' id='word_1_369' title='bbox 966 3700 1022 3745; x_wconf 91' lang='lat' dir='ltr'><strong>et</strong></span> <span class='ocrx_word' id='word_1_370' title='bbox 1044 3690 1256 3745; x_wconf 90' lang='lat' dir='ltr'><strong>allodiis</strong></span> <span class='ocrx_word' id='word_1_371' title='bbox 1287 3691 1421 3758; x_wconf 89' lang='lat' dir='ltr'><strong>suis,</strong></span> <span class='ocrx_word' id='word_1_372' title='bbox 1448 3699 1501 3744; x_wconf 93' lang='lat' dir='ltr'><strong>et</strong></span> <span class='ocrx_word' id='word_1_373' title='bbox 1528 3707 1671 3761; x_wconf 79' lang='lat' dir='ltr'><strong>qna:-</strong></span> 
     </span>
    </p>
   </div>
   <div class='ocr_carea' id='block_1_55' title="bbox 107 3780 1671 3853">
    <p class='ocr_par' dir='ltr' id='par_1_55' title="bbox 107 3780 1671 3853">
     <span class='ocr_line' id='line_1_55' title="bbox 107 3780 1671 3853; baseline 0.008 -27"><span class='ocrx_word' id='word_1_374' title='bbox 107 3790 289 3844; x_wconf 89' lang='lat' dir='ltr'><strong>cuuque</strong></span> <span class='ocrx_word' id='word_1_375' title='bbox 329 3780 589 3849; x_wconf 81' lang='lat' dir='ltr'><strong>deinceps</strong></span> <span class='ocrx_word' id='word_1_376' title='bbox 618 3781 851 3846; x_wconf 79' lang='lat' dir='ltr'><strong>dederit,</strong></span> <span class='ocrx_word' id='word_1_377' title='bbox 885 3799 983 3837; x_wconf 88' lang='lat' dir='ltr'><strong>nos</strong></span> <span class='ocrx_word' id='word_1_378' title='bbox 1014 3784 1167 3838; x_wconf 89' lang='lat' dir='ltr'><strong>vobis</strong></span> <span class='ocrx_word' id='word_1_379' title='bbox 1197 3784 1350 3839; x_wconf 91' lang='lat' dir='ltr'><strong>firme</strong></span> <span class='ocrx_word' id='word_1_380' title='bbox 1378 3793 1433 3839; x_wconf 88' lang='lat' dir='ltr'><strong>et</strong></span> <span class='ocrx_word' id='word_1_381' title='bbox 1464 3784 1671 3853; x_wconf 83' lang='lat' dir='ltr'><strong>integre</strong></span> 
     </span>
    </p>
   </div>
   <div class='ocr_carea' id='block_1_56' title="bbox 108 3873 1667 3942">
    <p class='ocr_par' dir='ltr' id='par_1_56' title="bbox 108 3873 1667 3942">
     <span class='ocr_line' id='line_1_56' title="bbox 108 3873 1667 3942; baseline 0.009 -27"><span class='ocrx_word' id='word_1_382' title='bbox 108 3880 395 3931; x_wconf 87' lang='lat' dir='ltr'><strong>permanere</strong></span> <span class='ocrx_word' id='word_1_383' title='bbox 423 3873 802 3927; x_wconf 89' lang='lat' dir='ltr'><strong>concedinms.</strong></span> <span class='ocrx_word' id='word_1_384' title='bbox 845 3873 1193 3942; x_wconf 71' lang='lat' dir='ltr'><strong>Prmcipimus</strong></span> <span class='ocrx_word' id='word_1_385' title='bbox 1222 3875 1386 3928; x_wconf 87' lang='lat' dir='ltr'><strong>etiam</strong></span> <span class='ocrx_word' id='word_1_386' title='bbox 1418 3889 1487 3929; x_wconf 90' lang='lat' dir='ltr'><strong>ne</strong></span> <span class='ocrx_word' id='word_1_387' title='bbox 1514 3877 1667 3931; x_wconf 91' lang='lat' dir='ltr'><strong>deiu-</strong></span> 
     </span>
    </p>
   </div>
   <div class='ocr_carea' id='block_1_57' title="bbox 109 3962 1669 4038">
    <p class='ocr_par' dir='ltr' id='par_1_57' title="bbox 109 3962 1669 4038">
     <span class='ocr_line' id='line_1_57' title="bbox 109 3962 1669 4038; baseline 0.008 -28"><span class='ocrx_word' id='word_1_388' title='bbox 109 3969 214 4025; x_wconf 68' lang='grc' dir='ltr'><strong>ροβε</strong></span> <span class='ocrx_word' id='word_1_389' title='bbox 236 3962 486 4031; x_wconf 88' lang='lat' dir='ltr'><strong>episcopo</strong></span> <span class='ocrx_word' id='word_1_390' title='bbox 512 3964 671 4018; x_wconf 82' lang='lat' dir='ltr'><strong>liceat</strong></span> <span class='ocrx_word' id='word_1_391' title='bbox 697 3965 811 4019; x_wconf 88' lang='lat' dir='ltr'><strong>sine</strong></span> <span class='ocrx_word' id='word_1_392' title='bbox 835 3975 1015 4021; x_wconf 83' lang='lat' dir='ltr'><strong>vestro</strong></span> <span class='ocrx_word' id='word_1_393' title='bbox 1037 3967 1264 4020; x_wconf 85' lang='lat' dir='ltr'><strong>consilio</strong></span> <span class='ocrx_word' id='word_1_394' title='bbox 1291 3966 1493 4037; x_wconf 88' lang='lat' dir='ltr'><strong>aliquid</strong></span> <span class='ocrx_word' id='word_1_395' title='bbox 1524 3970 1669 4038; x_wconf 89' lang='lat' dir='ltr'><strong>quod</strong></span> 
     </span>
    </p>
   </div>
   <div class='ocr_carea' id='block_1_58' title="bbox 111 4048 1671 4126">
    <p class='ocr_par' dir='ltr' id='par_1_58' title="bbox 111 4048 1671 4126">
     <span class='ocr_line' id='line_1_58' title="bbox 111 4048 1671 4126; baseline 0.01 -29"><span class='ocrx_word' id='word_1_396' title='bbox 111 4048 163 4098; x_wconf 87' lang='lat' dir='ltr'><strong>ad</strong></span> <span class='ocrx_word' id='word_1_397' title='bbox 185 4048 263 4112; x_wconf 87' lang='lat' dir='ltr'><strong>jus</strong></span> <span class='ocrx_word' id='word_1_398' title='bbox 296 4053 487 4121; x_wconf 83' lang='lat' dir='ltr'><strong>matris</strong></span> <span class='ocrx_word' id='word_1_399' title='bbox 518 4054 774 4109; x_wconf 64' lang='lat' dir='ltr'><strong>Ecclesiae</strong></span> <span class='ocrx_word' id='word_1_400' title='bbox 804 4056 1096 4125; x_wconf 88' lang='lat' dir='ltr'><strong>pertineat,</strong></span> <span class='ocrx_word' id='word_1_401' title='bbox 1124 4057 1378 4126; x_wconf 84' lang='lat' dir='ltr'><strong>cuiquam</strong></span> <span class='ocrx_word' id='word_1_402' title='bbox 1420 4058 1501 4112; x_wconf 91' lang='lat' dir='ltr'><strong>vel</strong></span> <span class='ocrx_word' id='word_1_403' title='bbox 1554 4073 1671 4113; x_wconf 89' lang='lat' dir='ltr'><strong>mo-</strong></span> 
     </span>
    </p>
   </div>
   <div class='ocr_carea' id='block_1_59' title="bbox 112 4140 1669 4217">
    <p class='ocr_par' dir='ltr' id='par_1_59' title="bbox 112 4140 1669 4217">
     <span class='ocr_line' id='line_1_59' title="bbox 112 4140 1669 4217; baseline 0.01 -29"><span class='ocrx_word' id='word_1_404' title='bbox 112 4140 406 4210; x_wconf 86' lang='lat' dir='ltr'><strong>nachorum,</strong></span> <span class='ocrx_word' id='word_1_405' title='bbox 441 4145 528 4199; x_wconf 86' lang='lat' dir='ltr'><strong>vel</strong></span> <span class='ocrx_word' id='word_1_406' title='bbox 564 4149 953 4201; x_wconf 90' lang='lat' dir='ltr'><strong>cauonicornm</strong></span> <span class='ocrx_word' id='word_1_407' title='bbox 1000 4149 1051 4201; x_wconf 91' lang='lat' dir='ltr'><strong>in</strong></span> <span class='ocrx_word' id='word_1_408' title='bbox 1105 4149 1500 4217; x_wconf 90' lang='lat' dir='ltr'><strong>possessionem</strong></span> <span class='ocrx_word' id='word_1_409' title='bbox 1541 4164 1669 4204; x_wconf 90' lang='lat' dir='ltr'><strong>con-</strong></span> 
     </span>
    </p>
   </div>
   <div class='ocr_carea' id='block_1_60' title="bbox 114 4230 1667 4307">
    <p class='ocr_par' dir='ltr' id='par_1_60' title="bbox 114 4230 1667 4307">
     <span class='ocr_line' id='line_1_60' title="bbox 114 4230 1667 4307; baseline 0.008 -26"><span class='ocrx_word' id='word_1_410' title='bbox 114 4230 314 4297; x_wconf 75' lang='lat' dir='ltr'><strong>cedere,</strong></span> <span class='ocrx_word' id='word_1_411' title='bbox 382 4236 541 4290; x_wconf 80' lang='lat' dir='ltr'><strong>aliter</strong></span> <span class='ocrx_word' id='word_1_412' title='bbox 597 4252 726 4291; x_wconf 91' lang='lat' dir='ltr'><strong>vero</strong></span> <span class='ocrx_word' id='word_1_413' title='bbox 777 4248 1055 4307; x_wconf 85' lang='lat' dir='ltr'><strong>acceptum</strong></span> <span class='ocrx_word' id='word_1_414' title='bbox 1114 4238 1328 4292; x_wconf 88' lang='lat' dir='ltr'><strong>irritutn</strong></span> <span class='ocrx_word' id='word_1_415' title='bbox 1380 4239 1667 4295; x_wconf 85' lang='lat' dir='ltr'><strong>habeatur.</strong></span> 
     </span>
    </p>
   </div>
   <div class='ocr_carea' id='block_1_61' title="bbox 117 4316 1667 4401">
    <p class='ocr_par' dir='ltr' id='par_1_61' title="bbox 117 4316 1667 4401">
     <span class='ocr_line' id='line_1_61' title="bbox 117 4316 1667 4401; baseline 0.012 -32"><span class='ocrx_word' id='word_1_416' title='bbox 117 4316 384 4380; x_wconf 72' lang='lat' dir='ltr'><strong>Decetlente</strong></span> <span class='ocrx_word' id='word_1_417' title='bbox 434 4330 713 4399; x_wconf 86' lang='lat' dir='ltr'><strong>episcopo,</strong></span> <span class='ocrx_word' id='word_1_418' title='bbox 746 4346 1079 4400; x_wconf 58' lang='lat' dir='ltr'><strong>quaecunque</strong></span> <span class='ocrx_word' id='word_1_419' title='bbox 1108 4332 1222 4401; x_wconf 86' lang='lat' dir='ltr'><strong>ejus</strong></span> <span class='ocrx_word' id='word_1_420' title='bbox 1270 4340 1394 4385; x_wconf 91' lang='lat' dir='ltr'><strong>sunt</strong></span> <span class='ocrx_word' id='word_1_421' title='bbox 1443 4334 1543 4386; x_wconf 92' lang='lat' dir='ltr'><strong>sub</strong></span> <span class='ocrx_word' id='word_1_422' title='bbox 1574 4348 1667 4387; x_wconf 86' lang='lat' dir='ltr'><strong>ve-</strong></span> 
     </span>
    </p>
   </div>
   <div class='ocr_carea' id='block_1_62' title="bbox 1840 1861 3353 1930">
    <p class='ocr_par' dir='ltr' id='par_1_62' title="bbox 1840 1861 3353 1930">
     <span class='ocr_line' id='line_1_62' title="bbox 1840 1861 3353 1930; baseline -0.001 -15"><span class='ocrx_word' id='word_1_423' title='bbox 1840 1862 2030 1915; x_wconf 89' lang='lat' dir='ltr'><strong>Datum</strong></span> <span class='ocrx_word' id='word_1_424' title='bbox 2086 1861 2381 1915; x_wconf 63' lang='lat' dir='ltr'><strong>Placentiae</strong></span> <span class='ocrx_word' id='word_1_425' title='bbox 2437 1878 2533 1930; x_wconf 83' lang='lat' dir='ltr'><strong>per</strong></span> <span class='ocrx_word' id='word_1_426' title='bbox 2583 1879 2802 1915; x_wconf 90' lang='lat' dir='ltr'><strong>manum</strong></span> <span class='ocrx_word' id='word_1_427' title='bbox 2845 1863 3101 1929; x_wconf 84' lang='lat' dir='ltr'><strong>Joannis,</strong></span> <span class='ocrx_word' id='word_1_428' title='bbox 3152 1869 3353 1916; x_wconf 77' lang='lat' dir='ltr'><strong>sancta:</strong></span> 
     </span>
    </p>
   </div>
   <div class='ocr_carea' id='block_1_63' title="bbox 1770 1950 3355 2020">
    <p class='ocr_par' dir='ltr' id='par_1_63' title="bbox 1770 1950 3355 2020">
     <span class='ocr_line' id='line_1_63' title="bbox 1770 1950 3355 2020; baseline -0.003 -14"><span class='ocrx_word' id='word_1_429' title='bbox 1770 1950 2029 2006; x_wconf 64' lang='lat' dir='ltr'><strong>Romamn</strong></span> <span class='ocrx_word' id='word_1_430' title='bbox 2075 1952 2332 2005; x_wconf 82' lang='lat' dir='ltr'><strong>Ecclesiae</strong></span> <span class='ocrx_word' id='word_1_431' title='bbox 2373 1952 2687 2016; x_wconf 88' lang='lat' dir='ltr'><strong>cardinalis,</strong></span> <span class='ocrx_word' id='word_1_432' title='bbox 2734 1953 2909 2020; x_wconf 84' lang='lat' dir='ltr'><strong>pridie</strong></span> <span class='ocrx_word' id='word_1_433' title='bbox 2935 1953 3056 2005; x_wconf 71' lang='lat' dir='ltr'><strong>ldus</strong></span> <span class='ocrx_word' id='word_1_434' title='bbox 3084 1952 3228 2013; x_wconf 80' lang='lat' dir='ltr'><strong>Maii,</strong></span> <span class='ocrx_word' id='word_1_435' title='bbox 3274 1952 3355 2003; x_wconf 84' lang='lat' dir='ltr'><strong>iu-</strong></span> 
     </span>
    </p>
   </div>
   <div class='ocr_carea' id='block_1_64' title="bbox 1769 2041 3353 2112">
    <p class='ocr_par' dir='ltr' id='par_1_64' title="bbox 1769 2041 3353 2112">
     <span class='ocr_line' id='line_1_64' title="bbox 1769 2041 3353 2112; baseline -0.003 -16"><span class='ocrx_word' id='word_1_436' title='bbox 1769 2044 1899 2097; x_wconf 89' lang='lat' dir='ltr'><strong>dict.</strong></span> <span class='ocrx_word' id='word_1_437' title='bbox 1942 2059 2023 2106; x_wconf 89' lang='lat' dir='ltr'><strong>ut,</strong></span> <span class='ocrx_word' id='word_1_438' title='bbox 2082 2059 2224 2097; x_wconf 89' lang='lat' dir='ltr'><strong>anno</strong></span> <span class='ocrx_word' id='word_1_439' title='bbox 2262 2044 2553 2097; x_wconf 61' lang='lat' dir='ltr'><strong>Dominicse</strong></span> <span class='ocrx_word' id='word_1_440' title='bbox 2591 2044 2860 2097; x_wconf 89' lang='lat' dir='ltr'><strong>lucarnat.</strong></span> <span class='ocrx_word' id='word_1_441' title='bbox 2913 2042 3090 2107; x_wconf 67' lang='lat'><strong>1095;</strong></span> <span class='ocrx_word' id='word_1_442' title='bbox 3143 2041 3353 2112; x_wconf 82' lang='lat' dir='ltr'><strong>pontifi-</strong></span> 
     </span>
    </p>
   </div>
   <div class='ocr_carea' id='block_1_65' title="bbox 1769 2134 3355 2203">
    <p class='ocr_par' dir='ltr' id='par_1_65' title="bbox 1769 2134 3355 2203">
     <span class='ocr_line' id='line_1_65' title="bbox 1769 2134 3355 2203; baseline 0 -14"><span class='ocrx_word' id='word_1_443' title='bbox 1769 2144 1922 2189; x_wconf 84' lang='lat' dir='ltr'><strong>catus</strong></span> <span class='ocrx_word' id='word_1_444' title='bbox 2001 2144 2184 2190; x_wconf 87' lang='lat' dir='ltr'><strong>aulcm</strong></span> <span class='ocrx_word' id='word_1_445' title='bbox 2258 2136 2440 2191; x_wconf 93' lang='lat' dir='ltr'><strong>domui</strong></span> <span class='ocrx_word' id='word_1_446' title='bbox 2516 2134 2718 2191; x_wconf 87' lang='lat' dir='ltr'><strong>Urbani</strong></span> <span class='ocrx_word' id='word_1_447' title='bbox 2795 2135 3018 2190; x_wconf 89' lang='lat' dir='ltr'><strong>secundi</strong></span> <span class='ocrx_word' id='word_1_448' title='bbox 3088 2134 3355 2203; x_wconf 80' lang='lat' dir='ltr'><strong>pontificis</strong></span> 
     </span>
    </p>
   </div>
   <div class='ocr_carea' id='block_1_66' title="bbox 1770 2242 2059 2282">
    <p class='ocr_par' dir='ltr' id='par_1_66' title="bbox 1770 2242 2059 2282">
     <span class='ocr_line' id='line_1_66' title="bbox 1770 2242 2059 2282; baseline -0.014 -1"><span class='ocrx_word' id='word_1_449' title='bbox 1770 2244 1913 2282; x_wconf 72' lang='grc'><strong>311110</strong></span> <span class='ocrx_word' id='word_1_450' title='bbox 1946 2242 2059 2279; x_wconf 78' lang='grc' dir='ltr'>νιιι.</span> 
     </span>
    </p>
   </div>
   <div class='ocr_carea' id='block_1_67' title="bbox 2405 2318 2711 2374">
    <p class='ocr_par' dir='ltr' id='par_1_67' title="bbox 2405 2318 2711 2374">
     <span class='ocr_line' id='line_1_67' title="bbox 2405 2318 2711 2374; baseline -0.007 0"><span class='ocrx_word' id='word_1_451' title='bbox 2405 2318 2711 2374; x_wconf 80' lang='lat' dir='ltr'><strong>CXXXVII.</strong></span> 
     </span>
    </p>
   </div>
   <div class='ocr_carea' id='block_1_68' title="bbox 1969 2405 3167 2479">
    <p class='ocr_par' dir='ltr' id='par_1_68' title="bbox 1969 2405 3167 2479">
     <span class='ocr_line' id='line_1_68' title="bbox 1969 2405 3167 2479; baseline -0.001 -19"><span class='ocrx_word' id='word_1_452' title='bbox 1969 2407 2310 2479; x_wconf 78' lang='lat' dir='ltr'><strong>I’r.‘vilegium</strong></span> <span class='ocrx_word' id='word_1_453' title='bbox 2348 2424 2441 2476; x_wconf 86' lang='lat' dir='ltr'><strong>pro</strong></span> <span class='ocrx_word' id='word_1_454' title='bbox 2471 2408 2789 2463; x_wconf 83' lang='lat' dir='ltr'><strong>monasterio</strong></span> <span class='ocrx_word' id='word_1_455' title='bbox 2813 2405 3167 2462; x_wconf 80' lang='lat' dir='ltr'><strong>Cluniacensi.</strong></span> 
     </span>
    </p>
   </div>
   <div class='ocr_carea' id='block_1_69' title="bbox 2371 2500 2765 2572">
    <p class='ocr_par' dir='ltr' id='par_1_69' title="bbox 2371 2500 2765 2572">
     <span class='ocr_line' id='line_1_69' title="bbox 2371 2500 2765 2572; baseline -0.005 -16"><span class='ocrx_word' id='word_1_456' title='bbox 2371 2502 2549 2572; x_wconf 81' lang='lat' dir='ltr'><strong>(Anno</strong></span> <span class='ocrx_word' id='word_1_457' title='bbox 2582 2500 2765 2571; x_wconf 75' lang='grc'><strong>1095.)</strong></span> 
     </span>
    </p>
   </div>
   <div class='ocr_carea' id='block_1_70' title="bbox 2048 2592 3083 2665">
    <p class='ocr_par' dir='ltr' id='par_1_70' title="bbox 2048 2592 3083 2665">
     <span class='ocr_line' id='line_1_70' title="bbox 2048 2592 3083 2665; baseline -0.001 -19"><span class='ocrx_word' id='word_1_458' title='bbox 2048 2592 2397 2665; x_wconf 70' lang='lat' dir='ltr'><strong>[Bibliotheca</strong></span> <span class='ocrx_word' id='word_1_459' title='bbox 2429 2592 2815 2657; x_wconf 76' lang='lat' dir='ltr'><strong>Cluniacensis,</strong></span> <span class='ocrx_word' id='word_1_460' title='bbox 2849 2607 2901 2661; x_wconf 90' lang='lat' dir='ltr'><strong>p.</strong></span> <span class='ocrx_word' id='word_1_461' title='bbox 2933 2592 3083 2659; x_wconf 75' lang='lat'><strong>516.)</strong></span> 
     </span>
    </p>
   </div>
   <div class='ocr_carea' id='block_1_71' title="bbox 1850 2680 3358 2760">
    <p class='ocr_par' dir='ltr' id='par_1_71' title="bbox 1850 2680 3358 2760">
     <span class='ocr_line' id='line_1_71' title="bbox 1850 2680 3358 2760; baseline -0.003 -22"><span class='ocrx_word' id='word_1_462' title='bbox 1850 2681 2100 2738; x_wconf 66' lang='lat' dir='ltr'><strong>Unnasus</strong></span> <span class='ocrx_word' id='word_1_463' title='bbox 2143 2685 2450 2760; x_wconf 59' lang='lat' dir='ltr'><strong>episcopus,</strong></span> <span class='ocrx_word' id='word_1_464' title='bbox 2481 2697 2671 2737; x_wconf 89' lang='lat' dir='ltr'><strong>servus</strong></span> <span class='ocrx_word' id='word_1_465' title='bbox 2716 2697 2997 2736; x_wconf 89' lang='lat' dir='ltr'><strong>servorum</strong></span> <span class='ocrx_word' id='word_1_466' title='bbox 3051 2680 3165 2743; x_wconf 87' lang='lat' dir='ltr'><strong>Dei,</strong></span> <span class='ocrx_word' id='word_1_467' title='bbox 3209 2695 3358 2738; x_wconf 85' lang='lat' dir='ltr'><strong>reve-</strong></span> 
     </span>
    </p>
   </div>
   <div class='ocr_carea' id='block_1_72' title="bbox 1773 2773 3359 2840">
    <p class='ocr_par' dir='ltr' id='par_1_72' title="bbox 1773 2773 3359 2840">
     <span class='ocr_line' id='line_1_72' title="bbox 1773 2773 3359 2840; baseline 0 -11"><span class='ocrx_word' id='word_1_468' title='bbox 1773 2774 2087 2831; x_wconf 88' lang='lat' dir='ltr'><strong>rentissimo</strong></span> <span class='ocrx_word' id='word_1_469' title='bbox 2129 2774 2286 2830; x_wconf 87' lang='lat' dir='ltr'><strong>fratri</strong></span> <span class='ocrx_word' id='word_1_470' title='bbox 2330 2775 2575 2840; x_wconf 77' lang='lat' dir='ltr'><strong>Ilucom,</strong></span> <span class='ocrx_word' id='word_1_471' title='bbox 2627 2774 2945 2830; x_wconf 88' lang='lat' dir='ltr'><strong>monasterii</strong></span> <span class='ocrx_word' id='word_1_472' title='bbox 2985 2773 3359 2829; x_wconf 86' lang='lat' dir='ltr'><strong>Cluuiaccnsis</strong></span> 
     </span>
    </p>
   </div>
   <div class='ocr_carea' id='block_1_73' title="bbox 1774 2863 3359 2936">
    <p class='ocr_par' dir='ltr' id='par_1_73' title="bbox 1774 2863 3359 2936">
     <span class='ocr_line' id='line_1_73' title="bbox 1774 2863 3359 2936; baseline -0.002 -16"><span class='ocrx_word' id='word_1_473' title='bbox 1774 2866 1982 2930; x_wconf 89' lang='lat' dir='ltr'><strong>abbati,</strong></span> <span class='ocrx_word' id='word_1_474' title='bbox 2044 2866 2272 2936; x_wconf 86' lang='lat' dir='ltr'><strong>ejusque</strong></span> <span class='ocrx_word' id='word_1_475' title='bbox 2324 2865 2738 2922; x_wconf 89' lang='lat' dir='ltr'><strong>successoribus</strong></span> <span class='ocrx_word' id='word_1_476' title='bbox 2786 2863 3107 2935; x_wconf 86' lang='lat' dir='ltr'><strong>regulariter</strong></span> <span class='ocrx_word' id='word_1_477' title='bbox 3160 2864 3359 2919; x_wconf 88' lang='lat' dir='ltr'><strong>substi-</strong></span> 
     </span>
    </p>
   </div>
   <div class='ocr_carea' id='block_1_74' title="bbox 1774 2958 2449 3029">
    <p class='ocr_par' dir='ltr' id='par_1_74' title="bbox 1774 2958 2449 3029">
     <span class='ocr_line' id='line_1_74' title="bbox 1774 2958 2449 3029; baseline 0.003 -18"><span class='ocrx_word' id='word_1_478' title='bbox 1774 2958 1989 3013; x_wconf 88' lang='lat' dir='ltr'><strong>tuendis</strong></span> <span class='ocrx_word' id='word_1_479' title='bbox 2015 2959 2068 3013; x_wconf 92' lang='lat' dir='ltr'><strong>in</strong></span> <span class='ocrx_word' id='word_1_480' title='bbox 2106 2968 2449 3029; x_wconf 89' lang='lat' dir='ltr'><strong>perpetuum.</strong></span> 
     </span>
    </p>
   </div>
   <div class='ocr_carea' id='block_1_75' title="bbox 1844 3044 3360 3103">
    <p class='ocr_par' dir='ltr' id='par_1_75' title="bbox 1844 3044 3360 3103">
     <span class='ocr_line' id='line_1_75' title="bbox 1844 3044 3360 3103; baseline -0.002 -2"><span class='ocrx_word' id='word_1_481' title='bbox 1844 3047 1978 3101; x_wconf 86' lang='lat' dir='ltr'><strong>Cum</strong></span> <span class='ocrx_word' id='word_1_482' title='bbox 2042 3049 2298 3103; x_wconf 89' lang='lat' dir='ltr'><strong>omnibus</strong></span> <span class='ocrx_word' id='word_1_483' title='bbox 2340 3057 2542 3103; x_wconf 78' lang='lat' dir='ltr'><strong>sanctre</strong></span> <span class='ocrx_word' id='word_1_484' title='bbox 2604 3046 2860 3101; x_wconf 70' lang='lat' dir='ltr'><strong>Ecclesia:</strong></span> <span class='ocrx_word' id='word_1_485' title='bbox 2918 3046 3042 3101; x_wconf 87' lang='lat' dir='ltr'><strong>filiis</strong></span> <span class='ocrx_word' id='word_1_486' title='bbox 3102 3061 3165 3100; x_wconf 83' lang='lat' dir='ltr'><strong>ex</strong></span> <span class='ocrx_word' id='word_1_487' title='bbox 3215 3044 3360 3098; x_wconf 89' lang='lat' dir='ltr'><strong>sedis</strong></span> 
     </span>
    </p>
   </div>
   <div class='ocr_carea' id='block_1_76' title="bbox 1775 3135 3360 3206">
    <p class='ocr_par' dir='ltr' id='par_1_76' title="bbox 1775 3135 3360 3206">
     <span class='ocr_line' id='line_1_76' title="bbox 1775 3135 3360 3206; baseline 0 -16"><span class='ocrx_word' id='word_1_488' title='bbox 1775 3138 2087 3206; x_wconf 74' lang='lat' dir='ltr'><strong>apostolica:</strong></span> <span class='ocrx_word' id='word_1_489' title='bbox 2137 3138 2465 3193; x_wconf 89' lang='lat' dir='ltr'><strong>auctoritate</strong></span> <span class='ocrx_word' id='word_1_490' title='bbox 2536 3153 2599 3193; x_wconf 91' lang='lat' dir='ltr'><strong>ac</strong></span> <span class='ocrx_word' id='word_1_491' title='bbox 2655 3136 3028 3191; x_wconf 83' lang='lat' dir='ltr'><strong>benevolentia</strong></span> <span class='ocrx_word' id='word_1_492' title='bbox 3084 3135 3360 3190; x_wconf 78' lang='lat' dir='ltr'><strong>debitores</strong></span> 
     </span>
    </p>
   </div>
   <div class='ocr_carea' id='block_1_77' title="bbox 1774 3226 3359 3295">
    <p class='ocr_par' dir='ltr' id='par_1_77' title="bbox 1774 3226 3359 3295">
     <span class='ocr_line' id='line_1_77' title="bbox 1774 3226 3359 3295; baseline -0.003 -14"><span class='ocrx_word' id='word_1_493' title='bbox 1774 3227 2116 3294; x_wconf 77' lang='lat' dir='ltr'><strong>existatnus,</strong></span> <span class='ocrx_word' id='word_1_494' title='bbox 2176 3228 2582 3282; x_wconf 86' lang='lat' dir='ltr'><strong>vcnerabilibus</strong></span> <span class='ocrx_word' id='word_1_495' title='bbox 2648 3236 2825 3280; x_wconf 87' lang='lat' dir='ltr'><strong>tamen</strong></span> <span class='ocrx_word' id='word_1_496' title='bbox 2886 3226 3135 3295; x_wconf 88' lang='lat' dir='ltr'><strong>personis</strong></span> <span class='ocrx_word' id='word_1_497' title='bbox 3197 3233 3359 3292; x_wconf 86' lang='lat' dir='ltr'><strong>atque</strong></span> 
     </span>
    </p>
   </div>
   <div class='ocr_carea' id='block_1_78' title="bbox 1775 3316 3359 3387">
    <p class='ocr_par' dir='ltr' id='par_1_78' title="bbox 1775 3316 3359 3387">
     <span class='ocr_line' id='line_1_78' title="bbox 1775 3316 3359 3387; baseline -0.002 -17"><span class='ocrx_word' id='word_1_498' title='bbox 1775 3319 1930 3384; x_wconf 88' lang='lat' dir='ltr'><strong>locis,</strong></span> <span class='ocrx_word' id='word_1_499' title='bbox 1961 3319 2200 3373; x_wconf 83' lang='lat' dir='ltr'><strong>maxime</strong></span> <span class='ocrx_word' id='word_1_500' title='bbox 2234 3335 2355 3387; x_wconf 77' lang='lat' dir='ltr'><strong>qna-</strong></span> <span class='ocrx_word' id='word_1_501' title='bbox 2389 3318 2702 3387; x_wconf 70' lang='lat' dir='ltr'><strong>apostolicm</strong></span> <span class='ocrx_word' id='word_1_502' title='bbox 2741 3317 2855 3371; x_wconf 91' lang='lat' dir='ltr'><strong>sedi</strong></span> <span class='ocrx_word' id='word_1_503' title='bbox 2900 3332 3115 3386; x_wconf 88' lang='lat' dir='ltr'><strong>semper</strong></span> <span class='ocrx_word' id='word_1_504' title='bbox 3144 3316 3359 3383; x_wconf 85' lang='lat' dir='ltr'><strong>specia-</strong></span> 
     </span>
    </p>
   </div>
   <div class='ocr_carea' id='block_1_79' title="bbox 1774 3406 3360 3477">
    <p class='ocr_par' dir='ltr' id='par_1_79' title="bbox 1774 3406 3360 3477">
     <span class='ocr_line' id='line_1_79' title="bbox 1774 3406 3360 3477; baseline -0.003 -15"><span class='ocrx_word' id='word_1_505' title='bbox 1774 3409 1877 3464; x_wconf 91' lang='lat' dir='ltr'><strong>lius</strong></span> <span class='ocrx_word' id='word_1_506' title='bbox 1915 3426 1979 3465; x_wconf 92' lang='lat' dir='ltr'><strong>ac</strong></span> <span class='ocrx_word' id='word_1_507' title='bbox 2004 3410 2252 3465; x_wconf 89' lang='lat' dir='ltr'><strong>devotius</strong></span> <span class='ocrx_word' id='word_1_508' title='bbox 2280 3410 2644 3472; x_wconf 76' lang='lat' dir='ltr'><strong>adhaeserunt,</strong></span> <span class='ocrx_word' id='word_1_509' title='bbox 2686 3424 2913 3477; x_wconf 84' lang='lat' dir='ltr'><strong>quaeque</strong></span> <span class='ocrx_word' id='word_1_510' title='bbox 2946 3408 3194 3475; x_wconf 88' lang='lat' dir='ltr'><strong>ampliori</strong></span> <span class='ocrx_word' id='word_1_511' title='bbox 3233 3406 3360 3458; x_wconf 87' lang='lat' dir='ltr'><strong>reli-</strong></span> 
     </span>
    </p>
   </div>
   <div class='ocr_carea' id='block_1_80' title="bbox 1772 3500 3359 3573">
    <p class='ocr_par' dir='ltr' id='par_1_80' title="bbox 1772 3500 3359 3573">
     <span class='ocr_line' id='line_1_80' title="bbox 1772 3500 3359 3573; baseline -0.004 -16"><span class='ocrx_word' id='word_1_512' title='bbox 1772 3504 1949 3573; x_wconf 83' lang='lat' dir='ltr'><strong>gionis</strong></span> <span class='ocrx_word' id='word_1_513' title='bbox 2001 3503 2173 3573; x_wconf 85' lang='lat' dir='ltr'><strong>gloria</strong></span> <span class='ocrx_word' id='word_1_514' title='bbox 2221 3503 2494 3567; x_wconf 89' lang='lat' dir='ltr'><strong>eminent,</strong></span> <span class='ocrx_word' id='word_1_515' title='bbox 2556 3501 2894 3570; x_wconf 86' lang='lat' dir='ltr'><strong>propensiori</strong></span> <span class='ocrx_word' id='word_1_516' title='bbox 2947 3516 3043 3554; x_wconf 90' lang='lat' dir='ltr'><strong>nos</strong></span> <span class='ocrx_word' id='word_1_517' title='bbox 3103 3500 3359 3553; x_wconf 88' lang='lat' dir='ltr'><strong>convenit</strong></span> 
     </span>
    </p>
   </div>
   <div class='ocr_carea' id='block_1_81' title="bbox 1773 3593 3354 3665">
    <p class='ocr_par' dir='ltr' id='par_1_81' title="bbox 1773 3593 3354 3665">
     <span class='ocr_line' id='line_1_81' title="bbox 1773 3593 3354 3665; baseline -0.004 -14"><span class='ocrx_word' id='word_1_518' title='bbox 1773 3597 2059 3651; x_wconf 87' lang='lat' dir='ltr'><strong>charitatis</strong></span> <span class='ocrx_word' id='word_1_519' title='bbox 2098 3596 2278 3650; x_wconf 88' lang='lat' dir='ltr'><strong>studio</strong></span> <span class='ocrx_word' id='word_1_520' title='bbox 2310 3596 2654 3650; x_wconf 84' lang='lat' dir='ltr'><strong>imtninuere.</strong></span> <span class='ocrx_word' id='word_1_521' title='bbox 2685 3594 2804 3649; x_wconf 90' lang='lat' dir='ltr'><strong>Tibi</strong></span> <span class='ocrx_word' id='word_1_522' title='bbox 2833 3609 2984 3665; x_wconf 87' lang='lat' dir='ltr'><strong>ergo,</strong></span> <span class='ocrx_word' id='word_1_523' title='bbox 3025 3593 3354 3647; x_wconf 88' lang='lat' dir='ltr'><strong>reverentis-</strong></span> 
     </span>
    </p>
   </div>
   <div class='ocr_carea' id='block_1_82' title="bbox 1774 3685 3359 3754">
    <p class='ocr_par' dir='ltr' id='par_1_82' title="bbox 1774 3685 3359 3754">
     <span class='ocr_line' id='line_1_82' title="bbox 1774 3685 3359 3754; baseline -0.001 -13"><span class='ocrx_word' id='word_1_524' title='bbox 1774 3689 1909 3742; x_wconf 78' lang='lat' dir='ltr'><strong>sime</strong></span> <span class='ocrx_word' id='word_1_525' title='bbox 1948 3703 2012 3741; x_wconf 92' lang='lat' dir='ltr'><strong>ac</strong></span> <span class='ocrx_word' id='word_1_526' title='bbox 2066 3686 2417 3741; x_wconf 86' lang='lat' dir='ltr'><strong>dilectissime</strong></span> <span class='ocrx_word' id='word_1_527' title='bbox 2458 3686 2645 3752; x_wconf 81' lang='lat' dir='ltr'><strong>frater,</strong></span> <span class='ocrx_word' id='word_1_528' title='bbox 2681 3695 2790 3741; x_wconf 90' lang='lat' dir='ltr'><strong>tam</strong></span> <span class='ocrx_word' id='word_1_529' title='bbox 2835 3702 2902 3740; x_wconf 78' lang='lat' dir='ltr'><strong>ex</strong></span> <span class='ocrx_word' id='word_1_530' title='bbox 2946 3685 3169 3754; x_wconf 89' lang='lat' dir='ltr'><strong>antiqua</strong></span> <span class='ocrx_word' id='word_1_531' title='bbox 3212 3686 3359 3740; x_wconf 89' lang='lat' dir='ltr'><strong>sedis</strong></span> 
     </span>
    </p>
   </div>
   <div class='ocr_carea' id='block_1_83' title="bbox 1772 3777 3359 3849">
    <p class='ocr_par' dir='ltr' id='par_1_83' title="bbox 1772 3777 3359 3849">
     <span class='ocr_line' id='line_1_83' title="bbox 1772 3777 3359 3849; baseline 0.001 -19"><span class='ocrx_word' id='word_1_532' title='bbox 1772 3778 2083 3849; x_wconf 64' lang='lat' dir='ltr'><strong>apostolicae</strong></span> <span class='ocrx_word' id='word_1_533' title='bbox 2126 3777 2519 3843; x_wconf 87' lang='lat' dir='ltr'><strong>familiaritate,</strong></span> <span class='ocrx_word' id='word_1_534' title='bbox 2559 3794 2723 3848; x_wconf 89' lang='lat' dir='ltr'><strong>quam</strong></span> <span class='ocrx_word' id='word_1_535' title='bbox 2770 3793 2838 3833; x_wconf 82' lang='lat' dir='ltr'><strong>ex</strong></span> <span class='ocrx_word' id='word_1_536' title='bbox 2880 3778 3216 3833; x_wconf 88' lang='lat' dir='ltr'><strong>nobilissima</strong></span> <span class='ocrx_word' id='word_1_537' title='bbox 3254 3787 3359 3831; x_wconf 75' lang='lat' dir='ltr'><strong>tua:</strong></span> 
     </span>
    </p>
   </div>
   <div class='ocr_carea' id='block_1_84' title="bbox 1777 3867 3358 3939">
    <p class='ocr_par' dir='ltr' id='par_1_84' title="bbox 1777 3867 3358 3939">
     <span class='ocr_line' id='line_1_84' title="bbox 1777 3867 3358 3939; baseline -0.001 -17"><span class='ocrx_word' id='word_1_538' title='bbox 1777 3871 1963 3939; x_wconf 89' lang='lat' dir='ltr'><strong>tuique</strong></span> <span class='ocrx_word' id='word_1_539' title='bbox 2004 3868 2240 3925; x_wconf 72' lang='lat' dir='ltr'><strong>cwttobii</strong></span> <span class='ocrx_word' id='word_1_540' title='bbox 2278 3869 2560 3937; x_wconf 83' lang='lat' dir='ltr'><strong>religionis</strong></span> <span class='ocrx_word' id='word_1_541' title='bbox 2607 3870 2934 3935; x_wconf 89' lang='lat' dir='ltr'><strong>reverentia,</strong></span> <span class='ocrx_word' id='word_1_542' title='bbox 2986 3867 3280 3938; x_wconf 88' lang='lat' dir='ltr'><strong>singularis</strong></span> <span class='ocrx_word' id='word_1_543' title='bbox 3326 3883 3358 3921; x_wconf 89' lang='lat' dir='ltr'><strong>a</strong></span> 
     </span>
    </p>
   </div>
   <div class='ocr_carea' id='block_1_85' title="bbox 1775 3960 3357 4032">
    <p class='ocr_par' dir='ltr' id='par_1_85' title="bbox 1775 3960 3357 4032">
     <span class='ocr_line' id='line_1_85' title="bbox 1775 3960 3357 4032; baseline -0.001 -18"><span class='ocrx_word' id='word_1_544' title='bbox 1775 3962 1933 4017; x_wconf 89' lang='lat' dir='ltr'><strong>nobis</strong></span> <span class='ocrx_word' id='word_1_545' title='bbox 1989 3962 2218 4017; x_wconf 89' lang='lat' dir='ltr'><strong>debetur</strong></span> <span class='ocrx_word' id='word_1_546' title='bbox 2266 3963 2631 4032; x_wconf 86' lang='lat' dir='ltr'><strong>praerogativa</strong></span> <span class='ocrx_word' id='word_1_547' title='bbox 2692 3962 3020 4017; x_wconf 87' lang='lat' dir='ltr'><strong>dilectionis.</strong></span> <span class='ocrx_word' id='word_1_548' title='bbox 3080 3960 3357 4029; x_wconf 81' lang='lat' dir='ltr'><strong>Quidquid</strong></span> 
     </span>
    </p>
   </div>
   <div class='ocr_carea' id='block_1_86' title="bbox 1773 4050 3361 4122">
    <p class='ocr_par' dir='ltr' id='par_1_86' title="bbox 1773 4050 3361 4122">
     <span class='ocr_line' id='line_1_86' title="bbox 1773 4050 3361 4122; baseline -0.001 -17"><span class='ocrx_word' id='word_1_549' title='bbox 1773 4053 1935 4120; x_wconf 84' lang='lat' dir='ltr'><strong>igitur</strong></span> <span class='ocrx_word' id='word_1_550' title='bbox 1980 4052 2277 4117; x_wconf 85' lang='lat' dir='ltr'><strong>libertatis,</strong></span> <span class='ocrx_word' id='word_1_551' title='bbox 2328 4052 2590 4122; x_wconf 88' lang='lat' dir='ltr'><strong>quidquid</strong></span> <span class='ocrx_word' id='word_1_552' title='bbox 2650 4052 3043 4116; x_wconf 91' lang='lat' dir='ltr'><strong>immunitatis,</strong></span> <span class='ocrx_word' id='word_1_553' title='bbox 3093 4050 3361 4119; x_wconf 84' lang='lat' dir='ltr'><strong>quidquid</strong></span> 
     </span>
    </p>
   </div>
   <div class='ocr_carea' id='block_1_87' title="bbox 1773 4144 3354 4214">
    <p class='ocr_par' dir='ltr' id='par_1_87' title="bbox 1773 4144 3354 4214">
     <span class='ocr_line' id='line_1_87' title="bbox 1773 4144 3354 4214; baseline -0.003 -16"><span class='ocrx_word' id='word_1_554' title='bbox 1773 4144 2110 4199; x_wconf 87' lang='lat' dir='ltr'><strong>auctoritatis</strong></span> <span class='ocrx_word' id='word_1_555' title='bbox 2142 4144 2235 4198; x_wconf 87' lang='lat' dir='ltr'><strong>tibi</strong></span> <span class='ocrx_word' id='word_1_556' title='bbox 2282 4145 2494 4214; x_wconf 90' lang='lat' dir='ltr'><strong>tuisque</strong></span> <span class='ocrx_word' id='word_1_557' title='bbox 2525 4145 2954 4202; x_wconf 88' lang='lat' dir='ltr'><strong>successoribus.</strong></span> <span class='ocrx_word' id='word_1_558' title='bbox 2998 4152 3200 4209; x_wconf 87' lang='lat' dir='ltr'><strong>tuoque</strong></span> <span class='ocrx_word' id='word_1_559' title='bbox 3238 4156 3354 4195; x_wconf 74' lang='grc' dir='ltr'><strong>οω-</strong></span> 
     </span>
    </p>
   </div>
   <div class='ocr_carea' id='block_1_88' title="bbox 1772 4235 3357 4307">
    <p class='ocr_par' dir='ltr' id='par_1_88' title="bbox 1772 4235 3357 4307">
     <span class='ocr_line' id='line_1_88' title="bbox 1772 4235 3357 4307; baseline -0.006 -15"><span class='ocrx_word' id='word_1_560' title='bbox 1772 4239 1957 4301; x_wconf 90' lang='lat' dir='ltr'><strong>nobio,</strong></span> <span class='ocrx_word' id='word_1_561' title='bbox 1992 4253 2089 4307; x_wconf 91' lang='lat' dir='ltr'><strong>per</strong></span> <span class='ocrx_word' id='word_1_562' title='bbox 2122 4247 2527 4291; x_wconf 76' lang='lat' dir='ltr'><strong>antecessormn</strong></span> <span class='ocrx_word' id='word_1_563' title='bbox 2571 4247 2879 4290; x_wconf 89' lang='lat' dir='ltr'><strong>nostrorum</strong></span> <span class='ocrx_word' id='word_1_564' title='bbox 2919 4235 3197 4305; x_wconf 82' lang='lat' dir='ltr'><strong>privilegia</strong></span> <span class='ocrx_word' id='word_1_565' title='bbox 3225 4247 3357 4287; x_wconf 88' lang='lat' dir='ltr'><strong>con-</strong></span> 
     </span>
    </p>
   </div>
   <div class='ocr_carea' id='block_1_89' title="bbox 1772 4321 3349 4395">
    <p class='ocr_par' dir='ltr' id='par_1_89' title="bbox 1772 4321 3349 4395">
     <span class='ocr_line' id='line_1_89' title="bbox 1772 4321 3349 4395; baseline -0.006 -12"><span class='ocrx_word' id='word_1_566' title='bbox 1772 4344 1985 4383; x_wconf 85' lang='lat' dir='ltr'><strong>cessum</strong></span> <span class='ocrx_word' id='word_1_567' title='bbox 2051 4327 2221 4382; x_wconf 85' lang='lat' dir='ltr'><strong>fuisse</strong></span> <span class='ocrx_word' id='word_1_568' title='bbox 2260 4337 2502 4388; x_wconf 88' lang='lat' dir='ltr'><strong>constat,</strong></span> <span class='ocrx_word' id='word_1_569' title='bbox 2561 4336 2659 4380; x_wconf 88' lang='lat' dir='ltr'><strong>nos</strong></span> <span class='ocrx_word' id='word_1_570' title='bbox 2701 4342 2916 4395; x_wconf 90' lang='lat' dir='ltr'><strong>quoque</strong></span> <span class='ocrx_word' id='word_1_571' title='bbox 2966 4324 3128 4392; x_wconf 85' lang='lat' dir='ltr'><strong>hujus</strong></span> <span class='ocrx_word' id='word_1_572' title='bbox 3175 4321 3349 4377; x_wconf 88' lang='lat' dir='ltr'><strong>nostri</strong></span> 
     </span>
    </p>
   </div>
   <div class='ocr_carea' id='block_1_90' title="bbox 115 4418 3351 4508">
    <p class='ocr_par' dir='ltr' id='par_1_90' title="bbox 115 4418 3351 4508">
     <span class='ocr_line' id='line_1_90' title="bbox 115 4418 3351 4508; baseline 0.003 -47"><span class='ocrx_word' id='word_1_573' title='bbox 115 4418 205 4464; x_wconf 82' lang='lat' dir='ltr'><strong>stta</strong></span> <span class='ocrx_word' id='word_1_574' title='bbox 232 4419 529 4482; x_wconf 84' lang='lat' dir='ltr'><strong>provisione</strong></span> <span class='ocrx_word' id='word_1_575' title='bbox 556 4432 932 4491; x_wconf 86' lang='lat' dir='ltr'><strong>permaneant.</strong></span> <span class='ocrx_word' id='word_1_576' title='bbox 960 4423 1131 4477; x_wconf 91' lang='lat' dir='ltr'><strong>donec</strong></span> <span class='ocrx_word' id='word_1_577' title='bbox 1157 4423 1294 4477; x_wconf 88' lang='lat' dir='ltr'><strong>alter</strong></span> <span class='ocrx_word' id='word_1_578' title='bbox 1322 4423 1373 4477; x_wconf 90' lang='lat' dir='ltr'><strong>in</strong></span> <span class='ocrx_word' id='word_1_579' title='bbox 1404 4424 1520 4488; x_wconf 91' lang='lat' dir='ltr'><strong>ejus</strong></span> <span class='ocrx_word' id='word_1_580' title='bbox 1552 4425 1669 4480; x_wconf 93' lang='lat' dir='ltr'><strong>loco</strong></span> <span class='ocrx_word' id='word_1_581' title='bbox 1696 4448 1747 4508; x_wconf 70' lang='grc' dir='ltr'>Β</span> <span class='ocrx_word' id='word_1_582' title='bbox 1775 4421 1978 4475; x_wconf 86' lang='lat' dir='ltr'><strong>decreti</strong></span> <span class='ocrx_word' id='word_1_583' title='bbox 2012 4421 2209 4490; x_wconf 89' lang='lat' dir='ltr'><strong>pagina</strong></span> <span class='ocrx_word' id='word_1_584' title='bbox 2241 4419 2593 4484; x_wconf 85' lang='lat' dir='ltr'><strong>conferimus,</strong></span> <span class='ocrx_word' id='word_1_585' title='bbox 2630 4420 2917 4485; x_wconf 87' lang='lat' dir='ltr'><strong>tradimus,</strong></span> <span class='ocrx_word' id='word_1_586' title='bbox 2944 4418 3351 4472; x_wconf 78' lang='lat' dir='ltr'><strong>confirmamus.</strong></span> 
     </span>
    </p>
   </div>
   <div class='ocr_carea' id='block_1_91' title="bbox 116 4507 1663 4583">
    <p class='ocr_par' dir='ltr' id='par_1_91' title="bbox 116 4507 1663 4583">
     <span class='ocr_line' id='line_1_91' title="bbox 116 4507 1663 4583; baseline 0.012 -30"><span class='ocrx_word' id='word_1_587' title='bbox 116 4507 345 4563; x_wconf 86' lang='lat' dir='ltr'><strong>canonice</strong></span> <span class='ocrx_word' id='word_1_588' title='bbox 395 4512 747 4580; x_wconf 87' lang='lat' dir='ltr'><strong>snbrogetur,</strong></span> <span class='ocrx_word' id='word_1_589' title='bbox 809 4528 973 4582; x_wconf 88' lang='lat' dir='ltr'><strong>quam</strong></span> <span class='ocrx_word' id='word_1_590' title='bbox 1010 4515 1448 4583; x_wconf 85' lang='lat' dir='ltr'><strong>subrogatiouem</strong></span> <span class='ocrx_word' id='word_1_591' title='bbox 1490 4525 1663 4571; x_wconf 85' lang='lat' dir='ltr'><strong>vestra</strong></span> 
     </span>
    </p>
   </div>
   <div class='ocr_carea' id='block_1_92' title="bbox 120 4596 1666 4661">
    <p class='ocr_par' dir='ltr' id='par_1_92' title="bbox 120 4596 1666 4661">
     <span class='ocr_line' id='line_1_92' title="bbox 120 4596 1666 4661; baseline 0.01 -16"><span class='ocrx_word' id='word_1_592' title='bbox 120 4596 422 4657; x_wconf 86' lang='lat' dir='ltr'><strong>potissimum</strong></span> <span class='ocrx_word' id='word_1_593' title='bbox 454 4603 702 4657; x_wconf 87' lang='lat' dir='ltr'><strong>volmnus</strong></span> <span class='ocrx_word' id='word_1_594' title='bbox 743 4604 1010 4659; x_wconf 91' lang='lat' dir='ltr'><strong>electione</strong></span> <span class='ocrx_word' id='word_1_595' title='bbox 1041 4607 1320 4660; x_wconf 89' lang='lat' dir='ltr'><strong>constitui.</strong></span> <span class='ocrx_word' id='word_1_596' title='bbox 1370 4608 1438 4661; x_wconf 91' lang='lat' dir='ltr'><strong>Ut</strong></span> <span class='ocrx_word' id='word_1_597' title='bbox 1486 4617 1666 4661; x_wconf 83' lang='lat' dir='ltr'><strong>autem</strong></span> 
     </span>
    </p>
   </div>
   <div class='ocr_carea' id='block_1_93' title="bbox 118 4686 1666 4770">
    <p class='ocr_par' dir='ltr' id='par_1_93' title="bbox 118 4686 1666 4770">
     <span class='ocr_line' id='line_1_93' title="bbox 118 4686 1666 4770; baseline 0.012 -33"><span class='ocrx_word' id='word_1_598' title='bbox 118 4686 383 4753; x_wconf 83' lang='lat' dir='ltr'><strong>opitulante</strong></span> <span class='ocrx_word' id='word_1_599' title='bbox 412 4696 643 4751; x_wconf 89' lang='lat' dir='ltr'><strong>Domino</strong></span> <span class='ocrx_word' id='word_1_600' title='bbox 675 4698 1007 4768; x_wconf 88' lang='lat' dir='ltr'><strong>pr0positnm</strong></span> <span class='ocrx_word' id='word_1_601' title='bbox 1039 4700 1160 4754; x_wconf 65' lang='lat' dir='ltr'><strong>vita:</strong></span> <span class='ocrx_word' id='word_1_602' title='bbox 1191 4702 1488 4765; x_wconf 87' lang='lat' dir='ltr'><strong>canonicac,</strong></span> <span class='ocrx_word' id='word_1_603' title='bbox 1523 4703 1666 4770; x_wconf 60' lang='lat' dir='ltr'><strong>quod</strong></span> 
     </span>
    </p>
   </div>
   <div class='ocr_carea' id='block_1_94' title="bbox 120 4779 1661 4854">
    <p class='ocr_par' dir='ltr' id='par_1_94' title="bbox 120 4779 1661 4854">
     <span class='ocr_line' id='line_1_94' title="bbox 120 4779 1661 4854; baseline 0 -10"><span class='ocrx_word' id='word_1_604' title='bbox 120 4779 336 4845; x_wconf 61' lang='lat' dir='ltr'><strong>c“‘l‘is&#39;iS.</strong></span> <span class='ocrx_word' id='word_1_605' title='bbox 386 4797 801 4853; x_wconf 85' lang='lat' dir='ltr'><strong>perseveranter</strong></span> <span class='ocrx_word' id='word_1_606' title='bbox 851 4798 906 4841; x_wconf 91' lang='lat' dir='ltr'><strong>et</strong></span> <span class='ocrx_word' id='word_1_607' title='bbox 958 4791 1341 4846; x_wconf 88' lang='lat' dir='ltr'><strong>inviolabiliter</strong></span> <span class='ocrx_word' id='word_1_608' title='bbox 1397 4792 1661 4854; x_wconf 88' lang='lat' dir='ltr'><strong>teneatis,</strong></span> 
     </span>
    </p>
   </div>
   <div class='ocr_carea' id='block_1_95' title="bbox 121 4880 1668 4937">
    <p class='ocr_par' dir='ltr' id='par_1_95' title="bbox 121 4880 1668 4937">
     <span class='ocr_line' id='line_1_95' title="bbox 121 4880 1668 4937; baseline 0.01 -15"><span class='ocrx_word' id='word_1_609' title='bbox 121 4882 201 4923; x_wconf 82' lang='lat' dir='ltr'><strong>nos</strong></span> <span class='ocrx_word' id='word_1_610' title='bbox 224 4888 422 4931; x_wconf 88' lang='lat' dir='ltr'><strong>omncut</strong></span> <span class='ocrx_word' id='word_1_611' title='bbox 453 4880 849 4934; x_wconf 87' lang='lat' dir='ltr'><strong>immunitatem</strong></span> <span class='ocrx_word' id='word_1_612' title='bbox 880 4896 908 4934; x_wconf 93' lang='lat' dir='ltr'><strong>a</strong></span> <span class='ocrx_word' id='word_1_613' title='bbox 942 4883 1146 4937; x_wconf 88' lang='lat' dir='ltr'><strong>sanctis</strong></span> <span class='ocrx_word' id='word_1_614' title='bbox 1175 4883 1473 4937; x_wconf 85' lang='lat' dir='ltr'><strong>canonibus</strong></span> <span class='ocrx_word' id='word_1_615' title='bbox 1513 4893 1567 4935; x_wconf 85' lang='lat' dir='ltr'><strong>et</strong></span> <span class='ocrx_word' id='word_1_616' title='bbox 1596 4883 1668 4936; x_wconf 87' lang='lat' dir='ltr'><strong>le-</strong></span> 
     </span>
    </p>
   </div>
   <div class='ocr_carea' id='block_1_96' title="bbox 121 4960 1668 5040">
    <p class='ocr_par' dir='ltr' id='par_1_96' title="bbox 121 4960 1668 5040">
     <span class='ocr_line' id='line_1_96' title="bbox 121 4960 1668 5040; baseline 0.01 -27"><span class='ocrx_word' id='word_1_617' title='bbox 121 4960 249 5025; x_wconf 79' lang='lat' dir='ltr'><strong>gibus</strong></span> <span class='ocrx_word' id='word_1_618' title='bbox 275 4971 586 5035; x_wconf 84' lang='lat' dir='ltr'><strong>generaliter</strong></span> <span class='ocrx_word' id='word_1_619' title='bbox 631 4973 878 5028; x_wconf 87' lang='lat' dir='ltr'><strong>ccclesiis</strong></span> <span class='ocrx_word' id='word_1_620' title='bbox 905 4974 1183 5029; x_wconf 87' lang='lat' dir='ltr'><strong>decretum</strong></span> <span class='ocrx_word' id='word_1_621' title='bbox 1205 5017 1219 5040; x_wconf 94' lang='lat'><strong>,</strong></span> <span class='ocrx_word' id='word_1_622' title='bbox 1264 4990 1477 5028; x_wconf 87' lang='lat' dir='ltr'><strong>onmem</strong></span> <span class='ocrx_word' id='word_1_623' title='bbox 1508 4975 1668 5028; x_wconf 90' lang='lat' dir='ltr'><strong>liber-</strong></span> 
     </span>
    </p>
   </div>
   <div class='ocr_carea' id='block_1_97' title="bbox 125 5057 1665 5135">
    <p class='ocr_par' dir='ltr' id='par_1_97' title="bbox 125 5057 1665 5135">
     <span class='ocr_line' id='line_1_97' title="bbox 125 5057 1665 5135; baseline 0.005 -25"><span class='ocrx_word' id='word_1_624' title='bbox 125 5057 262 5106; x_wconf 68' lang='lat' dir='ltr'><strong>tatem</strong></span> <span class='ocrx_word' id='word_1_625' title='bbox 301 5060 685 5116; x_wconf 87' lang='lat' dir='ltr'><strong>catholicorum</strong></span> <span class='ocrx_word' id='word_1_626' title='bbox 726 5064 1061 5133; x_wconf 86' lang='lat' dir='ltr'><strong>principum,</strong></span> <span class='ocrx_word' id='word_1_627' title='bbox 1106 5075 1161 5119; x_wconf 93' lang='lat' dir='ltr'><strong>et</strong></span> <span class='ocrx_word' id='word_1_628' title='bbox 1192 5066 1458 5135; x_wconf 71' lang='lat' dir='ltr'><strong>prmeipue</strong></span> <span class='ocrx_word' id='word_1_629' title='bbox 1488 5064 1665 5119; x_wconf 89' lang='lat' dir='ltr'><strong>Ludo-</strong></span> 
     </span>
    </p>
   </div>
   <div class='ocr_carea' id='block_1_98' title="bbox 126 5140 1666 5225">
    <p class='ocr_par' dir='ltr' id='par_1_98' title="bbox 126 5140 1666 5225">
     <span class='ocr_line' id='line_1_98' title="bbox 126 5140 1666 5225; baseline 0.01 -33"><span class='ocrx_word' id='word_1_630' title='bbox 126 5140 207 5194; x_wconf 81' lang='lat' dir='ltr'><strong>vici</strong></span> <span class='ocrx_word' id='word_1_631' title='bbox 236 5143 557 5216; x_wconf 86' lang='lat' dir='ltr'><strong>imperatoris</strong></span> <span class='ocrx_word' id='word_1_632' title='bbox 585 5154 871 5223; x_wconf 71' lang='lat' dir='ltr'><strong>prteccptis</strong></span> <span class='ocrx_word' id='word_1_633' title='bbox 902 5155 967 5209; x_wconf 90' lang='lat' dir='ltr'><strong>ad</strong></span> <span class='ocrx_word' id='word_1_634' title='bbox 990 5155 1319 5224; x_wconf 84' lang='lat' dir='ltr'><strong>Argitnirnm</strong></span> <span class='ocrx_word' id='word_1_635' title='bbox 1357 5156 1666 5225; x_wconf 89' lang='lat' dir='ltr'><strong>episcopmn</strong></span> 
     </span>
    </p>
   </div>
   <div class='ocr_carea' id='block_1_99' title="bbox 127 5229 1669 5315">
    <p class='ocr_par' dir='ltr' id='par_1_99' title="bbox 127 5229 1669 5315">
     <span class='ocr_line' id='line_1_99' title="bbox 127 5229 1669 5315; baseline 0.012 -34"><span class='ocrx_word' id='word_1_636' title='bbox 127 5229 245 5287; x_wconf 81' lang='lat' dir='ltr'><strong>datis</strong></span> <span class='ocrx_word' id='word_1_637' title='bbox 278 5250 458 5295; x_wconf 68' lang='lat' dir='ltr'><strong>vcstrte</strong></span> <span class='ocrx_word' id='word_1_638' title='bbox 499 5243 755 5297; x_wconf 76' lang='lat' dir='ltr'><strong>Ecclesia:</strong></span> <span class='ocrx_word' id='word_1_639' title='bbox 788 5245 1141 5313; x_wconf 84' lang='lat' dir='ltr'><strong>singulariter</strong></span> <span class='ocrx_word' id='word_1_640' title='bbox 1188 5247 1484 5315; x_wconf 87' lang='lat' dir='ltr'><strong>impensam</strong></span> <span class='ocrx_word' id='word_1_641' title='bbox 1519 5246 1669 5299; x_wconf 84' lang='lat' dir='ltr'><strong>vobis</strong></span> 
     </span>
    </p>
   </div>
   <div class='ocr_carea' id='block_1_100' title="bbox 130 5326 1665 5396">
    <p class='ocr_par' dir='ltr' id='par_1_100' title="bbox 130 5326 1665 5396">
     <span class='ocr_line' id='line_1_100' title="bbox 130 5326 1665 5396; baseline 0.003 -14"><span class='ocrx_word' id='word_1_642' title='bbox 130 5326 391 5396; x_wconf 65' lang='lat' dir='ltr'><strong>Vestrisqne</strong></span> <span class='ocrx_word' id='word_1_643' title='bbox 420 5336 826 5389; x_wconf 89' lang='lat' dir='ltr'><strong>successoribus</strong></span> <span class='ocrx_word' id='word_1_644' title='bbox 855 5337 906 5389; x_wconf 90' lang='lat' dir='ltr'><strong>in</strong></span> <span class='ocrx_word' id='word_1_645' title='bbox 940 5337 1212 5391; x_wconf 75' lang='lat' dir='ltr'><strong>canonica:</strong></span> <span class='ocrx_word' id='word_1_646' title='bbox 1258 5338 1379 5391; x_wconf 71' lang='lat' dir='ltr'><strong>vitm</strong></span> <span class='ocrx_word' id='word_1_647' title='bbox 1408 5336 1665 5391; x_wconf 83' lang='lat' dir='ltr'><strong>observa-</strong></span> 
     </span>
    </p>
   </div>
   <div class='ocr_carea' id='block_1_101' title="bbox 131 5409 1669 5493">
    <p class='ocr_par' dir='ltr' id='par_1_101' title="bbox 131 5409 1669 5493">
     <span class='ocr_line' id='line_1_101' title="bbox 131 5409 1669 5493; baseline 0.015 -35"><span class='ocrx_word' id='word_1_648' title='bbox 131 5409 248 5465; x_wconf 39' lang='lat' dir='ltr'><strong>tione</strong></span> <span class='ocrx_word' id='word_1_649' title='bbox 278 5423 536 5477; x_wconf 82' lang='lat' dir='ltr'><strong>mansuris</strong></span> <span class='ocrx_word' id='word_1_650' title='bbox 568 5426 849 5493; x_wconf 74' lang='lat' dir='ltr'><strong>praesentis</strong></span> <span class='ocrx_word' id='word_1_651' title='bbox 894 5427 1094 5481; x_wconf 89' lang='lat' dir='ltr'><strong>decreti</strong></span> <span class='ocrx_word' id='word_1_652' title='bbox 1133 5428 1458 5481; x_wconf 83' lang='lat' dir='ltr'><strong>auctoritate</strong></span> <span class='ocrx_word' id='word_1_653' title='bbox 1490 5427 1669 5482; x_wconf 79' lang='lat' dir='ltr'><strong>firma-</strong></span> 
     </span>
    </p>
   </div>
   <div class='ocr_carea' id='block_1_102' title="bbox 136 5507 1669 5600">
    <p class='ocr_par' dir='ltr' id='par_1_102' title="bbox 136 5507 1669 5600">
     <span class='ocr_line' id='line_1_102' title="bbox 136 5507 1669 5600; baseline 0.005 -35"><span class='ocrx_word' id='word_1_654' title='bbox 136 5513 250 5556; x_wconf 67' lang='lat'><strong>“‘05-</strong></span> <span class='ocrx_word' id='word_1_655' title='bbox 282 5507 353 5600; x_wconf 64' lang='lat' dir='ltr'><strong>Ad</strong></span> <span class='ocrx_word' id='word_1_656' title='bbox 382 5512 490 5569; x_wconf 79' lang='lat' dir='ltr'><strong>lucc</strong></span> <span class='ocrx_word' id='word_1_657' title='bbox 520 5516 805 5585; x_wconf 87' lang='lat' dir='ltr'><strong>adjicitnns</strong></span> <span class='ocrx_word' id='word_1_658' title='bbox 836 5528 893 5572; x_wconf 85' lang='lat' dir='ltr'><strong>ut</strong></span> <span class='ocrx_word' id='word_1_659' title='bbox 918 5520 1070 5589; x_wconf 79' lang='lat' dir='ltr'><strong>juxta</strong></span> <span class='ocrx_word' id='word_1_660' title='bbox 1104 5520 1296 5573; x_wconf 84' lang='lat' dir='ltr'><strong>Villam</strong></span> <span class='ocrx_word' id='word_1_661' title='bbox 1327 5536 1521 5574; x_wconf 81' lang='lat' dir='ltr'><strong>novatn</strong></span> <span class='ocrx_word' id='word_1_662' title='bbox 1551 5537 1669 5590; x_wconf 66' lang='lat' dir='ltr'><strong>quin</strong></span> 
     </span>
    </p>
   </div>
   <div class='ocr_carea' id='block_1_103' title="bbox 135 5602 1667 5689">
    <p class='ocr_par' dir='ltr' id='par_1_103' title="bbox 135 5602 1667 5689">
     <span class='ocr_line' id='line_1_103' title="bbox 135 5602 1667 5689; baseline 0.001 -27"><span class='ocrx_word' id='word_1_663' title='bbox 135 5602 296 5689; x_wconf 37' lang='lat' dir='ltr'><strong>{031m</strong></span> <span class='ocrx_word' id='word_1_664' title='bbox 326 5604 584 5663; x_wconf 76' lang='lat' dir='ltr'><strong>facultatis</strong></span> <span class='ocrx_word' id='word_1_665' title='bbox 613 5618 714 5675; x_wconf 89' lang='lat' dir='ltr'><strong>est,</strong></span> <span class='ocrx_word' id='word_1_666' title='bbox 748 5609 956 5666; x_wconf 79' lang='lat' dir='ltr'><strong>inflexis</strong></span> <span class='ocrx_word' id='word_1_667' title='bbox 988 5612 1173 5666; x_wconf 67' lang='lat' dir='ltr'><strong>insula:</strong></span> <span class='ocrx_word' id='word_1_668' title='bbox 1204 5613 1404 5667; x_wconf 90' lang='lat' dir='ltr'><strong>nemini</strong></span> <span class='ocrx_word' id='word_1_669' title='bbox 1432 5623 1667 5681; x_wconf 66' lang='lat' dir='ltr'><strong>t‘tmjuam</strong></span> 
     </span>
    </p>
   </div>
   <div class='ocr_carea' id='block_1_104' title="bbox 138 5678 1664 5777">
    <p class='ocr_par' dir='ltr' id='par_1_104' title="bbox 138 5678 1664 5777">
     <span class='ocr_line' id='line_1_104' title="bbox 138 5678 1664 5777; baseline 0.018 -42"><span class='ocrx_word' id='word_1_670' title='bbox 138 5678 272 5740; x_wconf 82' lang='lat' dir='ltr'><strong>liccat</strong></span> <span class='ocrx_word' id='word_1_671' title='bbox 310 5698 647 5756; x_wconf 87' lang='lat' dir='ltr'><strong>munitionem</strong></span> <span class='ocrx_word' id='word_1_672' title='bbox 696 5702 957 5773; x_wconf 88' lang='lat' dir='ltr'><strong>aliquam,</strong></span> <span class='ocrx_word' id='word_1_673' title='bbox 998 5721 1115 5775; x_wconf 81' lang='lat' dir='ltr'><strong>quae.</strong></span> <span class='ocrx_word' id='word_1_674' title='bbox 1164 5706 1313 5761; x_wconf 71' lang='lat' dir='ltr'><strong>vobis</strong></span> <span class='ocrx_word' id='word_1_675' title='bbox 1362 5708 1664 5777; x_wconf 84' lang='lat' dir='ltr'><strong>vestrisque</strong></span> 
     </span>
    </p>
   </div>
   <div class='ocr_carea' id='block_1_105' title="bbox 1775 4511 3357 4581">
    <p class='ocr_par' dir='ltr' id='par_1_105' title="bbox 1775 4511 3357 4581">
     <span class='ocr_line' id='line_1_105' title="bbox 1775 4511 3357 4581; baseline -0.004 -14"><span class='ocrx_word' id='word_1_676' title='bbox 1775 4514 1846 4567; x_wconf 85' lang='lat' dir='ltr'><strong>Ea</strong></span> <span class='ocrx_word' id='word_1_677' title='bbox 1880 4521 2100 4581; x_wconf 88' lang='lat' dir='ltr'><strong>propter</strong></span> <span class='ocrx_word' id='word_1_678' title='bbox 2130 4527 2228 4566; x_wconf 93' lang='lat' dir='ltr'><strong>nos</strong></span> <span class='ocrx_word' id='word_1_679' title='bbox 2280 4511 2501 4581; x_wconf 77' lang='lat' dir='ltr'><strong>capellae</strong></span> <span class='ocrx_word' id='word_1_680' title='bbox 2529 4511 2601 4564; x_wconf 91' lang='lat' dir='ltr'><strong>illi</strong></span> <span class='ocrx_word' id='word_1_681' title='bbox 2648 4527 2810 4580; x_wconf 89' lang='lat' dir='ltr'><strong>quam</strong></span> <span class='ocrx_word' id='word_1_682' title='bbox 2841 4512 2889 4564; x_wconf 91' lang='lat' dir='ltr'><strong>iu</strong></span> <span class='ocrx_word' id='word_1_683' title='bbox 2934 4511 3137 4564; x_wconf 88' lang='lat' dir='ltr'><strong>honore</strong></span> <span class='ocrx_word' id='word_1_684' title='bbox 3181 4518 3234 4562; x_wconf 94' lang='lat' dir='ltr'><strong>et</strong></span> <span class='ocrx_word' id='word_1_685' title='bbox 3266 4525 3357 4562; x_wconf 86' lang='lat' dir='ltr'><strong>uo-</strong></span> 
     </span>
    </p>
   </div>
   <div class='ocr_carea' id='block_1_106' title="bbox 1771 4602 3365 4671">
    <p class='ocr_par' dir='ltr' id='par_1_106' title="bbox 1771 4602 3365 4671">
     <span class='ocr_line' id='line_1_106' title="bbox 1771 4602 3365 4671; baseline -0.001 -15"><span class='ocrx_word' id='word_1_686' title='bbox 1771 4604 1915 4657; x_wconf 86' lang='lat' dir='ltr'><strong>ntine</strong></span> <span class='ocrx_word' id='word_1_687' title='bbox 1959 4604 2017 4656; x_wconf 83' lang='lat' dir='ltr'><strong>S.</strong></span> <span class='ocrx_word' id='word_1_688' title='bbox 2050 4602 2250 4657; x_wconf 89' lang='lat' dir='ltr'><strong>Odonis</strong></span> <span class='ocrx_word' id='word_1_689' title='bbox 2302 4612 2388 4657; x_wconf 84' lang='lat' dir='ltr'><strong>tua</strong></span> <span class='ocrx_word' id='word_1_690' title='bbox 2442 4604 2736 4658; x_wconf 84' lang='lat' dir='ltr'><strong>Strenuitas</strong></span> <span class='ocrx_word' id='word_1_691' title='bbox 2780 4613 2931 4656; x_wconf 74' lang='lat' dir='ltr'><strong>extra</strong></span> <span class='ocrx_word' id='word_1_692' title='bbox 2981 4605 3242 4671; x_wconf 82' lang='lat' dir='ltr'><strong>lutrgum,</strong></span> <span class='ocrx_word' id='word_1_693' title='bbox 3288 4603 3365 4655; x_wconf 71' lang='lat' dir='ltr'><strong>ait</strong></span> 
     </span>
    </p>
   </div>
   <div class='ocr_carea' id='block_1_107' title="bbox 1770 4693 3353 4762">
    <p class='ocr_par' dir='ltr' id='par_1_107' title="bbox 1770 4693 3353 4762">
     <span class='ocr_line' id='line_1_107' title="bbox 1770 4693 3353 4762; baseline -0.003 -16"><span class='ocrx_word' id='word_1_694' title='bbox 1770 4694 2087 4748; x_wconf 71' lang='lat' dir='ltr'><strong>orientalem</strong></span> <span class='ocrx_word' id='word_1_695' title='bbox 2118 4706 2326 4762; x_wconf 87' lang='lat' dir='ltr'><strong>partem</strong></span> <span class='ocrx_word' id='word_1_696' title='bbox 2356 4695 2670 4759; x_wconf 70' lang='lat' dir='ltr'><strong>mdilicavit,</strong></span> <span class='ocrx_word' id='word_1_697' title='bbox 2714 4711 2832 4749; x_wconf 85' lang='lat' dir='ltr'><strong>eam</strong></span> <span class='ocrx_word' id='word_1_698' title='bbox 2869 4694 3091 4748; x_wconf 90' lang='lat' dir='ltr'><strong>omnino</strong></span> <span class='ocrx_word' id='word_1_699' title='bbox 3134 4693 3353 4745; x_wconf 82' lang='lat' dir='ltr'><strong>liberta-</strong></span> 
     </span>
    </p>
   </div>
   <div class='ocr_carea' id='block_1_108' title="bbox 1773 4784 3360 4853">
    <p class='ocr_par' dir='ltr' id='par_1_108' title="bbox 1773 4784 3360 4853">
     <span class='ocr_line' id='line_1_108' title="bbox 1773 4784 3360 4853; baseline -0.001 -14"><span class='ocrx_word' id='word_1_700' title='bbox 1773 4795 1901 4849; x_wconf 90' lang='lat' dir='ltr'><strong>tem,</strong></span> <span class='ocrx_word' id='word_1_701' title='bbox 1926 4800 2044 4840; x_wconf 86' lang='lat' dir='ltr'><strong>eam</strong></span> <span class='ocrx_word' id='word_1_702' title='bbox 2075 4786 2473 4841; x_wconf 84' lang='lat' dir='ltr'><strong>inununitatetn</strong></span> <span class='ocrx_word' id='word_1_703' title='bbox 2499 4785 2780 4853; x_wconf 60' lang='grc' dir='ltr'>ιιιηῡευιιιίε</span> <span class='ocrx_word' id='word_1_704' title='bbox 2804 4784 3003 4838; x_wconf 89' lang='lat' dir='ltr'><strong>decreti</strong></span> <span class='ocrx_word' id='word_1_705' title='bbox 3030 4784 3360 4837; x_wconf 85' lang='lat' dir='ltr'><strong>auctoritate</strong></span> 
     </span>
    </p>
   </div>
   <div class='ocr_carea' id='block_1_109' title="bbox 1770 4875 3354 4944">
    <p class='ocr_par' dir='ltr' id='par_1_109' title="bbox 1770 4875 3354 4944">
     <span class='ocr_line' id='line_1_109' title="bbox 1770 4875 3354 4944; baseline -0.003 -12"><span class='ocrx_word' id='word_1_706' title='bbox 1770 4876 2138 4937; x_wconf 83' lang='lat' dir='ltr'><strong>concedimus,</strong></span> <span class='ocrx_word' id='word_1_707' title='bbox 2175 4892 2335 4944; x_wconf 88' lang='lat' dir='ltr'><strong>quam</strong></span> <span class='ocrx_word' id='word_1_708' title='bbox 2387 4878 2699 4944; x_wconf 77' lang='lat' dir='ltr'><strong>apostolica:</strong></span> <span class='ocrx_word' id='word_1_709' title='bbox 2744 4875 3020 4929; x_wconf 80' lang='lat' dir='ltr'><strong>memoriae</strong></span> <span class='ocrx_word' id='word_1_710' title='bbox 3055 4875 3354 4942; x_wconf 60' lang='lat' dir='ltr'><strong>przedcccs-</strong></span> 
     </span>
    </p>
   </div>
   <div class='ocr_carea' id='block_1_110' title="bbox 1776 4966 3352 5038">
    <p class='ocr_par' dir='ltr' id='par_1_110' title="bbox 1776 4966 3352 5038">
     <span class='ocr_line' id='line_1_110' title="bbox 1776 4966 3352 5038; baseline -0.004 -13"><span class='ocrx_word' id='word_1_711' title='bbox 1776 4986 1865 5025; x_wconf 90' lang='lat' dir='ltr'><strong>sor</strong></span> <span class='ocrx_word' id='word_1_712' title='bbox 1892 4981 2080 5023; x_wconf 90' lang='lat' dir='ltr'><strong>noster</strong></span> <span class='ocrx_word' id='word_1_713' title='bbox 2108 4968 2405 5038; x_wconf 82' lang='lat' dir='ltr'><strong>Gregorius</strong></span> <span class='ocrx_word' id='word_1_714' title='bbox 2428 4970 2651 5037; x_wconf 87' lang='lat' dir='ltr'><strong>capellis</strong></span> <span class='ocrx_word' id='word_1_715' title='bbox 2674 4968 2886 5023; x_wconf 68' lang='lat' dir='ltr'><strong>czeteris</strong></span> <span class='ocrx_word' id='word_1_716' title='bbox 2923 4966 3163 5035; x_wconf 89' lang='lat' dir='ltr'><strong>ejusdem</strong></span> <span class='ocrx_word' id='word_1_717' title='bbox 3191 4966 3352 5036; x_wconf 81' lang='lat' dir='ltr'><strong>bttrgi</strong></span> 
     </span>
    </p>
   </div>
   <div class='ocr_carea' id='block_1_111' title="bbox 1770 5061 2566 5132">
    <p class='ocr_par' dir='ltr' id='par_1_111' title="bbox 1770 5061 2566 5132">
     <span class='ocr_line' id='line_1_111' title="bbox 1770 5061 2566 5132; baseline -0.001 -17"><span class='ocrx_word' id='word_1_718' title='bbox 1770 5078 1867 5116; x_wconf 90' lang='lat' dir='ltr'><strong>suo</strong></span> <span class='ocrx_word' id='word_1_719' title='bbox 1891 5061 2171 5132; x_wconf 85' lang='lat' dir='ltr'><strong>privilegio</strong></span> <span class='ocrx_word' id='word_1_720' title='bbox 2202 5061 2566 5117; x_wconf 85' lang='lat' dir='ltr'><strong>confirmavit.</strong></span> 
     </span>
    </p>
   </div>
   <div class='ocr_carea' id='block_1_112' title="bbox 1840 5152 3351 5224">
    <p class='ocr_par' dir='ltr' id='par_1_112' title="bbox 1840 5152 3351 5224">
     <span class='ocr_line' id='line_1_112' title="bbox 1840 5152 3351 5224; baseline -0.001 -15"><span class='ocrx_word' id='word_1_721' title='bbox 1840 5156 1919 5210; x_wconf 84' lang='lat' dir='ltr'><strong>Ad</strong></span> <span class='ocrx_word' id='word_1_722' title='bbox 1958 5158 2071 5211; x_wconf 67' lang='lat' dir='ltr'><strong>haec</strong></span> <span class='ocrx_word' id='word_1_723' title='bbox 2103 5156 2387 5224; x_wconf 88' lang='lat' dir='ltr'><strong>adjicimns</strong></span> <span class='ocrx_word' id='word_1_724' title='bbox 2428 5163 2487 5208; x_wconf 89' lang='lat' dir='ltr'><strong>ut</strong></span> <span class='ocrx_word' id='word_1_725' title='bbox 2536 5153 2928 5208; x_wconf 89' lang='lat' dir='ltr'><strong>monasterium</strong></span> <span class='ocrx_word' id='word_1_726' title='bbox 2972 5152 3031 5207; x_wconf 87' lang='lat' dir='ltr'><strong>S.</strong></span> <span class='ocrx_word' id='word_1_727' title='bbox 3057 5152 3351 5208; x_wconf 83' lang='lat' dir='ltr'><strong>Stremonii</strong></span> 
     </span>
    </p>
   </div>
   <div class='ocr_carea' id='block_1_113' title="bbox 1764 5244 3349 5317">
    <p class='ocr_par' dir='ltr' id='par_1_113' title="bbox 1764 5244 3349 5317">
     <span class='ocr_line' id='line_1_113' title="bbox 1764 5244 3349 5317; baseline 0.003 -22"><span class='ocrx_word' id='word_1_728' title='bbox 1764 5248 1836 5307; x_wconf 78' lang='lat' dir='ltr'><strong>de</strong></span> <span class='ocrx_word' id='word_1_729' title='bbox 1869 5247 2147 5312; x_wconf 79' lang='lat' dir='ltr'><strong>Mauzaca,</strong></span> <span class='ocrx_word' id='word_1_730' title='bbox 2186 5246 2242 5301; x_wconf 91' lang='lat' dir='ltr'><strong>S.</strong></span> <span class='ocrx_word' id='word_1_731' title='bbox 2277 5246 2457 5299; x_wconf 72' lang='lat' dir='ltr'><strong>Mari-.e</strong></span> <span class='ocrx_word' id='word_1_732' title='bbox 2504 5247 2570 5300; x_wconf 90' lang='lat' dir='ltr'><strong>de</strong></span> <span class='ocrx_word' id='word_1_733' title='bbox 2620 5245 2878 5299; x_wconf 80' lang='lat' dir='ltr'><strong>Verziaco</strong></span> <span class='ocrx_word' id='word_1_734' title='bbox 2910 5245 3253 5317; x_wconf 82' lang='lat' dir='ltr'><strong>[Vizeliaco],</strong></span> <span class='ocrx_word' id='word_1_735' title='bbox 3289 5244 3349 5300; x_wconf 91' lang='lat' dir='ltr'><strong>S.</strong></span> 
     </span>
    </p>
   </div>
   <div class='ocr_carea' id='block_1_114' title="bbox 1773 5337 3354 5405">
    <p class='ocr_par' dir='ltr' id='par_1_114' title="bbox 1773 5337 3354 5405">
     <span class='ocr_line' id='line_1_114' title="bbox 1773 5337 3354 5405; baseline -0.002 -12"><span class='ocrx_word' id='word_1_736' title='bbox 1773 5340 1913 5393; x_wconf 83' lang='lat' dir='ltr'><strong>Petri</strong></span> <span class='ocrx_word' id='word_1_737' title='bbox 1967 5340 2033 5392; x_wconf 89' lang='lat' dir='ltr'><strong>de</strong></span> <span class='ocrx_word' id='word_1_738' title='bbox 2081 5337 2394 5392; x_wconf 82' lang='lat' dir='ltr'><strong>Alta-Petra</strong></span> <span class='ocrx_word' id='word_1_739' title='bbox 2433 5377 2448 5399; x_wconf 91' lang='lat'><strong>,</strong></span> <span class='ocrx_word' id='word_1_740' title='bbox 2515 5337 2904 5391; x_wconf 87' lang='lat' dir='ltr'><strong>monasterium</strong></span> <span class='ocrx_word' id='word_1_741' title='bbox 2958 5337 3100 5405; x_wconf 86' lang='lat' dir='ltr'><strong>quod</strong></span> <span class='ocrx_word' id='word_1_742' title='bbox 3157 5337 3354 5391; x_wconf 90' lang='lat' dir='ltr'><strong>dicitur</strong></span> 
     </span>
    </p>
   </div>
   <div class='ocr_carea' id='block_1_115' title="bbox 1772 5430 3348 5498">
    <p class='ocr_par' dir='ltr' id='par_1_115' title="bbox 1772 5430 3348 5498">
     <span class='ocr_line' id='line_1_115' title="bbox 1772 5430 3348 5498; baseline -0.001 -14"><span class='ocrx_word' id='word_1_743' title='bbox 1772 5432 1948 5494; x_wconf 88' lang='lat' dir='ltr'><strong>Sales,</strong></span> <span class='ocrx_word' id='word_1_744' title='bbox 1982 5445 2256 5498; x_wconf 88' lang='lat' dir='ltr'><strong>nunquam</strong></span> <span class='ocrx_word' id='word_1_745' title='bbox 2289 5439 2391 5483; x_wconf 78' lang='lat' dir='ltr'><strong>tua:</strong></span> <span class='ocrx_word' id='word_1_746' title='bbox 2425 5438 2751 5495; x_wconf 83' lang='lat' dir='ltr'><strong>tuorumque</strong></span> <span class='ocrx_word' id='word_1_747' title='bbox 2780 5445 3157 5483; x_wconf 87' lang='lat' dir='ltr'><strong>successorum</strong></span> <span class='ocrx_word' id='word_1_748' title='bbox 3202 5430 3348 5483; x_wconf 87' lang='lat' dir='ltr'><strong>ordi-</strong></span> 
     </span>
    </p>
   </div>
   <div class='ocr_carea' id='block_1_116' title="bbox 1772 5521 3351 5592">
    <p class='ocr_par' dir='ltr' id='par_1_116' title="bbox 1772 5521 3351 5592">
     <span class='ocr_line' id='line_1_116' title="bbox 1772 5521 3351 5592; baseline -0.002 -15"><span class='ocrx_word' id='word_1_749' title='bbox 1772 5523 1979 5577; x_wconf 87' lang='lat' dir='ltr'><strong>natioui</strong></span> <span class='ocrx_word' id='word_1_750' title='bbox 2040 5532 2093 5575; x_wconf 93' lang='lat' dir='ltr'><strong>et</strong></span> <span class='ocrx_word' id='word_1_751' title='bbox 2154 5521 2405 5592; x_wconf 83' lang='lat' dir='ltr'><strong>regimini</strong></span> <span class='ocrx_word' id='word_1_752' title='bbox 2463 5521 2839 5576; x_wconf 85' lang='lat' dir='ltr'><strong>subtrahatur.</strong></span> <span class='ocrx_word' id='word_1_753' title='bbox 2896 5522 3007 5576; x_wconf 88' lang='lat' dir='ltr'><strong>lluc</strong></span> <span class='ocrx_word' id='word_1_754' title='bbox 3050 5523 3227 5591; x_wconf 88' lang='lat' dir='ltr'><strong>ipsum</strong></span> <span class='ocrx_word' id='word_1_755' title='bbox 3286 5522 3351 5575; x_wconf 89' lang='lat' dir='ltr'><strong>de</strong></span> 
     </span>
    </p>
   </div>
   <div class='ocr_carea' id='block_1_117' title="bbox 1770 5611 3352 5682">
    <p class='ocr_par' dir='ltr' id='par_1_117' title="bbox 1770 5611 3352 5682">
     <span class='ocr_line' id='line_1_117' title="bbox 1770 5611 3352 5682; baseline -0.003 -16"><span class='ocrx_word' id='word_1_756' title='bbox 1770 5614 2037 5667; x_wconf 87' lang='lat' dir='ltr'><strong>universis</strong></span> <span class='ocrx_word' id='word_1_757' title='bbox 2090 5629 2209 5682; x_wconf 76' lang='lat' dir='ltr'><strong>qute</strong></span> <span class='ocrx_word' id='word_1_758' title='bbox 2262 5612 2488 5668; x_wconf 83' lang='lat' dir='ltr'><strong>inferius</strong></span> <span class='ocrx_word' id='word_1_759' title='bbox 2558 5615 2758 5681; x_wconf 86' lang='lat' dir='ltr'><strong>scripta</strong></span> <span class='ocrx_word' id='word_1_760' title='bbox 2821 5622 2946 5665; x_wconf 87' lang='lat' dir='ltr'><strong>sunt</strong></span> <span class='ocrx_word' id='word_1_761' title='bbox 3003 5611 3352 5665; x_wconf 73' lang='lat' dir='ltr'><strong>monasteriis</strong></span> 
     </span>
    </p>
   </div>
   <div class='ocr_carea' id='block_1_118' title="bbox 1773 5702 3345 5775">
    <p class='ocr_par' dir='ltr' id='par_1_118' title="bbox 1773 5702 3345 5775">
     <span class='ocr_line' id='line_1_118' title="bbox 1773 5702 3345 5775; baseline -0.008 -10"><span class='ocrx_word' id='word_1_762' title='bbox 1773 5707 2085 5765; x_wconf 77' lang='lat' dir='ltr'><strong>ccclesiisvc</strong></span> <span class='ocrx_word' id='word_1_763' title='bbox 2118 5708 2426 5774; x_wconf 76' lang='lat' dir='ltr'><strong>statuimus,</strong></span> <span class='ocrx_word' id='word_1_764' title='bbox 2456 5707 2706 5762; x_wconf 81' lang='lat' dir='ltr'><strong>videlicet</strong></span> <span class='ocrx_word' id='word_1_765' title='bbox 2739 5724 2749 5760; x_wconf 90' lang='lat'><strong>:</strong></span> <span class='ocrx_word' id='word_1_766' title='bbox 2779 5705 2833 5760; x_wconf 92' lang='lat' dir='ltr'><strong>In</strong></span> <span class='ocrx_word' id='word_1_767' title='bbox 2869 5706 3177 5775; x_wconf 71' lang='lat' dir='ltr'><strong>episcopatu</strong></span> <span class='ocrx_word' id='word_1_768' title='bbox 3208 5702 3345 5770; x_wconf 70' lang='lat' dir='ltr'><strong>l.ug~</strong></span> 
     </span>
    </p>
   </div>
  </div>
