3888 6322
578 307 676 364 ιιι

1882 303 1941 357 Β.
1980 305 2019 360 U
2032 304 2160 357 ΚΒΑ

2270 303 2307 358 ιι
2338 304 2536 360 rara:
3683 324 3749 380 ηε

590 423 848 485 dimensi,
879 419 1103 474 ecclesia
1135 420 1191 474 S.
1224 418 1386 483 Justi,
1417 419 1472 473 S.
1505 419 1799 482 Desiderii;
1834 419 2059 474 ecclesia
2094 419 2160 473 de
2191 426 2233 480 Α
2265 418 2448 474 Sancti
2497 419 2775 474 Laurentii
2818 421 2884 477 de
2915 423 3251 480 Cuntiniaco.
3283 425 3342 480 In
3388 427 3643 497 Laudensi,
3673 454 3748 491 uto-

590 510 976 571 Frontenaico,
1001 509 1068 562 de
1109 509 1378 562 Rorterio.
1406 508 1460 561 In
1501 508 1900 572 Matisconensi,
1933 497 2160 563 ecclesia

596 605 662 656 de
694 602 904 663 Mcleto,
937 601 1003 654 dc
1040 599 1256 669 Otgers,
1287 601 1352 653 de
1399 599 1708 664 Saviuiaco,
1745 602 1810 655 de
1859 600 2158 664 Seniciaco,

587 691 654 744 de
715 689 1003 750 Bcrziaco;
1055 689 1284 742 ecclesia
1342 687 1400 742 S.
1457 687 1762 759 Ilippolyti,
1824 688 1882 742 S.
1913 688 2160 752 Martini,

589 782 801 835 Sancta:
831 779 1012 833 Maria:
1042 781 1106 832 de
1131 779 1377 833 Casellis.
1408 779 1464 832 In
1493 780 1954 850 Augustudinensi
1985 779 2164 833 eccle-

586 875 666 927 sia
715 872 781 926 de
829 870 1132 932 Monrisalt,
1184 872 1250 925 de
1283 870 1550 939 Pulignio,
1605 872 1669 924 de
1718 871 2066 934 Blancbiaco,
2098 870 2164 923 de

587 963 768 1016 Monte
825 961 884 1016 8.
941 960 1186 1022 Joannis,
1233 962 1298 1015 de
1350 961 1604 1025 Luciaco,
1657 961 1723 1015 de
1763 961 2048 1029 Crupellis,
2098 960 2164 1014 de

586 1050 811 1117 Milpont
838 1070 850 1104 :
883 1051 1110 1106 ecclesia
1138 1051 1194 1105 8.
1228 1051 1552 1113 Mammetis,
1578 1052 1636 1106 S.
1673 1051 2077 1120 Cbristophori.
2104 1050 2161 1104 In

587 1143 939 1211 Lingoncnsi,
993 1141 1221 1196 ecclesia
1278 1141 1316 1195 S
1393 1141 1634 1195 Eulaliae.
1698 1143 1754 1196 S.
1803 1141 2030 1196 Joannis
2098 1143 2165 1197 de

591 1234 798 1298 Laona,
837 1235 901 1287 de
934 1233 1147 1300 Trualt,
1176 1234 1242 1286 de
1290 1233 1456 1296 Arcu,
1487 1235 1553 1288 dc
1593 1232 1898 1295 Vandovra,
1931 1235 1995 1288 de
2024 1233 2164 1287 Mar—

597 1327 815 1386 maissa,
841 1325 904 1378 de
925 1325 1121 1379 Altars.
1157 1325 1211 1377 In
1240 1324 1412 1378 Basila
1439 1327 1458 1343 ⁴
1485 1325 1710 1379 ecclesia
1737 1324 1922 1380 Sancti
1951 1326 2162 1379 Albani.

592 1417 648 1469 In
680 1416 1046 1472 Cabilonensi.
1079 1416 1304 1470 ecclesia
1331 1417 1395 1469 de
1426 1415 1686 1471 Vininles.
1716 1418 1770 1470 ln
1809 1418 2166 1483 Arvernensi,

592 1507 820 1560 ecclesia
870 1505 930 1560 S.
977 1506 1229 1570 Amanrli,
1289 1507 1346 1560 8.
1391 1507 1632 1576 Sepulcri
1666 1508 1733 1560 de
1783 1507 2059 1571 Lavcuna,
2105 1506 2163 1561 S.

592 1599 774 1652 Maria:
816 1599 882 1652 de
911 1598 1164 1663 Castello,
1220 1598 1285 1653 de
1334 1598 1602 1663 Canariis,
1652 1601 1718 1653 de
1763 1599 2055 1662 Montania,
2103 1601 2168 1654 de

591 1688 1030 1759 Nigro-Stapulo,
1069 1689 1135 1742 de
1176 1689 1461 1758 Angerolis
1507 1690 1573 1743 de
1604 1689 1864 1744 Arumna.
1910 1691 1966 1744 In
2007 1691 2169 1745 Vien-

2263 510 2503 563 nastcrio
2555 509 2738 564 Sancti
2785 511 2972 576 Marci,
3007 530 3128 569 cum
3177 517 3262 572 his
3295 518 3464 580 cellis.
3508 520 3750 582 Sanctorum

2261 601 2429 656 Firmi
2476 610 2530 655 et
2583 602 2788 658 Rustici
2853 607 2920 659 de
2970 606 3155 661 Fratta
3184 647 3199 672 ,
3256 608 3473 664 Sancta:
3517 611 3672 668 Crucis
3714 622 3756 673 de

2264 691 2588 757 Vicodardo,
2615 693 2829 750 Sancta:
2854 695 3034 751 Mariae
3061 698 3129 753 de
3163 699 3530 755 Calventiano.
3557 703 3754 763 Monaste-

2265 782 2345 835 rio
2371 781 2554 836 Sancti
2580 781 2804 838 Joannis
2834 786 2899 840 de
2921 787 3244 843 Vertumade
3271 805 3400 844 cum
3427 791 3532 844 suis
3556 794 3754 860 ecclesiis,

2265 869 2586 924 Sanctorum
2654 881 2953 943 martyrum
3014 875 3258 932 Cassiani
3329 889 3387 931 et
3446 878 3674 952 Hippolyti
3718 889 3757 938 de

2268 959 2490 1026 Ulzade,
2522 960 2738 1017 Sancta:
2765 963 2945 1018 Marim
2977 965 3044 1020 de
3073 966 3313 1024 Laveno.
3345 976 3400 1023 et
3439 968 3630 1025 Sancta:
3654 972 3760 1028 Helia

2264 1050 2330 1105 de
2387 1051 2564 1108 Monte
2619 1052 2861 1123 chlimo
2911 1071 3035 1110 cum
3088 1057 3362 1113 universis
3407 1061 3694 1128 appendieiis
3730 1077 3762 1120 rt

2265 1142 2607 1208 perlinentiis
2638 1145 2774 1197 suis.
3209 1127 3212 1132 I

2338 1229 2461 1284 Ilaec
2500 1232 2704 1297 omnia,
2739 1232 2821 1286 vel
2856 1250 2976 1304 qua:
3013 1235 3065 1288 in
3115 1235 3382 1298 futurum.
3434 1238 3639 1293 Domino
3663 1243 3763 1309 ailju.

2266 1334 2446 1384 vante,
2475 1323 2621 1391 jnste
2661 1327 2910 1392 poteritis
2953 1327 3204 1396 adipisci,
3243 1328 3341 1382 tibi
3375 1332 3578 1399 tuisque
3614 1347 3763 1386 succes-

2267 1412 2482 1466 soribus
2526 1413 2598 1466 ita
2627 1424 2892 1484 perpetuo
2930 1417 3186 1485 regenda,
3217 1418 3554 1486 disponenda
3579 1434 3632 1474 ac
3651 1425 3766 1490 possi-

2267 1503 2443 1558 denda
2490 1503 2792 1568 ﬁrmamus,
2837 1514 2894 1556 ut
2941 1507 3143 1560 nemini
3176 1522 3420 1576 nnquam
3461 1508 3607 1563 liceat
3639 1524 3766 1565 eorum

2267 1594 2471 1663 aliquid
2503 1611 2531 1648 a
2569 1594 2800 1648 etcnobii
2843 1594 3215 1651 Cluniacensis
3250 1599 3465 1652 unitate
3510 1601 3766 1654 subtrahere.

2267 1686 2438 1742 Porro
2489 1687 2627 1740 sicut
2676 1703 2704 1740 a
2747 1687 2918 1741 beata:
2963 1690 3240 1744 memoriae
3295 1706 3438 1760 papa
3491 1690 3707 1762 Gregorio
3737 1695 3767 1745 iu

592 1783 763 1844 ncnsi,
792 1783 1016 1836 ecclesia
1049 1783 1114 1835 de
1150 1783 1334 1846 Artaz,
1386 1783 1579 1846 Moras,
1618 1782 1887 1844 Mantula,
1937 1782 2164 1852 Loteng,
2200 1781 2243 1835 Β
2270 1775 2515 1830 Romana
2559 1777 2787 1848 synodo,
2833 1787 2888 1830 et
2933 1793 2962 1831 a
3013 1777 3171 1833 nobis
3214 1796 3394 1850 nuper
3439 1781 3493 1835 in
3536 1781 3770 1836 Placentina

593 1871 1111 1926 Monte-Castaneto.
1157 1873 1212 1926 In
1260 1873 1791 1942 Gratianopolitano,
1822 1873 2054 1928 ecclesia
2095 1873 2163 1927 de

590 1965 835 2026 Alavart,
875 1965 942 2018 de
990 1965 1218 2030 Avaluu,
1273 1967 1340 2020 de
1397 1966 1575 2030 Teies,
1635 1967 1702 2019 de
1749 1966 2037 2031 V’albones,
2097 1965 2163 2020 de

593 2055 800 2109 Visilia.
846 2056 902 2108 In
953 2057 1369 2123 Valentinicnsi,
1419 2057 1647 2111 ecclesia
1695 2058 1762 2112 de
1810 2057 2058 2121 Cabetul,
2100 2057 2167 2112 de

592 2148 867 2212 Castellis,
901 2149 965 2203 de
989 2149 1137 2213 Ales,
1163 2150 1227 2203 de
1252 2149 1381 2202 Urz.
1412 2149 1470 2202 In
1507 2150 1686 2203 Diensi
1725 2149 1956 2204 ecclesia
1981 2148 2165 2204 Sancti

595 2237 937 2302 Sebastiani,
999 2237 1212 2291 Sancta:
1279 2238 1569 2303 Eul'emite,
1637 2239 1821 2292 Sancti
1886 2238 2031 2292 Petri
2103 2239 2170 2293 de

595 2327 872 2392 'l‘rcfrort,
925 2329 991 2382 de
1045 2329 1229 2394 Arun,
1294 2331 1358 2383 de
1409 2330 1614 2396 Aurel,
1670 2330 1736 2384 de
1781 2330 2001 2385 Calciun
2033 2371 2046 2396 ,
2105 2332 2170 2386 de

598 2418 1024 2474 CastelIo-novo.
1057 2419 1112 2473 In
1139 2420 1379 2486 Tulensi,
1411 2422 1638 2476 ecclesia
1658 2421 1723 2476 de
1745 2422 1940 2476 domna
1979 2423 2168 2489 Maria,

599 2511 665 2563 de
690 2509 991 2565 Froudonis
1031 2512 1178 2565 villa.
1231 2513 1286 2566 In
1325 2513 1572 2576 Mctensi,
1608 2514 1835 2567 ecclesia
1865 2514 1931 2568 de
1974 2515 2173 2570 Tiben-

594 2612 738 2655 curt.
789 2602 843 2655 ln
900 2602 1294 2668 Lemovicensi,
1347 2606 1738 2659 monasterium
1778 2607 1919 2676 quod
1974 2607 2173 2662 dicitur

592 2691 778 2748 Boort.
819 2693 874 2746 lu
906 2693 1246 2760 Belvaccnsi,
1286 2695 1530 2762 ecclesia
1570 2695 1755 2751 Sancti
1801 2697 1959 2765 Lupi.
1985 2697 2172 2752 Sancti

592 2781 990 2852 Cbristophori.
1034 2786 1089 2838 In
1139 2785 1421 2850 Meldensi,
1466 2787 1693 2842 ecclesia
1729 2787 1948 2843 Sancta:
1990 2789 2172 2843 Maria:

595 2875 664 2929 de
697 2873 966 2930 Nantolio.
1017 2877 1073 2930 In
1105 2876 1419 2946 Parisiensi,
1467 2880 1697 2933 ecclesia
1742 2880 1954 2936 Sancta:
1990 2882 2174 2938 Maria:

599 2963 666 3018 de
691 2963 1062 3034 Longoponte,
1101 2967 1167 3020 de
1207 2967 1389 3022 Alnes.
1436 2968 1492 3021 In
1526 2971 1898 3038 Ambianeusi,
1943 2972 2173 3027 ecclesia

598 3053 783 3109 Sancti
847 3055 990 3109 Petri
1045 3055 1113 3110 de
1168 3057 1378 3111 chun.
1440 3058 1496 3113 In
1559 3059 1882 3128 Morineusi,
1942 3062 2171 3117 ecclesia

598 3146 782 3200 Sancti
821 3146 1120 3202 Michaelis.
1169 3148 1224 3201 In
1271 3149 1671 3216 Sucssionensi,
1713 3152 1944 3207 ecclesia
1983 3153 2168 3209 Sancti
2200 3162 2242 3218 C.

597 3235 743 3290 Petri
799 3238 865 3291 de
926 3237 1172 3292 Cnsiaco.
1234 3239 1290 3292 In
1348 3239 1758 3310 Longobardia,
1845 3246 2172 3300 monasterio

598 3327 783 3382 Sancti
817 3328 1083 3383 Valeriani
1110 3331 1175 3384 de
1203 3329 1438 3385 Castello
1461 3333 1756 3398 Rothobio,
1784 3333 1970 3388 Sancti
1996 3335 2173 3403 Majoli

595 3417 663 3472 de
688 3417 871 3486 Papia,
901 3419 958 3473 8.
989 3419 1268 3476 Michaelis
1296 3423 1360 3476 de
1384 3422 1756 3487 Mucbarione,
1791 3425 1974 3480 Sancti
1997 3426 2175 3496 Majoli

598 3507 668 3561 de
717 3507 1050 3574 Caslemola,
1104 3509 1320 3566 Sancta:
1369 3511 1551 3568 Maria:
1611 3515 1678 3568 de
1737 3514 1956 3570 Feraria
1986 3555 2001 3580 ,
2049 3530 2172 3569 cum

596 3599 852 3652 omnibus
875 3616 994 3668 qua:
1035 3601 1089 3654 in
1118 3601 1357 3658 Lomcllo
1405 3613 1460 3658 et
1491 3604 1786 3659 Lomelliua
1826 3605 2174 3661 Gonteranus

597 3689 788 3743 dedit:
818 3692 1044 3746 ecclesia
1081 3692 1296 3750 Sancta:
1335 3697 1514 3751 Mariae
1551 3699 1616 3752 de
1658 3698 1820 3753 Lacu.
1860 3700 1914 3754 In
1951 3699 2169 3755 Vercel-

602 3778 738 3832 lensi
771 3781 1103 3855 episcopatu,
1141 3788 1467 3841 monasterio
1495 3788 1680 3844 Sancti
1706 3790 1850 3844 Petri
1875 3792 1942 3845 de
1967 3790 2173 3846 Castel-

599 3868 736 3940 lilio,
769 3868 953 3923 Sancti
989 3871 1216 3928 Joannis
1253 3876 1319 3930 de
1363 3877 1552 3941 Baina,
1597 3878 1917 3934 Sanctorum
1949 3881 2173 3938 Joannis

599 3967 656 4012 et
695 3957 845 4012 Pauli
892 3961 957 4014 de
1003 3961 1351 4034 Sandaliario,
1408 3966 1466 4022 S.
1499 3967 1715 4022 Martini
1748 3971 1813 4024 de
1863 3969 2170 4038 Salamone,

599 4047 814 4103 Sancta
857 4050 1036 4106 Maria:
1089 4053 1434 4109 Ferminiana
1463 4074 1476 4110 :
1509 4057 1741 4112 ecclesia
1791 4059 1857 4113 de
1908 4059 2167 4127 Parione,

596 4139 664 4193 de
691 4140 969 4205 Calvallio,
1010 4145 1188 4200 Sancti
1222 4146 1366 4200 Petri
1406 4147 1474 4201 de
1509 4147 1672 4202 Sade.
1698 4149 1753 4202 In
1796 4149 2166 4220 Pergamensi,

597 4235 929 4286 monasterio
983 4236 1165 4290 Sancti
1227 4236 1414 4292 Jacobi
1465 4240 1530 4294 de
1583 4240 1860 4306 Ponticla,
1919 4257 2040 4296 cum
2087 4243 2171 4297 his

595 4321 938 4389 obedientiis,
978 4324 1234 4391 Presiate,
1282 4326 1598 4392 Mdiolaco,
1654 4329 1978 4391 Portiziana,
2022 4330 2170 4385 Mau-

593 4413 772 4481 ringo,
803 4414 1062 4481 Glariola,
1097 4415 1418 4485 Verziliano,
1454 4420 1650 4490 Maglo,
1680 4420 1823 4487 Sala,
1852 4422 2123 4476 Vultulina
2150 4437 2166 4476 :

592 4499 784 4558 Sancti
819 4505 966 4559 Pauli
995 4523 1118 4562 cum
1143 4508 1228 4562 his
1260 4511 1601 4576 obedientiis,
1647 4511 1858 4566 Sancta:
1893 4512 2073 4567 Mariae
2101 4515 2168 4569 de
2199 4494 2248 4552 Β

597 4591 896 4661 Saruecbo,
925 4596 981 4650 8.
1017 4598 1158 4651 Petri
1183 4599 1249 4654 de
1289 4600 1602 4666 Utnbriano,
1639 4602 1854 4657 Sancta:
1885 4602 2169 4659 Trinitatis

594 4684 661 4737 de
697 4684 970 4752 Crcmina,
1018 4688 1203 4744 Sancti
1259 4690 1402 4745 Petri
1444 4693 1511 4748 de
1562 4693 1930 4763 Madegniaco,
1981 4692 2165 4748 Sancti

594 4773 871 4832 Michaelis
898 4779 964 4832 de
991 4781 1249 4847 Sencino,
1282 4783 1469 4840 Sancti
1501 4785 1719 4840 Martini
1762 4788 1828 4842 de
1853 4788 2162 4853 Rudiliano,

582 4863 809 4923 Sanctae
843 4871 997 4926 Julia:
1021 4873 1086 4927 de
1109 4873 1378 4940 Cazacbo,
1409 4875 1464 4929 S.
1499 4876 1717 4930 Tltomte
1747 4877 1814 4932 de
1846 4877 2161 4945 Quintiano,

594 4954 782 5011 Sancti
826 4959 1125 5018 Salvatoris
1155 4964 1223 5018 de
1269 4965 1406 5020 valle
1437 4966 1789 5036 Camonicba,
1838 4970 2024 5026 Sancti
2062 4973 2169 5025 An-

593 5044 738 5098 drea:
794 5047 1122 5119 Brigniano,
1184 5052 1399 5109 Sancta:
1453 5054 1635 5112 Maria:
1687 5060 1753 5112 de
1797 5059 2054 5125 Canturi,
2107 5061 2165 5115 S.

593 5137 795 5204 Egidii
836 5142 902 5194 de
933 5141 1266 5213 Vergcsima.
1293 5146 1625 5203 Monasterio
1663 5150 1720 5204 S.
1759 5150 1902 5205 Petri
1949 5151 2014 5206 de
2055 5153 2166 5207 lio-

594 5227 776 5294 dingo,
827 5227 1011 5285 Sancti
1067 5235 1206 5288 Petri
1260 5237 1327 5289 de
1376 5236 1630 5292 Provallo
1687 5254 1810 5293 cum
1864 5239 1948 5294 bis
1992 5241 2162 5306 cellis,

595 5314 829 5385 Trigulis
879 5319 1178 5377 Alﬁancllo.
1231 5323 1288 5379 8.
1317 5323 1587 5382 Gabrielis
1621 5327 1688 5382 de
1735 5329 1997 5384 Cremona
2041 5344 2162 5384 cum

591 5406 742 5460 cellis
797 5409 910 5464 suis
956 5427 1075 5479 qua:
1129 5415 1247 5469 sitae
1296 5427 1421 5472 sunt
1473 5419 1524 5473 in
1585 5429 1765 5475 castro
1805 5421 2160 5486 Fontanellae,

594 5498 851 5568 Trigulo,
899 5500 1208 5571 Grumcllo,
1267 5507 1647 5574 Scandolario,
1704 5511 1958 5566 Brixiana
2009 5513 2163 5582 juxta

594 5587 856 5644 Virolam.
889 5592 942 5646 In
983 5593 1281 5662 Placentia,
1314 5604 1644 5656 monasterio
1672 5602 1857 5659 Sancti
1891 5604 2160 5675 Gregorii,

593 5697 714 5736 cum
748 5684 830 5741 bis
860 5688 1027 5751 cellis,
1065 5686 1291 5744 ecclesia
1322 5690 1504 5748 Saneti
1546 5693 1742 5755 Leonis
1777 5695 1842 5748 de
1873 5695 2159 5759 Mira-.lolo,

2270 1877 2534 1922 statutum
2557 1880 2659 1932 est,
2695 1870 2977 1937 praesentis
3000 1870 3266 1942 privilegii
3302 1873 3617 1928 auctoritate
3639 1874 3767 1928 decer-
3834 1935 3835 1946 ἶ

2272 1960 2478 2024 nimus,
2524 1968 2583 2013 ut
2621 1960 2751 2013 nulli
2800 1960 2872 2014 sit
2916 1962 3358 2032 archiepiscopo,
3400 1965 3529 2018 nulli
3574 1966 3770 2033 epismpo.

2274 2050 2403 2104 nulli
2466 2051 2776 2120 apostolicae
2826 2050 2969 2104 sedis
3022 2051 3199 2122 legato
3235 2053 3490 2119 facultas,
3539 2056 3641 2110 sine
3673 2069 3770 2109 certe
3834 2077 3835 2108 ι

2272 2144 2501 2198 Romani
2567 2146 2841 2211 pontiﬁcis
2899 2154 3199 2215 praecepto,
3258 2147 3548 2200 adversum
3604 2161 3679 2199 vos
3717 2158 3769 2197 aut
3834 2167 3835 2178 ι

2272 2243 2514 2288 vestrum
2544 2237 2848 2290 coenobium
2880 2235 3468 2290 excommunicatiouis
3495 2245 3580 2288 aut
3611 2235 3764 2288 interJi
3834 2249 3835 2312 χ

2273 2326 2468 2380 ctionis
2528 2327 2774 2396 proferre
2822 2328 3168 2392 sententiam,
3219 2343 3400 2397 neque
3442 2337 3625 2391 vestra,
3664 2328 3763 2379 VOIll‘
3834 2375 3835 2388 ι

2273 2417 2478 2480 invitis,
2506 2417 2706 2486 judicia
2738 2418 3020 2473 ventilare.
3077 2419 3414 2483 Dalmatica},
3471 2431 3767 2486 compagorum
3834 2457 3835 2486 i

2276 2507 2734 2578 (sandaliorum),
2778 2509 3188 2579 cliyrotecarum
3248 2518 3307 2562 et
3350 2509 3523 2563 mitrae
3572 2523 3695 2561 usum
3738 2507 3768 2557 in

2275 2597 2662 2652 festivitatibus
2700 2608 2824 2652 octo
2867 2598 3178 2668 prmeipuis,
3233 2598 3381 2653 sicut
3423 2598 3516 2651 tibi
3560 2611 3768 2652 concessus

2273 2697 2377 2753 est,
2408 2689 2479 2740 ita
2513 2690 2618 2742 tuis
2648 2704 2864 2759 quoque
2895 2689 3328 2755 successoribus,
3381 2705 3477 2760 pro
3503 2697 3596 2742 ture
3627 2687 3768 2756 religio-

2274 2777 2361 2832 nis
2408 2776 2657 2846 ampliori
2701 2778 3010 2842 dilectione,
3057 2778 3434 2832 concedimus.
3488 2775 3540 2830 Si
3570 2791 3656 2846 qua
3690 2791 3769 2828 rem
3834 2775 3835 2850 ξ

2274 2869 2645 2924 ecclesiastica
2692 2869 3039 2924 saecularisve
3096 2883 3331 2938 persona
3376 2867 3530 2935 hujus
3576 2865 3761 2936 privilegii

2275 2957 2522 3026 paginam
2551 2957 2749 3022 sciens,
2779 2968 2966 3013 contra
2990 2972 3110 3012 eam
3145 2966 3354 3012 temere
3387 2957 3564 3009 venire
3599 2963 3766 3008 tentare-

2277 3049 2368 3113 rlt,
2423 3050 2663 3101 secundo
2705 3047 2934 3101 tertiove
2980 3047 3335 3111 commonita,
3382 3046 3427 3100 si
3481 3061 3576 3100 non
3617 3040 3765 3096 Satisia-
3834 3040 3835 3113 ξ

2275 3136 2455 3190 ctione
2489 3151 2726 3205 congrua
2760 3135 3154 3200 emendaverit,
3207 3136 3497 3206 potestatis
3529 3133 3769 3197 honorisan
3834 3153 3835 3206 ι

2277 3224 2360 3278 sui
2413 3225 2679 3294 dignitate
2733 3236 2952 3288 careat,
3009 3240 3268 3293 reamque
3325 3240 3388 3280 se
3437 3225 3603 3280 divino
3631 3221 3770 3291 judicia

2276 3314 2513 3370 existere
2550 3315 2616 3369 de
2665 3323 2977 3384 perpetrata
3022 3315 3310 3384 iniquitate
3365 3322 3648 3385 cognoscat,
3684 3319 3764 3362 et:

2277 3408 2646 3464 sacratissimo
2689 3422 2917 3478 corpore
2970 3422 3036 3462 ac
3087 3408 3355 3477 sanguine
3409 3407 3583 3487 Dei-et
3621 3398 3764 3456 Domini

2276 3507 2445 3561 nostri
2483 3505 2608 3561 Jesu
2656 3505 2856 3560 Christi
2909 3504 3082 3559 aliena
3128 3503 3258 3568 ﬁat,
3305 3514 3473 3574 atque
3510 3504 3556 3556 iu
3596 3507 3768 3554 extremo

2275 3599 2526 3654 examine
2563 3598 2824 3652 districta:
2852 3595 3041 3652 ultioni
3075 3594 3379 3666 subjaceat.
3405 3595 3610 3652 Cunctis
3645 3601 3760 3644 autem
3834 3607 3835 3658 ι

2276 3689 2450 3743 cidem
2488 3688 2606 3744 loco
2639 3687 2786 3756 justa
2815 3687 3160 3742 servantibus
3196 3688 3269 3744 sit
3295 3704 3406 3758 pax
3440 3685 3626 3743 Domini
3653 3681 3762 3736 nostri

2274 3782 2401 3837 Jesu
2433 3781 2655 3836 Christi.
2682 3782 2875 3836 Amen.
3834 3773 3835 3814 ι

2345 3872 2538 3926 Datum
2585 3872 2878 3926 Placentiae
2929 3887 3030 3940 per
3060 3886 3280 3926 manum
3321 3870 3572 3934 Joannis,
3628 3871 3759 3919 sancta

2274 3960 2531 4017 Romana:
2557 3962 2813 4016 Ecclesia:
2863 3961 3076 4016 diaconi
3109 3962 3434 4027 cardinalis,
3485 3974 3584 4013 χιιι
3607 3953 3758 4010 Kalend.

2273 4051 2473 4121 April.,
2530 4052 2716 4106 indict.
2767 4069 2861 4117 ιιι,
2917 4067 3060 4106 anno
3112 4052 3412 4106 Dominica:
3457 4044 3759 4104 lucarnatioms

2276 4143 2454 4208 1095,
2505 4143 2854 4212 pontiﬁcatus
2907 4152 3088 4196 autem
3138 4142 3322 4197 domui
3377 4139 3568 4197 Urbani
3609 4130 3762 4190 scutarii

2273 4250 2427 4305 papa:
2460 4249 2601 4289 anno
2623 4250 2738 4288 vut.

2895 4344 3226 4399 CXXXVIII.

2275 4439 2612 4510 Privilegium
2643 4437 2842 4492 Urbani
2866 4437 3228 4560 prgitrpaﬁllpgo
3259 4434 3474 4490 ecclesia
3501 4429 3553 4487 S.
3585 4424 3696 4480 Petri
3717 4421 3756 4471 de

2861 4598 3040 4668 (Anno
3076 4593 3279 4664 1095.)

2275 4693 2462 4765 ωηο,
2518 4688 3079 4765 ΙιςιονὶαηιιεΙ-Ιίιμςὶιιὰ
3126 4703 3156 4765 _e
3211 4687 3406 4765 duc:an
3451 4669 3752 4765 "Quantillm

2521 4761 2800 4818 Guastalla
2841 4759 2999 4822 I785,
3030 4757 3196 4821 iit-4°,
3229 4767 3267 4810 t.
3298 4756 3340 4821 I,
3367 4772 3423 4825 p.
3450 4749 3583 4819 525.]

2346 4874 2600 4930 Unnanus
2638 4873 2946 4942 episcopus,
2973 4885 3161 4925 servus
3183 4884 3458 4924 servorum
3486 4862 3584 4924 Dei,
3611 4854 3751 4947 dilectis

2273 4966 2396 5022 ﬁliis
2423 4970 2684 5027 Annium,
2726 4963 3198 5033 archipresbytero
3231 4960 3482 5015 Ecclesia:
3509 4949 3632 5045 Beati

2271 5077 2391 5131 qua:
2422 5062 2475 5115 in
2509 5057 2870 5115 Guastallensi
2899 5071 3037 5126 pago
3063 5055 3168 5109 sita
3197 5064 3298 5118 est,
3336 5052 3544 5120 ejusque
3570 5035 3748 5096 fratribus

2272 5165 2381 5208 tam
2409 5152 2766 5222 praesentibus
2793 5165 2957 5218 quam
2994 5147 3192 5202 futuris
3223 5145 3480 5202 canonice
3505 5133 3745 5197 substituen-

2267 5245 2352 5298 dis
2393 5244 2444 5296 in
2475 5250 2813 5312 perpetuum.

2346 5332 2512 5387 Justis
2535 5333 2678 5387 votis
2708 5345 2991 5387 assensum
3020 5329 3309 5400 perhibere
3332 5326 3577 5397 justisque
3596 5316 3742 5406 99‘9"},

2271 5421 2430 5476 nibus
2471 5436 2630 5476 aures
2675 5399 3088 5475 accommodare
3113 5434 3214 5473 nos
3238 5417 3502 5477 convenit,
3535 5407 3627 5478 qui.
3659 5399 3740 5495 Im.”

2270 5511 2500 5581 indigni,
2527 5510 2750 5579 iustitia:
2771 5511 3025 5566 custodes
3046 5519 3207 5577 atque
3233 5519 3498 5577 praecones
3515 5501 3560 5556 in
3577 5490 3737 5581 Eccl?“

2217 5665 2226 5674 α
2270 5579 2634 5672 apostolorum
2677 5601 2979 5671 principum
3013 5600 3155 5656 Petri
3194 5608 3250 5654 et
3285 5586 3636 5664 Paulispecula

2271 5696 2421 5751 mino
2451 5695 2772 5764 disponente
2803 5694 3047 5750 videmur
3086 5693 3334 5749 existere.
3369 5687 3664 5758 Quapropter,
3692 5663 3735 5719 ωι
