3888 6322
71 341 166 399 415

1195 327 1556 384 erasmus
1591 327 1680 382 ET
1702 328 2117 388 mra.

2379 277 2433 291 α-

3187 339 3294 394 414

74 457 120 509 in
150 447 360 507 Christo
393 441 712 502 charissima
746 440 983 502 Andrea,
1025 439 1328 495 devotionis
1365 451 1468 494 tum
1495 455 1620 509 pre-
1651 451 1697 505 Α
1728 443 2023 512 subjaceat.
2054 448 2276 504 Cunctis
2301 456 2480 505 autem
2502 450 2675 506 eidem
2697 450 2836 516 loco,
2857 450 3001 522 jnsta
3033 454 3297 522 servanti-

77 547 216 601 cibns
257 545 576 602 annuentes,
615 534 756 591 beati
796 533 941 588 Petri
971 532 1229 602 apostoli,
1267 533 1352 588 cui
1382 532 1609 587 Domino

75 642 281 686 auctore
308 627 562 698 praesides
602 622 888 679 ecclesiam
913 637 1032 691 quae
1059 622 1112 676 in
1141 621 1416 677 Guastalla
1445 623 1498 676 in
1521 637 1619 678 suo

77 721 266 791 praedio
317 717 607 774 constituta
649 731 678 770 a
722 713 1068 769 dilectissimo
1118 713 1266 768 beati
1323 713 1468 768 Petri
1515 713 1624 767 ﬁlia

76 808 425 880 Ermengarda
454 807 636 877 regina
666 815 721 860 et
743 820 774 858 a
813 803 1033 859 domino
1061 802 1356 858 Garimano
1387 803 1625 873 ejusdem

74 899 299 955 ecclesia:
343 896 629 950 fundatore
676 895 786 948 Deo
830 908 895 948 ac
935 893 1097 948 beato
1127 893 1289 948 Petro
1317 893 1495 948 oblata
1523 903 1624 960 est,

74 1001 122 1044 et
176 1003 204 1040 a
253 986 651 1056 praedecessore
697 991 883 1039 nostro
939 981 1114 1038 felicis
1172 983 1445 1038 memorize
1493 998 1627 1052 papa

75 1076 320 1147 Gregorio
361 1076 551 1148 quinto
603 1073 658 1126 in
702 1071 909 1141 plebem
952 1072 1018 1127 de
1067 1072 1270 1142 capella
1327 1081 1627 1142 promotam

76 1180 122 1224 et
153 1176 518 1222 consecratam
573 1164 676 1220 sub
737 1164 1049 1234 apostolica:
1097 1164 1242 1220 sedis
1294 1163 1630 1234 proteCtione

83 1255 376 1326 specialiter
420 1253 810 1308 confovendam
855 1253 1200 1320 suscipimus,
1251 1262 1303 1306 et
1356 1251 1448 1306 tibi
1509 1265 1628 1304 eam

82 1349 275 1418 tuisque
323 1345 738 1402 successoribus
774 1344 1034 1398 canonice
1083 1343 1475 1398 substituendis
1508 1342 1632 1411 jure

77 1447 315 1510 perpetuo
361 1436 712 1492 concedimus
759 1445 921 1503 atque
966 1436 1244 1489 firmamus
1293 1451 1415 1490 cum
1461 1434 1632 1488 tribus

79 1529 296 1598 capellis,
344 1525 601 1580 videlicet
643 1523 702 1578 S.
750 1523 1156 1586 Bartholomtei,
1203 1523 1260 1578 S.
1315 1523 1556 1593 Georgii.
1579 1533 1633 1578 et

80 1623 129 1675 ὃ.
171 1617 424 1683 Martini,
477 1624 531 1671 et
582 1631 704 1670 cum
753 1616 1005 1670 omnibus
1041 1618 1155 1670 suis
1203 1614 1633 1684 possessionibus

81 1727 159 1766 seu
183 1707 401 1764 decimis
423 1707 493 1760 ad
522 1705 668 1775 ipsas
701 1705 1120 1776 pertinentibus.
1150 1704 1546 1759 Constituimus
1577 1714 1634 1757 ut

1727 535 1827 592 bus
1852 538 1925 593 sit
1947 553 2047 608 pax
2072 540 2284 596 Domini
2313 543 2479 598 nostri
2506 543 2883 614 Redemptoris
2910 545 3037 600 Jesu
3069 545 3294 610 Christi,

1727 635 1993 696 quatenus
2039 637 2091 684 et
2127 629 2218 685 hic
2249 629 2483 686 fructum
2529 633 2682 688 home
2727 634 2955 690 actionis
2998 635 3300 704 percipiant

1725 726 1780 769 et
1807 715 1946 784 apud
1981 717 2285 772 districtum
2327 719 2562 790 jndicem
2608 723 2827 792 praemia
2877 732 3094 778 aeternae
3149 724 3300 794 pacis

1729 805 2028 860 inveniant.
2065 807 2260 873 Amen,
2291 824 2468 872 amen,
2499 825 2678 865 amen.

1797 897 1906 967 Ego
1932 897 2181 954 Urbanus
2203 900 2484 955 catholica:
2507 901 2762 956 Ecclesim
2784 903 3092 974 episcopus.

1800 984 1994 1039 Datum
2058 985 2346 1042 Placentia!
2409 1003 2503 1056 per
2566 1005 2760 1043 manus
2822 990 3045 1046 Joannis
3104 997 3304 1046 sanctae

1728 1074 1985 1129 Romanae
2028 1076 2281 1132 Ecclesia:
2319 1077 2628 1144 cardinalis,
2669 1079 2844 1148 pridie
2884 1079 3111 1134 Kalend.
3143 1079 3304 1149 Apri-

1731 1165 1834 1232 lis,
1904 1167 2093 1222 indict.
2171 1184 2274 1232 ut,
2347 1183 2489 1223 anno
2553 1169 2850 1224 Dominicze
2911 1168 3306 1224 lncarnationis

1733 1258 1900 1321 1096,
1951 1259 2301 1326 pontificatus
2349 1272 2531 1315 autem
2589 1262 2770 1315 domui
2822 1261 3024 1316 Urbani
3081 1261 3304 1315 secundi

1731 1347 1830 1400 PP.
1860 1357 2068 1402 octavo.

2381 1457 2668 1514 CXXXIX.

1769 1549 1968 1601 Urbani
2000 1547 2059 1601 Il
2091 1565 2240 1618 popa:
2289 1551 2356 1602 ad
2404 1549 2729 1604 Hic/tardum
2780 1561 2976 1606 sancta:
3027 1550 3277 1606 Romana:

2087 1618 2335 1672 Ecclesia:
2361 1620 2684 1674 cardinalem
2715 1622 2954 1690 epistola.

2335 1713 2510 1783 (Anno
2542 1713 2722 1784 1095.)

82 1802 238 1855 nnlhts
289 1797 433 1852 infra
488 1797 748 1852 terminos
788 1805 984 1850 vestrae
1043 1795 1313 1865 parochias
1348 1793 1632 1849 ecclesiam

1773 1801 2075 1874 [Ducunsss
2120 1803 2288 1874 (Ρη),
2325 1803 2558 1856 Histoire
2597 1804 2678 1874 der
2707 1814 2822 1858 tous
2867 1804 2940 1857 les
2987 1805 3280 1874 cardiacum

82 1892 324 1947 aniiticare
369 1898 666 1960 praesumat
713 1887 818 1941 nisi
860 1902 955 1958 per
1006 1897 1242 1940 vestram
1284 1885 1556 1940 licentiam
1583 1893 1639 1938 et

84 1999 186 2052 qua:
243 1983 394 2037 vobis
450 1981 642 2035 debeat
701 1992 822 2034 esse
877 1977 1139 2047 subjecta.
1185 1976 1252 2030 Et
1304 1989 1638 2044 quzecunque

85 2072 486 2145 praesentialiter
547 2079 724 2124 vestra
785 2068 1019 2123 ecclesia
1061 2066 1208 2134 juste
1272 2081 1336 2121 ac
1392 2065 1637 2133 legaliter

85 2165 318 2235 possidet,
365 2163 486 2217 sive
536 2161 587 2214 in
634 2159 870 2213 futurum
900 2159 1258 2214 concessione
1297 2157 1636 2228 pontiticum,

89 2253 390 2306 liberalitate
450 2264 636 2320 regunt
684 2246 769 2303 vel
823 2248 1151 2317 principum,
1208 2262 1302 2302 seu
1363 2246 1638 2301 oblatione

91 2339 478 2409 tidclinmjuste
524 2346 578 2392 et
624 2335 882 2392 canonice
929 2336 1138 2404 poteris
1187 2336 1430 2405 adipisci,
1484 2335 1638 2388 firma

90 2432 224 2484 vobis
253 2429 560 2497 vestrisque
589 2426 991 2482 successoribus
1013 2440 1334 2497 permanere
1363 2425 1644 2496 praesentis

91 2519 328 2590 privilegii
377 2525 710 2575 auctoritate
763 2519 1061 2571 sancimus.
1111 2517 1466 2572 Decernimus
1513 2530 1644 2586 ergo

91 2621 138 2663 nt
162 2611 276 2664 nulli
302 2610 532 2664 omnino
564 2609 839 2662 hominum
877 2607 1042 2662 liceat
1069 2607 1314 2661 eamdem
1344 2607 1643 2662 Ecclesiam

94 2711 269 2757 temere
298 2701 620 2773 perturbare
665 2707 757 2753 ant
785 2699 831 2752 ei
866 2698 1112 2753 subditas
1147 2699 1517 2767 possessiones
1549 2714 1646 2751 au-

93 2792 218 2847 ferre
243 2792 323 2847 vel
373 2792 608 2846 abhatas
659 2791 914 2854 retinere,
942 2790 1208 2851 minuere,
1237 2789 1318 2843 vel
1346 2789 1650 2844 temerariis

96 2882 456 2936 vexationibus
499 2878 751 2949 fatigare,
803 2879 897 2934 sed
950 2881 1132 2934 omnia
1186 2880 1391 2952 integra
1431 2893 1651 2934 conser-

99 2981 267 3026 ventur
311 2986 507 3026 eorum
535 2985 633 3040 pro
662 2985 893 3040 quorum
934 2972 1331 3025 sustentatione
1369 2979 1425 3026 et
1455 2971 1652 3040 guber-

99 3066 289 3119 natione
315 3079 576 3120 concessa
607 3073 733 3119 sunt
755 3063 947 3118 usibus
988 3065 1314 3121 omnimodis
1344 3066 1646 3134 profutura.

98 3151 313 3208 Ohennte
364 3161 554 3206 autem
605 3161 657 3205 te
708 3166 851 3206 nunc
899 3150 1016 3219 ejus
1062 3152 1165 3208 loci
1212 3127 1502 3224 praeposito
1533 3189 1537 3198 -
1566 3127 1719 3220 vel,C

101 3251 286 3296 tuorum
329 3241 568 3312 quolibet
631 3256 1011 3297 successorum
1062 3243 1239 3297 nullus
1287 3244 1356 3297 ibi
1413 3243 1656 3312 qualibet

100 3332 443 3402 subreptionis
483 3331 680 3385 astutia
732 3331 816 3385 vel
863 3331 1117 3386 violentia
1169 3340 1504 3402 proponatur
1551 3333 1653 3387 nisi

101 3437 238 3489 quem
267 3421 469 3475 fratres
496 3424 769 3475 communi
813 3435 1080 3476 consensu
1127 3420 1210 3474 vel
1257 3419 1486 3474 fratrum
1530 3436 1656 3490 pars

102 3514 286 3569 consilii
321 3513 560 3568 sanioris
598 3513 892 3568 secundum
928 3512 1019 3566 Dei
1057 3497 1305 3568 timorem
1337 3513 1656 3585 regulariter

101 3606 364 3674 elegerint;
407 3620 516 3660 nec
563 3604 697 3674 ipsis
744 3605 930 3668 vobis,
987 3618 1085 3658 nec
1137 3604 1297 3658 alicui
1355 3604 1457 3658 loci
1513 3603 1656 3657 illius

103 3695 326 3749 ministro
357 3693 593 3748 facultas
624 3693 693 3745 sit
720 3692 971 3746 ecclesiae
1007 3693 1146 3747 bona
1176 3693 1229 3746 in
1257 3691 1476 3747 feudum
1517 3691 1658 3746 mili-

104 3784 230 3838 tibus
253 3786 329 3839 vel
357 3784 636 3852 aliquibus
680 3782 930 3850 personis
971 3781 1323 3837 szecnlaribus
1370 3781 1655 3851 impertiri.

105 3873 202 3927 lloc
234 3889 447 3942 quoque
489 3872 738 3940 praesenti
780 3871 1018 3941 capitulo
1057 3869 1428 3942 subiungimus
1458 3880 1516 3924 ut
1545 3871 1657 3940 ipsa

103 3964 306 4018 ecclesia
335 3973 388 4019 et
420 3963 596 4032 ipsius
639 3962 890 4017 Ecclesiae
931 3962 1176 4017 canonici
1215 3961 1284 4016 ab
1318 3962 1464 4019 omni
1492 3977 1660 4018 sarcu-

106 4053 218 4107 laris
239 4054 444 4107 servitii
494 4052 603 4106 sint
648 4051 993 4106 infestatione
1036 4053 1214 4106 securi
1255 4053 1511 4120 omnique
1539 4066 1661 4121 gra-

107 4145 298 4198 vamine
353 4145 648 4197 mundanae
698 4143 1065 4213 oppressionis
1117 4144 1307 4199 remoti
1356 4144 1409 4198 in
1461 4153 1662 4198 sancta:

107 4234 363 4304 religionis
401 4234 793 4288 observatione
845 4233 1018 4288 seduli
1068 4243 1232 4303 atque
1274 4233 1478 4303 quieti,
1531 4233 1660 4288 nulli

107 4324 183 4376 alii
220 4325 318 4379 nisi
363 4325 627 4380 Romana:
656 4333 711 4378 et
745 4323 1052 4392 apostolica:
1082 4324 1196 4378 sedi
1233 4324 1386 4394 cujus
1409 4322 1547 4392 juris
1582 4333 1664 4380 est

109 4412 266 4483 aliqua
299 4423 591 4470 teneantur
620 4413 906 4468 occasione
935 4413 1184 4483 subjecti.
1222 4412 1473 4470 Chrisma
1506 4429 1656 4480 vero,

105 4502 262 4557 oleum
293 4516 562 4571 sanctum,
605 4505 1042 4559 consecrationes
1091 4503 1467 4567 ecclesiarum,
1515 4506 1658 4558 ordi-

107 4594 328 4650 nationes
359 4597 704 4661 clericorum,
747 4603 802 4649 et
840 4595 944 4648 alia
995 4595 1359 4651 ecclesiastica
1404 4598 1658 4666 mysteria

109 4700 132 4734 a
164 4701 477 4754 quocunque
521 4687 802 4741 volueritis
844 4687 1114 4742 catholico
1155 4687 1328 4742 libere
1353 4688 1662 4757 suscipiatis

109 4774 361 4845 episcopo.
395 4778 468 4831 De
491 4785 688 4830 cat-tero
729 4777 906 4832 nullus
948 4778 1412 4848 archiepiscopus,
1450 4781 1661 4849 episco-

108 4878 210 4929 pus,
256 4867 437 4932 abbas,
492 4868 572 4922 vel
619 4868 916 4935 abbatissa,
961 4869 1090 4935 dux,
1142 4871 1406 4937 marchio,
1456 4885 1659 4937 comes,

107 4953 406 5021 vicecomcs,
424 4957 611 5025 jndex,
673 4959 964 5030 gastaldio,
1000 4968 1095 5014 aut
1120 4959 1373 5030 qumlibet
1399 4961 1662 5015 ecclesia-

110 5044 226 5097 stica
250 5048 628 5117 smcnlarisqne
657 5064 886 5118 persona
917 5047 1077 5118 huius
1111 5050 1373 5120 privilegii
1409 5051 1660 5120 paginam

111 5136 302 5201 sciens,
357 5149 546 5194 contra
606 5155 728 5194 eam
784 5142 971 5196 venire
1035 5142 1363 5208 tentaverit,
1424 5143 1661 5196 secundo

120 5227 322 5282 tertiove
360 5231 722 5286 commonitus
765 5232 810 5285 si
862 5247 966 5286 non
1015 5231 1388 5288 satisfactione
1427 5248 1666 5302 congrua

115 5319 461 5374 emendaverit
527 5325 813 5390 potestatis
874 5323 1207 5393 honorisque
1261 5326 1342 5380 sui
1402 5326 1664 5394 dignitate

116 5415 278 5459 careat
324 5423 578 5479 rentnque
625 5427 685 5466 se
737 5413 918 5467 divino
965 5413 1171 5482 judicio
1218 5416 1542 5470 existentetn
1577 5433 1674 5486 pro

126 5505 313 5558 patrata
339 5500 620 5569 iniquitate
664 5515 976 5574 cognoscat,
1007 5515 1061 5560 ct
1090 5520 1120 5559 a
1151 5506 1516 5561 sacratissimo
1553 5523 1673 5562 cor-

130 5600 242 5649 purc
267 5599 317 5642 et
347 5594 604 5661 sanguine
633 5593 724 5648 Dei
755 5605 810 5649 ct
840 5595 1053 5650 Domini
1087 5597 1254 5652 nostri
1295 5597 1420 5652 Jcsn
1462 5598 1666 5654 Christi

130 5675 311 5732 alienus
343 5680 431 5735 fiat
467 5693 624 5755 atque
658 5695 902 5742 extremo
935 5687 1184 5744 examine
1223 5689 1452 5744 districti
1480 5690 1666 5759 jndicii

1881 1875 2133 1941 frangitis;
2173 1873 2346 1940 Paris,
2384 1874 2538 1938 l660,
2577 1873 2776 1939 in-fol.,
2805 1883 2844 1928 t.
2870 1875 2934 1938 ll,
2966 1889 3018 1942 p.
3055 1872 3170 1944 40.]

1809 1959 2058 2015 Unnaxvus
2099 1960 2406 2030 episcopus,
2440 1975 2631 2015 servus
2662 1976 2940 2015 servorum
2977 1961 3092 2024 Dei,
3122 1961 3318 2015 dilecto

1739 2049 1792 2102 in
1817 2049 2032 2104 Christo
2061 2049 2216 2102 fratri
2243 2063 2296 2104 et
2325 2051 2766 2120 eompreshytcro
2795 2049 3092 2108 thnanoo.
3119 2061 3319 2104 sanctae

1742 2139 1998 2195 Romana:
2043 2141 2301 2195 Ecclesia:
2355 2141 2614 2209 cardinali
2659 2150 2712 2195 et
2754 2141 3070 2196 Massilieusi
3114 2141 3315 2204 abbati,

1743 2227 1963 2297 ejusque
2011 2229 2418 2284 successoribus
2468 2229 2788 2298 regulariter
2831 2231 3220 2285 substituendis
3267 2230 3318 2282 in

1741 2330 2080 2392 perpetuum.

1813 2411 1982 2467 Justis
2017 2411 2159 2466 votis
2191 2426 2471 2466 assensum
2511 2411 2769 2480 prmbere,
2803 2411 3073 2482 justisque
3110 2410 3325 2480 petitio-

1745 2504 1902 2558 nibus
1944 2517 2101 2558 aures
2131 2503 2474 2558 commodare
2519 2518 2615 2558 nos
2647 2503 2923 2567 convenit,
2959 2503 3048 2572 qui
3089 2503 3215 2557 licet
3245 2502 3323 2555 in-

1749 2596 1892 2665 digni
1933 2594 2155 2663 justitiae
2193 2594 2449 2650 custodes
2493 2604 2655 2664 atque
2704 2609 2978 2664 praecones
3019 2595 3070 2648 in
3112 2593 3325 2649 excelsa

1748 2687 2111 2755 apostolorum
2150 2689 2454 2757 principum
2505 2687 2740 2753 Petri'et
2771 2684 2917 2738 Pauli
2965 2684 3180 2754 specula
3220 2685 3328 2739 Do-

1751 2779 1898 2834 mino
1941 2780 2257 2849 disponente
2300 2780 2544 2834 videmur
2589 2779 2844 2832 existere.
2889 2777 3022 2844 Quia
3063 2777 3246 2844 igitur,
3275 2784 3330 2828 et

1752 2879 2156 2926 antecessorum
2188 2881 2398 2926 tuorum
2430 2879 2485 2924 et
2515 2870 2587 2923 tui
2621 2869 2913 2924 Strenuitas
2945 2869 2996 2922 in
3031 2867 3334 2937 reparando

1754 2961 2112 3030 quorumdam
2157 2961 2525 3017 ccenobiornm
2567 2967 2708 3014 statu
2747 2967 2968 3014 strenue
3007 2973 3069 3012 ac
3107 2956 3334 3011 sollicite

1757 3053 2025 3122 vigilavit,
2081 3052 2330 3123 petitioni
2381 3060 2484 3105 tua:
2523 3050 2777 3106 duximus
2833 3049 3177 3104 annuendnm
3230 3063 3333 3100 ron

1757 3142 2064 3206 immerito,
2109 3149 2166 3195 ut
2219 3141 2270 3194 in
2316 3139 2521 3193 eisdem
2567 3138 2916 3192 monasteriis
2962 3136 3334 3206 disponendis,

1757 3233 2011 3288 abbatum
2055 3232 2263 3288 scilicet
2301 3230 2735 3288 ordinationibus
2778 3238 2940 3296 atque
2985 3227 3336 3283 correctioni-

1757 3323 1857 3379 bus
1885 3333 2102 3378 nostras
2125 3323 2217 3379 tibi
2247 3323 2461 3392 tuisque
2489 3321 2743 3391 legitimis
2765 3319 3168 3374 successoribus
3195 3319 3339 3371 vices

1759 3418 2100 3472 committere
2139 3417 2454 3480 debeamus,
2493 3415 2636 3470 sicut
2680 3413 3064 3484 prted'ccessori
3120 3423 3210 3467 tuo
3252 3426 3329 3466 vc-

1761 3509 1984 3566 nerabili
2039 3509 2156 3562 viro
2213 3507 2489 3561 Bernardo
2555 3505 2623 3559 ab
2691 3505 3003 3574 apostolicae
3069 3501 3339 3557 memorizr

1760 3597 2020 3668 Gregorio
2051 3597 2447 3666 prtedecessore
2478 3605 2664 3650 nostro
2694 3594 3002 3650 commissae
3040 3602 3186 3658 sunt,
3215 3601 3271 3648 ct
3311 3608 3340 3645 a

1761 3687 2027 3758 religiosis
2064 3686 2337 3756 episcopis
2381 3700 2446 3741 ac
2493 3685 2830 3754 principibus
2877 3683 3240 3745 confirmabo,
3291 3684 3343 3736 in

1762 3793 1989 3846 quorum
2035 3776 2311 3847 parochiis
2355 3776 2627 3830 habentur
2670 3775 2998 3829 monasteria
3034 3793 3046 3828 :
3085 3774 3341 3828 Videlicel

1763 3868 2150 3924 monasterium
2192 3866 2408 3922 Sanctre
2446 3867 2627 3921 Maria:
2671 3868 2736 3921 de
2772 3866 2999 3937 Riupoly
3044 3868 3094 3920 in
3137 3868 3344 3937 episco-

1763 3969 1888 4028 patu
1941 3957 2286 4013 Ausoniensi.
2349 3957 2404 4010 In
2457 3956 2778 4012 Girondensi
2838 3957 3225 4011 monasterium
3285 3957 3345 4010 S.

1764 4049 2022 4118 Stephani
2061 4049 2125 4102 de
2169 4047 2418 4114 Baleolis,
2454 4057 2506 4102 ct
2553 4047 2610 4101 S.
2652 4047 2796 4102 Petri
2841 4047 2906 4102 de
2938 4046 3246 4102 Bisalduno.
3291 4046 3346 4100 In

1762 4139 1980 4196 Elnensi
2033 4140 2418 4195 monasterium
2473 4138 2529 4194 S.
2573 4139 2853 4194 Michaelis
2899 4139 2964 4194 dc
2999 4139 3238 4194 Cosano.
3291 4137 3346 4191 lu

1764 4231 2105 4302 Bigorritano
2135 4231 2521 4285 monasterium
2555 4229 2613 4284 S.
2651 4230 2838 4284 Savini
2867 4238 2923 4284 et
2965 4229 3021 4283 S.
3051 4229 3260 4283 Severi.
3293 4228 3347 4282 lu

1762 4321 2002 4376 Albicnsi
2041 4320 2426 4375 monasterium
2470 4319 2526 4372 S.
2572 4319 2849 4373 Benedicti
2883 4319 2948 4373 de
2977 4317 3204 4382 Castris,
3259 4317 3347 4372 ubi

1767 4415 1960 4470 beatus
1999 4412 2317 4468 Vincentius
2365 4411 2525 4464 levita
2579 4421 2635 4464 et
2685 4419 2890 4480 martyr
2941 4410 3252 4479 requiescit.
3297 4409 3350 4462 lu

1768 4505 2036 4559 Tolosano
2068 4504 2376 4573 episcopatu
2410 4500 2800 4554 monasterium
2833 4499 3045 4554 Sancta:
3075 4498 3257 4552 Maria:
3287 4500 3348 4550 dc

1769 4596 2038 4652 Soriciuo.
2081 4595 2135 4647 In
2177 4591 2510 4646 lihutenensi
2562 4591 2948 4645 monasterium
2995 4590 3051 4644 S.
3092 4589 3349 4650 Amantii,

1767 4696 1822 4740 et
1846 4685 2138 4738 Vahrense.
2170 4682 2225 4736 ln
2252 4680 2690 4736 Carcassionensi
2720 4680 3106 4736 monasterium
3137 4677 3352 4732 Sanctae

1769 4776 1950 4831 Maria:
1991 4777 2057 4830 de
2096 4774 2308 4830 Crassa.
2355 4772 2412 4828 ln
2463 4772 2816 4827 Nemausensi
2859 4770 3248 4825 monasterium
3289 4769 3345 4824 S.

1767 4867 1909 4922 Petri
1959 4866 2026 4920 de
2075 4864 2396 4919 Psalmodio.
2465 4864 2518 4917 ln
2566 4862 2906 4926 Arelatensi,
2961 4861 3020 4916 S.
3070 4860 3210 4916 l‘etri
3283 4860 3351 4915 de

1775 4959 1957 5014 Monte
1988 4956 2197 5025 Majori.
2229 4956 2284 5009 ln
2327 4957 2524 5025 quibus
2553 4954 2804 5010 omnibus
2845 4951 3101 5007 defuncto
3137 4951 3354 5016 abbate,

1775 5050 1867 5103 tibi
1913 5048 2126 5118 tuisque
2172 5045 2577 5102 successoribus
2612 5060 2740 5100 cura
2773 5043 2864 5106 sit,
2909 5044 3184 5098 communi
3231 5044 3357 5100 reli-

1771 5143 2044 5212 giosorum
2100 5139 2323 5192 fratrum
2373 5137 2618 5199 consilio,
2659 5137 2724 5190 de
2773 5135 3011 5205 ipsorum
3058 5149 3356 5206 congrega-

1773 5234 1918 5287 tione
1945 5231 2268 5300 regnlaritcr
2292 5230 2491 5300 eligere
2521 5242 2916 5283 successorem.
2949 5226 3101 5294 Quod
3133 5227 3178 5282 si
3217 5227 3360 5282 inter

1777 5324 1922 5394 ipsos
1957 5325 2083 5378 huic
2119 5322 2362 5392 regimini
2407 5320 2710 5389 nequiverit
2757 5320 2980 5374 idoneus
3010 5320 3262 5385 inveniri,
3291 5321 3358 5374 de

1779 5428 1979 5478 veStra,
2006 5414 2161 5468 idest
2192 5411 2508 5464 Massiliensi
2533 5409 2952 5478 congregatione
2977 5410 3077 5463 sibi
3107 5411 3354 5463 abbatem

1778 5514 2080 5566 assumant,
2118 5505 2256 5558 unde
2307 5501 2658 5558 institutionis
2701 5517 2810 5556 sua:
2855 5517 2920 5556 ac
2963 5501 3236 5570 religionis
3271 5503 3347 5555 vi-

1777 5599 1971 5653 dentur
2014 5595 2307 5665 sumpsisse
2353 5594 2634 5665 principia.
2686 5593 2740 5649 Si
2788 5609 2948 5659 vero,
3000 5593 3141 5663 quod
3189 5592 3349 5654 absit,

1775 5689 2054 5744 ordinatus
2085 5687 2252 5742 abbas
2278 5704 2306 5741 a
2335 5688 2414 5742 sui
2446 5687 2649 5741 ordinis
2683 5685 3004 5742 rectitudine
3031 5684 3345 5746 dcviavcrit,
