3888 6322
565 297 668 360 «ίίὕ

571 510 785 564 abbatis
817 509 986 578 ipsius
1013 509 1205 586 delicta
1241 510 1476 580 regulari
1506 512 1822 567 austeritate
1851 513 2141 582 corrigere.

571 604 686 668 Qua
735 604 785 656 iu
839 619 898 658 re
943 603 1210 673 cpisc0pis
1255 604 1388 672 ipsis
1437 620 1542 659 non
1585 605 1743 661 liceat
1773 607 1925 662 Vobis
1969 608 2145 676 aliqua

572 693 838 761 pravitate
871 693 1146 748 resistere.
1182 693 1352 747 Porro
1392 709 1455 748 ea
1492 697 1613 763 qua:
1642 709 1738 766 per
1773 697 2146 767 episcoporum

571 784 1000 844 concessionem,
1034 799 1129 852 per
1155 783 1460 854 principum
1507 785 1908 854 liberalitatem,
1941 788 2026 842 vel
2055 802 2150 857 per

569 872 899 926 oblationem
945 873 1180 926 ﬁdelium
1225 882 1314 927 tua
1359 877 1654 932 Strenuitas
1701 877 2009 947 acquisivit,
2053 894 2150 934 nos

573 963 668 1015 tibi
699 963 912 1032 tuisque
952 965 1359 1021 successoribus
1386 967 1452 1020 ad
1485 983 1638 1022 usum
1675 969 1904 1022 fratrum
1936 981 2147 1024 vestro—

573 1067 690 1105 rum
732 1063 987 1120 perpetuo
1020 1054 1340 1122 possidenda
1380 1059 1658 1124 praesentis
1685 1059 1885 1114 decreti
1912 1059 2150 1115 auctori—

574 1151 684 1196 tate
713 1141 1012 1206 ﬁrmamus,
1034 1144 1181 1197 salva
1209 1146 1580 1216 epis00porum
1609 1151 1872 1204 canonica
1903 1167 2150 1206 rexercn-

575 1235 668 1291 tia.
724 1234 982 1290 Videlicet
1033 1236 1186 1305 juxta
1246 1239 1582 1296 Avenionenr
1630 1243 1902 1298 civitatem
1959 1244 2146 1299 cellam

573 1323 759 1378 Sancti
816 1327 1115 1381 Satttrnini.
1169 1328 1224 1381 lu
1298 1330 1611 1401 cpisc0patu
1672 1332 1894 1389 Uzetico
1959 1333 2150 1389 Sancti

576 1413 880 1470 Mammetis
903 1417 1090 1472 cellam
1119 1420 1295 1476 Larte.
1325 1423 1378 1476 In
1418 1424 1880 1494 archiepiscopatu
1913 1426 2150 1495 Aquensi

575 1506 940 1572 parochialem
986 1511 1271 1566 ecclesiam
1309 1514 1374 1568 de
1408 1515 1604 1582 Cretis,
1635 1523 1689 1568 et
1735 1517 2045 1584 parochiam
2085 1518 2152 1572 de

573 1593 766 1660 Alluel,
800 1607 853 1652 et
885 1602 1193 1666 parochiam
1221 1603 1285 1657 de
1313 1603 1456 1658 Boeh
1485 1616 1539 1659 et
1568 1607 1634 1660 de
1661 1605 2002 1677 Caudalonga
2029 1623 2149 1661 cum

572 1687 760 1739 eodem
795 1701 993 1754 castro,
1027 1692 1336 1759 parochiam
1373 1694 1440 1748 de
1471 1695 1696 1761 Roseth,
1738 1697 2020 1752 ecclesiam
2059 1714 2150 1767 pa-

574 1776 865 1830 rochialent
910 1780 976 1833 de
1015 1780 1208 1848 Sparo,
1245 1790 1300 1836 et
1340 1785 1541 1855 Arhga.
1584 1785 1835 1839 Castrum
1880 1786 1946 1841 de
1987 1787 2148 1857 Papia

566 1865 721 1932 jmta
769 1866 1120 1923 Marimanam
1167 1887 1288 1924 cum
1345 1883 1500 1942 portu
1540 1875 1605 1929 de
1655 1876 1949 1945 Bagncras,
1991 1893 2149 1948 paro-

572 1957 748 2010 chiam
786 1958 853 2012 de
893 1959 1103 2014 Cofors.
1154 1961 1211 2016 In
1247 1963 1599 2031 Forojuliensi
1649 1967 1934 2022 ecclesiam
1992 1984 2148 2038 paro-

570 2048 802 2101 chialem
839 2048 904 2103 de
935 2049 1160 2116 Grimal,
1194 2056 1507 2122 parochiam
1539 2057 1604 2112 de
1636 2058 1736 2112 Aix
1767 2067 1822 2112 et
1850 2060 1916 2113 de
1955 2059 2149 2130 Flayo-

571 2154 686 2203 sco,
712 2140 994 2194 ecclesiam
1033 2143 1215 2197 Sancti
1247 2144 1389 2200 Petri
1431 2163 1552 2202 cum
1592 2151 1888 2219 parochiali
1920 2151 2148 2206 ecclesia

570 2229 636 2281 de
667 2228 924 2293 Salernis,
956 2233 1238 2288 ecclesiaru
1273 2235 1485 2292 Sanctae
1515 2237 1697 2294 Maria:
1737 2256 1858 2295 cum
1890 2241 1991 2294 alia
2023 2257 2120 2295 con
2147 2272 2149 2275 -

573 2319 715 2388 tigna
759 2321 986 2376 ecclesia
1033 2325 1098 2377 de
1142 2324 1377 2392 Cahaza,
1411 2330 1721 2398 parochiam
1773 2332 1839 2386 de
1884 2331 2147 2386 anlt.'ln

570 2408 1045 2478 Carpenterasensi
1074 2415 1383 2484 episcopatu
1425 2419 1713 2486 ecclesiam
1751 2421 1810 2475 S.
1845 2420 2149 2477 Felieian

571 2500 938 2556 Ehrcduncnsi
970 2506 1432 2578 archiepiscopatu
1463 2513 1773 2579 parochiam
1805 2514 1872 2568 de
1903 2513 2146 2568 Turries.

570 2592 626 2645 In
668 2593 948 2664 Vapicensi
1001 2597 1285 2671 ecclesiam
1331 2599 1516 2655 Sancti
1553 2603 1718 2674 Erigii
1767 2604 1820 2658 in
1865 2614 2049 2660 castro
2087 2604 2151 2659 de

571 2681 796 2736 llledoilo
824 2685 961 2753 apud
993 2685 1232 2741 Zeniam.
1264 2687 1322 2743 S.
1358 2688 1588 2746 Victoris
1616 2693 1806 2748 cellam
1843 2694 1895 2748 in
1931 2693 2150 2762 proprio

573 2771 923 2829 Massiliensis
953 2777 1183 2831 emnobii
1209 2777 1331 2847 jure
1358 2789 1748 2837 constructum.
1783 2783 1838 2837 lu
1870 2783 2148 2860 Sardinia,

573 2859 624 2913 in
661 2861 960 2917 Gallureusi
1002 2865 1313 2935 episcopatu
1353 2868 1637 2926 ecclesiam
1672 2871 1854 2928 Sancti
1888 2859 2150 2942 Stephani

572 2953 639 3005 de
658 2950 920 3017 Pansada,
939 2970 1061 3009 cum
1085 2958 1292 3033 caeteris
1315 2960 1558 3016 ecclesiis
1581 2978 1716 3031 quas
1737 2973 1842 3017 tam
1869 2966 2154 3034 episeopns

572 3059 734 3113 quam
777 3045 941 3114 judcx
996 3049 1266 3106 Mallilieui
1319 3055 1649 3108 monasterio
1689 3056 2052 3110 contulerunt.
2091 3057 2146 3111 In

1899 307 1958 362 Β.
1994 307 2246 364 URBANI
2285 266 2327 364 it
2370 311 2567 368 cura:

568 425 747 472 vestra
797 417 1061 472 interierit
1103 432 1224 472 eum
1275 417 1588 487 parochiani
1631 418 1867 490 episcopi
1916 419 2140 475 consilio
2170 437 2215 491 Α

3678 333 3741 390 ili

2313 429 2502 478 Actum
2563 423 2852 480 Placentire
2901 443 2997 498 per
3051 445 3268 486 manum
3319 431 3555 502 Joannis,
3605 455 3742 500 sanes

2251 505 2504 572 Romanae
2549 519 2800 576 Ecclesia:
2839 523 3050 578 diaconi
3096 527 3408 593 cardiualis,
3440 531 3594 598 pridie
3624 533 3744 592 Nam;

2248 609 2468 676 Aprilis,
2500 611 2793 668 indictione
2831 629 2912 678 ιιι,
2942 629 3086 670 anno
3117 618 3412 674 Dominica:
3441 620 3746 681 lncaruationis

2251 699 2407 765 1096,
2441 701 2786 777 pontiﬁcatus
2811 712 2990 758 autem
3019 705 3202 761 domui
3230 707 3438 764 Urbani
3467 709 3504 764 ll
3531 725 3653 780 papa:
3671 731 3745 771 nu.

2968 837 3126 892 CXL.

2252 941 2452 998 Urbani
2482 944 2540 997 11
2574 946 2839 1015 decretum
2869 964 2971 1015 quo
3013 951 3198 1003 statuit
3237 960 3296 1003 ut
3336 949 3560 1006 Ecclesia
3594 955 3747 1010 Aranti-

2321 1032 2453 1067 carm
2474 1026 2589 1094 post
2620 1014 2940 1094 CLuillefnij]
2972 1020 3197 1094 episcopi
3233 1030 3456 1075 mortem
3485 1023 3749 1094 raujuugatn

2322 1101 2436 1139 cum
2474 1083 2850 1140 Tricastirtcnsi
2886 1083 3147 1142 Ecclesia.

2846 1198 3024 1268 (Anno
3063 1199 3247 1271 1095.)

2643 1305 2858 1378 [Mansr,
2888 1308 3090 1362 Concil.
3131 1310 3256 1377 XX,
3292 1310 3449 1384 809.]

2323 1417 2598 1485 UnexNus,
2635 1429 2743 1476 etc.
2769 1421 2848 1474 Ad
2873 1423 3220 1490 praesentium
3258 1427 3510 1480 notitiam
3538 1437 3586 1482 et
3613 1428 3753 1487 futuro-

2255 1522 2371 1562 rum
2412 1511 2730 1565 memoriam
2768 1525 2874 1565 uon
2912 1511 3085 1568 latere
3114 1513 3367 1569 volumus
3407 1519 3640 1586 quoniam
3664 1521 3754 1574 inter

2253 1597 2583 1653 Tricastinos
2615 1610 2670 1654 et
2713 1600 3004 1656 Arausicos
3052 1603 3308 1657 diuturna
3351 1607 3613 1659 centeutio
3634 1608 3754 1662 habita

2251 1698 2353 1743 est.
2387 1689 2948 1760 Tricastinis'quidcm
2981 1693 3047 1747 de
3094 1694 3374 1759 unitione,
3401 1696 3652 1751 Arausicis
3675 1715 3754 1753 \‘t'r-J

2184 1818 2225 1877 Β
2255 1779 2319 1832 de
2347 1779 2730 1848 parochiarum
2779 1779 3133 1835 ecclesiarum
3164 1782 3435 1838 divisione
3480 1788 3754 1839 contestanti-

2254 1868 2372 1922 bus.
2419 1868 2485 1921 Et
2528 1870 2865 1924 concertatio
2909 1885 3031 1924 cum
3083 1873 3540 1927 reverendissimo
3586 1873 3755 1942 pontium

2252 1959 2517 2028 Gregorio
2545 1961 2929 2030 praedecessori
2961 1974 3144 2018 nostro
3255 1964 3511 2018 Arausiei
3614 1964 3756 2017 litteras

2253 2052 2515 2122 dirigens,
2545 2052 2778 2122 legatum
2812 2069 2909 2123 pro
2945 2053 3106 2123 hujus
3143 2055 3218 2109 rei
3249 2054 3582 2110 discussione
3617 2056 3668 2108 ad
3699 2070 3756 2108 eos

2252 2154 2311 2193 se
2343 2141 2635 2194 missurum
2666 2141 2938 2210 pollicitus
2980 2152 3067 2197 est
3109 2157 3124 2196 :
3157 2144 3301 2210 quod
3333 2151 3514 2197 tamen
3550 2153 3754 2211 postea

2252 2229 2512 2298 indagare
2541 2231 2903 2298 nequivimus.
2937 2231 2993 2286 ln
3022 2233 3125 2287 hac
3154 2241 3338 2289 autem
3371 2233 3754 2302 suspensione...

2461 2319 2744 2375 ecclesiam
2794 2322 3083 2393 episc0pus
3129 2323 3339 2378 electus
3385 2332 3442 2378 et
3492 2333 3756 2377 consecratus

2251 2419 2354 2463 est.
2385 2410 2723 2467 Tricastinus
2753 2428 2884 2483 ergo
2923 2414 3212 2484 episcopus
3253 2413 3484 2467 Pontius
3514 2413 3758 2466 Aransicen-

2252 2513 2372 2552 sem
2401 2501 2691 2555 ecclesiam
2730 2516 2981 2558 asserens
3029 2518 3127 2572 per
3177 2502 3385 2557 multos
3433 2517 3594 2556 annos
3631 2517 3653 2553 a
3688 2501 3757 2554 suis

2251 2591 2744 2657 prtedecessoribus
2787 2594 2956 2648 fuisse
3001 2592 3338 2662 possessam,
3378 2592 3632 2663 querelam
3669 2594 3757 2646 hanc

2254 2699 2377 2740 cum
2407 2687 2471 2740 ad
2504 2697 2720 2742 nostras
2746 2703 2906 2744 aures
2935 2704 3035 2758 pro
3065 2688 3251 2743 multis
3283 2687 3543 2744 Ecclesia:
3575 2685 3756 2740 Romae

2253 2781 2727 2850 persecutionibus
2777 2781 3022 2851 proferre
3071 2795 3176 2836 non
3223 2787 3420 2851 posset
3482 2778 3531 2832 in
3587 2776 3758 2846 pluribus

2251 2869 2631 2942 Transalpinis
2657 2873 2900 2929 conciliis
2925 2872 3120 2942 exponi
3157 2871 3496 2942 procuravit.
3535 2869 3756 2924 Novissime

2247 2971 2377 3016 ’cum
2407 2951 2482 3016 ad
2500 2969 2743 3017 nostram
2785 2962 3034 3017 notitiam
3079 2962 3444 3031 pervenisset,
3481 2974 3572 3014 nos
3610 2971 3757 3027 quoque

2255 3067 2372 3105 eam
2424 3053 2488 3106 ad
2544 3052 2757 3107 concilii
2821 3054 3070 3125 proxime
3138 3051 3456 3108 celebrandi
3510 3049 3754 3105 audientiam

573 3132 884 3191 Calarifano
927 3136 1166 3205 iudicatu
1206 3141 1489 3196 ecclesiam
1532 3144 1716 3198 Sancti
1753 3143 1984 3200 Luciferi
2025 3161 2149 3200 cum
2180 3168 2225 3227 ο
2259 3140 2460 3194 diﬁ‘erri
2493 3143 2866 3212 praecepimus.
2899 3142 3118 3196 interim
3146 3141 3448 3196 venerabili
3480 3137 3617 3194 fratri
3636 3146 3758 3227 nostro

573 3223 832 3292 subjectis
873 3228 1138 3284 ecclesiis.
1185 3230 1481 3287 Ecclesium
1522 3231 1734 3288 Sanctae
1766 3235 2064 3300 Catellinaz,
2097 3237 2151 3290 in

576 3313 859 3382 Semellia;
895 3321 1281 3375 monasterium
1318 3339 1534 3392 quoque
1573 3324 1755 3379 Sancti
1791 3326 2068 3380 Saturnini
2099 3336 2155 3382 et

575 3405 759 3461 Sancti
802 3409 1052 3465 Antiochi
1100 3427 1129 3466 a
1162 3413 1470 3469 Caralitano
1499 3415 1752 3486 episcopo
1791 3418 1943 3473 vobis
1984 3419 2153 3473 tradi-

574 3507 689 3552 tum
745 3501 797 3554 iu
843 3513 1160 3572 perpetuum
1210 3515 1391 3560 vestro
1440 3507 1688 3560 cwnobio
1743 3507 2039 3574 ﬁrmamus,
2081 3509 2153 3562 ita

574 3589 823 3644 videlicet
862 3604 921 3646 ut
965 3609 1064 3662 pro
1109 3596 1325 3650 decreto
1370 3597 1511 3664 quod
1554 3612 1583 3649 a
1636 3597 1791 3652 nobis
1832 3598 2156 3654 venerabilis

578 3679 720 3731 idem
760 3679 925 3733 frater
963 3693 1146 3737 noster
1179 3695 1240 3737 .et
1274 3686 1628 3756 coepiscOpus
1671 3686 1821 3756 [lngo
1858 3685 2158 3756 promeruit

579 3779 741 3834 supra
787 3769 1105 3838 episcopalis
1151 3774 1474 3828 (lbetIiCIIii‘JB
1515 3775 1604 3844 jus
1654 3777 1786 3828 nihil
1831 3777 1932 3828 sibi
1977 3776 2030 3830 iu
2078 3776 2156 3830 eis

580 3856 869 3913 Catalitani
937 3862 1168 3931 episcopi
1241 3867 1471 3920 debeant
1527 3868 1830 3942 vimlicare._
1880 3868 2157 3937 Episcopis

583 3956 763 4000 autem
812 3948 1149 4004 interdictam
1199 3954 1474 4019 volumus,
1522 3971 1589 4009 ne
1643 3956 1960 4011 inconsultis
2005 3959 2157 4013 vobis

581 4045 676 4092 aut
732 4036 970 4092 locorum
1023 4043 1292 4109 praepositi
1350 4044 1461 4098 loca
1525 4054 1699 4098 vestra
1753 4045 1837 4098 vel
1901 4047 2158 4102 ecclesias

580 4130 1051 4184 excommuniecut
1095 4143 1187 4185 aut
1233 4135 1575 4190 interdicunt.
1609 4135 1777 4190 Porro
1818 4136 1870 4189 in
1916 4137 2160 4192 ccclesiis

583 4217 886 4274 interdictis
929 4222 1081 4275 vobis
1125 4221 1393 4277 licentiam
1439 4225 1797 4294 indulgemus,
1830 4242 1950 4280 cum
1996 4226 2159 4282 adea

583 4308 700 4363 loca
753 4310 1040 4376 veneritis,
1101 4328 1343 4367 seorsum
1399 4315 1578 4369 divina
1630 4315 1800 4371 ofﬁcia
1864 4317 2158 4372 celebrare.

584 4398 728 4452 Sane
767 4399 811 4453 si
853 4400 975 4469 quis
1000 4401 1050 4454 in
1097 4404 1390 4457 crastimun
1437 4405 1876 4475 archiepisc0pus
1919 4415 2012 4460 aut
2043 4409 2160 4476 epi-

582 4502 798 4557 scopus,
827 4491 1118 4560 imperator
1155 4503 1248 4548 aut
1282 4509 1396 4561 rex,
1436 4497 1682 4565 princeps
1723 4506 1814 4551 aut
1853 4498 1979 4561 dux,
2020 4514 2160 4552 mar-

561 4577 726 4642 .chio,
754 4595 959 4646 comes,
993 4582 1314 4647 vicccontes,
1343 4584 1508 4652 judex
1556 4595 1648 4639 aut
1692 4586 1945 4655 qtizclibet
1990 4588 2162 4643 eccle-

583 4670 801 4725 siastica
833 4674 1176 4729 saecularisvc
1214 4691 1442 4745 persona
1476 4678 1632 4748 hujus
1668 4679 1868 4734 decreti
1911 4681 2159 4749 paginam

585 4762 781 4820 sciens.
811 4774 998 4819 contra
1028 4783 1148 4821 eam
1184 4777 1385 4824 temere
1415 4770 1599 4825 venire
1642 4774 1951 4837 tentavcrit,
1977 4789 2164 4828 secun-

587 4851 656 4905 do
695 4863 750 4906 et
796 4857 956 4909 tertio
993 4859 1377 4926 commonitus,
1405 4861 1449 4916 si
1483 4877 1588 4916 non
1628 4865 1996 4920 satisfactione
2034 4880 2162 4919 eou-

587 4959 721 5013 grua
751 4949 1138 5012 emendaverit,
1179 4951 1460 5018 potestatis
1504 4953 1830 5022 honorisque
1873 4956 1952 5008 sui
1993 4955 2164 5025 digni-

590 5040 699 5086 tate
728 5048 930 5105 careat,
975 5055 1232 5108 reumque
1276 5055 1333 5095 se
1377 5040 1560 5097 divino
1583 5043 1787 5111 judicio
1822 5045 2053 5098 existere
2096 5045 2163 5098 de

591 5133 895 5189 perpetrata
945 5129 1224 5197 iniquitate
1261 5141 1576 5199 cognoscat,
1622 5141 1676 5186 et
1717 5149 1746 5186 a
1796 5133 2164 5188 sacratissimo

590 5229 816 5284 corpore
865 5235 928 5272 ae
973 5224 1232 5292 sanguine
1281 5224 1373 5278 Dei
1427 5235 1482 5278 et
1537 5224 1747 5278 Domini
1811 5223 2165 5291 redemptoris

594 5307 763 5359 nostri
809 5309 934 5364 Jesu
974 5315 1173 5370 Christi
1223 5319 1430 5374 alienus
1473 5319 1585 5382 ﬁat,
1620 5327 1782 5387 atque
1826 5317 1877 5369 in
1917 5322 2165 5369 extremo

592 5396 852 5454 districta:
903 5402 1089 5458 ultioni
1142 5408 1436 5476 subiaceat.
1481 5410 1702 5464 Cunctis
1752 5417 1932 5462 autem
1986 5398 2182 5460 vestro.

593 5489 842 5544 crnuobio
877 5491 1019 5556 justa
1063 5501 1437 5564 servantibus,
1475 5499 1547 5553 sit
1587 5514 1690 5568 pax
1737 5497 1945 5551 Domini
1994 5496 2164 5551 nostri

594 5578 720 5633 Jcsu
757 5579 976 5644 Christi,
1018 5595 1279 5653 quatenus
1304 5600 1356 5643 et
1383 5590 1467 5642 hic
1497 5589 1725 5643 fructttm
1759 5587 1909 5641 bona:
1938 5586 2166 5658 actionis

596 5671 929 5739 percipiant,
992 5685 1046 5728 et
1108 5677 1244 5745 apud
1305 5668 1610 5734 diStrictum
1662 5681 1894 5748 judicent
1947 5681 2164 5748 prmmia

595 5768 806 5816 acterna:
834 5765 980 5833 pacis
1012 5765 1303 5820 inveniant.
1339 5765 1527 5821 Anien.

2255 3230 2544 3286 Guillelmo
2573 3231 2920 3287 Arausieeusi
2973 3233 3227 3302 episcopo
3261 3232 3569 3302 signiﬁcare
3611 3225 3755 3283 curario

2255 3336 2377 3374 mus
2421 3329 2481 3373 ut
2523 3321 2588 3373 ad
2637 3313 2899 3392 synodum
2926 3322 3181 3384 veniens,
3229 3335 3290 3376 se
3340 3320 3408 3374 ad
3449 3315 3755 3411 defendendum

2258 3407 2560 3476 lmjusmodi
2593 3405 2864 3478 negotium
2898 3419 3250 3478 przepararct.
3276 3407 3417 3463 Cum
3447 3415 3609 3460 autem
3640 3405 3754 3455 venis-

2255 3508 2360 3564 set,
2393 3500 2506 3568 ipse
2545 3500 2762 3567 quidem
2796 3499 3074 3554 divisionis
3117 3499 3273 3552 istius
3311 3501 3597 3554 canonicas
3629 3505 3755 3548 causa

2255 3591 2499 3658 proferre
2530 3606 2636 3644 non
2669 3591 2862 3659 potuit.
2898 3590 3235 3645 Tricastinos
3281 3606 3417 3646 vero
3463 3600 3576 3660 post
3611 3589 3754 3641 diutur-

2257 3695 2380 3733 nam
2412 3690 2468 3734 et
2513 3681 2794 3750 plusquam
2827 3682 3195 3735 centenarium
3239 3682 3625 3751 possessionem
3652 3689 3752 3727 reuc-

2249 3771 2508 3825 -rahilium
2559 3771 2874 3841 pontiﬁcum
2918 3771 3318 3837 Romanbrum,
3373 3781 3428 3827 et
3470 3766 3694 3838 Gregorii.
3725 3772 3754 3814 9‘

2258 3857 2550 3913 Alexandri
2589 3860 2907 3930 privilegiis,
2954 3873 3130 3914 causae
3180 3874 3292 3914 sua:
3344 3869 3522 3930 partes
3561 3859 3752 3910 tuebatur.
3836 3857 3837 3932 l

2258 3947 2438 4014 Quare
2485 3965 2582 4004 nos
2628 3952 2694 4003 de
2738 3949 2985 4018 Gregorii
3015 3950 3254 4004 ‘decreto
3279 3989 3294 4014 ,
3335 3964 3444 4019 quo
3491 3948 3553 4000 ab
3581 3946 3669 4015 ipsa
3696 3940 3752 3993 luit

2257 4037 2499 4092 Ecclesia
2560 4039 2830 4106 potitum,
2879 4039 3123 4107 quaedam
3182 4038 3322 4092 inter
3377 4039 3566 4092 fratres
3612 4040 3754 4086 nostms

2247 4130 2485 4197 'qntestio
2529 4137 2645 4183 orla
2694 4139 2811 4193 est,
2859 4129 3057 4198 placuit
3105 4129 3269 4182 alium
3325 4130 3502 4182 adhuc
3545 4117 3754 4179 deﬁniendi

2259 4235 2436 4274 causa}
2469 4221 2755 4274 terminum
2805 4219 3076 4284 adhiberi,
3110 4219 3160 4272 in
3206 4234 3314 4288 quo
3365 4228 3421 4273 et
3465 4208 3755 4271 Aransicensis

2260 4308 2563 4376 episcopus,
2610 4310 2653 4362 si
2702 4323 2863 4377 quam
2911 4317 3112 4376 posset,
3144 4307 3510 4362 defensionem
3555 4301 3755 4357 nancisre-
3836 4303 3837 4334 ῖ

2264 4405 2444 4459 retur,
2499 4405 2553 4451 et
2619 4397 2936 4451 Tricastinae
2990 4396 3244 4450 Ecclesia:
3294 4396 3476 4450 clerici
3525 4395 3582 4447 de
3628 4386 3752 4444 eodem

2191 4508 2239 4566 υ
2264 4485 2543 4554 privilegio
2579 4500 2677 4540 nos
2701 4483 3053 4552 jurejurando
3083 4482 3326 4538 facerent
3364 4483 3622 4571 certiores.
3643 4475 3753 4571 Cunt-

2263 4587 2369 4642 que
2553 4574 2931 4628 convenissent
2973 4582 3027 4628 et
3071 4572 3350 4628 confrater
3395 4582 3566 4627 noster
3600 4568 3753 4620 Arausio

2263 4667 2440 4719 censis
2467 4667 2773 4736 cpisc0pns,
2796 4667 2940 4720 sicut
2967 4665 3292 4734 promiserat
3318 4679 3423 4720 non
3453 4662 3672 4718 venisset,

2263 4757 2639 4810 excusationes
2691 4756 2901 4824 aliquas
2949 4755 3331 4822 prtemisisset.
3393 4749 3447 4809 ει
3505 4762 3612 4806 ωηο
3652 4743 3751 4839 ¹¹9¹³ξ⁵
3836 4767 3837 4784 ³

2263 4847 2462 4916 placuit
2522 4848 2719 4918 negotii
2777 4848 2938 4902 ﬁnem
2985 4847 3040 4901 in
3102 4855 3316 4915 tempus
3365 4843 3502 4899 aliud
3552 4835 3750 4908 protelari.

2263 4939 2527 4993 Caeterum
2574 4940 2787 4994 clericis
2824 4949 2878 4993 et
2917 4938 3127 4993 itineris
3165 4937 3519 4999 diliicultates,
3546 4941 3592 4987 et
3631 4933 3750 4981 rerum

2264 5029 2419 5099 longa
2447 5030 2726 5100 dispendia
2753 5030 3230 5101 praetendentibus.
3266 5045 3367 5083 nec
3395 5027 3630 5090 longiores
3649 5024 3751 5086 posse

2268 5137 2450 5176 moras
2475 5123 2587 5191 pati
2625 5123 3016 5176 instantissime
3045 5121 3517 5192 proclamantibus,
3544 5123 3678 5167 risum
3699 5109 3748 5155 es!

2265 5213 2523 5268 fratribus
2575 5215 2810 5277 nostris,
2860 5221 2972 5267 tam
3018 5212 3288 5282 episcopis
3339 5225 3491 5281 quam
3533 5214 3578 5260 et
3617 5203 3749 5254 nos!r3

2266 5307 2576 5375 apostoliere
2607 5306 2863 5360 Ecclesire
2905 5296 3296 5369 eardinalibus,
3329 5310 3385 5356 ut
3413 5292 3745 5354 Tricastinorum

2266 5401 2584 5456 clericorum
2655 5399 3076 5454 satisfactionem
3155 5397 3434 5466 suscipere

2268 5493 2401 5548 Tres
2429 5495 2609 5562 itaque
2646 5491 2964 5545 'l'ricastinze
2987 5489 3241 5544 Ecclesia:
3267 5485 3443 5542 clerici
3472 5471 3744 5581 supcr'blff':

2267 5584 2403 5653 gelia
2451 5561 2794 5638 sacrosancta
2838 5579 3090 5647 iurarunt
3156 5594 3216 5633 se
3283 5577 3475 5631 vidisse
3523 5561 3737 5665 cl

2270 5673 2496 5726 Romani
2548 5671 2819 5740 pontiﬁcis
2874 5669 3119 5738 Gregorii
3180 5667 3443 5722 hullarum
3496 5653 3696 5730 pritllt‘t's"

2271 5726 2561 5816 Bonifacio'
2584 5761 2888 5816 Tricastino
2921 5760 3172 5828 episeopo
3205 5758 3525 5814 attributum,
3557 5760 3628 5813 νει·
3649 5726 3738 5804 Ψωδ

3699 5655 3741 5693 llll
