3888 6322
72 366 164 420 H7

1233 354 1589 414 EPISTOLAS
1625 352 1709 407 ET
1750 351 2160 410 PRIVIIEGIA.

3203 365 3303 419 “8

70 488 317 559 pratdictte
344 483 597 542 Ecclesite
638 483 854 537 fuerant
891 479 1140 535 counitte.
1170 478 1335 548 Cujus
1373 475 1626 531 videlicet
1658 473 1702 532 A
1734 482 2127 526 conserventur
2173 489 2358 527 eorum
2405 489 2502 544 pro
2534 491 2760 544 quormn
2806 479 3196 536 sustentatione
3244 500 3306 537 ac

71 577 308 648 privilegii
337 586 576 631 tenorem
605 582 823 628 secutus
851 581 1055 626 sancta:
1084 571 1358 624 memoria:
1385 567 1625 639 pontich

69 668 354 722 Alexander
385 667 428 720 ll
453 664 705 734 pra-:fatas
755 660 1014 719 ecclesias
1055 669 1344 716 censuerat
1388 661 1488 716 sub
1520 674 1628 713 uno

71 773 265 828 semper
297 757 549 827 episcopo
588 770 926 825 permanere.
965 751 1090 807 Post
1120 753 1223 806 hoc
1248 751 1630 807 Aransicensis

71 852 333 921 episcOpus
359 865 478 903 cum
519 848 773 903 Ecclesiae
816 862 927 902 suae
967 846 1183 901 clericis
1232 845 1488 909 veniens,
1536 856 1630 898 eas
1670 849 1682 858 ‘

71 958 193 1013 quas
241 941 687 1011 pnesignavimus
726 940 971 1011 Gregorii
1028 953 1180 1008 papa:
1231 937 1322 992 Vll
1378 937 1629 1001 litteras,

72 1035 274 1098 detulit;
321 1033 426 1086 alia
475 1047 691 1101 quoque
736 1032 1050 1085 chartarum
1104 1029 1432 1084 monimenta
1482 1043 1633 1081 mon-

72 1125 263 1188 stravit,
288 1125 486 1194 quibus
525 1133 582 1177 et
615 1139 793 1177 rerum
842 1123 1042 1178 veritas
1073 1121 1276 1177 certius
1323 1120 1549 1186 claruit,
1581 1127 1635 1173 et

71 1214 478 1270 Tricastinorum
529 1213 724 1268 relatio
765 1213 913 1268 vires
963 1212 1194 1281 accepit.
1245 1209 1311 1264 Et
1365 1225 1462 1264 nos
1505 1222 1636 1278 ergo

73 1302 423 1362 instrumentis
483 1305 681 1359 talibus
735 1304 976 1359 roborati
1041 1301 1339 1357 secnmlum
1407 1299 1634 1355 fratrum

73 1406 356 1451 nostrorum
394 1393 666 1462 judicium
698 1395 951 1464 prtesenti
1001 1393 1224 1448 decreto
1250 1390 1526 1446 sancimus
1556 1398 1632 1455 ut,

71 1485 302 1539 defuncto
345 1482 518 1539 fratre
571 1494 758 1538 nostro
801 1481 1094 1537 venerabili
1146 1481 1402 1550 episcopo
1434 1479 1526 1548 qui
1570 1478 1636 1532 ad

75 1588 289 1642 praesens
334 1572 685 1627 Arausicensi
742 1570 999 1626 Ecclesia:
1066 1568 1360 1639 prtesidet.
1409 1575 1639 1637 utraque

76 1680 181 1719 mox
231 1663 472 1718 Ecclesia
511 1664 563 1716 in
609 1663 896 1732 pristinam
942 1661 1128 1715 redeat
1179 1659 1479 1719 unitatem,
1535 1655 1637 1710 nisi

77 1757 194 1811 forte
215 1766 333 1825 post
362 1755 668 1826 proximam
699 1769 859 1823 quam
889 1762 1230 1822 praeparante
1273 1750 1496 1804 Domino
1537 1765 1629 1804 ex.

1730 563 2122 632 gubernatione
2151 578 2408 619 concessa
2458 579 2585 621 sunt
2613 568 2799 627 usibus
2831 571 3156 626 omnimodis
3183 587 3301 640 pro-

1731 647 1942 715 futura;
1971 649 2118 705 salva
2145 652 2401 707 Romanae
2427 654 2682 710 Ecclesiae
2702 657 2957 711 canonica
2985 663 3306 716 reverentia.

1733 740 1876 796 Sane
1905 744 1950 796 si
1985 743 2107 812 quis
2137 743 2190 797 in
2237 746 2558 809 crastinum,
2599 747 3038 818 archiepiscOpus
3078 759 3170 804 aut
3199 755 3312 822 epi-

1733 847 1949 903 scopus,
1980 836 2276 904 imperator
2303 845 2396 890 aut
2441 852 2565 901 rex,
2609 839 2857 908 princeps
2885 850 2977 894 aut
3004 841 3133 906 dux,
3169 860 3313 896 mar-

1735 924 1879 989 chio,
1911 940 2126 994 cernes,
2175 928 2516 992 vicecomes,
2556 928 2756 997 judex,
2807 941 2898 984 aut
2944 931 3310 988 ecclesiastica

1735 1017 1987 1086 quaelibet
2013 1019 2356 1074 smcularisve
2379 1035 2629 1090 persona,
2661 1021 2819 1089 hujus
2838 1023 3038 1076 decreti
3061 1027 3310 1094 paginam

1735 1109 1944 1174 sciens,
1991 1119 2181 1165 contra
2232 1127 2351 1166 eam
2388 1121 2593 1169 temere
2641 1115 2825 1170 venire
2873 1121 3189 1181 tentaverit,
3225 1137 3313 1175 se-

1735 1201 1914 1256 eundo
1963 1202 2193 1258 tertiove
2242 1205 2641 1272 commonitus,
2689 1207 2733 1261 si
2788 1222 2892 1261 non
2946 1211 3316 1266 satisfactione.

1734 1306 1973 1362 congrua
2025 1295 2439 1358 emendaverit,
2498 1297 2782 1365 potestatis
2843 1299 3171 1369 honorisque
3233 1303 3314 1355 sui

1739 1384 2004 1454 dignitate
2035 1394 2242 1450 careat,
2273 1401 2533 1456 reumque
2562 1403 2620 1443 se
2649 1387 3057 1456 divino-judicio
3086 1391 3318 1445 existere

1740 1476 1806 1532 de
1833 1485 2142 1547 perpetrata
2174 1479 2458 1548 iniquitate
2484 1491 2795 1551 cognoscat,
2826 1491 2986 1552 atque
3013 1499 3042 1537 a
3066 1485 3318 1539 sacratis—

1739 1570 1878 1625 simo
1905 1584 2160 1638 corpore.
2209 1587 2274 1626 ac
2304 1573 2563 1642 sanguine
2607 1574 2698 1629 Dei
2746 1590 2811 1629 ac
2856 1576 3064 1630 Domini
3112 1577 3324 1631 redem-

1740 1661 1912 1731 ptoris
1936 1662 2108 1715 nostri
2140 1659 2262 1716 Jesu
2295 1663 2493 1718 Christi
2523 1664 2733 1720 alienus
2766 1665 2877 1731 ﬁat,
2911 1676 2965 1722 et
2995 1667 3046 1720 in
3077 1676 3322 1722 extremo

1741 1765 1992 1805 examine
2023 1751 2284 1806 districta:
2319 1752 2506 1806 ultioni
2553 1754 2847 1822 subiaceat.
2892 1755 3111 1809 Cunctis
3143 1765 3319 1809 autem

79 1855 366 1915 spectamus
398 1845 762 1900 Pentecosten
787 1843 926 1899 infra
951 1843 1110 1896 unius
1134 1842 1257 1895 anni
1290 1841 1637 1910 spatium.....
1676 1837 1714 1891 Β
1743 1843 1916 1896 eidem
1951 1841 2069 1898 loco
2087 1841 2236 1910 justa
2261 1845 2605 1899 servantibus
2636 1846 2706 1899 sit
2743 1861 2873 1916 pace
2912 1846 3121 1900 Domini
3156 1847 3321 1900 nostri

75 1939 353 1994 constiterit
380 1951 480 1991 eas
509 1947 661 1991 certe
692 1935 924 1990 Romani
959 1933 1233 2004 pontilicis
1277 1943 1548 2002 prtecepto
1585 1941 1641 1986 et

78 2030 269 2083 decreto
315 2015 490 2082 fuisse
539 2027 764 2082 divisas.
809 2027 1067 2095 Alioquin
1107 2024 1286 2078 omnis
1330 2024 1637 2092 sopiatur...

78 2131 129 2175 ut
170 2121 413 2176 defuncto
468 2122 748 2176 eonfratre
813 2131 1000 2175 nostro
1062 2120 1311 2188 superius
1364 2119 1643 2177 nominato

78 2214 305 2283 episcopo
349 2213 558 2268 eadem
603 2212 844 2268 Ecclesia
896 2212 962 2266 ad
1014 2211 1174 2265 aliam
1235 2219 1492 2264 transeat.
1547 2209 1640 2262 illa

79 2319 189 2360 vero
228 2319 340 2373 qua:
395 2307 667 2358 hactenus
711 2305 882 2374 prima
916 2304 1098 2358 habita
1147 2312 1264 2366 est,
1297 2312 1360 2355 .et
1387 2300 1642 2368 deinceps

81 2397 415 2466 principatum
466 2397 728 2450 obtineat.
784 2398 858 2449 Ita
895 2403 1070 2450 tamen
1112 2405 1169 2446 ιιι
1217 2393 1507 2462 episcopus
1550 2393 1642 2460 qui

83 2487 271 2556 utrique
315 2485 602 2555 praefuerit
649 2484 785 2539 nihil
830 2485 897 2539 de
945 2483 1393 2553 preventionibus
1419 2482 1644 2536 clerico-

84 2591 204 2642 rum,
231 2577 437 2631 redditu
459 2618 474 2639 ,
506 2585 732 2640 ornatu,
763 2575 1080 2630 ministeriis
1101 2615 1116 2639 ,
1159 2589 1281 2643 qua:
1311 2573 1390 2628 vel
1420 2588 1646 2642 querno-

83 2667 334 2738 docunque
381 2668 438 2722 in
492 2668 718 2722 alterius
766 2666 1108 2737 patrimoniis
1143 2667 1434 2731 habentur,
1487 2667 1646 2720 modo

82 2773 372 2830 quocunque
406 2760 498 2813 vel
541 2759 828 2815 occasione
869 2759 1235 2828 qualicunque
1274 2759 1511 2827 patiatur
1543 2758 1645 2811 im-

85 2850 251 2904 minui.
284 2849 340 2906 Si
367 2851 502 2922 quis
525 2866 654 2906 vero
699 2852 840 2906 hanc
884 2864 1082 2906 nostra:
1119 2850 1524 2905 constitutionis
1555 2864 1649 2919 pa-

84 2955 258 3011 ginam,
281 2954 385 3000 etc.

142 3036 318 3090 Actum
353 3036 644 3092 Cremonae
675 3053 784 3090 xvn
836 3036 954 3092 Kal.
994 3036 1116 3092 Maii
1305 3051 1449 3092 anno
1493 3037 1646 3091 Dom.

86 3125 328 3184 lncarnat.
363 3129 532 3188 1095.

759 3241 944 3318 cxu.

90 3349 395 3426 Privilcgium
437 3355 784 3426 apostolicum
825 3354 1029 3426 Urbani
1057 3354 1117 3408 Il
1158 3371 1308 3424 papa:
1340 3372 1435 3424 pro
1469 3371 1652 3409 mana-

422 3427 591 3479 sterio
632 3425 693 3482 S.
725 3427 956 3480 Abundii
994 3425 1281 3479 Comensis.

661 3517 841 3587 (Anno
879 3516 1064 3584 1095.)

92 3602 283 3675 lant,
301 3607 498 3662 Annali
527 3609 664 3662 sacri
686 3608 824 3661 della
852 3609 977 3661 ciur‘t
993 3609 1047 3659 di
1069 3607 1252 3662 Coma.
1279 3605 1650 3673 Como,1663,

571 3688 702 3733 tom.
735 3678 797 3742 ll,
827 3693 949 3748 pag.
981 3677 1133 3748 864.]
1470 3679 1473 3682 ⁴

153 3765 384 3824 υιιιιικυε
434 3769 761 3838 episcopus,
813 3781 1006 3822 servus
1050 3780 1327 3820 servorum
1376 3767 1502 3834 Dei,
1545 3764 1655 3820 filio

91 3854 290 3927 losum,
327 3862 652 3917 monasterii
702 3861 760 3915 S.
809 3860 1042 3915 Abundii
1089 3859 1304 3923 abbati,
1334 3859 1476 3927 quod
1501 3859 1655 3927 juxta

92 3946 363 4006 Cautanunt
398 3953 595 4006 urbem
629 3952 792 4005 situm
831 3957 945 4013 est,
993 3947 1219 4016 ejusque
1249 3948 1658 4002 successoribus

95 4039 378 4108 regulariter
402 4039 801 4097 substituendis
832 4039 885 4092 in
922 4046 1264 4108 perpetuum.

154 4131 483 4187 Desiderium
529 4131 673 4202 quod
729 4128 796 4184 ad
851 4128 1164 4198 religiosum
1215 4128 1550 4198 prepositum
1606 4136 1662 4182 et

97 4219 371 4276 animarum
419 4208 656 4277 salutem
706 4219 982 4291 pertinere
1031 4227 1393 4282 monstratur,
1437 4228 1662 4272 auctore

99 4306 212 4374 Deo,
259 4313 374 4382 sine
418 4311 605 4380 aliqua
653 4319 737 4365 cst
783 4309 1043 4364 dilatione
1090 4309 1492 4378 complendum.
1525 4309 1661 4376 Quia

100 4398 239 4468 igitur
279 4401 500 4460 dilectio
546 4412 634 4456 tua
689 4401 1082 4471 protectioncm
1137 4400 1290 4456 sedis
1353 4400 1662 4469 apostolicae

100 4492 387 4562 suppliciter
440 4494 743 4562 expetivit,
797 4507 895 4548 nos
949 4492 1057 4547 tuis
1099 4490 1261 4560 justis
1311 4493 1661 4562 petitionibus

104 4594 401 4651 annuentes,
436 4585 581 4640 beati
616 4583 850 4638 Abundii
879 4582 1211 4638 confessoris
1244 4583 1662 4649 rnonasterium,

104 4674 176 4727 cui
218 4674 477 4745 largiente
529 4675 756 4730 Domino
807 4675 1086 4744 praesides,
1131 4674 1414 4748 prtesentis
1459 4674 1663 4729 decreti

106 4768 400 4824 auctoritate
443 4768 738 4823 munimus.
773 4767 1074 4833 Statuimus
1115 4768 1261 4822 enim
1312 4776 1371 4822 ut
1408 4783 1667 4837 quzecun-

107 4871 197 4924 que
221 4859 373 4917 hodie
399 4864 542 4918 idem
579 4865 890 4919 coenobium
919 4862 1311 4918 catholicorum
1347 4863 1665 4933 pontiﬁcum

108 4953 459 5020 concessione,
495 4956 828 5011 liberalitate
875 4957 1222 5026 principum,
1261 4956 1348 5021 vel
1391 4955 1668 5012 oblatione

110 5039 324 5100 ﬁdelium
368 5048 633 5116 possidet,
665 5048 779 5103 sive
828 5049 881 5102 in
931 5049 1199 5114 futurum,
1241 5048 1472 5110 Domino
1518 5047 1668 5118 adju-

111 5143 266 5198 vante,
291 5136 433 5204 juste
459 5150 620 5209 atque
662 5140 924 5195 canonice
967 5140 1165 5209 poterit
1215 5139 1469 5209 adipisci,
1513 5139 1670 5193 tirma

114 5222 213 5290 tibi,
244 5229 451 5299 tuisque
496 5232 924 5296 successoribus,
955 5239 1011 5286 et
1052 5232 1252 5286 illibata
1295 5241 1667 5301 permaneant.

113 5313 438 5377 Decernimus
485 5338 614 5394 ergo
658 5333 719 5378 ut
741 5323 878 5378 nulli
931 5324 1151 5378 omnino
1199 5325 1476 5380 hominum
1513 5325 1673 5380 liceat

115 5409 336 5465 eumdem
366 5412 540 5468 locum
575 5423 779 5469 temere
809 5415 1156 5484 perturbare,
1186 5426 1278 5472 aut
1313 5416 1429 5485 ejus
1459 5430 1674 5486 posses-

119 5496 280 5554 siones
325 5502 565 5568 aul'erre,
599 5513 692 5559 aut
734 5506 944 5560 ablatas
990 5508 1258 5571 retinere,
1291 5508 1559 5570 minuere,
1589 5507 1673 5561 vel

122 5591 399 5646 temerariis
425 5594 802 5661 vexationibus
828 5593 1078 5665 fatigare.
1117 5595 1222 5657 Sed
1249 5597 1431 5652 omnia
1463 5597 1673 5666 integra

186 5761 287 5836 {36)
315 5764 441 5824 Nota
475 5772 728 5843 temporis
758 5770 910 5828 falsa.
936 5770 1123 5827 iure.

1741 1932 1866 1988 Jesu
1895 1932 2121 2001 Christi,
2161 1944 2432 2003 quatenus
2459 1945 2513 1988 et
2541 1935 2628 1990 hic
2658 1936 2894 1990 fructum
2923 1938 3076 1991 bonze
3099 1937 3326 1991 actionis

1743 2025 2091 2105 percipiant,
2144 2036 2200 2080 et
2240 2026 2380 2096 apud
2439 2027 2746 2082 districtum
2805 2028 3040 2096 judieem
3105 2044 3324 2099 prwn'ta

1741 2127 1956 2173 aeterna:
1985 2120 2132 2187 pacis
2159 2119 2457 2174 inveniant.
2485 2121 2680 2185 Amen,
2710 2135 2888 2187 amen,
2921 2137 3100 2176 amen.

1816 2209 2008 2264 Datum
2059 2209 2345 2265 Mediolani
2395 2225 2492 2280 per
2553 2226 2771 2264 manum
2822 2209 3066 2273 Joannis,
3126 2220 3331 2267 saneta:

1745 2303 2000 2357 Romanae
2024 2303 2278 2358 Ecclesia:
2303 2303 2514 2357 diaconi
2538 2303 2852 2367 cardinalis,
2879 2319 2986 2356 xvn
3011 2303 3131 2356 Kal.
3159 2301 3328 2369 Junii,

1747 2393 1937 2448 indiet.
1975 2409 2056 2458 Ill,
2082 2410 2223 2448 anno
2255 2394 2548 2448 Dominicaz
2584 2393 2978 2447 lncarnationis
3007 2392 3162 2458 1096,
3197 2409 3331 2462 pon-

1746 2483 1983 2548 tiﬁcatus
2004 2494 2185 2539 autem
2211 2485 2391 2540 domui
2431 2484 2634 2540 Urbani
2663 2483 2888 2539 secundi
2912 2483 3014 2537 PP.
3044 2491 3238 2538 octavo

2441 2660 2528 2716 CX
2541 2659 2645 2714 LII.

1749 2778 1961 2832 Littera:
2004 2777 2306 2846 "posto/iere
2356 2775 2556 2830 Urbani
2593 2777 2692 2841 ΙΙ,
2729 2776 2923 2846 quibus
2959 2775 3250 2846 inslirulnnt
3302 2792 3334 2827 η

1824 2849 1979 2902 l’clro
2001 2844 2408 2901 Carcassonensi
2429 2847 2664 2915 episcopo
2683 2844 2992 2904 clericorum
3017 2844 3336 2912 regulurium

1823 2934 2058 2972 normam
2089 2919 2142 2970 in
2171 2917 2388 2972 ecclesia
2411 2917 2468 2971 S.
2503 2915 2725 2969 Nuzarii
2747 2926 2791 2969 et
2823 2915 2941 2968 aliis
2971 2914 3262 2981 conﬁrmat.

2345 3031 2523 3100 (Anno
2563 3028 2746 3098 1095.)

1970 3143 2137 3221 μῖηιι.
2175 3143 2356 3196 christ.
2391 3151 2429 3196 t.
2465 3140 2563 3204 Vl,
2593 3140 2869 3204 lustrum,
2900 3153 2954 3208 p.
2980 3137 3129 3209 ἄδι]

1829 3255 2077 3311 {luemus
2109 3255 2393 3326 cpiscopus
2414 3295 2430 3319 ,
2461 3268 2649 3310 servus
2677 3266 2961 3307 servorum
2991 3251 3086 3304 Dei
3105 3290 3118 3317 ,
3147 3250 3344 3306 dilecto

1755 3345 1906 3402 fratri
1958 3349 2182 3414 Psrno,
2215 3345 2636 3402 Carcassonensi
2682 3343 2971 3415 episcopo,
3015 3342 3245 3397 salutem
3291 3352 3346 3398 et

1754 3443 2108 3512 apostolicam
2134 3442 2591 3496 benedictionem.

1827 3533 2114 3587 Petitionis
2165 3542 2268 3585 tua:
2311 3531 2578 3599 justitiam
2621 3536 3010 3599 agnoscentes,
3053 3525 3346 3580 institutio-

1756 3640 1881 3680 nem
1926 3624 2255 3694 regularium
2302 3621 2653 3684 clericorum,
2689 3633 2853 3689 quam
2903 3628 3008 3672 ture
3042 3617 3347 3686 prudentia:

1757 3716 2062 3772 sollicitudo
2087 3715 2226 3783 apud
2271 3713 2554 3768 matricem
2599 3709 2883 3766 ecclesiam
2939 3709 2996 3763 S.
3040 3707 3254 3761 Nazarii
3293 3717 3350 3760 et

1759 3805 1901 3876 apud
1935 3805 2196 3860 ecclesias
2225 3802 2282 3857 S.
2316 3803 2530 3866 Mariae,
2565 3817 2658 3858 seu
2704 3801 2766 3854 Β.
2820 3797 3082 3868 Stephani
3122 3795 3349 3850 Domino

1760 3887 2092 3967 cooperante
2124 3895 2410 3964 disposuit,
2443 3892 2792 3964 praesentium
2830 3890 3134 3943 litterarum
3164 3896 3350 3941 aucto-

1763 3988 2250 4051 ritatelirmamus,
2284 3994 2338 4040 et
2367 4001 2485 4040 eam
2535 3984 2634 4040 sub
2673 3981 2970 4052 apostolica
3013 3980 3352 4048 protectionc

1763 4080 2112 4149 suscipimus.
2153 4078 2506 4148 Praccipimus
2549 4090 2680 4144 ergo
2705 4116 2719 4138 ,
2767 4082 2824 4127 et
2865 4088 2961 4140 per
3004 4071 3259 4123 virtutem
3288 4070 3347 4122 S.

1765 4173 2000 4243 Spiritus
2031 4171 2429 4236 interdicimus,
2459 4178 2517 4223 ut
2549 4168 2677 4222 nulli
2711 4179 3084 4221 successorum
3112 4170 3347 4225 tuorum,

1767 4262 1894 4316 nulli
1951 4261 2226 4317 sa‘cularis
2281 4260 2366 4314 vel
2420 4257 2801 4313 ecclesiasticae
2857 4251 3140 4324 potestatis
3190 4250 3352 4303 liceat

1767 4352 1982 4407 easdem
2008 4351 2297 4404 c:monicas
2326 4358 2592 4412 evertere,
2620 4356 2673 4400 et
2699 4361 2794 4416 per
2822 4354 2872 4398 te
2901 4343 3008 4396 illic
3029 4340 3348 4408 dispositum

1769 4440 2015 4511 regulare
2045 4438 2380 4508 propositum
2412 4437 2712 4490 dimovere.
2748 4432 3011 4486 Universa
3042 4429 3207 4483 etiam
3233 4443 3353 4496 qua:

1697 4519 1740 4572 ί)
1768 4531 2043 4586 canonicis
2073 4531 2205 4599 ipsis
2239 4546 2305 4584 ex
2356 4539 2442 4582 tua
2488 4527 2819 4581 liberalitate
2858 4523 3055 4578 collata
3082 4528 3229 4586 sunt,
3259 4527 3354 4574 attt

1767 4625 2022 4693 deinceps
2047 4623 2418 4686 conferentur,
2448 4621 2562 4675 sive
2586 4635 2704 4688 qua:
2727 4618 2981 4686 deinceps
3010 4613 3101 4667 alii
3129 4612 3356 4681 quilibet

1769 4713 1957 4768 fideles
1980 4727 2046 4767 ex
2077 4729 2175 4768 suo
2202 4711 2325 4780 jure
2353 4708 2703 4771 contulerint,
2738 4706 2890 4759 lirma
2922 4714 3137 4770 semper
3170 4709 3224 4753 ct
3251 4697 3356 4752 illi-

1769 4805 1893 4858 bata
1927 4811 2307 4874 permaneant,
2341 4800 2664 4855 clericorum
2700 4796 2898 4851 ibidem
2945 4792 3046 4847 sub
3093 4789 3358 4858 regularis

1772 4896 1892 4949 vita:
1915 4879 2263 4950 observantia
2289 4891 2645 4948 servientium
2669 4888 2855 4944 usibus
2878 4883 3206 4940 omnimodis
3233 4895 3360 4949 pro-

1771 4984 1971 5042 futura.
2003 4986 2060 5041 Si
2087 4987 2209 5056 quis
2232 5001 2381 5050 vero,
2405 4983 2550 5055 quod
2571 4981 2736 5038 absit!
2768 4976 2928 5046 hujus
2957 4974 3160 5031 decreti
3186 4971 3358 5026 nostri

1767 5076 1890 5146 jure
1919 5078 2138 5147 cognito
2169 5077 2384 5131 obviam
2430 5076 2510 5130 ire
2538 5071 2846 5134 tentaverit,
2892 5065 3362 5123 animadversione

1773 5169 2071 5240 Spiritualis
2102 5169 2264 5238 gladii
2301 5167 2551 5223 feriatur.
2595 5161 3020 5232 Observantibus
3047 5169 3228 5212 autent
3259 5156 3364 5210 hoc

1777 5278 1881 5333 pax
1911 5277 1939 5314 a
1976 5261 2086 5316 Deo
2115 5269 2169 5316 et
2196 5258 2568 5314 misericordia
2600 5262 2861 5330 perpetua
2897 5258 3271 5307 conservetur.

1849 5355 2044 5409 Datum
2075 5351 2362 5409 Mediolani
2391 5364 2464 5405 xu
2499 5348 2619 5403 Kal.
2649 5345 2813 5410 Junii,
2845 5357 2987 5400 anno
3025 5340 3162 5398 1088
3189 5339 3325 5410 (56).
