3888 6322
619 317 727 374 419

1299 453 1516 509 CXLIII.

621 557 863 614 Urbanus
911 561 973 615 11
1014 564 1240 618 εεεΙεειω
1281 567 1344 638 ξ.
1381 567 1530 638 _f’etri
1581 568 2120 638 Slmululmontcnsis,
2159 595 2189 630 a

695 629 950 710 Μαιζιὶζιίε
988 635 1249 710 ςοιιιίεἰδδα
1377 635 1528 690 Petro
1556 640 1793 710 trudiun,
1824 629 2191 710 protectionent

686 701 903 781 suscipit
923 712 973 753 ει
1000 702 1133 781 bona
1159 705 1434 771 conﬁrmat
1455 746 1470 768 ,
1511 725 1572 760 ea
1611 708 1720 778 lege
1749 721 1804 763 ut
1824 701 2008 765 'clerici
2041 727 2191 781 quot-

683 770 834 820 annis
870 772 1144 849 denarium
1171 770 1434 849 aureum,
1467 770 1780 849 anteuortit
1812 798 2013 849 quoque
2053 770 2190 839 anno

682 836 988 904 bisantium,
1015 841 1214 908 palatio
1235 836 1579 898 Laterauensi
1606 836 1927 910 persolvant.

1207 951 1384 1021 (Anno
1424 955 1605 1028 1095.)

608 1055 766 1128 [Dom
799 1058 1052 1128 Cacum,
1082 1061 1219 1118 llist.
1250 1066 1313 1119 de
1339 1065 1616 1136 Lorraiue,
1653 1071 1913 1140 Preuves,
1940 1090 1993 1144 p.
2035 1077 2188 1150 503.]

681 1170 928 1226 linuaaus
953 1174 1259 1245 episcopus,
1291 1194 1478 1235 servus
1507 1197 1785 1238 servorum
1817 1187 1908 1241 Dei
1935 1228 1948 1252 ,
1977 1188 2188 1246 dilectis

605 1259 657 1310 in
691 1260 907 1316 Christo
936 1264 1058 1318 filias
1095 1265 1362 1323 LEUBRICO
1388 1281 1439 1324 et
1486 1271 1825 1340 GUACELINO,
1869 1281 2186 1350 exterisque

603 1348 697 1402 Dei
744 1353 936 1420 servis,
975 1364 1080 1409 tam
1135 1358 1347 1414 clericis
1396 1377 1556 1429 quam
1607 1380 1790 1420 secum
1838 1373 2182 1426 manentibus

603 1435 779 1504 Iaicis,
812 1441 863 1494 in
895 1443 1010 1498 loco
1033 1447 1121 1514 qui
1151 1449 1350 1502 dicitur
1378 1451 1756 1509 Standalmout
1787 1459 1837 1510 in
1867 1461 2180 1530 episcopatu

603 1527 844 1596 Metensi,
875 1548 1169 1605 cornuaque
1200 1544 1603 1598 successoribus
1629 1546 1681 1598 in
1705 1549 1893 1602 eadem
1921 1551 2181 1622 religione

598 1633 969 1684 permansurs
1001 1626 1049 1679 in
1078 1639 1414 1697 perpetuum.

673 1710 1010 1768 Desideriqu
1075 1721 1217 1786 quod
1266 1721 1332 1773 ad
1388 1723 1691 1793 religiosum
1738 1731 2067 1797 propositum
2111 1738 2172 1790 et

595 1799 897 1854 animarum
947 1805 1173 1860 salutem
1221 1810 1493 1878 pertinere
1538 1825 1903 1882 monstratur,
1951 1831 2169 1878 auclore

597 1886 705 1941 Deo
733 1889 850 1943 siue
885 1892 1063 1963 aliqua
1115 1898 1371 1954 dilatione
1411 1911 1494 1955 est
1528 1905 1927 1972 complendum.
1973 1909 2175 1968 Vestris

591 1993 738 2047 ergo,
774 1980 864 2035 filii
893 1984 943 2037 in
967 1987 1182 2043 Christo
1209 1994 1568 2059 venerabiles,
1597 1998 1868 2065 precibus,
1893 2011 1947 2055 et
1973 2005 2175 2061 charis-

591 2071 741 2127 simae
775 2074 914 2126 beati
957 2074 1098 2130 Petri
1135 2078 1254 2133 filiae
1285 2080 1558 2140 Mathildis
1589 2089 1878 2145 eomitissae
1910 2093 2172 2151 interces-

592 2161 837 2217 sionibus
887 2166 1154 2229 inclinati.
1205 2180 1398 2227 vestrae
1448 2175 1796 2235 habitationis
1846 2183 2042 2250 locum,
2077 2189 2170 2256 qui

589 2251 789 2305 dicitur
839 2253 1256 2324 Staudalmonl,
1315 2272 1370 2317 et
1417 2265 1741 2323 destinatam
1801 2275 2166 2341 apostolorum

589 2340 852 2411 principis
881 2347 1080 2399 nomini
1123 2350 1430 2418 ecclesiam,
1459 2357 1557 2410 sub
1591 2356 1714 2423 jure
1751 2369 1804 2414 et
1833 2367 2167 2430 protectiouc

587 2430 732 2483 sedis
753 2434 1060 2500 apostolica:
1081 2440 1390 2505 specialiter
1411 2447 1798 2504 conferendam
1823 2455 2164 2524 suscipimus.

588 2519 757 2585 Quem
807 2525 1055 2580 videlicet
1104 2528 1279 2584 locum
1333 2535 1498 2590 certis
1536 2540 1783 2596 terminis
1825 2544 2166 2602 circumscri-

583 2621 757 2678 ptum,
791 2615 1017 2682 pratfata
1051 2619 1191 2673 beati
1223 2621 1366 2676 Petri
1416 2625 1521 2679 filia
1565 2627 1834 2687 Mathildis
1866 2636 2162 2702 comitissa,

582 2711 775 2755 vestrae
815 2704 1057 2776 religioni
1109 2711 1174 2762 ad
1221 2714 1481 2781 agendam
1530 2734 1870 2778 coummuem
1908 2734 1964 2779 et
2001 2742 2162 2783 cano-

579 2790 756 2844 nicam
781 2794 944 2847 vitam
978 2799 1218 2864 tradidit,
1252 2803 1352 2856 sub
1373 2820 1538 2861 censu
1568 2809 1773 2866 denarii
1803 2817 1954 2870 aurei
1980 2833 2159 2877 annuo

578 2879 929 2939 Lateranensi
960 2887 1159 2955 palatio
1188 2895 1561 2961 persolvendo.
1592 2899 1694 2955 Per
1723 2909 2005 2971 prresentis
2030 2924 2160 2981 ergo

578 2970 844 3041 privilegii
883 2979 1131 3046 paginam
1165 2986 1457 3050 apostolica
1501 2993 1823 3048 auctoritate
1869 2999 2159 3057 statuimus

579 3069 637 3112 ut
664 3076 892 3131 qumque
925 3067 1070 3144 dona
1091 3085 1334 3142 quasque
1366 3080 1732 3144 possessiones
1763 3086 1950 3139 eadem
1980 3091 2155 3144 comi-

577 3153 706 3206 tissa
731 3165 921 3210 vestra:
944 3142 1168 3215 contulit
1190 3165 1451 3233 ecclesiar,
1480 3170 1560 3222 vel
1586 3172 1636 3225 in
1670 3172 1906 3230 futurum
1933 3179 2155 3236 Domino

574 3242 1210 3320 inspirantecontulerit,
1237 3259 1494 3328 quidquid
1525 3263 1686 3318 etiam
1718 3267 1901 3325 fideles
1933 3273 2158 3342 quilibet

571 3335 626 3388 in
667 3351 884 3408 quoque
911 3343 1226 3413 episcopatu
1267 3349 1332 3403 de
1363 3365 1462 3404 suo
1494 3350 1618 3418 jure
1659 3371 1757 3424 pro
1787 3335 2004 3414 suarum
2037 3366 2156 3418 ani-

568 3441 778 3482 marum
831 3432 1004 3487 salute
1051 3436 1309 3508 deinceps
1355 3442 1668 3511 obtulerint,
1719 3449 1974 3518 quidquid
2021 3469 2156 3520 prm-

568 3527 715 3574 terea
757 3526 1106 3580 concessione
1134 3530 1468 3598 pontificum,
1501 3533 1823 3593 liberalitate
1846 3544 2150 3613 principmn

564 3608 707 3676 iuste
756 3617 1122 3686 cauoniceque
1178 3623 1428 3689 poteritis
1484 3626 1740 3696 adipisci,
1800 3630 1951 3687 firma
2004 3637 2154 3692 vobis

570 3703 876 3772 vestrisque
911 3712 1315 3767 snecessoribus
1345 3725 1400 3768 et
1429 3716 1631 3772 illibata
1671 3734 2043 3788 permaneant.

645 3791 1001 3850 Decernimus
1027 3815 1157 3867 ergo
1185 3813 1241 3855 ut
1266 3805 1393 3858 nulli
1425 3809 1648 3864 omnino
1681 3813 1960 3870 hominum
1995 3817 2154 3875 liceat

568 3881 816 3935 eumdem
850 3884 1024 3940 locmn
1067 3899 1267 3947 temere
1300 3899 1640 3963 perturbare,
1669 3913 1764 3956 aut
1791 3904 1906 3972 ejus
1933 3923 2150 3976 posscs-

569 3971 750 4026 siones
778 3974 1016 4042 auferre,
1049 3981 1128 4033 vel
1159 3982 1366 4039 ablatas
1391 3988 1645 4055 retinere,
1670 3994 1935 4064 minuere,
1964 4000 2046 4054 vel
2076 4012 2152 4055 te-

568 4067 820 4122 merariis
853 4073 1228 4131 vexationibus
1270 4076 1528 4149 fatigare,
1568 4084 1660 4138 sed
1714 4089 1892 4142 omnia
1941 4091 2148 4162 integra

565 4171 974 4228 conserventur,
1006 4182 1191 4220 eorum
1233 4186 1329 4238 pro
1372 4188 1602 4240 quorum
1651 4181 2044 4236 sustentatione
2085 4200 2150 4240 ac

562 4249 954 4315 gubernatione
983 4271 1242 4312 concessa
1278 4271 1422 4325 sunt,
1457 4265 1644 4319 usibus
1672 4269 1995 4325 omnimodis
2028 4289 2150 4342 pro-

561 4339 764 4392 futura.
817 4342 1063 4399 Obeunte
1111 4352 1546 4418 congregationis
1596 4366 1790 4409 vestrae
1835 4363 2144 4428 prteposito,

562 4429 738 4482 nullus
778 4431 848 4484 ibi
878 4435 1116 4501 qualibet
1148 4439 1510 4507 subrepliouis
1547 4444 1747 4498 astutia
1777 4446 1860 4501 vel
1892 4449 2142 4504 violentia

559 4531 923 4588 pra-ponatur,
961 4523 1060 4577 nisi
1109 4542 1270 4594 quem
1310 4528 1506 4585 fratres
1548 4535 1821 4588 counuuui
1851 4551 2138 4604 consensu,

557 4608 644 4662 vel
681 4609 906 4663 fratrum
959 4627 1086 4681 pars
1134 4615 1345 4669 consilii
1399 4621 1650 4688 sanioris,
1703 4625 1998 4679 secundum
2048 4628 2140 4681 Dei

560 4701 806 4753 timorem
870 4702 1383 4774 institutionemque
1427 4711 1741 4766 canonicam
1807 4717 2144 4783 providerint

557 4787 884 4858 eligendum.
921 4791 1223 4848 Statuimus
1251 4797 1414 4850 etiam
1465 4814 1532 4852 ne
1575 4801 1660 4854 cui
1713 4800 1972 4870 fratrum,
2021 4815 2142 4874 post

557 4881 950 4948 professionem
991 4885 1316 4951 exhibitam,
1364 4887 1524 4943 liceat
1555 4905 1620 4944 ex
1664 4893 1853 4947 eodem
1902 4897 2140 4952 claustro

559 4971 676 5024 sine
697 4975 966 5043 praepositi
1000 4991 1094 5030 seu
1119 4979 1558 5047 congregationis
1583 4983 1939 5050 permissione
1966 4987 2142 5042 disce-

560 5063 690 5116 dere
724 5080 737 5115 :
773 5067 1136 5123 discedentem
1166 5083 1296 5124 vero
1329 5070 1506 5125 nullus
1539 5072 1792 5127 abbatum
1820 5075 1902 5128 vel
1934 5081 2140 5146 episco-

560 5166 773 5219 porutn,
813 5157 987 5213 nullus
1029 5161 1420 5214 monachorum
1464 5177 1557 5216 seu
1598 5163 1982 5219 canonicorum
2023 5168 2140 5223 sine

561 5247 926 5301 communium
973 5253 1222 5306 cautione
1267 5252 1568 5308 litterarum
1611 5255 1889 5325 suscipiat.
1941 5258 2140 5314 Conse-

561 5333 833 5388 crationes
876 5337 1249 5408 ecclesiarum,
1299 5343 1668 5398 ordinationes
1715 5345 2035 5402 clericorum
2073 5352 2138 5404 ab

562 5426 816 5495 episcopo
844 5428 894 5481 iu
924 5430 1074 5500 cujus
1099 5433 1317 5491 dimcesi
1347 5439 1496 5504 estis,
1520 5438 1834 5508 accipietis;
1871 5441 2133 5509 siquidem

561 5519 860 5575 catholicus
908 5521 1094 5590 fuerit,
1136 5522 1190 5582 ét
1237 5529 1281 5582 si
1331 5532 1560 5600 gratiam
1603 5541 1658 5585 et
1699 5536 2134 5610 communionem

561 5613 868 5680 apostolica:
913 5615 1058 5670 sedis
1104 5617 1384 5682 habuerit.
1413 5633 1466 5676 et
1511 5623 1556 5676 si
1597 5637 1690 5678 eas
1729 5625 1900 5695 gratis
1929 5626 2135 5695 impen-

562 5703 687 5760 dcrc
721 5721 780 5760 ac
812 5707 929 5760 sine
974 5709 1239 5780 pravitate
1269 5711 1496 5766 voluerit
1537 5729 1549 5766 :
1589 5715 1824 5785 alioquin
1863 5732 1892 5770 a
1922 5733 2133 5787 quoque

2006 331 2060 384 Il.
2090 331 2340 390 URBANI
2382 337 2422 394 II
2462 339 2660 394 PAPzE
3687 363 3749 419 lii;

2223 452 2266 506 Α
2294 449 2567 506 volueritis
2606 455 2872 511 catholico
2903 459 3180 532 episcopo,
3220 481 3312 522 eas
3340 471 3555 540 accipere
3594 474 3748 532 liberum

2295 540 2380 593 sit.

2363 633 2445 687 Ad
2484 635 2584 691 hoc
2621 639 2903 709 adjicimus
2937 646 3304 717 utepiscopus
3333 649 3493 705 locum
3518 653 3654 721 ipsum
3675 675 3752 727 εη-

2295 738 2419 779 vare
2454 741 2558 782 non
2591 733 2817 798 audeat,
2847 749 2946 789 nec
2991 736 3226 806 aliquam
3274 745 3660 800 consuetudinem
3681 765 3754 818 qua

2291 814 2614 883 regularium
2639 817 2866 875 fratrum
2891 825 3058 892 quieti
3085 838 3298 893 noceat,
3325 831 3564 902 irrogare.
3585 814 3706 890 Porro
3724 840 3752 891 in

2291 904 2536 960 ecclesiis
2575 923 2709 977 quas
2756 927 2854 980 per
2900 914 3144 971 diversos
3193 921 3519 989 episcopatus
3563 926 3642 977 sub
3679 928 3753 995 jure

2289 997 2454 1049 vestri
2490 997 2588 1051 loci
2629 1000 2868 1066 habetis,
2898 1004 2964 1058 de
2993 1009 3426 1077 congregationis
3452 1021 3613 1066 vestra:
3641 1015 3755 1068 ῐηιιιὶ-

2291 1084 2388 1140 bus
2430 1096 2667 1143 rectores
2716 1091 3031 1148 instituendi
3077 1096 3301 1152 Lberam
3335 1099 3482 1154 vobis
3508 1104 3755 1159 concedimus

2287 1170 2628 1240 facultatem,
2677 1178 2826 1234 salvo
2866 1181 2990 1248 jure
3026 1185 3280 1240 catholici
3329 1189 3546 1257 episcopi
3589 1193 3629 1242 in
3664 1194 3759 1258 utth

2285 1267 2504 1323 ditecesi
2534 1271 2776 1327 ecclesize
2804 1274 2921 1328 sita:
2946 1285 3095 1330 sunt.
3123 1278 3203 1331 Ad
3245 1279 3494 1334 indicium
3519 1291 3663 1335 autem
3684 1299 3758 1351 [κει-

2284 1367 2452 1428 cepta:
2481 1361 2641 1430 hujus
2681 1379 2712 1416 a
2761 1364 2998 1419 Romana
3033 1367 3270 1422 Ecclesia
3302 1369 3567 1430 libertatis.
3594 1376 3757 1441 supradi-

2279 1457 2423 1502 ctmn
2451 1465 2671 1504 censum
2702 1468 2798 1521 per
2820 1470 2990 1509 annos
3015 1457 3276 1526 singulos,
3306 1469 3397 1512 aut
3419 1460 3468 1512 in
3491 1471 3652 1529 quarto
3667 1477 3757 1516 anno

2279 1539 2575 1596 bisantium
2600 1585 2614 1606 ,
2642 1544 2992 1601 Lateranensi
3043 1549 3244 1616 palatio
3283 1552 3600 1618 persolvetis.
3626 1552 3668 1606 Si
3695 1570 3758 1623 qut

2279 1646 2410 1686 sane
2439 1633 2489 1685 in
2516 1637 2815 1690 crastinum
2843 1639 3210 1694 ecclesiastica
3238 1644 3565 1697 stccularisve
3586 1660 3758 1713 persona.

2280 1723 2439 1793 hujus
2487 1727 2685 1782 decreti
2738 1730 2986 1798 paginam
3025 1733 3240 1797 sciens,
3270 1746 3458 1788 contra
3491 1751 3595 1789 eam
3627 1747 3759 1788 temere

2277 1817 2461 1871 venire
2517 1821 2824 1883 tentaverit,
2874 1824 3110 1878 secundo
3162 1826 3392 1880 tertiove
3433 1828 3714 1889 commonita,
3733 1827 3758 1877 si

2278 1921 2382 1959 non
2434 1907 2805 1964 satisfactione
2852 1928 3088 1980 congrua
3127 1916 3518 1976 emendaverit,
3565 1919 3758 1984 potestati.-

2277 1997 2606 2068 honorisque
2634 2004 2718 2054 sui
2765 2002 3026 2070 dignitate
3058 2013 3266 2069 careat,
3303 2021 3550 2074 reamquc
3572 2021 3620 2058 se
3642 2006 3759 2058 divino

2268 2088 2476 2158 judicio
2504 2092 2738 2146 existere
2769 2093 2836 2148 de
2875 2104 3178 2164 perpetrata
3223 2098 3506 2167 iniquitate
3533 2112 3757 2168 cognoscat.

2275 2189 2438 2249 atque
2487 2197 2514 2233 a
2567 2184 2939 2238 sacratissimo
2975 2203 3205 2256 corpore
3251 2198 3309 2242 et
3358 2191 3598 2258 sanguine
3632 2190 3758 2242 Deiac

2273 2268 2481 2324 Domini
2512 2271 2889 2343 Redemptoris
2922 2278 3089 2331 nostri
3135 2276 3262 2332 Jrsu
3291 2279 3491 2333 Christi
3527 2280 3666 2332 aliena
3688 2279 3758 2344 fut,

2269 2370 2325 2416 et
2353 2362 2406 2415 in
2437 2373 2684 2419 extremo
2710 2368 2959 2423 examine
2991 2369 3252 2424 districta:
3287 2373 3478 2426 ultioni
3522 2373 3758 2440 snbjaccat.

2269 2456 2479 2510 cunctis
2505 2465 2681 2511 autem
2727 2460 2900 2514 eidem
2933 2461 3048 2515 loco
3089 2461 3232 2531 justa
3266 2464 3594 2518 servantibus
3625 2463 3677 2516 sit
3696 2477 3757 2530 pax

2271 2543 2691 2602 Domini,nostri
2719 2548 2844 2603 Jesu
2871 2551 3093 2616 Christi,
3123 2563 3396 2622 quatenus
3422 2565 3474 2608 et
3503 2555 3580 2607 hic
3600 2554 3758 2606 fructum

2269 2634 2423 2688 home
2448 2637 2678 2692 actionis
2700 2639 3024 2709 percipiant,
3043 2649 3098 2696 et
3121 2642 3260 2710 apud
3287 2642 3580 2697 districtum
3595 2639 3758 2709 judicent

2268 2724 2488 2792 praemia
2516 2734 2732 2780 aeterna:
2759 2729 2908 2790 pacis
2936 2730 3235 2784 inveniant.
3263 2732 3460 2786 Amen.

2337 2815 2532 2870 Datum
2579 2817 2864 2874 Mediolani
2926 2836 3023 2890 per
3070 2838 3288 2877 manum
3343 2823 3581 2888 Joannis,
3627 2827 3760 2875 sanet:

2267 2902 2524 2960 Romana:
2569 2907 2826 2963 Ecclesia:
2875 2910 3087 2964 diaconi
3134 2912 3450 2978 cardinalis,
3497 2929 3562 2966 vn
3604 2909 3754 2964 Itale-nil.

2263 2994 2440 3061 Junii,
2470 2998 2655 3053 indict.
2688 3015 2778 3063 ιιι,
2809 3001 3155 3070 pontificatus
3200 3013 3385 3058 autem
3431 3004 3596 3057 domui
3625 3000 3756 3055 Urbani

2263 3090 2483 3142 secundi
2514 3106 2665 3160 papae
2693 3102 2910 3146 octavo.

2933 3243 3158 3298 CXLIV.

2299 3350 2503 3406 Urbani
2553 3353 2612 3407 11
2640 3372 2790 3425 pnpm
2835 3357 3056 3425 cpistola
3087 3359 3157 3410 ad
3180 3357 3625 3421 Salmariacemes,
3662 3367 3732 3408 tan

2719 3425 2938 3480 clericos
2987 3444 3146 3487 auum
3192 3429 3380 3482 laicus.

2830 3541 2849 3610 (
2880 3540 3035 3595 Anno
3077 3542 3234 3597 I095.
3265 3543 3284 3612 )

2436 3649 2454 3719 Ι,
2480 3650 2541 3704 D.
2583 3649 2856 3715 Bouousr,
2891 3650 3126 3720 Recueil,
3163 3661 3200 3706 ι.
3233 3652 3378 3718 XIV,
3411 3669 3460 3724 p.
3495 3650 3638 3722 760.]

2331 3759 2578 3814 Uunauus
2606 3761 2915 3831 cpiscopus,
2957 3777 3148 3816 servus
3176 3778 3457 3817 servorum
3481 3763 3588 3822 Dei.
3613 3755 3754 3811 dilectis

2255 3851 2378 3905 filiis
2432 3863 2541 3906 tam
2594 3853 2809 3907 clericis
2853 3869 3014 3923 quam
3059 3853 3230 3918 laicis,
3277 3856 3330 3908 in
3379 3871 3514 3924 pago
3540 3849 3752 3907 Salmoni-

2252 3942 2399 3995 censi
2429 3944 2920 4007 commorantibus,
2949 3943 3177 3998 salutem
3209 3953 3261 3998 et
3284 3945 3620 4014 apostolicam
3645 3941 3752 3991 bent-

2251 4031 2566 4086 dictionem.

2321 4125 2586 4191 Quoniam
2627 4126 2799 4178 frater
2824 4123 3147 4179 Viennensis
3176 4124 3605 4193 archiepiscopus
3626 4126 3752 4173 nostro

2249 4225 2304 4269 et
2349 4215 2566 4270 concilii
2619 4216 2761 4285 quod
2797 4215 3063 4285 largiente
3095 4215 3324 4269 Domino
3355 4213 3624 4270 Placentiae
3658 4208 3751 4264 cele-

2246 4307 2460 4360 bratum
2489 4317 2573 4363 est
2609 4306 2816 4374 judicio
2842 4307 3066 4361 obedire
3114 4309 3458 4377 contempsit,
3498 4316 3550 4359 ut
3573 4301 3752 4396 videlicet

2246 4394 2754 4466 Gratianopolitano
2799 4398 3056 4465 episcopo
3111 4396 3585 4452 Salmoriacensem
3631 4389 3751 4444 archi-

2178 4497 2222 4550 ι)
2249 4488 2549 4542 diaconiam
2582 4489 2914 4552 restitueret,
2947 4489 3088 4542 sicut
3118 4489 3183 4542 de
3211 4504 3275 4543 ea
3307 4487 3484 4542 fuerat
3517 4483 3748 4539 investitus.

2251 4593 2350 4632 nos
2385 4579 2537 4632 vobis
2565 4579 2912 4647 przesentium
2947 4578 3245 4632 litterarum
3278 4579 3587 4634 auctoritate
3623 4567 3735 4641 pneci

2249 4670 2427 4740 pinms
2475 4679 2553 4736 ut,
2602 4669 2844 4737 ejusdem
2896 4669 3221 4725 Viennensis
3267 4666 3642 4764 archiepiscopi
3667 4660 3750 4764 Sit":

2245 4761 2482 4828 jectione
2534 4761 2840 4830 posthabita
2871 4776 3031 4829 quam
3079 4776 3109 4813 a
3137 4761 3291 4814 vobis
3320 4763 3528 4814 videtur
3557 4753 3750 4846 violetur;r

2247 4853 2487 4922 exigere,
2515 4853 3020 4921 Gratianopolitano
3045 4852 3300 4919 deinceps
3325 4861 3568 4920 tanquam
3592 4852 3748 4945 ραιςηρ

2249 4946 2502 5014 episcopo
2553 4945 2859 5009 obediatis,
2931 4945 3111 4999 donec
3174 4949 3420 5012 tttrisque
3470 4934 3747 5038 presentius

2248 5035 2390 5091 idem
2437 5037 2710 5107 negotium
2746 5036 2800 5090 in
2830 5045 3015 5091 nostra
3040 5035 3122 5090 vel
3154 5035 3312 5104 legati
3347 5034 3509 5089 nostri
3539 5030 3746 5084 audienti:

2248 5129 2514 5183 canonico
2577 5127 2784 5196 judicio
2827 5129 3138 5182 definiatur.
3202 5129 3258 5182 Si
3303 5142 3430 5181 vero
3466 5127 3610 5179 etiam
3651 5125 3747 5220 null-0

2249 5218 2566 5274 Vietmeusis
2596 5219 3030 5289 archiepiscopus
3051 5220 3306 5289 usquead
3333 5217 3624 5272 canonicum
3650 5206 3746 5303 Iul!"

2248 5308 2389 5361 cium
2407 5325 2569 5379 super
2590 5310 2934 5367 investitione
2957 5311 3057 5364 hac
3078 5310 3377 5379 inquietare
3397 5305 3742 5378 praesumpscﬂb

2245 5415 2343 5455 nos
2404 5401 2576 5470 ipsum
2635 5401 2855 5457 interim
2909 5401 2978 5456 ab
3032 5402 3176 5458 illius
3226 5401 3522 5458 obedientia
3589 5394 3743 5449 subtra-

2245 5489 2440 5544 bimus.

2319 5586 2450 5641 Data
2489 5586 3054 5662 Mediolano_septimo
3083 5587 3199 5642 Kal.
3233 5586 3393 5641 Junii.

2683 5827 2708 5834 υ
