3888 6322
97 377 182 432 421
1240 360 1595 416 ΕΡιδῑοι.-Ε
1632 359 1716 412 ΕΤ
1748 356 2132 412 Ριιινιιμεοιλ
2145 397 2157 410 .

1670 479 1720 536 Α
1751 465 1946 520 nullius
1973 481 2207 535 unquam
2240 467 2432 521 faciem
2463 477 2650 522 contra
2678 468 2961 523 veritatem
2995 470 3312 539 respiciens,

758 475 960 530 CXLV.

158 572 345 629 Urbani
377 566 436 622 Il
465 565 791 636 privilegium
821 582 915 634 pro
938 564 1177 617 Ecclesia
1221 558 1564 616 l’esontiensi.

645 655 664 726 (
693 658 850 709 Anno
879 653 1068 722 I095.)

159 755 178 827 [
203 755 397 816 Duaon,
427 749 564 803 Hist.
594 748 684 802 des
716 745 1036 816 Séquanais,
1071 755 1198 798 tom.
1230 743 1292 805 II,
1321 758 1376 812 p.
1406 739 1569 810 585.]

163 845 396 900 URBANUS
423 841 728 910 episcopus,
773 850 964 891 servus
991 849 1270 889 servorum
1305 832 1418 894 Dei,
1447 831 1643 884 dilecto

101 937 194 990 lilio
237 932 465 994 HUGONI,
498 930 656 983 tertio
689 936 890 982 sanctae
916 923 1364 979 Vesontionensis
1393 921 1645 975 Ecclesiae

98 1024 479 1092 archiepiscopo
507 1060 522 1085 ,
601 1019 824 1088 ejusque
867 1016 1269 1071 successoribus
1297 1053 1313 1080 ,
1383 1013 1646 1068 canonice

97 1113 462 1171 substituendis
490 1111 542 1164 in
572 1119 913 1180 perpetuum.

155 1207 469 1260 Potestatem
513 1201 712 1271 ligandi
752 1208 914 1267 atque
955 1197 1195 1252 solvendi
1227 1196 1277 1249 in
1319 1193 1472 1250 caelis
1499 1202 1554 1248 et
1593 1193 1645 1246 in

86 1308 243 1362 terra,
280 1296 437 1349 beato
475 1293 639 1347 Petro
686 1293 909 1360 ejusque
961 1287 1386 1348 successoribus,
1429 1294 1648 1338 auctore

98 1389 214 1451 Deo,
261 1383 633 1456 principaliter
675 1380 969 1445 traditam,
1027 1377 1262 1431 Ecclesia
1318 1373 1496 1428 verbis
1546 1372 1648 1424 illis

95 1477 319 1544 agnoscit
350 1492 363 1528 :
401 1472 739 1541 Qumcunque
779 1471 1020 1539 ligaveris
1066 1484 1220 1536 super
1253 1479 1466 1530 terram,
1497 1473 1647 1516 erunt

95 1569 236 1636 ligata
257 1577 302 1620 et
334 1568 388 1619 in
417 1569 568 1628 caelo,
599 1577 647 1616 et
671 1577 992 1632 quwcunque
1013 1561 1226 1613 solveris
1250 1572 1404 1624 super
1433 1566 1646 1618 terram,

95 1669 226 1712 erant
267 1657 440 1712 soluta
469 1669 519 1710 et
559 1657 613 1709 in
639 1655 816 1718 caelis;
875 1653 1085 1722 ipsique
1123 1649 1351 1703 firmitas
1379 1655 1432 1701 et
1461 1645 1649 1699 aliena:

93 1751 200 1804 lidei
224 1748 558 1804 confirmatio
590 1747 778 1801 eodem
803 1756 1024 1798 auclore
1051 1743 1160 1796 Deo
1189 1747 1496 1808 praestatur,
1526 1751 1646 1789 cum

3208 361 3320 425 ωε,

1741 555 1941 610 nullius
2011 571 2246 624 unquam
2320 555 2512 609 faciem
2577 571 2674 624 pro
2723 559 2948 612 veritate
3004 559 3313 628 loquentem

1742 660 2018 715 premens,
2061 644 2444 698 misericordia:
2489 645 2683 712 opibus
2718 644 2872 714 juxta
2899 647 3155 702 virtutem
3185 649 3318 702 sub-

1743 737 1954 792 stantiae
1981 737 2255 799 insistens,
2291 747 2346 789 et
2379 744 2554 790 tamen
2586 751 2749 806 super
2779 741 3036 793 virtutem
3071 739 3320 793 insistere

1743 825 1987 894 cupiens,
2023 825 2250 878 infirmis
2280 824 2634 892 compatiens,
2690 825 3136 880 benevalentibus
3184 841 3317 878 con-

1744 915 2003 984 gaudens,
2054 914 2121 968 de
2173 914 2364 968 alienis
2409 913 2618 982 gaudiis
2667 921 2923 975 tanquam
2970 915 3036 968 de
3085 915 3320 982 propriis

1745 1005 2050 1068 exsultans,
2084 1005 2136 1059 in
2161 1004 2500 1073 corrigendis
2531 1003 2678 1058 vitiis
2707 1004 2956 1068 saeviens,
2985 1005 3037 1057 in
3075 1004 3320 1059 fovendis

1745 1095 2036 1149 virtutibus
2092 1095 2401 1148 auditorum
2460 1093 2673 1148 animos
2725 1093 3080 1158 demulcens,
3139 1094 3194 1147 in
3238 1095 3320 1148 ira

1741 1188 2002 1258 judicium
2053 1189 2171 1242 sine
2212 1188 2292 1240 ira
2333 1196 2542 1250 tenens,
2605 1186 2658 1240 in
2712 1186 3104 1254 tranquillitate
3141 1194 3321 1240 autem

1747 1279 2233 1348 scveritatisjusne
2265 1292 2551 1332 censuram
2589 1293 2696 1331 non
2725 1277 2998 1332 deserens.
3043 1276 3168 1332 Haec
3215 1288 3321 1339 est,

1752 1368 1919 1422 frater
1974 1368 2312 1431 charissimc,
2345 1367 2490 1436 pallii
2525 1369 2733 1436 accepti
2783 1367 3035 1436 dignitas,
3083 1381 3242 1434 quam
3276 1367 3322 1420 si

1749 1458 1976 1512 sollicite
2001 1459 2332 1522 servaveris,
2358 1460 2501 1526 quod
2535 1458 2668 1513 foris
2699 1460 2970 1528 accepisse
2996 1460 3318 1522 ostenderis,

1751 1548 1892 1601 intus
1919 1548 2162 1602 habebis.
2187 1547 2607 1602 Fraternitatem
2632 1559 2777 1603 tuam
2804 1565 3039 1619 superna
3060 1550 3324 1620 dignatio,

1750 1653 1844 1707 per
1871 1648 2109 1707 tempora
2140 1640 2296 1710 longa
2328 1651 2612 1695 conservet
2641 1641 2968 1696 incolumeu.

1822 1729 1953 1782 Data
1985 1731 2126 1797 apud
2157 1731 2388 1796 Ostiam,
2438 1746 2536 1800 per
2569 1747 2789 1785 manum
2831 1730 3078 1795 Joannis,
3119 1741 3326 1785 sancta:

95 1840 150 1892 ad
174 1839 310 1893 illum
341 1839 543 1893 dicitur
575 1854 589 1890 :
624 1836 827 1906 Rogavi
853 1851 946 1903 pro
974 1843 1022 1887 te
1045 1843 1099 1884 ut
1133 1847 1236 1884 non
1270 1828 1478 1897 deﬁciat
1517 1825 1648 1893 ﬁdes
1682 1842 1724 1895 Β
1754 1820 2007 1875 Βοιιιειηω
2029 1863 2032 1866 .
2058 1821 2319 1876 Ecclesia:
2375 1822 2686 1885 cardiualis,
2743 1823 2931 1890 quinto
2985 1821 3102 1875 Kal.
3160 1821 3324 1886 Julii,

91 1941 208 1993 tua;
265 1938 319 1980 tu
366 1937 546 1981 autem
612 1941 889 1979 conversus
940 1922 1196 1990 conﬁrma
1259 1920 1452 1987 fratres
1509 1926 1648 1969 tuos.

93 2021 293 2086 Oportet
316 2031 451 2086 ergo
495 2031 616 2082 nos,
645 2015 759 2086 qui,
790 2014 916 2068 licet
954 2011 1182 2081 indigni,
1213 2008 1362 2062 Petri
1412 2005 1652 2061 residere

92 2113 310 2167 videmur
341 2112 393 2164 ili
427 2111 573 2174 loco,
603 2125 766 2179 prava
796 2108 1089 2176 corrigere,
1132 2113 1282 2159 certa
1311 2101 1548 2165 ﬁrmare,
1595 2108 1652 2153 et

93 2204 138 2254 in
159 2203 288 2255 omni
319 2201 584 2266 Ecclesia,
619 2201 685 2252 ad
712 2198 908 2253 interni
940 2195 1224 2250 arbitrium
1247 2191 1446 2261 judicis
1476 2189 1652 2258 dispo-

94 2294 246 2347 nendo
289 2293 366 2347 sic
413 2293 705 2360 disponere
733 2329 748 2354 ,
798 2299 856 2342 ut
905 2288 971 2341 de
1013 2286 1160 2340 vultu
1211 2282 1327 2351 ejus
1387 2280 1648 2350 judicium

92 2394 308 2438 nostrum
351 2383 607 2453 prodeat,
655 2390 709 2435 et
737 2380 880 2434 oculi
913 2379 1126 2432 videant
1153 2374 1484 2444 aequitatem.
1519 2369 1648 2424 Tuis

89 2457 323 2544 ergoflili
351 2475 403 2526 in
438 2471 660 2526 Christo
687 2469 1008 2524 charissima
1039 2465 1208 2535 llugo,
1245 2463 1408 2532 justis
1436 2461 1649 2532 petitio-

92 2566 229 2618 nibus
276 2570 606 2625 annuentes,
655 2569 899 2614 sanetam
946 2555 1284 2611 Bisuntinam
1325 2551 1645 2616 Ecclesiam,

88 2657 161 2712 cui
186 2657 287 2711 Deo
311 2665 537 2709 auctore
560 2653 852 2723 praesidere
877 2659 932 2703 et
958 2647 1268 2718 apostolicae
1293 2645 1438 2700 sedis
1465 2651 1648 2698 aucto-

89 2748 229 2802 ritate
264 2747 486 2810 videris,
523 2744 842 2808 statuimus;
876 2753 1225 2811 quascunque
1255 2737 1439 2801 urbes,
1487 2750 1647 2802 quas-

87 2854 273 2909 cunque
292 2839 607 2908 parochias,
633 2851 768 2906 quas
796 2835 1139 2890 decessor-um
1165 2840 1380 2885 tuorum
1409 2837 1650 2896 tempore

90 2931 305 2999 praefatae
343 2928 660 2998 metropoli,
707 2924 1016 2996 apostolicae
1044 2923 1188 2978 sedis
1219 2920 1497 2976 concessio
1526 2917 1651 2972 sub.

89 3022 221 3087 didit,
260 3030 527 3091 perpetuo
553 3019 796 3073 subditas
827 3027 1166 3086 permanere.
1199 3011 1458 3067 Abbatias
1485 3009 1647 3064 etiam

94 3113 216 3163 intra
247 3110 459 3173 urbem,
487 3122 624 3177 quas
664 3105 945 3160 Bisuntiua
991 3101 1232 3156 Ecclesia
1265 3102 1486 3168 antiquo
1525 3100 1648 3168 jure

89 3204 363 3272 possedisse
393 3201 731 3273 agnoscitur,
761 3199 816 3252 in
843 3197 1032 3251 eadem
1063 3209 1276 3264 semper
1303 3192 1648 3248 concedimus
1675 3185 1717 3243 C

89 3296 400 3363 possessione
443 3294 732 3363 pertinere.
784 3290 843 3344 In
882 3289 966 3343 his
1011 3297 1190 3342 autem
1222 3299 1341 3356 qum
1369 3295 1524 3340 extra
1555 3300 1648 3338 ur-

89 3388 190 3441 bem
213 3397 332 3444 sunt
375 3387 531 3451 sitat;
567 3383 815 3437 videlicet
842 3380 1136 3444 Balmensi,
1179 3376 1354 3432 Castri
1389 3375 1644 3438 Cauonis,

86 3479 349 3546 Laonensi,
387 3477 518 3534 Alte
559 3473 826 3538 Petrensi,
865 3469 1182 3540 Cusatensi},
1227 3467 1640 3531 Valleclusensi,

89 3571 354 3635 Palmensi,
415 3567 772 3631 Luxoviensi,
831 3563 1124 3634 Lutrensi,
1182 3558 1646 3620 Faverniaceusi,

89 3663 251 3717 Sancti
282 3661 576 3725 Urcissini,
634 3659 688 3714 id
733 3656 872 3726 juris
926 3667 1016 3710 tua
1064 3655 1380 3709 fraternitas
1425 3651 1646 3714 habeat,

88 3753 210 3820 quod
235 3755 665 3823 praadecessores
695 3760 814 3805 tuos
843 3756 1073 3810 constat,
1113 3745 1472 3816 permissione
1503 3743 1648 3798 sedis

89 3844 370 3911 apostolicae
403 3843 685 3898 habuisse.
715 3841 796 3895 Ad
827 3840 943 3894 haec
975 3852 1327 3907 quascunque
1351 3833 1649 3906 possessio-

91 3946 189 3996 nes,
203 3947 536 4000 quzecunque
555 3932 713 3993 bona,
728 3929 1186 3998 praedecessorum
1209 3936 1441 3988 tuorum,
1464 3923 1549 3979 vel
1571 3923 1648 3976 tui

91 4019 238 4088 ipsius
265 4021 559 4084 industria,
596 4027 798 4073 sancta:
832 4017 1129 4072 Bisuntinae
1157 4014 1413 4070 Ecclesiae
1449 4012 1649 4083 jugiter

91 4125 144 4163 ac
167 4110 400 4181 Iegaliter
425 4109 734 4180 acquisivit,
764 4108 850 4163 vel
876 4108 930 4162 in
959 4107 1218 4169 futurum,
1251 4105 1512 4176 largiente
1545 4104 1648 4158 Do-

91 4201 236 4266 mino,
259 4202 464 4270 poterit
488 4201 736 4270 adipisci,
756 4198 908 4253 firma
928 4213 1140 4268 semper
1151 4197 1352 4252 habere
1375 4206 1431 4251 et
1447 4195 1648 4250 illibata

91 4295 362 4349 sancimus.
396 4294 674 4348 Prteterea
715 4291 962 4362 pallium,
999 4289 1438 4346 totiusvidelicet
1473 4287 1650 4357 ponti-

92 4383 241 4440 ficalis
273 4385 556 4456 dignitatis
601 4383 1164 4454 plenitudinem,‘tibi
1212 4397 1277 4438 ex
1340 4379 1650 4451 apostolica)

93 4476 215 4530 sedis
245 4477 582 4548 benignitate
657 4491 721 4530 ac
749 4475 946 4546 gratia,
993 4473 1351 4542 indulgemus,
1399 4486 1507 4541 quo
1557 4480 1644 4524 tua

1753 1911 2044 1966 indictione
2073 1927 2155 1977 iit,
2186 1927 2332 1966 anno
2379 1913 2672 1968 Dominica:
2700 1913 3115 1979 llucarnationis
3164 1911 3323 1979 1096,

1747 1999 2100 2068 pontificatus
2127 2009 2307 2056 autem
2345 2002 2527 2056 domui
2566 2002 2770 2057 Urbani
2799 2002 2840 2054 ll
2879 2017 3030 2072 papa:
3059 2017 3175 2056 vni.

2419 2133 2645 2189 CXLVI.

1822 2223 2023 2278 Urbani
2055 2223 2117 2277 Il
2146 2225 2366 2296 epistola
2395 2227 2462 2307 ad
2499 2226 2830 2280 Lambertum
2867 2225 3252 2281 Atrebalensem

2378 2313 2696 2364 episcopum.

2316 2385 2334 2455 (
2361 2385 2517 2440 Anno
2560 2384 2719 2440 1095.
2742 2385 2760 2455 )

2101 2474 2350 2548 [Mausr,
2390 2475 2591 2530 Concil.
2636 2475 2764 2540 XX,
2807 2475 2966 2547 694.]

1822 2567 2076 2622 Unsaaus
2100 2561 2408 2637 episcopus,
2435 2581 2625 2622 servus
2654 2582 2938 2621 servorum
2978 2567 3093 2630 Dei,
3131 2566 3328 2622 dilecto

1751 2660 1901 2713 fratri
1929 2657 2244 2724 Launsn'ro,
2279 2657 2626 2713 Atrebatensi
2675 2658 2950 2730 episcOpo,
2999 2657 3226 2711 salutem
3274 2665 3330 2712 et

1750 2751 2103 2819 apostolicam
2145 2747 2602 2802 benedictionem.

1820 2839 2042 2893 Noverit
2099 2835 2318 2891 dilectio
2356 2844 2445 2888 tua
2488 2849 2586 2889 nos
2633 2835 2685 2888 in
2725 2835 2974 2904 proximo
3015 2833 3326 2900 Novembri,

1751 2930 1804 2983 in
1844 2928 2058 2984 octavio
2108 2925 2360 2981 videlicet
2395 2924 2453 2980 S.
2484 2924 2720 2989 Martini,
2768 2925 2908 2994 apud
2949 2923 3329 2978 Clarmnmon-

1753 3029 1884 3084 tem,
1947 3026 2224 3072 annuente
2275 3015 2530 3078 Domino,
2584 3013 2841 3084 synodale
2880 3013 3169 3068 concilium
3217 3021 3331 3066 sta-

1753 3111 1943 3174 tuisse,
1973 3111 2039 3163 ad
2080 3109 2224 3178 quod
2272 3117 2416 3162 tuam
2447 3107 2847 3176 providentiam
2883 3106 3195 3168 invitemus,
3244 3113 3327 3167 ut,

1750 3199 1896 3255 emni
1923 3200 2206 3254 occ:isione
2235 3198 2494 3268 seposita,
2545 3205 2752 3252 statuto
2784 3197 2837 3250 in
2882 3203 3147 3264 tempore,
3196 3209 3332 3263 prae-

1751 3289 1897 3345 dicto
1960 3290 2013 3342 in
2071 3288 2230 3352 loco,
2295 3302 2400 3341 non
2460 3287 2673 3341 omittat
2721 3299 3029 3340 occurrere.
3101 3282 3332 3337 Noveris

1750 3389 2011 3451 praeterea
2056 3379 2503 3434 Cameracensen
2537 3380 2852 3446 ep'scopum
2903 3373 3084 3429 missis
3136 3374 3202 3427 ad
3233 3387 3332 3426 nos

1750 3471 1946 3525 litteris
1991 3485 2055 3524 ac
2099 3469 2305 3523 nuntiis
2338 3482 2438 3537 pro
2491 3466 2839 3520 Atrebatensi
2892 3463 3133 3518 Ecclesia
3163 3463 3328 3517 vehe-

1753 3569 1965 3614 menter
2018 3557 2415 3626 interpellasse,
2467 3556 2735 3609 dicentem
2788 3568 2847 3606 se
2931 3560 2987 3606 et
3029 3549 3329 3604 Ecclesiam

1751 3665 1902 3705 suam
1962 3648 2220 3702 Romanis
2266 3645 2564 3716 privilegiis
2623 3659 2744 3698 esse
2800 3644 3062 3696 munitam
3109 3657 3124 3706 ;
3189 3639 3331 3693 unde

1750 3749 1967 3812 oportet
2000 3739 2343 3810 prudentiam
2374 3746 2518 3790 tuam
2562 3735 2629 3789 ad
2672 3732 2831 3802 hujus
2872 3732 3072 3802 negotii
3106 3744 3330 3800 respon-

1751 3835 1958 3890 sionem
1989 3839 2230 3901 paratam
2263 3844 2384 3882 cum
2419 3827 2525 3880 tuis
2562 3826 2776 3881 clericis
2823 3823 3136 3880 convenire.

1820 3925 1956 3979 Data
1994 3921 2132 3993 apud
2165 3920 2415 3975 Anicium
2444 3935 2574 3973 xviii
2607 3917 2722 3971 Kal.
2751 3916 2983 3987 Augusti
3015 3914 3149 3986 (57).

2443 4031 2690 4087 CXLVII.

1750 4128 1951 4184 Urbani
1979 4125 2044 4181 II
2071 4142 2220 4196 papa:
2265 4123 2615 4196 privileginm‘
2634 4119 3093 4196 pro__monaslerio
3124 4119 3331 4171 monia-

2144 4192 2274 4248 lium
2310 4193 2368 4248 S.
2396 4192 2542 4247 Petri
2574 4192 2937 4246 Blaziliensis.

2349 4283 2528 4354 (Anno
2554 4282 2735 4352 1095.)

1751 4375 2664 4515 [COCQUELINES,BulIar.,flritfgég]
2684 4390 2873 4428 summ.
2906 4381 3050 4441 ponl.
3084 4367 3326 4433 Cellach,

2473 4487 2487 4513 ,
2625 4483 2638 4497 .

2473 4487 2487 4513 ’
2523 4483 2638 4498 ινυο

92 4529 403 4630 fraternitas:
441 4566 584 4619 intra
631 4529 916 4618 eccl;siam
951 4572 1096 4616 tuam
1128 4562 1205 4616 uti
1253 4562 1320 4616 ad
1359 4529 1647 4620 missarum
1678 4537 1728 4596 θ
1824 4544 2076 4600 URBANUS
2102 4555 2407 4612 θβιεεοριιεν
2440 4552 2632 4594 servus
2659 4549 2941 4591 servorum
2965 4532 3081 4596 θεῖ,
3114 4529 3325 4584 (Πιθατὲ

93 4653 331 4708 solemnia
388 4656 717 4710 celebranda
772 4655 1102 4720 meminerit,
1161 4653 1265 4708 illis
1313 4649 1651 4706 solummodo

94 4744 294 4812 diebus,
359 4761 498 4816 quos
545 4747 1034 4816 praedecessoribus
1085 4745 1188 4800 tuis
1234 4743 1650 4813 apostolicorum

93 4836 478 4908 privilegiorum
511 4839 837 4893 auctoritate
886 4851 1225 4892 conoessum.
1257 4834 1486 4890 Crucem
1518 4849 1653 4903 quo-

92 4938 184 4990 que
223 4936 346 4982 ante
409 4928 602 4982 faciem
652 4937 796 4980 tuam
853 4926 1147 4981 secundum
1211 4924 1488 4993 antiquam
1549 4931 1654 4976 tuae

93 5019 316 5075 ccclesize
361 5021 811 5076 consuetudinem
839 5019 1187 5088 bajulandam
1233 5026 1340 5071 tua:
1375 5016 1649 5078 dilectioni

95 5112 443 5166 concedimus.
498 5112 652 5167 Pallii
702 5125 832 5165 vero
879 5111 1120 5180 genium.
1168 5119 1218 5163 te
1259 5109 1509 5163 volumus
1556 5123 1652 5178 per

92 5200 254 5253 omnia
304 5202 616 5265 vindicare,
685 5202 950 5271 hujusque
1003 5200 1304 5254 indumenti
1366 5200 1648 5261 honorem,

96 5287 440 5345 humilitatem
495 5303 656 5360 atque
700 5292 988 5362 justitiam.
1047 5290 1184 5344 Tota
1242 5291 1406 5361 igitur
1471 5296 1652 5342 mente

99 5379 396 5438 fraternitas
429 5391 515 5436 tua
566 5383 802 5445 festinet,
856 5397 914 5436 se
953 5382 1209 5436 exhibere
1262 5382 1313 5434 in
1373 5378 1652 5450 prosperis

94 5469 355 5536 aritnilem,
407 5481 458 5525 et
490 5473 542 5526 in
589 5472 831 5526 adversis
867 5471 910 5525 si
942 5469 1156 5539 quando
1184 5470 1507 5524 emerserint
1540 5468 1654 5522 for-

95 5568 210 5622 tem,
262 5572 384 5613 cum
419 5558 626 5628 justitia
658 5561 781 5616 boni
820 5561 994 5618 amica
1021 5560 1293 5632 perversis
1339 5560 1646 5626 contraria;

157 5761 266 5820 (ὁ.)
303 5766 428 5826 Leg.
462 5775 589 5814 svnt
623 5757 744 5813 Kal.
779 5759 920 5829 Sept.

1755 4638 1808 4691 in
1835 4636 2052 4691 Christo
2090 4634 2212 4688 filiae
2235 4633 2585 4696 FLanNrnc,
2614 4629 2899 4683 abbatissa:
2923 4621 3236 4679 monasterii
3267 4619 3328 4674 S.

1754 4726 1899 4782 Petri
1929 4725 1996 4779 de
2018 4724 2234 4778 Blasilia
2266 4721 2388 4792 [al.,
2420 4721 2484 4775 de
2505 4717 2714 4788 BlelIe],
2743 4725 2798 4770 et
2826 4716 2904 4770 eis
2933 4729 3053 4782 qua:
3078 4712 3130 4765 iu
3167 4710 3334 4780 ipsius

1755 4816 1856 4870 loci
1909 4815 2174 4885 regimine
2233 4811 2598 4868 successerint
2648 4806 2987 4877 regulariter,
3036 4802 3092 4856 in
3140 4814 3334 4870 perpe-

1757 4918 1928 4962 tttum.

1825 4998 1906 5051 Ad
1940 4997 2054 5051 huic
2085 5011 2182 5050 nos
2222 4996 2540 5065 disponente
2567 4991 2794 5046 Domino
2833 4988 2887 5041 in
2915 4984 3222 5056 apostolicze
3248 4997 3333 5037 se—

1755 5087 1839 5142 dis
1887 5087 2167 5140 servitium
2217 5094 2492 5154 promotos
2540 5080 2900 5152 agnoscimus,
2960 5084 3019 5129 ut
3055 5073 3170 5142 ejus
3206 5072 3330 5127 filiis

1755 5178 2016 5234 auxilium
2062 5176 2474 5246 implorantibus
2523 5171 2812 5228 ellicaciter
2856 5165 3166 5234 subvenire,
3195 5173 3249 5218 et
3272 5164 3321 5218 ci

1754 5271 2063 5326 obedientes
2107 5269 2245 5323 tueri
2293 5283 2358 5322 ac
2395 5275 2700 5337 protegere,
2754 5268 2909 5330 prout
2949 5258 3210 5313 Dominus
3241 5255 3333 5309 de-

1757 5359 1916 5424 derit,
1960 5361 2270 5414 debeamus.
2318 5356 2473 5412 Unde
2518 5338 2734 5424 oportet
2785 5365 2884 5406 nos
2933 5345 3331 5404 venerabilibus

1755 5450 1889 5505 locis
1933 5465 2150 5503 manum
2201 5448 2552 5513 protectionis
2601 5444 2916 5507 extendere,
2947 5452 2996 5495 el
3047 5451 3328 5494 servorum

1755 5551 1916 5612 atque
1947 5539 2263 5596 ancillarum
2298 5539 2393 5596 Dei
2429 5538 2601 5610 quieti
2633 5537 2893 5594 attentius
2913 5532 3218 5606 providere.
