3888 6322
503 362 610 420 825

1804 355 1862 410 Β.
1908 353 2158 410 URBANI
2192 353 2233 409 ll
2273 355 2475 411 ΡΛΡᾹΞ

3666 360 3754 414 PA

577 474 706 528 Tuis
735 472 915 541 igitur,
939 468 1127 522 tlilcclﬂ
1154 466 1256 520 lilia
1286 465 1335 517 ill
1359 463 1577 517 Christo
1608 461 1923 533 Florentia,
1956 483 2080 537 pre-
2115 470 2158 524 Α
2186 469 2250 523 de
2276 470 2512 525 claustro
2543 471 2818 526 discedere
2863 471 3019 527 liccat
3052 513 3064 535 ,
3116 471 3518 536 interdicimus,
3567 482 3622 526 et
3664 483 3757 528 tam

505 567 660 621 cibus
693 569 1008 625 annuentcs,
1037 561 1095 614 Β.
1130 559 1272 613 Petri
1306 559 1372 612 de
1422 557 1652 616 Blazilia
1698 562 2085 616 monasterium

506 657 561 708 in
587 652 911 708 Arverueusi
939 651 1200 704 comitatu
1231 648 1423 719 situm,
1450 653 1533 708 cui
1567 653 1676 708 Deo
1703 663 1923 706 auctore
1955 668 2088 721 pra:-

508 746 673 808 sidcs,
726 744 794 796 ab
842 740 1210 810 Ermengat‘da
1263 745 1541 800 eomitissa
1600 754 1989 807 constructum,
2022 750 2076 797 et

511 832 766 885 “iuuante
809 828 1067 884 Ecclesiae
1097 834 1380 898 traditum,
1405 833 1644 903 subjure
1681 843 1736 888 et
1756 833 2091 902 protectione

509 921 654 977 sedis
676 917 989 988 apostolicae
1041 922 1384 992 suscipimus,
1415 922 1864 990 quemadmodum
1893 935 1924 974 a
1955 935 2089 990 pra:-

510 1010 885 1069 d-‘CBSSOI‘iDJlS
934 1015 1135 1066 nostris
1184 1023 1393 1066 constat
1443 1028 1564 1066 esse
1609 1021 1937 1080 susceptum.
1989 1009 2092 1063 Per

510 1098 831 1170 praesentem
860 1104 1044 1171 itaque
1087 1103 1352 1173 privilegii
1393 1103 1646 1172 paginam
1677 1102 1970 1170 apostolica
1996 1115 2092 1152 au-

510 1196 768 1250 ctoritate
798 1193 1107 1258 statuimus,
1142 1202 1198 1246 ut
1236 1205 1570 1260 quiccunque
1610 1193 1748 1246 idem
1786 1189 2090 1244 comobium

516 1286 677 1339 hodie
703 1283 847 1350 juste
878 1283 1136 1352 possidet,
1157 1283 1237 1335 vel
1263 1283 1313 1336 in
1343 1283 1582 1336 futurum
1603 1283 1745 1353 juste
1760 1291 1811 1334 et
1834 1281 2093 1335 canonice

516 1379 840 1446 possidebit,
873 1389 924 1431 et
952 1379 1150 1447 poterit
1196 1379 1438 1448 adipisci,
1470 1380 1522 1432 in
1553 1380 1718 1439 cellis.
1754 1383 1804 1433 in
1831 1378 2092 1442 ecclesiis,

520 1470 572 1524 iu
606 1470 766 1532 villis,
802 1479 857 1522 et
892 1470 942 1522 in
988 1471 1198 1522 cmteris
1246 1473 1405 1523 rebus
1444 1471 1730 1524 mobilibus
1763 1472 1874 1523 sive
1899 1471 2092 1522 immo-

520 1557 735 1623 bilibus,
766 1558 856 1611 tibi
884 1558 1096 1624 tuisque
1120 1557 1401 1611 sororibus
1423 1567 1528 1610 tam
1555 1559 1909 1626 pratscutilms
1931 1571 2090 1624 quam

520 1653 733 1718 futuris,
770 1653 1088 1722 regulariter
1109 1653 1358 1717 victuris,
1381 1653 1530 1705 firma
1561 1667 1775 1720 semper
1803 1660 1856 1704 et
1889 1650 2090 1702 illibata

518 1752 894 1813 permaneant.

2190 575 2286 615 vos
2311 575 2472 628 quam
2499 571 2679 623 vestra
2703 563 2885 616 omnia
2919 561 3064 616 sedis
3102 562 3420 630 apostolica:
3447 563 3758 631 protection:

2191 653 2482 706 annuimus.
2515 651 2675 707 Vobis
2705 654 2903 722 itaque,
2948 654 3255 721 vestrisque
3293 653 3696 706 successoribus
3718 657 3759 706 in

2189 742 2377 798 eadem
2434 743 2691 814 religione
2742 745 3137 813 permansuris,
3191 759 3257 798 ea
3282 743 3469 796 omnia
3527 758 3762 812 perpetuo

2189 836 2514 903 possidenda
2549 837 2846 901 sancimus,
2877 853 2997 907 quae
3025 838 3356 892 venerabilis
3404 837 3580 890 frater
3605 849 3762 890 noster

2190 923 2445 978 Girahlus
2502 925 2854 980 Caturceusis
2915 927 3208 994 episcopus
3255 927 3325 980 ad
3377 925 3762 995 gubernationis

2194 1023 2392 1069 vestrte
2429 998 2620 1069 solatia
2646 1017 2890 1071 noscitur
2916 1017 3246 1080 contulisse;
3269 1016 3564 1070 ecclesiam
3585 1017 3765 1070 scilicet

2195 1105 2250 1160 S.
2283 1104 2484 1175 Juliani
2534 1108 2600 1162 de
2640 1108 2881 1173 Bovena,
2913 1108 3207 1162 ecclesiam
3253 1108 3315 1162 S.
3356 1106 3508 1161 Petri
3550 1108 3614 1161 de
3649 1107 3764 1160 Mor-

2195 1194 2377 1259 trado;
2411 1196 2616 1250 reditus
2647 1197 2808 1260 villae,
2845 1213 2964 1266 qua:
3011 1199 3211 1252 dicitur
3259 1198 3557 1259 Pardiuas,
3590 1200 3766 1250 medic-

2197 1292 2362 1336 tatem
2409 1286 2745 1341 oblationum
2773 1301 2839 1341 ex
2885 1288 3044 1343 altari
3079 1289 3223 1344 beati
3257 1290 3554 1359 Stephani,
3593 1291 3766 1344 medie-

2197 1383 2361 1427 tatem
2413 1389 2611 1430 census
2671 1387 2901 1432 moneta:
2953 1378 3325 1439 Caturcensis,
3383 1379 3482 1447 qui
3540 1379 3767 1448 episcopo

2197 1473 2509 1532 competere
2549 1466 2782 1531 videtur,
2816 1469 3034 1522 tertiam
3073 1478 3280 1538 partem
3305 1479 3768 1539 paratamm,qnz

2199 1554 2512 1622 parochiani
2543 1547 2718 1609 solent
2746 1557 3002 1627 episc0po
3024 1561 3355 1628 comparari,
3379 1568 3588 1614 caetera
3615 1561 3767 1612 enini:

2195 1658 2314 1710 qu:e
2365 1644 2504 1697 idem
2553 1646 2836 1716 episcOpus
2865 1648 2949 1702 vel
2986 1647 3100 1716 jam
3152 1649 3310 1703 vobis
3337 1648 3602 1712 contulit,
3629 1649 3706 1702 vel
3731 1650 3770 1701 in

2199 1731 2436 1784 futurum
2466 1741 2549 1786 cst
2577 1734 2842 1804 largiente
2901 1736 3131 1792 Domino
3158 1737 3491 1792 collaturus.
3523 1739 3605 1791 Ea
3632 1739 3771 1790 etiam

591 1832 939 1886 Decernimus
991 1846 1151 1899 ergo,
1192 1839 1249 1883 ut
1277 1829 1405 1883 nulli
1453 1830 1671 1884 omnino
1705 1829 1979 1883 hominum
2034 1829 2093 1882 li-
2130 1814 2167 1868 Β
2199 1836 2318 1889 qua:
2349 1823 2478 1876 Olim
2507 1825 2572 1877 ad
2601 1823 3034 1880 Caturciensium
3074 1828 3474 1882 canonicorum
3506 1825 3775 1880 usumcul-

519 1934 662 1990 ceat,
704 1924 843 1976 idem
891 1924 1198 1977 cmuobium
1233 1934 1432 1976 temere
1480 1923 1817 1991 perturbare,
1857 1931 1944 1974 aut
1979 1919 2095 1988 ejus

515 2015 889 2085 possessiones
924 2013 1160 2079 auferre,
1190 2015 1273 2068 vel
1304 2013 1510 2068 ablatas
1544 2014 1799 2073 retinere,
1850 2013 2094 2064 minuere

519 2105 606 2159 vel
640 2104 942 2158 temerariis
969 2103 1342 2157 vexationibus
1375 2103 1629 2172 fatigare;
1677 2101 1768 2156 sed
1796 2102 1976 2156 omnia
2009 2103 2096 2154 in-

521 2206 676 2266 tegra
735 2204 1125 2250 conserventur
1173 2209 1381 2258 carum,
1413 2209 1511 2262 pro
1555 2207 1783 2262 quarum
1835 2200 2100 2247 sustenta-

520 2286 671 2340 tioue
701 2295 754 2340 et
783 2286 1177 2354 gubernatione
1211 2299 1468 2340 concessa
1517 2293 1664 2347 sunt,
1697 2283 1906 2335 nisibus
1928 2283 2100 2335 muni-

526 2377 703 2431 modis
755 2376 1060 2445 profutura,
1117 2377 1267 2430 salvo
1307 2375 1569 2430 canonico
1621 2373 1765 2429 sedis
1792 2373 2102 2442 apostolicae

525 2468 670 2535 jure.
700 2468 781 2521 Ad
807 2467 1063 2521 iudicium
1101 2479 1281 2522 autem
1312 2467 1471 2532 hujus
1505 2475 1770 2535 percepta:
1801 2481 1830 2519 a
1863 2465 2101 2520 Romana

527 2559 769 2614 Ecclesia
825 2560 1114 2624 libertatis,
1174 2575 1271 2630 per
1326 2559 1568 2630 singulos
1635 2574 1808 2612 annos
1867 2559 2104 2628 quinque

526 2660 759 2706 moneta:
812 2660 1001 2706 vestrae
1037 2650 1238 2706 solidos
1267 2650 1620 2705 Lateranensi
1669 2649 1868 2719 palatio
1893 2650 2104 2718 persol-

526 2740 684 2796 vetis.
729 2739 787 2795 Si
833 2741 958 2810 quis
1007 2754 1139 2795 sane
1199 2741 1252 2794 in
1297 2741 1596 2802 crastinum
1645 2739 2103 2809 archiepiscopus,

521 2829 829 2900 episcopus,
855 2829 1150 2898 imperator
1170 2839 1262 2886 aut
1289 2845 1404 2897 rex,
1424 2840 1515 2884 aut
1543 2831 1810 2900 princeps,
1857 2841 1948 2884 aut
1975 2831 2105 2896 dux,

529 2931 623 2976 aut
648 2937 850 2986 comes,
892 2930 984 2974 aut
1015 2923 1340 2988 vicecomes,
1389 2921 1578 2990 judex,
1610 2931 1699 2976 aut
1743 2921 1991 2990 quzelibel
2019 2936 2108 2975 ec-

524 3011 834 3065 clesiastica
876 3009 959 3064 vel
995 3012 1268 3065 smcularis
1307 3026 1560 3081 persona,
1605 3012 1783 3066 sciens
1813 3009 1970 3077 hujus
1995 3010 2108 3078 pri-

524 3101 709 3170 vilegii
763 3101 1040 3172 paginam,
1089 3111 1280 3156 contra
1317 3117 1436 3157 eam
1477 3103 1662 3157 venire
1689 3111 1892 3157 temere
1930 3109 2104 3155 tenta-

2199 1910 2343 1977 lata,
2393 1913 2485 1967 sed
2533 1924 2653 1982 post
2699 1929 2887 1969 eormn
2955 1917 3302 1986 negligentiis
3359 1917 3594 1980 detrita,
3643 1926 3693 1970 ct
3732 1917 3773 1968 in

2199 2018 2391 2057 manus
2422 2004 2654 2058 militum
2681 2016 3117 2077 cmterorumque
3152 2009 3505 2062 szeeularium
3539 2008 3774 2075 dissipata

2199 2105 2346 2149 sunt.
2398 2081 2752 2152 Decernimus
2815 2114 2943 2168 ergo
2974 2110 3034 2153 ut
3082 2100 3209 2153 nulli
3255 2101 3486 2155 onmino
3519 2100 3776 2154 hominum

2203 2185 2363 2241 liceat
2405 2188 2653 2242 eamdem
2709 2192 3031 2245 canonicam
3071 2201 3275 2246 temere
3329 2193 3682 2261 perturbare,
3711 2193 3777 2246 vel

2201 2278 2317 2346 ejus
2349 2281 2723 2348 possessiones
2766 2280 3004 2347 auferre,
3052 2282 3135 2336 vel
3167 2282 3383 2336 ablatas
3416 2283 3677 2346 retinere,
3700 2284 3777 2336 uti.

2204 2384 2392 2433 nuere,
2445 2370 2530 2424 vel
2582 2372 2889 2426 temerariis
2942 2373 3328 2427 vexationibus
3384 2371 3657 2442 fatigare;
3702 2376 3777 2426 sed

2204 2461 2388 2516 omnia
2421 2462 2645 2532 integra
2695 2474 3088 2518 conserventur
3145 2479 3359 2526 eorum,
3409 2478 3513 2532 pro
3567 2478 3775 2532 quarum

2207 2537 2603 2608 sustentatione
2627 2569 2689 2606 ac
2717 2555 3109 2623 gubernatione
3139 2569 3398 2610 concessa
3428 2564 3584 2617 sunt,
3615 2556 3775 2607 usibus

2211 2644 2539 2700 cuiuimodis
2593 2645 2898 2716 profutura.
2946 2645 3079 2699 lllud
3138 2645 3304 2699 etiam
3354 2647 3775 2715 supranominati

2205 2737 2440 2806 episc0pi
2495 2737 2848 2791 constitutum
2887 2737 3170 2806 prznsentis
3199 2738 3406 2792 decreti
3458 2739 3659 2808 pagina
3689 2746 3777 2790 sta-

2206 2825 2444 2891 bilimus,
2497 2835 2554 2880 ut
2595 2829 2974 2896 praepositum,
3022 2827 3139 2883 sive
3187 2828 3695 2891 archidiaconatus,
3739 2839 3779 2880 et

2210 2915 2388 2970 cmteri
2441 2917 2801 2972 ecclesiastici
2861 2918 3096 2972 honores
3147 2918 3511 2974 Caturccnsis
3563 2918 3779 2974 ecclesiae

2212 3007 2405 3060 vestris
2462 3019 2879 3079 vestrorumque
2933 3025 3312 3065 successorum
3367 3012 3620 3068 consiliis
3659 3012 3777 3066 ordi.

2211 3107 2427 3153 nentur.
2465 3099 2521 3154 Si
2555 3115 2662 3169 qua
2690 3115 2818 3155 vero
2845 3101 2898 3155 in
2945 3099 3188 3156 futurum
3223 3103 3611 3158 ecclesiastica
3638 3119 3777 3158 sxa-

536 3193 702 3253 verit,
728 3194 966 3248 secundo
991 3193 1217 3247 tertiove
1255 3195 1632 3260 commonitus,
1669 3194 1711 3247 si
1744 3209 1846 3246 non
1888 3191 2105 3246 satisfa-
2133 3169 2178 3229 (ἶ
2209 3189 2404 3244 larisve
2425 3207 2655 3260 persona
2687 3191 2850 3261 hujus
2886 3203 3087 3249 nostra:
3112 3191 3535 3250 Constitutiouis
3557 3196 3776 3265 paginam

525 3280 709 3335 ctione
762 3296 1001 3350 congrua
1053 3282 1444 3351 emendaverit,
1471 3283 1751 3353 potestatis
1779 3282 2106 3350 honorisque

526 3368 611 3423 sui
633 3369 898 3437 dignitate
925 3379 1126 3426 careat.

599 3455 822 3527 Reliqua
853 3457 1246 3514 desiderantur.

1183 3550 1456 3606 CXLVIII.

527 3633 862 3711 Caturccnsis
908 3640 1139 3711 ecclesia:
1188 3643 1425 3694 canonici
1479 3642 1861 3711 conﬁrmantur
1889 3642 1942 3694 in
1991 3656 2112 3707 pro-

605 3707 826 3773 fessione
882 3710 996 3762 vita:
1064 3711 1359 3776 regularis,
1421 3707 1587 3770 quant
1651 3729 1826 3766 recens
1890 3711 2111 3780 professi

603 3786 771 3828 erant.

1102 3869 1304 3934 '(Anuo
1341 3870 1523 3939 1095.)

882 3952 1292 4025 [Cocoucuses,
1327 3966 1456 4010 tom.
1492 3957 1551 4021 ll,
1579 3973 1630 4026 p.
1655 3957 1770 4030 84.]

608 4040 858 4097 UBBANUS
879 4045 1183 4112 episcopus,
1231 4057 1420 4098 servus
1445 4060 1726 4100 servorum
1761 4047 1875 4110 Dei,
1901 4047 2111 4103 dilectis

536 4132 592 4185 'tu
613 4129 830 4187 Christo
863 4133 1008 4197 filiis,
1039 4131 1323 4188 Gesnen'ro
1363 4136 1552 4204 priori,
1605 4134 1826 4204 ejusque
1859 4137 2112 4193 fratribus

535 4222 592 4275 in
623 4222 935 4276 Caturcensi
963 4223 1188 4277 ecclesia
1211 4225 1527 4278 canonicam
1563 4227 1724 4280 vitam
1758 4227 2037 4294 professis,
2058 4237 2114 4282 ct

537 4323 728 4362 eorum
757 4311 1187 4375 successoribus,
1211 4311 1264 4364 in
1288 4311 1531 4387 eamdem
1565 4313 1820 4382 religione
1862 4330 2113 4384 perinan-

536 4399 702 4463 suris,
735 4400 787 4453 in
823 4409 1159 4469 perpetuum.

606 4487 716 4542 Pia:
751 4488 1038 4557 postulatio
1056 4487 1344 4546 voluntatis
1359 4492 2112 4566 effectudebetproscqueute
2146 4514 2189 4568 ι)

535 4576 819 4646 compleri,
873 4585 1138 4647 quat-enus
1162 4591 1217 4634 et
1249 4580 1552 4637 devotionis
1583 4585 1868 4640 sitteeritas
1921 4587 2106 4640 lauda-

534 4667 716 4722 biliter
747 4669 1031 4734 enitescat,
1059 4681 1113 4724 et
1161 4672 1364 4726 utiliter
1413 4677 1680 4742 postulata
1717 4678 1862 4730 vires
1898 4677 2111 4732 indubi-

535 4766 715 4814 tanter
766 4771 1027 4815 assumat.
1057 4762 1194 4828 Quia
1250 4763 1412 4833 igitur
1445 4781 1560 4827 vos,
1595 4783 1626 4819 o
1653 4765 1746 4819 lilii
1791 4768 1841 4820 in
1893 4768 2110 4824 Christo

535 4853 865 4919 charissimi,
924 4870 1020 4924 per
1063 4855 1300 4908 divinam
1361 4858 1588 4930 gratiam
1646 4859 1887 4926 aSpirati,
1931 4875 2111 4914 mores

537 4951 747 4998 vestros
797 4944 897 4996 sub
943 4943 1206 5012 regularis
1255 4944 1379 4997 vita:
1424 4944 1709 5013 disciplina
1756 4961 2029 5013 coercere,
2058 4956 2113 5002 et

536 5035 894 5088 communiter
949 5037 1242 5092 secundum
1291 5037 1388 5090 SS.
1438 5036 1658 5092 Patrum
1711 5039 2107 5095 institutionem

536 5124 891 5193 omnipotenti
945 5126 1168 5182 Domino
1238 5127 1512 5182 deservire
1555 5129 1958 5194 proposuistis;
2013 5147 2111 5186 nos

539 5215 679 5268 votis
701 5218 897 5273 vestris
922 5227 1082 5288 atque
1124 5219 1478 5288 petitionibus
1519 5231 1742 5290 paterna
1775 5221 2111 5292 benignitate

541 5303 882 5372 impertimur
909 5321 1212 5361 assensum.
1271 5307 1404 5362 Vita:
1433 5309 1633 5380 quippe
1666 5312 1942 5365 canonica‘
1961 5313 2109 5366 ordi-

541 5411 691 5458 nem,
725 5410 881 5462 quem
913 5397 1139 5465 professi
1182 5399 1334 5463 estis,
1392 5402 1674 5467 prmsenlis
1714 5401 1978 5470 privilegii
2009 5419 2110 5455 au-

537 5484 794 5538 ctoritate
838 5486 1143 5552 ﬁrmamus;
1187 5500 1240 5542 et
1287 5504 1352 5543 ne
1407 5491 1493 5544 cui
1543 5499 1662 5559 post
1721 5489 2115 5558 professionem

539 5577 842 5632 exhibitam
869 5578 986 5632 sine
1028 5578 1226 5647 priorTs
1263 5595 1356 5636 seu
1407 5583 1847 5654 congregationis
1893 5583 2110 5639 licentia

614 5755 724 5825 ('58)
760 5754 882 5825 Leg.
921 5757 1074 5811 1095.

2211 3279 2408 3346 sciens,
2449 3291 2642 3335 contra
2691 3295 2812 3336 eam
2861 3290 3067 3338 temere
3118 3284 3306 3338 venire
3359 3291 3774 3347 tentavern,se-

2210 3371 2387 3423 eundo
2411 3373 2637 3427 tertiove
2666 3373 3021 3440 commonita,
3053 3374 3225 3428 sinon
3257 3375 3647 3431 satisfactione
3673 3391 3778 3430 coa-

2213 3473 2344 3526 grua
2371 3462 2768 3528 emendaverit,
2797 3461 3080 3531 potestatis
3105 3463 3538 3532 houorisquesui
3555 3463 3778 3534 dignitate

2211 3559 2424 3613 careat;
2455 3567 2720 3620 reamque
2745 3567 2805 3608 se
2845 3551 3031 3607 divino
3073 3553 3282 3623 judicio
3311 3554 3566 3609 existere
3592 3555 3654 3608 de
3675 3566 3772 3622 per-

2212 3649 2423 3709 petrata
2479 3643 2772 3712 iniquitate
2801 3654 3125 3713 cognoscat;
3173 3655 3339 3713 atque
3367 3662 3398 3699 a
3431 3645 3774 3701 sacratissimo

2213 3746 2442 3800 corpore
2489 3747 2554 3787 ac
2599 3734 2865 3804 sanguine
2928 3735 3023 3788 Dei
3073 3744 3130 3790 ct
3180 3737 3394 3791 Domini
3449 3734 3774 3804 redemptoris

2214 3823 2387 3875 nostri
2416 3819 2542 3876 Jesu
2569 3824 2771 3879 Christi
2789 3825 2964 3880 aliena
2985 3825 3169 3890 ﬁat,et
3195 3828 3245 3880 in
3269 3836 3528 3882 extremo
3557 3827 3772 3882 examine

2214 3911 2475 3966 districtus
2519 3913 2710 3968 ultioni
2761 3915 3059 3984 subjaeeat.
3107 3915 3332 3970 Cunctis
3384 3926 3574 3972 autem
3628 3916 3772 3969 ei.'em

2215 4001 2332 4057 loco
2376 4003 2527 4072 justa
2575 4006 2918 4078 servantibus
2987 4008 3060 4061 sit
3091 4021 3194 4076 pax
3235 4007 3451 4061 Domini
3479 4007 3650 4060 nostri
3669 4005 3769 4058 hs:

2213 4095 2446 4161 Christi,
2497 4109 2766 4166 quatenus
2822 4109 2878 4154 et
2925 4099 3011 4154 hic
3060 4098 3295 4153 fructum
3359 4097 3522 4153 bona}
3575 4095 3771 4151 actionis

2216 4189 2553 4256 percipiant,
2612 4197 2671 4243 et
2721 4189 2861 4259 apud
2917 4190 3226 4243 districtum
3273 4187 3519 4254 judicent
3581 4184 3770 4258 praemi:

2215 4287 2430 4333 aeterna:
2459 4279 2607 4349 pacis
2658 4280 2954 4334 inveniant.
2987 4281 3181 4345 Amen,
3212 4295 3391 4346 amen,
3439 4293 3622 4332 amen.

2287 4411 2302 4425 .
2349 4411 2363 4424 .
2409 4411 2422 4424 .
2470 4409 2482 4421 .
2513 4370 2739 4427 Joannis
2762 4383 2965 4427 eatacta:
2997 4374 3252 4427 Romana:
3301 4373 3562 4427 Ecclesia:
3586 4369 3766 4424 diaconi

2216 4460 2532 4526 cardinalis,
2557 4477 2587 4514 x
2621 4461 2738 4515 Kal.
2794 4461 2946 4530 Sept.
2987 4462 3175 4518 indici.
3204 4479 3287 4526 Ill,
3333 4478 3480 4516 anno
3512 4462 3769 4518 Dominict

2215 4552 2607 4609 lncarnationis
2651 4553 2789 4608 1096
2831 4549 2966 4624 (58),
3009 4592 3025 4607 .
3069 4593 3083 4608 .
3130 4593 3143 4606 .
3185 4594 3197 4608 .
3229 4555 3354 4610 bani
3393 4555 3619 4611 secundi
3644 4567 3766 4624 papa:

2210 4653 2423 4699 οριίινο.

2890 4759 3119 4815 CXLIX.

2445 4872 2780 4944 I’rivilegium
2805 4891 2898 4944 pro
2929 4877 3244 4930 monasterio
3266 4875 3568 4932 Casw-Dci.

2811 4969 2987 5040 (Anno
3011 4969 3194 5038 1095.)

2498 5058 2748 5130 [Minue
2777 5060 2970 5114 Annal.
3007 5060 3229 5126 Bened.,
3259 5060 3323 5122 V,
3361 5061 3512 5134 557-]

2284 5147 2534 5204 URBANlts
2557 5153 2862 5220 episcopus,
2891 5167 3083 5206 servus
3114 5168 3402 5207 servorum
3437 5154 3552 5218 Dei,
3584 5148 3759 5206 dilectis

2213 5237 2337 5292 filiis
2355 5238 2562 5293 PONTIO
2586 5239 2770 5294 abbati
2796 5242 3112 5294 monasterii
3137 5243 3278 5310 quod
3297 5242 3756 5298 Casa-Deidicitur.

2212 5337 2265 5384 et
2294 5330 2560 5384 universa:
2601 5331 3010 5401 congregationi
3065 5332 3296 5387 salutem
3344 5343 3400 5388 et
3443 5332 3752 5404 apostolicam

2211 5418 2349 5474 bene
2371 5420 2665 5474 lictiouem.

2283 5508 2415 5563 Cum
2466 5510 2854 5578 omnipotentis
2890 5510 2983 5566 Dei
3030 5512 3202 5583 gratia
3253 5522 3495 5568 vestrum
3526 5515 3752 5566 monasteo

2212 5598 2350 5653 rium
2387 5613 2482 5668 per
2509 5615 2608 5656 nos
2631 5600 2861 5668 visitari,
2897 5611 2954 5658 et
2983 5602 3036 5656 iu
3087 5603 3292 5660 honore
3323 5618 3386 5658 ac
3422 5603 3634 5658 nomine
3654 5612 3750 5652 san~
