3888 6322
128 417 217 477 ιιιῖί
1269 405 1634 465 EPISTOLJE
1671 407 1761 463 ET
1784 402 2194 463 PRWILEGIA.

3231 412 3335 467 διες

119 545 301 590 ciorum
323 535 600 596 martyrum
632 522 820 578 Vitalis
845 531 900 578 et
927 520 1192 591 Agricola:
1225 521 1397 590 ipsius
1417 522 1651 575 coenobii
1683 525 1729 580 Α
1759 519 2081 574 roboramus
2109 529 2163 574 et
2196 517 2456 588 quidquid
2484 533 2648 590 super
2673 535 2734 574 ea
2765 536 2861 576 nos
2891 524 3041 578 vobis
3067 524 3330 581 hactenus

123 623 368 680 basilicam
420 615 665 671 dedicare
715 613 1002 684 disposuit,
1050 613 1272 683 dignum
1319 614 1572 668 duximus
1596 623 1655 666 ut

127 728 215 768 tam
245 727 334 780 pro
365 707 498 762 beati
544 704 769 760 Roberti
821 704 1054 768 meritis,
1093 703 1190 773 qui
1217 703 1523 758 emnobium
1556 718 1652 758 sua

117 804 353 875 quondam
394 811 549 868 opera
581 795 849 860 fundavit,
877 803 933 850 et
972 810 1115 849 nunc
1141 795 1254 849 suis
1284 794 1494 849 meritis
1525 809 1652 862 pro-

119 896 244 965 tegit,
269 905 414 960 quam
450 901 544 958 pro
593 885 868 956 religionis
914 894 1111 940 vestra:
1144 884 1472 946 reverentia,
1497 883 1652 936 vobis

115 985 379 1051 vestrisque
400 979 803 1035 successoribus
831 979 883 1032 in
927 976 1188 1050 regularis
1231 975 1526 1044 disciplinae
1555 975 1652 1029 ob-

113 1074 381 1130 servatione
436 1069 704 1125 mansuris
771 1067 1075 1138 spiritualia
1134 1065 1281 1121 sedis
1343 1066 1652 1134 apostolica:

111 1166 227 1219 dona
262 1162 585 1232 largiremur.
631 1161 739 1215 Vos
785 1161 952 1231 igitur
982 1159 1036 1213 in
1091 1156 1356 1227 speciales
1389 1157 1650 1212 Romana:

113 1254 329 1309 Ecclesia:
350 1252 481 1305 ﬁlius
520 1249 904 1320 suscipientes,
938 1258 1046 1305 etc.

169 1344 340 1398 Datum
378 1341 514 1410 apud
567 1341 798 1408 burgum
855 1339 1041 1394 Sancti
1081 1337 1284 1409 .‘Egidii
1319 1353 1414 1406 per
1458 1351 1648 1390 manus

104 1432 312 1496 Joannis,
340 1429 394 1486 S.
440 1429 505 1482 Β.
537 1429 596 1484 E.
627 1429 842 1484 diaconi
896 1429 1211 1488 cardinalis,
1247 1445 1337 1482 viti
1370 1428 1490 1482 ldus
1548 1425 1648 1482 Se-

107 1521 348 1591 ptembris,
375 1534 512 1574 anno
547 1518 1249 1573 Dominica:incarnationis
1283 1519 1439 1585 1095,
1470 1519 1646 1586 ponti-

104 1613 265 1663 licatus
282 1616 451 1662 autem
482 1608 667 1662 domui
695 1606 897 1662 Urbani
923 1608 962 1662 ll
1000 1624 1152 1678 papa:
1175 1623 1318 1662 anno
1352 1623 1465 1661 vui.

794 1697 898 1753 CL.

97 1787 312 1843 Urbanus
352 1788 615 1842 universos
635 1805 726 1856 per
751 1787 998 1843 Gothiam
1025 1800 1070 1842 et
1107 1788 1436 1842 Provinciam
1462 1789 1642 1856 fideles

152 1860 376 1912 hortatur
400 1868 452 1911 ut
479 1859 762 1926 conferant
809 1860 876 1911 ad
904 1859 1172 1912 ecclesiam
1202 1859 1260 1912 S.
1287 1857 1498 1912 Nicolai
1523 1875 1645 1912 con-
1679 1869 1722 1923 Β

154 1929 509 1998 struendamin
549 1929 748 1998 pra.'dio
781 1946 811 1981 a
840 1927 1128 1998 Stephanio
1166 1930 1429 1981 comitiua
1461 1943 1642 1998 mona-

155 1999 293 2050 sterio
320 1997 374 2050 S.
419 1995 643 2052 Victoris
677 1995 1002 2052 Massilieitsi
1029 2014 1122 2067 per
1176 2000 1343 2067 ipsum
1370 2001 1508 2067 apud
1537 1997 1644 2051 Ta-

152 2083 398 2121 rasconetu
427 2068 644 2122 tributo.

653 2158 830 2229 (Anno
862 2158 1045 2226 1095.)

358 2248 670 2320 [Man-rese,
707 2248 867 2318 ampl.
896 2248 1110 2303 Collect.
1134 2249 1176 2314 Ι,
1208 2249 1360 2320 556.]

154 2339 388 2395 υκελκιιε
413 2340 730 2410 episcopus,
754 2354 944 2395 servus
972 2354 1255 2394 servorum
1284 2339 1394 2403 Dei,
1423 2339 1637 2394 univen

95 2429 160 2482 sis
180 2445 264 2498 per
289 2429 541 2484 Gothiam
567 2438 622 2485 et
651 2429 993 2484 Provinciam
1046 2427 1295 2484 fidelibus
1341 2430 1568 2485 salutem
1592 2439 1645 2483 et

91 2520 411 2589 apostolicam
445 2523 908 2578 benedictionem.

149 2613 475 2672 Dilectionem
507 2626 746 2674 vestram
762 2631 988 2674 noscere
1006 2617 1273 2682 volumus,
1291 2617 1641 2688 Stephanium

89 2705 384 2762 comitissam
408 2725 538 2765 cum
563 2709 837 2764 nobilibus
860 2725 972 2764 sua:
997 2718 1176 2771 terrae,
1212 2725 1309 2779 pro
1338 2711 1642 2764 animarum

88 2809 279 2849 suarum
321 2798 600 2862 remedio,
645 2798 962 2869 prtediolum
1013 2799 1285 2868 quoddam
1322 2799 1641 2865 Massiliensi

91 2889 384 2944 monasterio
412 2888 471 2942 Β.
508 2889 748 2946 Victoris
801 2892 1056 2962 martyris
1105 2892 1244 2962 apud
1280 2892 1642 2948 Tarasconem

87 2990 171 3042 per
196 2993 398 3032 marmur
427 2989 680 3035 nostram
718 2983 1083 3046 concessisse,
1110 2983 1181 3037 ad
1219 2983 1643 3039 construendam

84 3064 340 3122 ecclesiam
372 3070 432 3124 Β.
465 3070 682 3127 Nicolai
721 3072 1072 3129 confessoris.
1108 3075 1215 3130 Vos
1238 3075 1422 3144 igitur.
1449 3113 1463 3128 .
1490 3115 1504 3130 .
1532 3115 1547 3130 .
1583 3115 1598 3130 .
1625 3116 1638 3129 .

83 3151 285 3229 {dilecti}
330 3159 446 3225 lilii,
473 3163 674 3219 litteris
722 3164 1078 3232 praesentibus
1115 3165 1467 3220 admonemus
1493 3177 1551 3220 ut
1575 3169 1640 3221 ad

81 3243 291 3311 ejusdem
317 3254 744 3307 construendam
771 3253 1303 3329 [constructionem],
1327 3264 1383 3310 et
1407 3256 1639 3313 fratrum
1670 3233 1714 3296 C

81 3334 174 3392 illic
202 3338 306 3394 Deo
335 3343 694 3398 servientium
725 3347 1202 3410 sustentationem,
1231 3362 1388 3416 opem
1409 3356 1644 3404 vestram

83 3435 128 3480 et
167 3432 413 3488 auxilium
494 3435 846 3505 impendatis.
917 3437 1236 3507 Quicunque
1290 3454 1417 3494 vero
1470 3441 1642 3496 locum

85 3515 208 3572 illum
229 3521 590 3596 eleemosynis
614 3529 730 3582 suis
751 3528 818 3581 de
845 3543 1067 3582 suarum
1095 3545 1274 3584 rerum
1298 3529 1425 3599 jure
1449 3532 1642 3602 ampli-

84 3605 247 3674 ficare,
282 3615 600 3682 quicunque
632 3617 929 3672 monachos
965 3617 1039 3672 ibi
1076 3619 1183 3672 Deo
1222 3619 1523 3675 servientes
1545 3635 1647 3691 ope

75 3711 162 3750 sua
175 3707 230 3752 ct
251 3703 473 3759 consilio
503 3704 764 3773 adjuvare
781 3708 1250 3776 curaverit,atque
1272 3711 1643 3766 cmmeterium

79 3790 202 3847 quod
240 3792 387 3858 juxta
429 3797 754 3865 praedictam
811 3798 1100 3852 ecclesiam
1152 3800 1505 3854 constitutum
1538 3811 1640 3866 est,

80 3879 284 3938 liberum
329 3887 717 3959 illibatuinque
765 3891 1086 3958 servaverit,
1119 3907 1342 3947 suorum
1372 3893 1648 3964 indulgen-

83 3971 192 4026 tiam
220 3987 571 4043 peccatorum
621 3995 651 4033 a
679 3979 913 4035 Domino
951 3993 1342 4051 consequatur,
1370 3983 1645 4054 ipsiusque

75 4059 336 4132 Deigratia
361 4079 417 4124 et
443 4070 818 4139 apostolorum
835 4070 982 4128 Petri
1012 4072 1238 4127 etPauli
1268 4074 1644 4131 benedictione

79 4152 294 4212 timetur.
873 4220 882 4227 ,

790 4253 917 4310 CLI.

87 4335 231 4394 Bulla
277 4339 477 4398 Urbani
525 4344 585 4398 11
619 4363 770 4415 papa:
795 4363 890 4414 pro
922 4348 1241 4402 monasterio
1282 4347 1346 4402 S.
1389 4346 1616 4418 Egidﬁ.

653 4436 833 4504 (Anno
861 4437 1044 4507 1095.)

233 4600 235 4602 η
397 4525 578 4599 [ιτηιι.
610 4526 832 4594 (ξιη-ίει.,
860 4537 897 4581 ι.
934 4528 1018 4592 vi,
1051 4546 1100 4600 p.
1138 4530 1286 4603 ιδῃ

127 4610 374 4672 Ἠιιιιλιιυε
401 4619 714 4688 episcopus,
740 4634 933 4673 servus
963 4635 1242 4673 servorum
1270 4621 1390 4686 Dei,
1423 4619 1635 4676 dilectis

75 4701 120 4754 iu
147 4705 356 4764 Cbristo
381 4710 511 4764 [iliis
532 4708 726 4777 ODONI,
767 4711 949 4766 abbati
976 4713 1290 4766 monasterii
1319 4713 1376 4768 S.
1409 4713 1629 4785 Egidii,

67 4802 118 4845 ct
153 4797 413 4854 universa:
470 4801 881 4872 congregationi
925 4803 1155 4859 salutem
1201 4812 1256 4858 et
1280 4806 1631 4874 apostolicam

73 4883 508 4945 benedictionem.

131 4976 324 5034 Gratiae
349 4997 607 5051 superna:
631 4983 965 5040 miserationi
1003 4994 1110 5040 tam
1135 5000 1234 5054 per
1261 4999 1358 5040 nos
1383 5001 1544 5054 quam
1581 4995 1636 5041 et

70 5077 154 5129 per
189 5079 426 5124 vestram
479 5072 799 5141 religionem
837 5075 1062 5144 agendae
1110 5084 1259 5138 sunt,
1291 5075 1416 5144 quia
1444 5090 1542 5128 nos
1569 5077 1636 5131 ad

69 5164 290 5212 vestrum
313 5161 635 5215 cmuobium
693 5164 992 5231 pervenire,
1026 5172 1082 5218 et
1117 5180 1222 5219 una
1259 5164 1538 5219 vobiscum
1571 5165 1634 5220 Β.

68 5244 252 5314 Αῐείὤὶ
279 5251 685 5308 solemnitatem
717 5252 994 5310 celebrare
1040 5255 1324 5327 disposuit.
1360 5255 1512 5312 Unde
1539 5273 1636 5312 nos

62 5347 179 5404 erga
203 5339 262 5394 Β.
288 5341 573 5413 ,Εεῑᾱὶιιιιι
596 5345 854 5414 ampiiori
877 5347 1163 5402 devotione
1197 5346 1487 5410 ferventes,
1525 5357 1637 5401 tam

66 5443 339 5502 vosquam
388 5444 580 5491 vestra
627 5441 811 5493 omnia
857 5439 1104 5508 ampliori
1151 5437 1295 5493 sedis
1327 5437 1638 5508 apostolica:

65 5525 348 5580 munimine
371 5534 662 5598 protegere
685 5537 742 5584 et
763 5529 1086 5584 continuare
1109 5542 1386 5582 curamus.
1410 5528 1636 5582 Otnnem

67 5607 216 5676 igitur
243 5615 565 5670 libertatem
609 5633 704 5674 seu
738 5619 1134 5674 immunitatem
1171 5619 1326 5675 vobis
1356 5633 1421 5673 ac
1453 5627 1636 5672 vestro

61 5707 302 5759 emnobio
366 5723 472 5777 per
526 5718 930 5769 antecessorum
990 5719 1300 5766 nostrorum
1351 5707 1633 5779 privilegia

65 5794 420 5850 contributain
478 5811 577 5852 nos
627 5813 838 5868 quoque
887 5797 1172 5868 pricsentis
1202 5797 1401 5853 decreti
1432 5795 1627 5867 pagina

333 5909 615 5969 Parnm”
659 5910 806 5971 CLI.

1757 610 2095 666 concessisse
2145 611 2542 680 cognoscimur.
2581 609 2730 666 Unde
2759 613 2924 668 etiam
2948 627 3140 671 vestrre
3162 620 3332 688 quieti

1757 703 2019 756 attentius
2094 701 2440 770 providentes
2471 742 2486 767 ,
2542 701 2961 761 Nemausensem
3023 707 3333 778 episc0pum

1753 790 1906 844 vobis
1958 787 2214 844 infestum
2263 797 2447 844 nostra
2489 791 2796 846 studuimus
2821 795 3144 850 auctoritate
3172 810 3334 851 coer-~

1753 898 1898 937 cere.
1931 881 2064 936 Cum
2105 880 2248 934 enim
2305 897 2400 934 vos
2435 897 2597 950 super
2645 882 2876 938 ecclesia
2925 885 2981 938 S.
3012 887 3240 942 Andreae
3267 889 3333 941 de

1752 973 1977 1028 Bernice
2032 983 2090 1026 et
2141 973 2263 1026 aliis
2310 971 2674 1040 quibusdam,
2728 989 2864 1042 quas
2928 985 3332 1032 antecesserunt

1753 1080 1976 1119 suorum
2034 1062 2372 1132 temporibus
2417 1063 2810 1132 possederatis,
2844 1065 3198 1134 inquietaret,
3234 1083 3332 1122 nos

1746 1157 1801 1210 ei
1830 1155 2054 1208 omnino
2095 1154 2164 1207 ab
2195 1152 2501 1220 linjusmodi
2529 1153 2794 1207 molestiis
2835 1169 3048 1209 cessare
3081 1156 3330 1225 prcecipi-

1754 1261 1896 1308 mus,
1923 1253 1979 1300 et
2004 1245 2084 1299 sic
2120 1243 2273 1298 vobis
2301 1243 2480 1296 omnia
2516 1244 2696 1312 quiete
2747 1244 3040 1308 dimittere,
3073 1245 3211 1300 sicut
3234 1262 3324 1300 an-

1752 1347 2084 1392 tecessorqu
2109 1345 2420 1402 nostrorum
2450 1344 2693 1403 tempore
2741 1351 2834 1388 vos
2855 1338 3164 1405 possedisse
3187 1355 3319 1393 con--

1750 1429 1984 1482 stitcrat.
2014 1426 2298 1480 Abbatiam
2340 1434 2599 1492 pra-terea
2628 1423 2774 1478 Beati
2823 1425 3036 1479 Eusebii
3061 1434 3116 1480 et
3143 1439 3332 1479 omnes

1749 1517 2140 1588 possessiones,
2173 1532 2313 1586 quas
2367 1515 2528 1569 hodie
2572 1515 2716 1582 juste
2744 1516 3021 1584 possidere
3051 1516 3328 1580 videmini,

1751 1612 1906 1666 vobis
1936 1612 2242 1680 vestrisque
2266 1608 2670 1665 successoribus
2692 1617 2950 1677 perpetuo
2981 1608 3332 1675 possidendas

1750 1686 2048 1776 apostoliea
2101 1705 2430 1759 auctoritate
2478 1702 2781 1756 lit'mau'uts.
2817 1699 3120 1755 Statuimus
3168 1702 3330 1755 etiam

1751 1807 1811 1851 ut
1828 1799 1893 1852 de
1918 1805 2118 1852 catlero
2134 1795 2282 1850 nullo
2299 1793 2708 1862 archiepiscopo
2722 1790 2884 1845 liceat
2909 1805 3070 1861 super
3091 1801 3331 1846 vestrum

1751 1889 2059 1943 canobium
2089 1887 2174 1941 vel
2203 1887 2454 1940 abbatem
2508 1899 2726 1938 manum
2757 1883 3332 1938 excomtnunicationis

1752 1987 1846 2034 aut
1881 1978 2282 2034 interdictiouis
2333 1977 2646 2038 extendere,
2681 1974 2773 2029 sed
2796 1977 2850 2026 in
2877 1973 2932 2026 Β.
2961 1973 3114 2027 Petri
3138 1984 3191 2028 et
3217 1973 3332 2043 t'jtts

1752 2073 2078 2127 vicariorum
2115 2086 2276 2124 manu
2302 2070 2470 2138 quieti
2502 2083 2714 2138 semper
2745 2082 2808 2120 ac
2853 2065 3006 2120 liberi
3028 2081 3129 2135 per
3148 2069 3327 2122 omni-

1749 2164 1984 2233 porculis
2034 2163 2128 2216 Dei
2185 2162 2414 2231 gratiam
2468 2159 2761 2225 maneatis;
2794 2159 3181 2227 paenitentibus
3202 2175 3331 2213 veto

1751 2258 1841 2322 qui
1873 2270 1970 2325 pro
1992 2254 2258 2310 scelerum
2285 2267 2505 2307 suorum
2549 2252 2704 2305 venia
2739 2251 2971 2306 ccenobii
2999 2252 3165 2306 vestri
3193 2252 3329 2306 basi-

1753 2346 1935 2414 licam,
1970 2345 2023 2399 in
2060 2359 2165 2413 qua
2189 2344 2331 2398 beati
2358 2341 2559 2410 Egidii
2592 2357 2787 2410 corpus
2811 2341 3098 2411 quiescere
3138 2343 3325 2412 digno-

1748 2438 1940 2502 scitur,
1979 2435 2338 2505 expetierint,
2397 2448 2519 2487 eam
2577 2433 2800 2498 intrare,
2847 2442 2903 2488 et
2953 2433 3061 2488 illic
3096 2432 3326 2488 Domino

1747 2544 1844 2582 sua
1877 2528 2224 2583 concedimus
2271 2535 2398 2580 vota
2428 2524 2755 2594 persolvere.
2791 2525 2838 2578 A
2869 2525 3136 2596 conjugiis
3160 2526 3322 2581 etiam

1747 2620 1946 2674 iiberos
1959 2619 2026 2674 ad
2041 2618 2421 2673 monachatum
2437 2616 2647 2670 admitti
2663 2616 2780 2670 sine
2791 2615 3170 2686 episcoporum
3194 2631 3326 2672 con-

1751 2709 2072 2766 tradictione
2122 2708 2495 2765 concedimus.
2535 2708 2640 2762 Vos
2685 2708 2836 2762 enim
2868 2723 2967 2776 pro
2995 2707 3237 2775 ejusdem
3262 2710 3324 2762 Β.

1747 2802 1947 2873 Egidii
1965 2802 2177 2856 meritis
2203 2811 2259 2857 et
2282 2802 2556 2874 religionis
2577 2811 2768 2855 vestra:
2787 2801 3092 2855 reverentia
3115 2800 3327 2870 quietos

1747 2893 1969 2947 omnino
1991 2893 2308 2963 persistere,
2335 2902 2390 2947 et
2415 2901 2671 2963 tanquam
2707 2891 2848 2946 oculi
2877 2892 3048 2947 nostri
3073 2892 3325 2962 pupillam

1745 2986 1994 3041 volumus
2041 2985 2327 3040 custodiri.
2379 2985 2507 3040 Haec
2557 2985 2740 3040 omnia
2793 2994 2852 3040 ut
2909 2985 2959 3038 in
3007 2996 3327 3054 perpetuum

1745 3077 1900 3132 ﬁrma
1925 3088 1979 3132 et
2003 3078 2321 3132 intemerata
2375 3088 2728 3147 permaneant
2777 3075 2872 3131 Dei
2907 3077 3324 3147 omnipotentis.

1747 3171 1945 3235 Patris,
1975 3178 2029 3225 et
2050 3169 2195 3235 Filii,
2217 3178 2277 3224 et
2301 3168 2536 3239 Spiritus
2553 3169 2726 3224 sancti
2750 3167 2956 3237 judicio
2982 3175 3037 3222 et
3060 3175 3328 3237 potestate

1745 3261 2038 3316 sancimus.

1818 3352 2013 3407 Datum
2039 3351 2316 3408 Avenione
2339 3366 2435 3423 per
2470 3368 2689 3406 manum
2721 3350 2966 3415 Joannis,
2999 3359 3200 3404 sanctae
3219 3348 3330 3403 Bo-

1747 3459 1920 3499 mana:
1941 3442 2200 3497 Ecclesiae
2231 3442 2445 3496 diaconi
2463 3441 2777 3507 cardinalis,
2797 3442 2978 3510 pridie
2999 3439 3128 3494 idus
3149 3441 3324 3508 Sept..

1746 3535 1935 3589 indict.
1996 3549 2079 3598 tu,
2141 3547 2284 3586 anno
2346 3531 2644 3586 Dominicis
2691 3532 2900 3585 incarn.
2943 3527 3079 3585 1096
3117 3529 3324 3602 [1υ95].

1746 3623 2092 3694 pontiﬁcatus
2146 3631 2328 3677 autem
2381 3621 2563 3676 domui
2623 3621 2824 3678 Urbani
2869 3620 2911 3675 ll
2966 3637 3122 3692 papae
3183 3636 3326 3675 anno

1745 3728 1958 3773 octavo.

2462 3846 2615 3903 CLII.

1749 3939 1990 3994 Urbanus
2031 3939 2093 3993 II
2143 3955 2279 4009 papa
2320 3939 2596 4006 conﬁrmat
2649 3937 2937 4009 regularem
2988 3938 3323 4008 disciplinam

1808 4007 2190 4071 canonicorum
2207 4011 2264 4063 S.
2284 4010 2654 4061 Avenionensis
2674 4007 2924 4068 ecclesiw.
2939 4011 3028 4078 qui
3043 4007 3159 4060 cum
3176 4009 3322 4060 bonis

1817 4081 2054 4134 omnibus
2084 4080 2152 4132 ad
2175 4079 2482 4132 canonicam
2505 4079 2672 4146 ipsam
2699 4079 3049 4146 spectantibus
3073 4078 3167 4130 sub
3189 4093 3321 4144 pro-

1815 4151 2036 4204 lectione
2087 4149 2226 4202 sedis
2257 4149 2561 4217 apostolica:
2587 4150 2965 4216 suscipiuntur.

2336 4239 2513 4313 (Anno
2538 4239 2717 4310 1095.)

2079 4331 2492 4403 [Cocquauxeg
2529 4341 2658 4386 tom.
2687 4329 2752 4396 ll,
2782 4347 2836 4402 p.
2863 4331 2977 4404 8L]

1817 4443 2071 4500 URBANUS
2089 4443 2390 4512 episcopus,
2423 4459 2614 4498 servus
2643 4458 2921 4498 servorum
2959 4444 3073 4508 Dei,
3110 4443 3321 4498 dilectis

1747 4533 1875 4588 filiis
1933 4531 2246 4589 Snvssrao
2300 4533 2612 4601 praeposito,
2666 4543 2720 4586 et
2774 4534 2889 4600 ejus
2941 4533 3218 4596 fratribus,
3265 4535 3318 4588 in

1746 4622 2136 4677 Avenionensis
2185 4620 2414 4675 ecclesia
2466 4623 2784 4677 canonicam
2829 4623 2998 4677 vitam
3037 4622 3316 4692 professis,

1745 4725 2041 4778 eorumque
2068 4710 2492 4776 successoribus,
2523 4711 2574 4764 in
2603 4722 2941 4782 perpetuum.

1816 4801 1924 4855 Pim
1953 4799 2242 4869 postulatio
2256 4799 2544 4854 voluntatis
2562 4801 2750 4856 eﬂ'cctu
2777 4803 2937 4859 debet
2961 4813 3317 4873 prosequente

1740 4888 2030 4958 compleri,
2061 4895 2332 4957 quatenus
2363 4895 2418 4942 et
2446 4888 2747 4945 devotionis
2769 4891 3054 4946 sinceritas
3078 4892 3316 4945 laudabi-

1743 4979 1868 5035 liter
1895 4979 2175 5038 enitescat.
2201 4991 2257 5033 et
2277 4979 2484 5036 utilitas
2510 4981 2776 5050 postulata
2792 4982 3316 5038 viresindubitanter

1739 5078 2000 5126 assumat.
2028 5068 2167 5135 Quia
2189 5069 2358 5138 igitur
2373 5085 2483 5132 vos,
2508 5087 2542 5124 υ
2563 5070 2654 5124 filii
2673 5070 2726 5124 in
2754 5069 2970 5126 Christo
2985 5072 3314 5135 charissimi,

1738 5176 1836 5233 per
1883 5159 2120 5214 divinam
2167 5161 2400 5230 gratiam
2455 5161 2702 5230 aspirati,
2749 5174 2928 5215 mores
2967 5171 3179 5218 vestros
3215 5165 3314 5217 sub

1739 5250 2007 5322 regularis
2056 5251 2180 5306 Viue
2234 5249 2515 5320 disciplina
2563 5265 2839 5314 coercere,
2871 5258 2927 5305 et
2956 5252 3306 5307 communiter

1741 5343 2036 5398 secundum
2092 5341 2193 5396 SS.
2252 5340 2472 5395 Patrum
2530 5341 2920 5396 institutionem
2959 5342 3312 5411 omnipotenti

1742 5433 1856 5487 Deo
1879 5431 2152 5486 deservire
2171 5430 2556 5502 proposuistis;
2587 5447 2685 5488 nos
2709 5431 2850 5488 votis
2870 5433 3064 5486 vestris
3089 5442 3315 5500 paterno

1741 5523 2180 5595 congratulamur
2208 5523 2425 5579 aﬂ‘ectu.
2460 5523 2612 5579 Unde
2633 5525 2796 5580 etiam
2841 5525 3087 5596 petitioni
3118 5533 3313 5580 vestrae

1739 5614 2070 5684 benignitate
2121 5613 2301 5670 debita
2364 5615 2707 5685 impertimur
2759 5631 3066 5682 assensum,
3090 5625 3146 5669 et
3190 5614 3313 5670 vitae

1739 5703 2012 5759 canonica:
2055 5703 2322 5771 ordinem,
2366 5721 2526 5774 quem
2573 5707 2799 5777 professi
2843 5709 2979 5763 estis
3030 5705 3312 5776 pressantis

1737 5793 2000 5864 privilegii
2027 5795 2353 5861 auctoritate
2392 5796 2702 5864 ﬁrmamus;
2737 5806 2791 5853 et
2829 5813 2896 5852 ne
2921 5798 3008 5856 cui
3031 5805 3159 5865 post
3188 5809 3314 5864 pro-

2945 5905 3017 5965 ιῖιι
