3888 6322
589 327 695 385 427

1961 310 2017 369 Β.
2059 312 2308 370 URBANI
2349 311 2390 368 II
2427 308 2630 368 I‘APrE
3664 319 3732 377 533

595 439 880 495 fessionem
930 431 1223 490 exhiliitam
1281 428 1560 500 proprium
1607 427 1734 498 quid
1782 426 1999 492 habere,
2035 440 2165 479 neve
2198 431 2236 488 Α
2272 425 2454 495 igitur,
2485 425 2578 478 ﬁlii
2606 425 2656 478 in
2693 423 2908 479 Christo
2944 423 3264 489 charissimi,
3313 441 3404 496 per
3441 429 3734 498 οιιηιίροιρηιι,

593 531 712 585 sine
767 524 1040 596 prapositi
1089 519 1530 590 congregationis
1574 518 1792 573 licentia
1823 517 1888 572 de
1929 518 2168 571 claustro

592 619 868 676 discedere
922 615 1104 675 liceat,
1161 609 1569 673 interdicimus,
1624 616 1679 662 et
1741 615 1848 660 tam
1885 622 2167 676 vosquam

593 719 776 764 vestra
807 705 988 760 omnia
1015 703 1160 758 sedis
1186 700 1493 770 apostolica:
1515 699 1852 768 protectione
1877 697 2167 751 munimus.

590 799 756 853 1Vobis
798 797 981 865 itaque
1034 793 1344 862 vestrisque
1388 789 1794 846 successoribus
1820 830 1835 856 ,
1875 788 1928 842 in
1981 789 2167 842 eadem

575 888 848 958 'religione
899 883 1272 955 permansuris
1304 921 1322 946 ,
1371 895 1434 933 ea
1483 880 1664 934 omnia
1706 887 1964 948 perpetuo
1993 877 2168 946 possi-

573 979 760 1032 ‘Ilenda
778 975 1074 1036 sancimus,
1092 988 1212 1042 qua:
1234 969 1720 1040 impraesentiarum
1757 984 1858 1038 pro
1870 968 2172 1023 communis

571 1069 764 1123 ‘victus
811 1063 1202 1120 sustentatione
1231 1061 1508 1130 possidere
1537 1058 1793 1112 videmini
1827 1075 1841 1111 :
1885 1057 2169 1110 ecclesiam

591 1159 801 1214 scilicet
841 1157 899 1210 8.
943 1152 1207 1222 Agricola:
1245 1152 1309 1205 de
1343 1149 1578 1219 Lupcra,
1616 1157 1670 1203 et
1711 1148 1884 1203 sancti
1925 1147 2074 1201 Pauli
2107 1148 2173 1202 de

582 1248 820 1308 'l‘alude,
853 1244 913 1299 8.
949 1244 1122 1298 Domi.
1157 1281 1172 1296 .
1205 1280 1220 1295 .
1246 1279 1262 1294 .
1291 1249 1345 1296 et
1375 1242 1433 1295 S.
1453 1239 1726 1294 Columbae
1750 1239 1818 1294 de
1846 1239 2170 1305 Cortcdune,

587 1348 647 1393 ’et
673 1337 731 1393 S.
759 1337 972 1406 Georgii
1003 1336 1068 1389 de
1096 1333 1346 1404 Garriga,
1377 1333 1496 1403 pagi
1521 1332 1587 1386 de
1618 1331 1933 1386 Mairranica
1965 1340 2172 1400 partem

578 1424 1276 1497 ‘quartam,'ct‘insularum
1301 1425 1364 1474 ad
1398 1423 1570 1490 ipsum
1606 1421 2013 1490 pertinentium.
2045 1421 2164 1476 Uni.

581 1519 783 1572 'ver‘sas
816 1524 1082 1587 prmterea
1142 1513 1538 1567 Avcnionensis
1575 1511 1832 1566 occclesia:
1860 1512 2178 1580 pnebendas

579 1617 649 1661 'et
679 1608 910 1662 honores
935 1619 1028 1658 seu
1054 1603 1506 1671 dispensationes,
1529 1616 1665 1670 quas
1690 1600 1851 1655 hodie
1888 1601 2176 1669 possidetis

583 1709 714 1762 vos,
745 1694 861 1764 qui,
889 1703 1110 1746 auctore
1137 1691 1386 1754 Domino,
1417 1691 1581 1742 vitam
1607 1689 1921 1743 canonicam
1948 1690 2172 1755 ducitis;

2271 516 2362 569 Dei
2409 516 2634 584 gratiam
2684 515 2934 584 aspirati.
2987 516 3212 583 primam
3265 519 3517 571 nascentis
3558 520 3736 576 Ecclesia:

2269 606 2730 660 conversationem
2781 607 2964 660 multis
3004 605 3116 674 jam
3173 610 3486 676 temporibus
3508 613 3736 668 destitutam

2271 709 2528 750 renovare
2551 695 2926 764 proposuistis,
2957 707 3014 750 ut
3063 697 3356 752 secundum
3382 698 3476 753 SS.
3502 699 3739 758 Patrumin-

2269 786 2453 840 stituta
2484 786 2647 840 corde
2673 801 2780 840 uno
2801 795 2856 840 et
2880 803 2984 840 una
3009 787 3188 841 anima
3209 789 3308 844 sub
3328 789 3452 859 jugo
3488 793 3648 860 regula:
3667 809 3741 846 om.

2269 876 2528 946 nipotenti
2585 877 2813 932 Domino
2865 879 3151 944 serviatis;
3211 895 3306 934 nos
3365 881 3583 950 religioni
3614 895 3743 936 vestra

2259 973 2497 1033 paterno
2558 967 2998 1035 congratulantur
3066 968 3284 1024 affectu.
3317 970 3381 1024 Et
3431 981 3484 1024 ut
3525 973 3656 1026 senth
3690 976 3742 1026 in-

2272 1053 2463 1107 choata
2497 1052 2706 1124 religio,
2734 1055 3113 1119 auctore-Deo,
3137 1072 3348 1126 semper
3374 1058 3651 1113 inviolabilis
3671 1077 3747 1128 per

2271 1151 2502 1207 severet,
2546 1153 2653 1198 tam
2691 1160 2789 1200 vos
2831 1161 2993 1215 quam
3043 1156 3222 1202 vestra
3253 1150 3430 1202 omnia
3460 1150 3584 1204 sedis
3604 1163 3747 1220 aposto-

2271 1235 2387 1292 lica:
2413 1240 2618 1310 gremio
2646 1240 3014 1306 conferentes,
3046 1243 3331 1310 praesentis
3364 1243 3598 1313 privilegii
3630 1257 3750 1297 aucto-

2272 1329 2430 1383 ritate
2476 1331 2764 1386 munimus.
2822 1331 3122 1387 Statuimus
3167 1334 3312 1389 enim
3361 1345 3416 1390 ιιι
3462 1337 3630 1389 nemini
3665 1317 3752 1391 inter

2269 1437 2369 1477 vos
2395 1423 2731 1493 professione
2757 1426 2999 1480 exhibita
3030 1428 3308 1496 prepriuni
3339 1429 3462 1496 quid
3491 1428 3669 1493 habere,
3693 1445 3753 1480 nec

2273 1515 2393 1569 sine
2427 1523 2536 1581 tua,
2567 1515 2639 1570 ﬁli
2665 1517 2895 1572 Arbcrte
2923 1518 3084 1582 abba,
3130 1526 3184 1572 et
3213 1532 3401 1572 eorum
3425 1519 3509 1583 qui
3534 1529 3632 1588 post
3659 1529 3694 1571 tr
3723 1522 3752 1571 in

2273 1610 2460 1664 eodem
2511 1611 2772 1681 regimine
2833 1613 3221 1677 successerint,
3274 1624 3370 1668 aut
3425 1615 3533 1668 sine
3565 1615 3754 1668 communi

2275 1699 2704 1769 congregationis
2726 1699 2941 1754 licentia
2980 1701 3048 1755 de
3069 1701 3306 1756 claustro
3331 1702 3586 1757 discedere
3603 1702 3755 1755 lilerum

584 1785 710 1839 sive
756 1797 891 1852 quas
923 1781 1246 1835 clericorum
1278 1779 1495 1847 quidam
1535 1779 1802 1844 obtinent,
1827 1779 1917 1846 qui
1944 1780 2170 1832 necdum
2206 1783 2246 1835 Β
2273 1787 2368 1852 sit;
2403 1797 2458 1842 et
2479 1787 2523 1841 si
2552 1789 2868 1854 decesserit,
2899 1800 2953 1844 ει
2979 1792 3344 1846 εοιηιηοηίιυε
3383 1792 3548 1845 redire
3586 1801 3755 1845 ωηιεηι.

593 1874 829 1944 propriis
882 1871 1391 1926 obren—uutiaveriut
1431 1911 1444 1935 ,
1497 1869 1898 1924 communitatis
1978 1881 2170 1924 vestra:

577 1965 781 2020 usibus
824 1961 1233 2026 conﬁrmamus,
1281 1974 1608 2028 quocunque
1659 1958 1712 2012 in
1766 1967 2005 2029 tempore
2054 1961 2172 2015 illas

593 2054 790 2124 aperiri
838 2053 1144 2121 contigerit,
1189 2058 1244 2104 et
1275 2064 1608 2119 quaecunque
1646 2048 1904 2119 deinceps
1942 2064 2167 2104 conces—

591 2145 742 2200 sione
799 2142 1138 2212 pontiﬁcum,
1185 2138 1515 2196 liberalitate
1563 2137 2173 2206 priueipum,velobla—

579 2235 740 2289 tione
757 2232 1016 2296 ﬁdelium,
1035 2229 1182 2300 iuste
1203 2236 1365 2298 atque
1385 2227 1644 2282 canonice
1667 2229 1914 2296 poteritis
1928 2227 2168 2295 adipisci.

593 2327 676 2381 Ad
722 2327 837 2380 hzec
879 2322 1225 2378 decernimus
1279 2328 1358 2384 ut,
1394 2317 1648 2374 defuncto
1694 2318 1948 2373 Ecclesia:
1981 2328 2174 2372 vestra:

596 2419 884 2489 episcopo,
925 2412 1258 2469 successoris
1297 2421 1538 2465 vestrum
1589 2409 1784 2464 electio
1834 2408 2171 2478 potissimum

591 2517 1006 2576 vcstrorumque
1049 2518 1432 2558 successorum
1482 2502 1571 2571 qui
1607 2500 1867 2556 canonice
1914 2500 2171 2564 vixerint,

593 2597 983 2653 deliberatione
1026 2593 1305 2664 persistat.
1339 2591 1394 2644 ld
1427 2592 1598 2660 ipsum
1631 2589 1796 2644 etiam
1822 2597 1878 2644 et
1907 2589 2173 2642 universa:

594 2689 876 2752 Ecclesia,
907 2702 1001 2740 seu
1027 2683 1249 2740 claustri
1275 2682 1444 2736 vestri
1469 2680 1793 2751 praepositis,
1821 2680 1935 2735 sive
1960 2681 2174 2749 dispen-

585 2777 865 2835 satoribus
879 2774 1144 2844 eligendis
1163 2779 1422 2842 perpetuo
1442 2769 1838 2823 observandum
1867 2785 2168 2825 censemus.

585 2868 654 2922 Si
692 2881 798 2936 qua
827 2880 958 2920 sane
985 2865 1039 2917 in
1066 2862 1366 2917 crastinum
1413 2858 1784 2914 ecclesiastica
1831 2860 2174 2914 srecularisve

577 2972 844 3030 .persoua,
876 2953 1033 3022 hujus
1063 2961 1259 3008 nostra:
1287 2950 1693 3007 constitutionis
1717 2951 1970 3019 paginam
1995 2950 2173 3004 sciens

586 3059 782 3103 contra
836 3061 957 3101 eam
1008 3052 1211 3098 temere
1236 3043 1423 3096 venire
1461 3039 1772 3104 tentaverit,
1802 3041 2034 3094 secunda
2067 3048 2175 3093 ter-

2271 1879 2460 1947 pserit,
2495 1880 2591 1934 tibi
2623 1881 2837 1950 tuisque
2871 1883 3282 1936 successoribus
3319 1882 3538 1936 facultas
3575 1883 3632 1937 sit
3669 1881 3757 1948 eius-

2271 1969 2415 2023 modi
2440 1969 2668 2024 ubilibet
2696 1985 2727 2023 a
2749 1971 2862 2024 suis
2895 1968 3085 2025 olliciis
3117 1971 3482 2025 interdicere:
3502 1971 3758 2025 interdictum

2273 2073 2400 2115 vero
2425 2060 2605 2115 nullus
2629 2061 3005 2130 episc0porum
3035 2061 3366 2117 abbatumve
3392 2063 3639 2130 suscipiat.
3670 2061 3758 2116 Pra-

2275 2159 2419 2205 terea
2447 2166 2544 2221 per
2569 2153 2854 2220 praesentis
2881 2152 3086 2207 decreti
3112 2153 3366 2223 paginam
3396 2153 3651 2223 apostolica
3664 2155 3762 2204 vobis

2273 2241 2596 2296 auctoritate
2624 2241 2902 2296 ﬁrmamus
2937 2241 3224 2297 ecclesiam
3255 2241 3469 2297 Sanctae
3494 2242 3646 2296 Maria:
3674 2242 3758 2296 infra

2273 2329 2463 2385 urbem
2492 2329 2932 2398 Lugdunensem;
2966 2331 3254 2387 ecclesiam
3297 2332 3481 2387 Sancti
3512 2332 3632 2386 Petri
3662 2347 3763 2384 seras

2273 2417 2448 2482 Diam,
2487 2419 2770 2474 ecclesiam
2814 2419 2874 2475 S.
2909 2418 3094 2474 Jacobi
3147 2424 3214 2476 de
3248 2421 3523 2491 Melgorio,
3561 2421 3761 2475 ecclesia

2273 2507 2340 2562 de
2365 2505 2535 2572 Busa,
2567 2506 2854 2562 ecclesiam
2889 2507 2956 2562 de
2978 2507 3172 2573 Turre,
3219 2509 3503 2564 ecclesiam
3531 2511 3588 2563 de
3623 2509 3763 2577 Cancr-

2275 2613 2388 2668 rag,
2420 2598 2708 2652 ecclesiam
2738 2597 2804 2652 de
2832 2597 3061 2664 Vences,
3103 2600 3397 2654 ecclesiam
3442 2601 3507 2653 de
3523 2602 3762 2654 Almana:-

2275 2705 2368 2746 zas
2397 2705 2518 2744 cum
2567 2689 2801 2759 capella,
2853 2691 3140 2746 ecclesiam
3176 2693 3243 2748 de
3286 2691 3540 2755 Botcrita,
3585 2692 3762 2746 ctomnii

2275 2796 2396 2851 qum
2431 2780 2668 2852 episcopi
2692 2779 3087 2835 Avenioneusis
3110 2781 3439 2836 Benedictus
3459 2782 3706 2849 Rostagnus
3733 2789 3762 2826 rt

2275 2870 2558 2926 Gibillinus
2607 2877 2802 2924 vestra:
2869 2869 3125 2923 Ecclesiae
3185 2871 3546 2924 contulerunt.
3601 2869 3663 2922 Ad
3695 2869 3762 2921 Im

2276 2963 2440 3016 etiam
2477 2960 2765 3030 adjicimus
2801 2969 2860 3014 ut
2890 2975 3224 3030 qurecunque
3273 2962 3437 3015 Ιι·›ι]ἱθ
3480 2970 3752 3014 vestrumur

2280 3051 2494 3107 nobium
2518 3051 2662 3119 juste
2691 3051 2952 3120 possidet,
2980 3051 3096 3106 sive
3129 3054 3182 3104 in
3233 3052 3476 3106 futurum
3510 3049 3763 3104 conccssimr

579 3141 740 3194 -tiave
781 3134 1206 3192 commonitione
1251 3133 1296 3187 si
1347 3146 1454 3186 non
1507 3128 1886 3184 satisfactione
1933 3143 2172 3198 congrua
2203 3120 2242 3176 C
2277 3141 2589 3211 ροηιίίὶειηη
2665 3141 2988 3196 liberalium
3056 3143 3366 3214 principum
3395 3186 3410 3211 ,
3473 3153 3527 3197 οι
3577 3140 3765 3194 omnum

595 3225 1006 3288 emendaverit,
1064 3221 1352 3292 potestatis
1398 3218 1732 3286 honorisque
1786 3217 1868 3272 sui
1913 3218 2174 3286 dignitate

579 3299 798 3382 Qcarcat,
828 3329 1087 3383 reatnque
1135 3327 1193 3368 se
1219 3312 1400 3366 divino
1449 3307 1656 3379 judicio
1685 3307 1918 3362 existere
1946 3308 2013 3361 de
2049 3323 2172 3376 pcr-

593 3417 802 3478 petrata
826 3408 1110 3476 iniquitate
1136 3410 1448 3474 cognoscat,
1482 3415 1513 3455 a
1545 3398 1918 3454 sacratissimo
1947 3414 2174 3468 corpore

591 3502 928 3571 elsanguiue
978 3501 1072 3554 Dei
1101 3509 1155 3554 et
1181 3499 1390 3554 Domini
1442 3497 1822 3568 Redemptoris
1861 3497 2029 3551 nostri
2051 3495 2174 3550 Jesu

580 3594 795 3648 Christi
829 3594 1002 3647 aliena
1034 3593 1152 3658 ﬁat,
1180 3600 1233 3645 et
1283 3591 1336 3644 in
1363 3599 1611 3646 extremo
1637 3590 1886 3644 examine
1921 3588 2179 3643 districta:

599 3683 790 3736 ultioni
815 3683 1112 3751 subiaceat.
1129 3681 1353 3736 Cunctis
1367 3691 1549 3734 autem
1575 3681 1748 3735 eidem
1775 3679 2178 3750 congregatimﬁ

597 3775 740 3842 iusta
765 3773 1111 3828 servantibus
1141 3773 1211 3826 sit
1239 3787 1338 3842 pax
1368 3773 1577 3825 Domini
1605 3773 1773 3826 nostri
1803 3770 1927 3826 Jesu
1953 3770 2176 3836 Christi,

601 3873 875 3934 quatenus
906 3872 961 3918 et
989 3863 1076 3916 hic
1123 3860 1358 3917 fructum
1385 3862 1540 3916 bona:
1583 3863 1814 3916 actionis
1859 3863 2178 3931 percipiant,

602 3965 658 4010 et
718 3954 858 4023 apud
896 3953 1201 4009 districtum
1232 3952 1466 4021 jttdiccm
1508 3953 1724 4022 praemia
1769 3960 1982 4006 aeternae
2034 3954 2182 4022 pacis

593 4046 906 4101 inveniant.

674 4137 868 4191 Datum
918 4136 1195 4190 Aveuione
1238 4149 1335 4204 per
1382 4147 1600 4187 manum
1645 4131 1893 4196 Joannis,
1928 4132 2182 4188 Romanm

594 4234 862 4289 Ecclesia:
882 4231 1096 4287 diaconi
1124 4230 1438 4291 cardinalis,
1467 4243 1575 4282 xvu
1606 4227 1724 4281 Kal.
1747 4226 1963 4291 0cl0h.,
1996 4226 2180 4279 indict.

591 4343 686 4390 tu,
715 4339 856 4379 anno
886 4324 1178 4378 Dominicte
1202 4319 1604 4374 lncarnationis
1649 4316 1816 4382 l095,
1841 4317 2184 4387 pontiﬁcatus

601 4420 785 4476 domui
816 4419 1018 4475 Urbani
1049 4431 1200 4488 papa:
1230 4431 1372 4470 anno
1397 4423 1613 4470 octavo.

1299 4543 1471 4600 CLIII.

604 4643 946 4714 Privilcgiunt
989 4641 1053 4714 ab
1105 4637 1316 4714 Urbano
1363 4636 1420 4714 Ι
1451 4634 1680 4714 ecclesia:
1697 4632 1771 4714 .S.
1812 4633 1944 4714 lin/ﬁ
1972 4649 2180 4713 raucas--

672 4703 827 4778 sum:
841 4711 987 4766 salva
1016 4711 1071 4763 in
1099 4710 1338 4762 omnibus
1369 4705 1734 4760 Avenionensis
1764 4703 1989 4772 episcopi
2025 4718 2182 4756 cuna-

673 4786 792 4838 nica
822 4781 1128 4837 reverentia.

1200 4867 1380 4936 (Anno
1410 4864 1592 4934 1095)

904 4958 1067 5033 [σου.
1096 4959 1292 5013 Christ.
1324 4966 1446 5023 νει,
1475 4964 1514 5008 ι.
1539 4955 1625 5018 tv,
1653 4952 1882 5023 11802.]

671 5056 928 5111 Daunus
949 5054 1250 5123 episcopus,
1284 5063 1473 5105 servus
1503 5061 1783 5102 servorum
1827 5045 1945 5107 Dei,
1977 5044 2186 5098 dilectis

599 5148 666 5200 in
698 5145 912 5200 Christo
941 5144 1064 5199 ﬁliis
1100 5143 1357 5196 Anssn'ro
1407 5137 1611 5200 abbati,
1656 5135 1880 5205 ejusque
1931 5133 2188 5188 fratribus

613 5237 668 5290 in
698 5234 924 5289 ecclesia
959 5233 1018 5288 8.
1045 5233 1184 5286 Rulli
1232 5229 1550 5287 canonicam
1583 5228 1747 5280 vitam
1795 5224 2085 5294 professis,
2135 5234 2189 5278 et

611 5339 802 5378 eorum
834 5323 1234 5377 successoribus
1280 5322 1334 5377 in
1359 5320 1548 5376 eadem
1578 5317 1836 5387 religione
1867 5329 2188 5386 permansu-

616 5413 691 5466 ris
717 5411 772 5465 in
801 5419 1137 5479 perpetuum.

687 5501 1023 5557 Desiderium
1079 5512 1220 5567 quou
1262 5500 1334 5553 ad
1382 5499 1691 5570 religiosum
1745 5495 2084 5566 propositum
2131 5503 2186 5550 ct

611 5594 918 5649 animarum
962 5589 1189 5646 salutem
1240 5590 1513 5658 pertinere
1562 5597 1923 5652 monstratur,
1965 5597 2186 5642 auclore

617 5684 746 5746 Deo,
798 5683 916 5739 sine
966 5679 1147 5750 aliqua
1195 5688 1277 5734 est
1311 5679 1562 5734 dilatione
1611 5678 2007 5747 complendum.
2045 5677 2182 5744 Quia

2211 4460 2258 4519 D

2278 3231 2512 3285 ﬁdelium
2562 3230 2708 3300 juste
2761 3245 2826 3284 ac
2865 3232 3126 3285 canonice
3177 3233 3384 3301 poterit
3423 3232 3637 3300 adipisci,
3672 3231 3767 3281 votis

2276 3321 2582 3390 vestrisque
2625 3321 3065 3387 successoribus,
3127 3323 3217 3390 qui
3263 3322 3318 3376 in
3371 3324 3548 3376 eadem
3592 3319 3766 3387 religione
3837 3357 3839 3378 η

2277 3412 2693 3482 permanserint,
2753 3411 2962 3482 integra
3016 3427 3235 3483 semper
3283 3413 3585 3482 illibataque
3629 3419 3765 3480 penna-

2279 3513 2460 3559 neant.
2492 3506 2840 3560 Dcccrnimus
2871 3519 3002 3576 ergo
3049 3515 3110 3560 ut
3155 3506 3284 3560 nulli
3316 3507 3535 3561 omnino
3574 3504 3765 3556 hominum

2280 3592 2437 3648 liceat
2466 3593 2606 3648 idem
2637 3595 2947 3649 coenobium
2990 3603 3194 3649 temere
3222 3596 3556 3665 perturbare,
3595 3601 3665 3646 aut
3698 3588 3766 3655 ejus

2278 3686 2645 3754 possessiones
2691 3685 2927 3751 auferre,
2978 3685 3058 3740 vel
3113 3685 3290 3741 ablata
3321 3685 3765 3750 retinerc,mimim.

2281 3774 2363 3828 vel
2417 3775 2724 3830 temerariis
2786 3775 3167 3830 vexationibus
3219 3775 3484 3845 fatigare;
3529 3775 3609 3828 sed
3652 3782 3766 3824 enim:

2280 3863 2490 3934 integra
2506 3872 2896 3918 conserventur
2914 3879 3124 3928 eorum,
3156 3878 3255 3932 pro
3269 3878 3496 3932 quorum
3517 3858 3765 3917 sustentatio-

2283 3971 2349 4010 ne
2374 3965 2428 4010 et
2457 3957 2845 4026 gubernatione
2867 3971 3125 4013 concessa
3150 3965 3301 4022 sunt,
3331 3958 3513 4012 usibus
3537 3950 3766 4009 omnimodis

2279 4045 2585 4116 profutura,
2627 4045 2774 4100 salva
2821 4046 2874 4100 in
2904 4045 3157 4102 omnibus
3184 4047 3569 4101 Aveuionensis
3609 4037 3765 4112 epistoli
3836 4083 3837 4116 ξ

2281 4134 2540 4190 canonica
2575 4135 2902 4189 reverentia.

2353 4223 2547 4278 Datum
2575 4225 2833 4291 Tricast.,
2867 4241 2962 4295 per
2999 4242 3222 4282 manum
3251 4227 3493 4292 Joannis,
3516 4221 3760 4282 sanctallo-

2283 4332 2457 4372 mana:
2482 4317 2740 4372 Ecclesia:
2768 4318 2980 4373 diaconi
3013 4320 3326 4386 cardinalis,
3360 4319 3633 4374 indictione
3655 4311 3765 4365 tertia.

2284 4409 2494 4463 decimo
2516 4410 2678 4464 tertio
2706 4409 2930 4464 Kalend.
2959 4409 3242 4477 Octobris,
3279 4427 3423 4467 anno
3452 4409 3696 4465 Domittica:
3721 4402 3767 4452 In-

2283 4499 2616 4553 carnationis
2629 4499 2918 4554 millesimo
2941 4503 3292 4570 nonagesimo
3317 4511 3492 4569 sexto,
3517 4497 3768 4571 pontificatus

2285 4607 2414 4648 vero
2435 4591 2619 4646 domui
2644 4591 2850 4646 Urbani
2880 4591 2923 4646 ll
2952 4607 3105 4663 papae
3129 4608 3248 4648 vui.

2988 4699 3168 4757 CLIV.

2291 4790 2488 4846 Urbani
2518 4791 2582 4846 11
2617 4807 2768 4862 papa:
2810 4792 3145 4874 privilegium.
3190 4810 3284 4863 pro
3325 4792 3552 4848 Ecclesia
3602 4783 3766 4842 Matisco-

2997 4879 3167 4920 uenat.

2889 4953 3066 5024 (Anno
3107 4954 3288 5024 1095.)

2545 5043 2712 5117 [σαιι.
2739 5044 2964 5110 ChrisL,
2997 5054 3036 5098 t.
3061 5045 3129 5100 IV
3161 5045 3325 5115 Opp.,
3356 5063 3406 5114 p.
3439 5041 3577 5111 εει]

2364 5135 2616 5191 URBANUS
2647 5135 2956 5206 episcopus,
2984 5150 3177 5190 servus
3203 5151 3478 5191 servorum
3525 5131 3619 5192 Dei,
3641 5122 3766 5178 tIiIt‘fl"

2296 5228 2453 5282 fratri
2473 5227 2748 5282 LANDRICO
2774 5225 3158 5281 Matisconensi
3188 5227 3436 5296 episcopo
3474 5223 3657 5287 suisque
3687 5223 3762 5262 stt“

2293 5319 2603 5375 cessoribus
2629 5319 2888 5373 canonice
2916 5319 3299 5387 promovendis
3325 5319 3375 5372 in
3401 5321 3687 5386 perpetuum.
3740 5383 3746 5390 Ι

2365 5407 2534 5463 Justis
2556 5407 2697 5462 votis
2725 5421 3006 5462 assensum
3035 5408 3281 5477 praebere
3304 5406 3554 5476 justisque
3576 5391 3763 5479 DCIIII“?

2295 5499 2394 5552 IIIIS
2417 5510 2576 5551 aures
2605 5495 3020 5550 accommodare
3037 5473 3144 5551 nos
3165 5473 3432 5560 convenit,
3445 5489 3550 5561 qui,
3564 5487 3662 5539 licet
3679 5473 3763 5529 indi-

2291 5601 2418 5657 gne,
2443 5587 2696 5640 custodes
2733 5594 2896 5654 atque
2925 5601 3204 5654 praecones
3244 5587 3298 5640 in
3341 5584 3538 5640 excelsa
3577 5562 3758 5660 apo-iui”

2292 5691 2410 5732 rum
2432 5675 2738 5747 principum
2763 5675 2908 5730 Petri
2934 5685 2993 5732 et
3015 5675 3164 5730 Pauli
3194 5675 3404 5746 specula
3435 5667 3596 5742 positi,
3616 5660 3762 5716 bonum
