3888 6322
136 314 240 373 ω

1330 311 1698 372 ΕΠΞΤΟΕΛΕ
1738 309 1825 366 ET
1858 309 2252 371 'PRIWLEGIA

3276 322 3379 383 l3}

128 440 468 506 disponente.
500 431 753 486 videmur
787 430 1041 486 existere.
1085 431 1219 485 Tuis
1246 432 1430 500 igitur,
1455 429 1708 485 frater'in
1743 434 1782 484 Α
1814 425 1982 480 dedit.
2013 425 2164 482 Unde
2202 428 2394 483 litteris
2438 435 2487 484 te
2517 431 2872 500 prtescntibus
2899 439 2954 486 ut
2982 444 3198 504 captum
3229 451 3380 493 con»

127 528 346 584 Christo
374 524 820 582 reveremliss-ime
843 524 1126 588 Landriee,
1168 524 1328 592 iustis
1352 511 1707 595 petitionibus.

127 627 446 681 annuentes,
477 623 718 670 sanctam
758 615 1206 670 Matisconensem
1237 614 1554 679 Ecclesiam,
1586 612 1700 677 cui,

126 718 350 762 auctore
379 706 510 762 Deo.
550 704 808 774 praesides
850 705 1158 775 apostolica:
1193 705 1336 759 sedis
1379 703 1705 758 auctoritate

133 799 422 852 innuimus.
455 795 756 850 Statuimus
787 796 932 850 enim
965 804 1020 849 ut
1056 795 1285 850 ecclesia
1315 793 1381 849 de
1411 793 1704 858 Prisciaco,

125 890 196 944 de
236 881 497 953 Fabricis,
527 889 593 942 de
626 886 1005 954 V'erchessoto,
1031 887 1098 942 de
1123 886 1457 952 Mardubrio,
1479 885 1706 940 ecclesia

131 980 313 1034 Sancti
361 978 578 1032 Amoris
602 987 654 1030 et
682 987 876 1032 czetera
905 977 1232 1047 omniaquae
1270 986 1355 1031 tua
1391 975 1708 1030 fraternitas

126 1085 192 1122 ex
218 1069 452 1123 hostium
478 1069 727 1123 manibus
739 1077 931 1137 erepta
959 1067 1249 1136 reparavit,
1272 1066 1522 1122 universa
1545 1065 1707 1120 etiam

126 1175 249 1228 qua?
271 1159 422 1229 iuste
461 1159 528 1212 ad
569 1159 820 1212 eamdem
853 1157 1140 1212 ecclesiam
1184 1157 1458 1227 pertinere
1480 1171 1712 1212 noscun-

134 1260 240 1314 tur,
275 1251 370 1304 tibi
429 1250 642 1319 tuisque
705 1250 1110 1305 successoribus
1149 1247 1328 1303 libera
1389 1260 1603 1316 semper
1657 1254 1713 1300 et

128 1342 334 1396 illibata
359 1351 672 1395 serventur.
703 1340 1082 1395 interdicimus
1109 1340 1273 1395 etiam
1300 1348 1380 1404 ut,
1401 1348 1465 1393 te
1513 1339 1579 1392 ad
1605 1337 1713 1391 Do-

124 1434 333 1488 minum
369 1442 616 1495 evocato,
646 1432 733 1486 vel
782 1442 996 1486 tuorum
1025 1431 1266 1500 quotlibet
1309 1443 1709 1491 successorum,

135 1523 306 1577 nullus
340 1523 567 1578 omnino
598 1522 784 1578 invitis
834 1531 1035 1577 vestra:
1079 1521 1324 1576 ecclesia:
1357 1519 1578 1575 clericis
1620 1527 1714 1573 aut

126 1615 507 1684 episcoporum
539 1622 632 1668 aut
659 1613 901 1670 ecclesize
948 1628 1036 1668 res
1067 1611 1302 1676 auferre,
1346 1611 1582 1681 diripere
1629 1608 1712 1663 vel

127 1708 438 1764 distrahere
489 1707 714 1770 audeat;
755 1706 930 1775 ipsum
973 1712 1152 1758 autem
1202 1701 1526 1757 clericorum
1565 1699 1713 1755 clau-

1805 531 2088 572 monemus
2132 519 2445 589 episcopum
2495 534 2594 589 pro
2638 523 2940 576 reverentia
3005 525 3066 577 ll.
3119 526 3262 582 Petri
3317 543 3382 584 ac

1807 619 1993 663 nostro
2057 626 2242 665 amore
2302 626 2426 667 cum
2501 615 2613 668 suis
2648 616 2900 670 omnibus
2942 617 3178 674 liberum
3231 625 3384 679 adire

1807 702 2122 769 permittas;
2163 702 2400 772 alioquin
2436 707 2673 774 quandiu
2703 708 2852 763 illum
2889 715 3146 778 tenueris,
3175 725 3231 770 et
3255 726 3306 771 te
3331 725 3386 771 et

1810 801 2010 847 terram
2034 801 2183 848 tuam
2217 797 2766 854 excommunicationi
2789 802 3136 871 subjiciinus.

2513 932 2689 988 CLVI.

1808 1016 2105 1102 (Ii-barri.“
2129 1021 2366 1102 cpistola
2396 1022 2466 1075 ad
2515 1025 2960 1102 archiepiscopum
3009 1028 3382 1102 Senonensem,

1883 1119 1950 1169 -ῖ
1975 1087 2221 1169 ᾒζαηάαι,
2263 1103 2584 1169 contntoneat
2616 1087 3054 1151 Guarneriumtut
3095 1091 3391 1169 episcopum

1883 1158 2268 1214 Atrebatensem
2293 1160 2550 1215 dimittat.

2376 1275 2396 1342 (
2427 1273 2584 1330 Anno
2616 1276 2775 1331 "1095.
2800 1278 2826 1345 ί)

2199 1382 2433 1455 [MA-N31,
2468 1383 2668 1439 Concil.
2703 1387 2819 1453 XX,
2860 1389 3020 1462 695.]

1886 1501 2136 1559 Datames
2168 1506 2478 1576 episcopus,
2512 1522 2702 1564 servus
2737 1493 3020 1563 servorum
3071 1510 3216 1574 Dei,
3262 1510 3394 1566 cha-

1817 1591 2216 1646 rissima-fratri
2255 1592 2529 1648 Senonum
2568 1597 2808 1666 archiep.
2841 1597 3124 1662 incusato,
3168 1599 3395 1654 salutem

1817 1694 1871 1737 et
1906 1685 2257 1754 apostolicam
2274 1686 2732 1743 benedictionem.

127 1809 324 1863 strum,
350 1806 409 1851 et
433 1795 660 1851 claustri
684 1771 874 1849 domos
899 1795 971 1846 ita
1003 1806 1218 1860 semper
1263 1789 1464 1845 liberas
1503 1804 1718 1859 perma-
1749 1771 1793 1824 Β
1887 1774 2204 1858 Αυάίνῖῐηυε
2225 1775 2617 1845 θιιειτηθτίυιην
2639 1778 2926 1836 Ροηιῖοηῖε
2955 1781 3144 1848 ﬁlium.
3176 1798 3400 1838 Venera-

129 1902 260 1942 nere
315 1887 598 1942 sancimus
669 1894 729 1938 ut
778 1883 982 1938 nemini
1037 1882 1140 1936 illis
1188 1879 1505 1936 violentiam
1557 1879 1722 1935 liceat

132 1982 390 2050 irrogare.
424 1978 510 2031 Ad
560 1978 677 2031 haec
728 1975 1046 2044 adjicientes
1100 1972 1442 2028 decernimus
1491 1979 1548 2026 ut
1574 1987 1719 2041 qna:-

127 2084 338 2140 cunque
368 2069 425 2122 iu
459 2077 736 2137 posterum
773 2067 1100 2122 liberalitate
1127 2065 1430 2135 principum
1456 2063 1544 2118 vel
1562 2063 1719 2119 ebla-

80 2172 82 2174 '
133 2163 276 2216 tione
330 2159 576 2215 ﬁdelium
631 2168 814 2214 vestra
869 2157 1099 2214 ecclesia
1154 2155 1300 2225 juste
1347 2165 1405 2211 et
1457 2155 1716 2210 canonice

128 2253 324 2322 poterit
361 2252 620 2321 adipisci,
668 2251 824 2305 firma
864 2250 958 2304 tibi
989 2250 1202 2318 lat-isque
1231 2247 1638 2304 successoribus
1663 2253 1720 2301 et

139 2345 328 2400 illibata
359 2353 743 2414 permaneant.
800 2341 858 2398 Si
907 2343 1030 2412 quis
1077 2356 1213 2398 sane
1259 2340 1715 2410 archiepiseolius,

131 2446 223 2490 aut
265 2437 580 2506 episcopus,
612 2443 707 2489 aut
741 2435 1056 2504 imperator,
1086 2442 1181 2488 aut
1209 2448 1325 2496 rex,
1355 2432 1488 2497 dux,
1511 2446 1713 2497 comes,

138 2527 456 2590 vicecomcs,
492 2526 680 2595 judex,
713 2524 1196 2580 autecclesiastica
1251 2523 1505 2592 quaelibet
1549 2538 1718 2578 saecli—

135 2618 322 2672 iarisve
377 2631 638 2687 persona,
693 2615 852 2685 hujus
901 2615 1166 2685 privilegii
1217 2615 1467 2684 paginam
1517 2614 1714 2680 sciens,

140 2720 312 2764 contra
341 2723 469 2763 eam
503 2717 706 2763 temere
746 2708 936 2762 venire
977 2706 1290 2768 tentaverit,
1325 2706 1561 2760 semmdo
1614 2714 1718 2759 ter-

135 2803 272 2856 tiove
329 2801 738 2863 commonitus,
801 2800 844 2854 si
896 2815 1000 2854 non
1048 2799 1420 2854 satisf::ctfone
1479 2812 1714 2867 congrua

139 2890 541 2955 emendaverit,
591 2890 880 2960 potestatis
932 2889 1264 2957 honorisque
1317 2887 1398 2941 sui
1459 2887 1718 2954 dignitate

141 2991 335 3040 careat,
365 2994 636 3048 reumqtte
659 2993 716 3033 se
739 2978 921 3034 divino
939 2976 1146 3045 judicio
1175 2977 1411 3032 existere
1440 2977 1506 3030 de
1529 2988 1719 3044 perpe-

146 3079 273 3123 trata
324 3071 622 3140 iniquitate
670 3079 998 3140 cognoscat,
1041 3077 1210 3138 atque
1263 3083 1292 3121 a
1343 3067 1716 3123 sacratissimo

140 3175 353 3230 corpore
399 3169 466 3215 et
512 3160 774 3230 sanguine
821 3159 920 3214 Dei
975 3174 1040 3214 ac
1087 3160 1296 3215 Domini
1338 3159 1716 3230 Redemptoris

127 3251 302 3304 nostri
316 3250 454 3306 Iesu
471 3249 674 3304 Christi
692 3250 897 3304 alienus
913 3249 1032 3316 flat,
1051 3258 1106 3305 et
1129 3252 1179 3304 in
1201 3259 1446 3304 extremo
1459 3249 1718 3304 districta:

143 3339 318 3393 ultioni
381 3339 686 3408 subiaceat.
732 3340 954 3396 Cunctis
995 3351 1179 3397 autem
1227 3341 1404 3396 eidem
1463 3340 1718 3396 Ecclesia:

138 3431 267 3499 justa
294 3433 642 3488 servantibus
668 3434 740 3488 sit
767 3448 875 3502 pax
899 3433 1109 3488 Domini
1137 3432 1306 3487 nostri
1332 3431 1460 3488 Jesu
1491 3431 1717 3495 Christi,

139 3532 394 3591 quatenus
432 3531 488 3577 et
509 3523 600 3577 hic
625 3521 860 3577 fructum
894 3523 1046 3577 boum
1067 3523 1295 3576 actionis
1315 3522 1639 3592 percipiant,
1665 3529 1716 3575 et

143 3613 272 3678 apud
329 3611 648 3666 districtum
703 3610 941 3680 judicem
1003 3612 1226 3681 prmmia
1293 3622 1511 3665 :eternae
1569 3610 1719 3679 pacis

138 3703 428 3758 inveniant.
455 3703 646 3758 Amen.

204 3793 389 3849 Datum
418 3792 692 3859 Cluniaci,
725 3809 822 3863 per
851 3809 1043 3850 manus
1075 3792 1320 3855 Joannis,
1371 3802 1572 3848 sancta:
1605 3793 1716 3849 Ilo-

139 3899 302 3940 mana:
347 3886 612 3942 Ecclesia:
669 3887 879 3941 diaconi
938 3887 1263 3952 cardinalis,
1317 3903 1388 3942 xv
1447 3886 1717 3943 Kalendas

143 3975 472 4042 Novembris,
506 3978 802 4034 indictione
835 3993 916 4042 Ill,
947 3993 1090 4033 anno
1122 3978 1413 4034 Dominica:
1465 3979 1716 4034 lncarna-

139 4067 293 4122 tionis
355 4068 648 4124 millesimo
705 4069 1057 4139 nonagesimo
1119 4078 1310 4134 sexto,
1370 4070 1716 4141 pontificatus

142 4164 306 4210 autem
331 4156 539 4211 domini
568 4156 772 4213 Urbani
806 4157 855 4213 ll
883 4172 1035 4228 papa:
1054 4167 1273 4214 octavo.

140 4373 332 4450 Urbani
361 4379 432 4434 11
459 4381 677 4450 epistola
704 4382 774 4436 ad
803 4293 1157 4438 sagittarium
1185 4384 1249 4438 de
1276 4381 1609 4440 Castellione.
1642 4413 1712 4425 --

208 4449 291 4522 flli
312 4452 404 4504 sub
441 4454 994 4507 excommunicationi:
1025 4470 1174 4522 poma
1203 4456 1436 4522 prarcipit
1468 4466 1520 4508 ut
1551 4455 1708 4508 Lam-

206 4518 429 4583 bertum,
493 4524 791 4590 episwpum
839 4518 1260 4591 .ttrebtitensent,
1297 4518 1372 4579 in
1409 4525 1590 4579 itinere
1643 4526 1713 4579 ad

208 4591 455 4657 synodum
486 4601 694 4660 captum
723 4593 972 4647 dimittat.

705 4721 723 4791 (
753 4721 912 4778 Anno
947 4721 1105 4780 1095.
1130 4724 1150 4795 )

515 4832 736 4908 IMANSI,
773 4836 976 4893 Concil.
1005 4839 1125 4904 ΧΧ,
1159 4837 1322 4913 695.]

211 4945 456 5006 UltBANUS
481 4953 791 5022 episcopus,
839 4968 1027 5008 servus
1055 4970 1335 5011 servorum
1364 4955 1481 5020 Dei,
1514 4956 1710 5011 dilecto

148 5036 248 5092 tilio
270 5040 604 5107 Guaaasmo,
649 5043 933 5100 Pontionis
968 5045 1100 5112 filio,
1154 5046 1383 5103 salutem
1415 5057 1470 5103 et
1495 5058 1711 5119 aposto-

151 5125 296 5182 licam
320 5130 775 5200 benedictionem,
811 5136 857 5190 si
886 5137 1172 5192 ubedierit.

215 5217 584 5276 Venerabilem
620 5224 848 5280 fratrem
878 5235 1123 5280 nostrum
1160 5227 1570 5286 Atrebatensem
1597 5231 1712 5299 epi-

146 5321 358 5378 erpum
399 5313 464 5366 ad
508 5314 794 5369 concilium
839 5316 1147 5372 venientem
1183 5327 1233 5374 te
1271 5321 1476 5389 cepisse
1499 5322 1708 5376 audivi-

151 5412 282 5464 mus,
319 5411 372 5455 et
409 5419 504 5458 cur
527 5407 738 5474 ceperis
781 5407 1070 5477 plurimum
1105 5411 1384 5467 miramur.
1413 5412 1528 5467 [lex
1561 5413 1706 5468 enim

152 5484 464 5548 Francorum
525 5511 631 5551 non
678 5497 852 5553 solum
904 5501 1088 5556 venire
1150 5500 1217 5554 ad
1267 5516 1365 5556 nos
1415 5502 1552 5558 alios
1603 5519 1705 5558 non

154 5583 429 5650 prohibet,
490 5602 677 5644 verum
739 5591 902 5646 etiam
955 5593 1206 5648 omnibus
1261 5609 1370 5648 suae
1427 5596 1707 5664 potestatis

153 5671 402 5744 episcopis
428 5687 478 5732 et
506 5681 788 5739 abbatibus
812 5683 992 5738 venire
1023 5684 1089 5740 ad
1115 5684 1401 5740 concilium
1432 5685 1704 5742 licentiam

1819 1856 1983 1922 bilem
2042 1868 2269 1924 fratrem
2316 1879 2571 1924 nostrum
2625 1874 3040 1928 Atrebatensem
3087 1876 3396 1944 episcopum

1814 1957 1885 2013 ad
1924 1960 2216 2014 concilium
2270 1962 2577 2016 venientem
2620 1963 2856 2032 cepisse,
2897 1973 3224 2034 captumque
3274 1965 3400 2017 reti-

1820 2064 1972 2114 nere,
1999 2064 2061 2104 ea
2093 2062 2318 2120 propter
2360 2051 2558 2107 litteris
2595 2061 2645 2106 te
2675 2055 3034 2122 przesentihus
3061 2053 3313 2124 jubemus
3339 2065 3400 2108 ut

1821 2143 2069 2197 eumdem
2117 2143 2478 2198 Guarnerium
2517 2152 2734 2214 captum
2785 2145 3070 2214 praesulem
3114 2161 3236 2200 cum
3286 2147 3400 2201 suis

1818 2234 2071 2289 omnibus
2121 2235 2362 2290 libertati
2411 2238 3106 2295 restituerecommoneas.
3152 2241 3304 2308 Quod
3353 2243 3398 2295 si

1820 2327 2228 2396 contempserit,
2264 2331 2500 2398 quandiu
2529 2329 2682 2383 illum
2721 2332 2980 2394 tenuerit,
3025 2343 3086 2386 et
3128 2334 3304 2402 ipsum
3346 2343 3402 2388 et

1815 2416 1998 2470 locum
2031 2432 2184 2471 suum
2213 2420 2770 2476 excommunicationi
2815 2421 3092 2490 subjicias.

2505 2574 2703 2631 CLVII.

2000 2663 2339 2733 Privileginm
2370 2683 2462 2735 pro
2495 2670 2812 2723 monasterio
2842 2665 3229 2726 Silviiiinceusi.

2404 2775 2590 2846 (Anno
2622 2776 2804 2848 1095.)

2095 2885 2450 2958 {Bibliotheca
2484 2888 2863 2958 Cltmincensis,
2881 2907 2934 2963 p.
2967 2893 3117 2966 509.]

1887 3016 2143 3077 ’Uusasus
2173 3024 2480 3094 episcopus,
2511 3041 2701 3082 servus
2732 3043 3014 3083 servorum
3047 3029 3162 3096 Dei,
3197 3030 3320 3084 liliis
3347 3032 3401 3085 in

1743 3119 1784 3176 Ε
1821 3113 2390 3170 Dominocbarissimis
2417 3115 2823 3174 Silviniacensis
2843 3120 3072 3174 coenobii
3101 3120 3401 3184 monachis,

1821 3205 2046 3262 salutem
2079 3215 2133 3262 et
2160 3208 2514 3276 apostolicam
2555 3209 3009 3266 benedictionem.

1891 3297 2159 3365 Quoniam
2213 3313 2462 3369 supernae
2502 3300 2895 3355 benedictionis
2930 3301 3191 3372 dignitate
3221 3301 3406 3355 multi-

1821 3389 1976 3443 moda
2008 3397 2188 3443 actum
2221 3397 2305 3443 est
2339 3397 2399 3442 ut
2427 3403 2526 3442 nos
2558 3388 2656 3457 ipsi
2689 3390 3088 3443 monasterium
3137 3399 3400 3448 vestrum.

1820 3486 1875 3530 et
1929 3477 2070 3531 beati
2119 3477 2298 3545 Majoli
2343 3491 2543 3544 corpus
2588 3478 2729 3532 intra
2762 3478 3056 3533 ecclesiam
3101 3479 3167 3533 ad
3225 3479 3402 3533 locum

1821 3567 1986 3622 alium
2046 3568 2342 3624 transferre
2398 3568 2788 3632 meruerimus,
2838 3569 3057 3640 dignum
3129 3571 3402 3633 duximus.

1821 3673 1941 3712 eum
1991 3657 2365 3714 Cluniacensis
2413 3658 2667 3724 cmnobii,
2722 3659 2808 3715 cui
2864 3671 3118 3730 tanquam
3161 3661 3402 3717 membra

1823 3750 1981 3821 capiti
2035 3750 2384 3821 singulariter
2428 3751 2727 3815 inhazretis,
2781 3751 3071 3807 dilectione
3107 3754 3401 3823 przecipua.

1821 3849 1934 3895 tum
1977 3841 2257 3920 religionis
2304 3850 2500 3898 vestra:
2553 3842 2897 3908 reverentia,
2946 3857 3043 3899 vos
3107 3850 3163 3900 et
3224 3843 3404 3900 locum

1815 3945 2058 3989 vestrum
2109 3932 2402 4004 Specialius
2471 3933 2616 3990 sedis
2686 3935 2996 4006 a‘postolic:e
3067 3938 3405 4005 proiectione

1819 4025 2052 4080 munire.
2080 4025 2385 4096 Eapropter
2413 4034 2681 4094 prtesentc
2721 4026 2997 4082 confratre
3035 4035 3220 4082 nostro
3245 4043 3406 4084 vene—
3436 4096 3441 4106 _

1817 4115 1975 4172 rabili
2007 4115 2292 4181 Durantio,
2324 4113 2651 4171 Arverneusi
2695 4117 2972 4188 "episcopo,
3020 4118 3404 4172 constituimus

1728 4251 1734 4258 .
1817 4221 1887 4261 ne
1924 4221 2022 4276 pro
2063 4203 2336 4262 communi
2374 4207 2649 4277 parochite
2692 4208 3272 4276 excommunicatione,
3319 4209 3401 4264 vel

1813 4296 2221 4363 interdictione,
2255 4294 2366 4353 ullo
2399 4313 2638 4367 unquam
2683 4307 2926 4370 tempore
2949 4297 3257 4354 cmuobium
3314 4313 3404 4353 ve-

1819 4398 1988 4444 strum
2020 4389 2415 4445 interdictionis
2442 4384 2668 4460 alicujus
2709 4389 2977 4458 iacturam
3030 4390 3249 4454 sentiat,
3301 4407 3402 4446 nec

1744 4483 1792 4538 D
1821 4477 1911 4533 ulli
1968 4479 2265 4533 viventium
2319 4477 2548 4534 facultas
2581 4479 2652 4532 sit
2683 4478 2821 4533 infra
2870 4480 3279 4544 monasterium,
3306 4495 3399 4534 seu
3478 4507 3480 4521 ι

1822 4567 1958 4623 villae
1985 4567 2285 4638 adjacentis
2311 4567 2600 4633 ambitum,
2633 4576 2728 4622 aut
2780 4568 3043 4623 assultum
3072 4569 3273 4633 facere,
3305 4576 3403 4623 aut

1819 4659 2118 4730 quemlibet
2164 4659 2437 4714 hominem
2484 4673 2682 4728 capere
2734 4657 2819 4713 vel
2872 4659 3193 4728 depraedari.
3247 4658 3400 4714 Unde

1816 4754 1982 4810 etiam
2015 4751 2288 4824 egregium
2315 4749 2539 4805 militem
2566 4749 3048 4805 Archimbauldum
3069 4751 3168 4804 sub
3205 4766 3398 4805 manus

1816 4847 2050 4919 propria:
2094 4843 2439 4915 stipulatione
2488 4842 2540 4896 in
2593 4858 2810 4896 manum
2863 4850 3100 4896 nostram
3132 4841 3394 4911 polliceri,

1814 4954 1976 5010 supra
2022 4937 2262 5008 parentis
2303 4934 2505 5006 proprii
2547 4934 2817 4988 tumulum
2868 4931 3115 4996 fecimus,
3177 4943 3234 4988 ut
3277 4933 3396 4987 uni-

1815 5051 1971 5098 versa
1989 5049 2109 5106 quae
2127 5040 2282 5104 pater
2302 5048 2397 5092 aut
2423 5037 2506 5090 avi
2539 5032 2652 5101 ejus
2683 5027 2801 5081 loco
2828 5034 3007 5080 vestro
3032 5025 3389 5086 contulerant.

1815 5141 1927 5187 tam
1975 5131 2029 5185 in
2069 5132 2230 5186 rebus
2285 5144 2446 5200 quam
2503 5119 3031 5180 in'immunitatibus
3076 5126 3132 5172 et
3174 5132 3393 5173 consue-

1817 5222 2114 5286 tudinibus,
2147 5220 2293 5276 omni
2345 5219 2471 5273 vita:
2510 5229 2620 5272 sure
2666 5223 2908 5282 tempore
2957 5210 3148 5264 debeat
3183 5209 3389 5264 illibata

1815 5326 2053 5378 servare,
2094 5320 2200 5367 etc.
2653 5321 2656 5324 ·

1887 5404 2082 5458 Datum
2125 5401 2267 5471 apud
2316 5397 2687 5463 Monticulum,
2738 5411 2836 5468 per
2883 5411 3101 5450 manum
3146 5393 3390 5458 Joannis,

1814 5504 2016 5550 sancta:
2059 5492 2315 5547 Romana:
2338 5488 2592 5544 Ecclesiae
2632 5487 2840 5542 diaconi
2867 5485 3183 5548 cardinalis,
3214 5483 3392 5538 Idibus

1815 5586 2151 5650 Novembris,
2179 5584 2365 5639 indict.
2395 5598 2472 5649 ιιι,
2502 5597 2641 5636 anno
2673 5580 2963 5635 Dominica:
3004 5574 3391 5633 lncarnationis

1817 5679 1971 5747 l097,
2012 5677 2357 5748 pontificatus
2394 5684 2571 5731 autem
2602 5674 2779 5730 domui
2816 5688 2966 5742 papae
2995 5670 3194 5729 Urbani
3229 5667 3351 5720 \‘lll.
3385 5719 3389 5724 .
