3888 6322
471 313 572 376 651

1156 442 1375 499 CLVIII.

472 561 723 631 Deﬁnitio
754 574 870 629 ante
907 558 1008 631 fuit
1037 558 1173 610 inter
1201 555 1579 631 Gothofredum
1619 553 2049 631 _1I_lagtilonenseiit

541 624 835 697 episcapum
867 624 916 682 et
945 624 1160 680 Petrum
1195 627 1544 680 Aniunensem
1574 626 1810 678 abbatem
1844 625 1896 677 in
1931 641 2052 677 ron-

539 701 660 754 cilio
683 697 1113 752 Claromontano.
1741 708 1744 711 ·
2040 707 2045 712 ·

1062 788 1242 859 (Anno
1278 786 1461 858 1095.)

852 879 1068 952 [ll/tusi,
1107 879 1306 934 Concil.
1346 876 1467 942 XX,
1517 876 1669 948 9I0.]

538 975 673 1030 Cum
707 973 846 1043 apud
876 972 1306 1033 Claromontem,
1359 972 1724 1026 Arvernorum
1755 969 2052 1032 civitatem,

470 1067 721 1120 dominus
769 1080 908 1135 papa
961 1062 1213 1118 Urbanus
1267 1061 1310 1116 II
1366 1063 1419 1116 in
1479 1061 1711 1118 concilio
1753 1061 2054 1125 resideret,

468 1154 888 1210 cense-dentibus
939 1155 990 1208 in
1031 1153 1220 1207 eodem
1269 1153 1504 1207 concilio
1548 1152 1883 1207 diversarum
1934 1165 2056 1221 pro-

469 1246 768 1300 vinciarum
807 1244 1150 1313 primatibus,
1197 1243 1639 1314 archiepiscopis,
1667 1245 2058 1312 abbatibusqne

469 1335 880 1407 quamplurimis
911 1377 928 1403 ,
977 1335 1199 1390 veniens
1257 1344 1384 1391 ante
1443 1337 1810 1392 venerabilem
1863 1350 2056 1406 papam

470 1426 864 1492 Gothofridns,
922 1426 1320 1495 Magalonensis
1389 1429 1713 1498 episcopus,
1764 1428 2054 1483 clamorem

475 1518 602 1572 fecit
645 1535 806 1588 super
846 1519 1041 1574 abbate
1078 1517 1239 1574 Petro
1288 1527 1345 1573 et
1393 1520 1676 1574 monachis
1728 1519 2058 1574 Anianensis

470 1613 807 1680 monasterii,
833 1615 974 1684 quod
999 1615 1388 1669 monachorum
1421 1624 1475 1668 et
1503 1615 1715 1670 abbatis
1755 1615 2055 1670 ordinatio-

470 1721 567 1760 nes
597 1714 651 1759 et
673 1706 1111 1760 consecrationes
1136 1704 1491 1761 ecclesiarum
1543 1706 1759 1760 aliunde
1800 1722 1960 1775 quam
1988 1705 2057 1759 ab

471 1793 713 1849 Ecclesia
750 1794 1116 1862 Magalonensi
1149 1803 1456 1864 maererent
1481 1803 1572 1848 ant
1605 1795 1942 1863 acciperent,
2001 1803 2057 1850 et

467 1888 608 1956 quod
641 1896 828 1942 contra
880 1888 962 1942 fas
1018 1887 1434 1956 praesumptione
1485 1886 1669 1941 illicita
1705 1889 1804 1941 sub
1832 1887 2055 1942 obtentu

466 1978 730 2048 privilegii
761 1979 1080 2048 poenitentia
1121 1978 1284 2034 dandi
1324 1979 1942 2048 excommunicandique
1990 1993 2056 2034 ae

470 2070 783 2126 absolvendi
810 2086 904 2126 seu
934 2055 1319 2126 reconciliandi
1350 2071 1436 2126 vel
1465 2071 1670 2125 alienos
1695 2072 2057 2139 parochianos

466 2161 823 2231 undecunque
854 2161 1056 2231 passim
1085 2161 1376 2231 recipiendi
1408 2160 1475 2216 ad
1517 2160 1847 2230 sepulturam
1902 2160 2056 2214 inau-

467 2255 580 2308 dito
607 2267 754 2306 more
781 2251 1055 2306 licentiam
1086 2251 1445 2305 vindicarent.
1481 2250 1635 2316 Quod
1687 2259 1966 2304 narratum
1999 2250 2055 2305 in

468 2341 700 2397 concilio
725 2341 880 2395 valde
915 2340 1187 2410 displicuit
1213 2342 1486 2395 omnibus.
1520 2340 1725 2394 Placuit
1753 2351 1932 2395 autem
1961 2342 2057 2396 do-

469 2439 616 2490 mino
646 2451 799 2506 papte
829 2435 1051 2491 Urbano
1097 2443 1152 2489 et
1197 2435 1448 2490 universo
1497 2443 1686 2489 sancto
1726 2433 1953 2504 collegio
1998 2443 2056 2488 ιιι

468 2526 575 2581 cale
603 2525 944 2595 privilegium
989 2532 1304 2580 eassaretur
1351 2533 1407 2578 et
1449 2524 1841 2586 abraderetnr,
1890 2533 1944 2579 et
1996 2533 2056 2578 ut

468 2615 634 2669 abbas
684 2615 1008 2670 Anianensis
1055 2612 1248 2668 Petrus
1307 2613 1361 2667 in
1415 2613 1594 2667 medio
1655 2611 1875 2666 concilii
1931 2623 2056 2667 ante

466 2703 900 2775 Migalonensem
966 2704 1278 2775 episcopum
1347 2704 1574 2758 veniens
1626 2704 1679 2756 in
1733 2717 1893 2756 manu
1937 2703 2057 2773 ejus

467 2795 832 2851 obedientiam
862 2794 1101 2848 debitam
1149 2794 1494 2862 promitteret
1521 2791 1778 2847 Ecclesiae
1820 2790 2056 2861 Magalo—

467 2883 622 2938 nensi
655 2883 720 2938 de
749 2883 1186 2939 ordinationibus
1212 2891 1267 2938 et
1289 2882 1791 2937 consecrationibus
1826 2891 1882 2936 et
1903 2881 2054 2952 judi-

467 2977 593 3044 ciis,
613 2975 776 3031 salvis
811 2985 992 3030 tamen
1022 2977 1320 3048 privilegiis
1347 2977 1674 3032 Anianensis
1712 2977 2051 3038 monasterii,

466 3066 786 3137 inqnantnm
844 3068 1142 3122 secundum
1182 3083 1422 3123 canones
1477 3083 1574 3138 pro
1605 3067 1780 3124 salute
1806 3078 1860 3124 et
1890 3069 2026 3124 stabi

1817 290 1875 364 ιι.
1920 303 2176 364 vneam
2199 307 2238 360 ιι
2279 303 2485 361 ΡΑρῶ

2088 419 2132 473 Α
2162 431 2350 470 manus
2387 411 2635 475 Joannis,
2668 411 2725 467 S.
2767 414 2831 468 Β.
2878 415 2940 469 Ε.
2981 414 3194 470 diaconi
3241 416 3557 479 cardhmlis,
3606 439 3733 478 anno

3638 305 3732 365 £32

2163 505 2455 558 DOntinictc
2477 504 2874 564 Incarnationis
2895 507 3180 561 millesimo
3209 509 3566 576 nmiagesimo
3594 513 3734 580 quin-

2162 603 2233 655 to,
2260 594 2550 648 indictione
2575 597 2753 660 tertia,
2771 613 2913 652 asino
2939 597 3294 668 pontiﬁcatus
3313 599 3519 656 domini
3549 602 3732 659 L'rbsai

2156 699 2308 753 papa:
2339 684 2380 739 II
2411 695 2622 740 octavo.

2859 823 3035 878 CLIX.

2263 926 2421 983 Bulla
2454 932 2870 1005 conﬁrmationis
2908 937 3300 1005 privilegiorum
3332 944 3648 996 monasterii

2744 1003 3162 1060 Celsinincensis.

2727 1099 2742 1162 (
2772 1095 2928 1150 Anno
2980 1097 3178 1167 1093.)

2550 1205 2818 1276 [Βλιιηη
2851 1208 3075 1264 Miscell.
3106 1210 3168 1277 ιι,
3201 1213 3353 1284 175.}

2237 1317 2492 1375 UBBANUS
2548 1323 2855 1391 episcOpus,
2907 1336 3097 1378 servus
3141 1340 3426 1380 servorum
3471 1326 3591 1391 Dei,
3624 1327 3736 1382 dilev

2159 1411 2262 1465 etis
2293 1412 2419 1467 ﬁliis
2463 1411 2886 1467 Celsiniacensis
2928 1413 3162 1470 (ξωηοῦἱὶ
3199 1418 3492 1473 monachis
3523 1421 3739 1474 salutem

2159 1513 2214 1559 et
2244 1504 2600 1574 apostolicam
2644 1504 3099 1561 benedictionem.

2229 1596 2308 1647 Ad
2340 1595 2444 1649 hoc
2477 1610 2576 1650 nos
2606 1594 2930 1664 disponente
2960 1598 3192 1654 Domino
3237 1599 3290 1653 in
3325 1600 3645 1669 apostolica
3669 1617 3745 1657 se-

2159 1685 2248 1740 dis
2269 1687 2551 1741 servitium
2575 1696 2860 1758 promotos
2887 1691 3231 1759 agnoscimus
3258 1702 3318 1748 ut
3347 1692 3467 1760 ejus
3500 1694 3628 1749 ﬁliis
3663 1711 3743 1747 ae-

2086 1769 2132 1827 B
2162 1779 2350 1835 xilinm
2413 1780 2830 1850 implorantibus
2874 1780 3167 1838 efﬁcaciter
3231 1785 3536 1841 subvenire
3588 1796 3645 1841 et
3698 1788 3742 1840 ei

2160 1869 2481 1925 obedientes
2525 1871 2665 1924 tueri
2698 1886 2762 1926 ac
2791 1881 3076 1943 protegere
3101 1885 3262 1943 prout
3296 1875 3571 1931 Dominus
3597 1878 3743 1931 det-le-

2163 1959 2232 2012 rit
2275 1959 2588 2017 debeamus.
2636 1960 2790 2017 Unde
2839 1971 3056 2033 oportet
3102 1973 3158 2020 et
3199 1981 3303 2021 nos
3351 1969 3745 2022 venerantibus

2160 2047 2295 2103 locis
2331 2065 2550 2104 manum
2602 2051 2959 2119 protectionis
3009 2055 3307 2111 extendere
3358 2067 3413 2112 et
3471 2073 3743 2114 servorum

2161 2136 2254 2192 Dei
2285 2138 2453 2206 quieti
2475 2139 2740 2207 attentius
2766 2141 3068 2210 providere.
3104 2143 3274 2215 Igitur
3305 2155 3414 2202 tam
3448 2165 3554 2217 pro
3581 2163 3742 2204 vestra

2159 2231 2381 2300 speciali
2417 2231 2676 2302 religione
2696 2219 2858 2302 quani
2880 2250 2980 2304 pro
3006 2238 3336 2295 venerabilis
3363 2239 3560 2296 fratris
3586 2245 3741 2296 nostri

2161 2319 2406 2392 llugonis
2440 2322 2815 2378 Cluniacensis
2859 2324 3074 2380 abbatis
3123 2325 3430 2394 dilectione,
3488 2332 3556 2385 ad
3604 2332 3744 2400 rujns

2157 2425 2348 2466 curam
2382 2427 2449 2466 ex
2501 2411 2875 2469 Cluniacensis
2919 2417 3156 2471 ctenobii
3203 2418 3326 2487 jure
3377 2421 3538 2476 locus
3583 2437 3744 2478 ve-ter

2157 2501 2412 2568 pertinet,
2441 2504 2660 2570 vestris,
2693 2504 2784 2558 lilii
2813 2504 2864 2558 in
2888 2505 3106 2560 Christo
3135 2508 3472 2576 eharissimi,
3507 2517 3668 2582 preci!
3687 2531 3742 2568 ne

2158 2601 2480 2655 annuentes,
2527 2595 2916 2649 monasterium
2948 2607 3188 2652 vestrum
3231 2605 3528 2669 prmsentis
3551 2603 3738 2660 decreti

2157 2683 2484 2738 auctoritate
2535 2685 2830 2740 munimus.
2882 2685 3184 2743 Staluimns
3224 2691 3370 2746 enim
3401 2702 3463 2746 nt
3502 2709 3741 2762 qna-curn

2157 2785 2263 2839 que
2291 2771 2448 2826 hodie
2479 2781 2717 2827 vestrum
2753 2775 3058 2831 cmuobium
3084 2777 3229 2846 juste
3261 2781 3511 2849 possidet
3544 2785 3655 2837 sive
3694 2787 3740 2838 in

2157 2861 2397 2916 futurum
2425 2863 2778 2920 concessione
2801 2865 3136 2934 pontiﬁcum,
3190 2868 3524 2926 liberalitate
3552 2874 3742 2941 princi—

2142 2950 2307 3022 pum,
2340 2953 2422 3007 vel
2473 2954 2749 3010 oblatione
2799 2955 3036 3011 ﬁdelium
3088 2959 3234 3028 justo
3279 2969 3446 3031 atque
3493 2966 3741 3018 canonin:

2137 3037 2356 3110 ’poterit
2384 3043 2635 3111 adipi-ei,
2660 3043 2812 3098 ﬁrma
2843 3046 2996 3101 vobis
3021 3049 3318 3119 vestrisque
3343 3053 3742 3108 successoribus

463 3133 617 3213 litate
670 3161 837 3228 ipsius
886 3160 1201 3214 monasterii
1240 3133 1535 3214 constituta
1591 3158 1833 3216 Inerant.
1879 3159 2052 3227 Quam

2161 3148 2371 3202 semper
2399 3145 2454 3188 et
2491 3133 2693 3189 illibata
2723 3148 3102 3204 permaneant,
3152 3140 3208 3195 in
3244 3143 3444 3211 quibus
3474 3143 3594 3199 haec
3625 3161 3736 3214 pro-

466 3249 833 3305 deﬁnitionem
870 3251 1011 3306 inter
1040 3260 1330 3320 utramque
1359 3250 1652 3306 Ecclesiam
1683 3250 1992 3307 Alexander
2014 3251 2056 3306 Il

466 3355 601 3410 papa
633 3350 790 3393 antea
825 3339 1053 3406 fecerat,
1097 3341 1180 3396 sic
1215 3340 1460 3396 scribens
1491 3359 1505 3395 :
1537 3341 1836 3396 Alexander
1858 3342 2057 3412 episcoo

463 3450 582 3501 pus,
623 3449 802 3487 servus
826 3449 1092 3486 servorum
1125 3432 1244 3494 Dei,
1273 3432 1449 3486 abbati
1473 3444 1519 3486 ct
1551 3433 1804 3488 universa?
1830 3449 2057 3502 congre-

464 3522 661 3588 gationi
691 3523 1004 3577 Anianensis
1035 3521 1340 3576 monasterii
1383 3521 1608 3576 salutent
1637 3532 1686 3576 et
1711 3519 2055 3591 apostolicam

467 3612 889 3668 benedictionem.
925 3613 1162 3669 Pervenit
1185 3614 1255 3667 ad
1297 3629 1389 3667 nos
1417 3613 1628 3683 querela
1665 3611 2056 3683 Magalonensis

466 3701 689 3768 τρίπορὶ
724 3718 878 3770 super
904 3701 1222 3755 intolerabili
1254 3702 1658 3772 prtcsumptione
1686 3713 1731 3756 et
1758 3702 2057 3756 inobetlien-

468 3792 542 3844 tia
576 3802 766 3859 vestra,
805 3794 970 3862 quod,
1020 3794 1254 3863 quamvis
1290 3793 1584 3847 Romanam
1630 3792 1921 3848 Ecclesium
1949 3795 2059 3863 epi-

469 3895 685 3948 scopum
714 3897 832 3934 cum
870 3897 1076 3935 censere
1118 3893 1164 3935 et
1197 3881 1422 3936 tolerare
1466 3882 1826 3951 cognoveritis,
1859 3883 2056 3938 nullius

472 3980 645 4023 tamen
678 3970 987 4042 episcopalis
1018 3972 1317 4025 reverentia
1343 3972 1591 4025 honorem
1629 3972 1728 4025 sibi
1751 3973 2055 4037 attribuitis,

469 4059 574 4111 into
618 4068 667 4112 et
717 4068 1011 4128 contemptu
1049 4059 1184 4128 ejus,
1211 4058 1399 4112 illicita
1437 4060 1584 4112 vobis
1631 4071 1964 4126 usurpantes,
2004 4062 2060 4114 in

470 4167 655 4220 corpus
686 4150 846 4204 totius
871 4147 1123 4204 Ecclesia:
1143 4149 1378 4220 grauiter
1403 4166 1466 4202 ac
1491 4148 1714 4218 nefande
1733 4149 2058 4220 delinquitis.

468 4237 614 4292 Nam
659 4239 799 4308 quod
837 4239 1314 4292 excommunicatos
1361 4237 1508 4292 illius
1551 4237 1700 4292 nulla
1748 4239 2060 4294 auctoritate

466 4328 592 4398 fulti
624 4330 908 4395 suscipitis,
945 4339 992 4382 et
1035 4329 1173 4398 quod
1217 4329 1330 4398 ejus
1357 4346 1544 4383 manus
1569 4330 1893 4399 impositione
1930 4347 2060 4384 con-

466 4430 657 4489 tempta
683 4421 1042 4475 ordinationes
1068 4432 1262 4475 vestras
1279 4423 1345 4474 ad
1369 4422 1578 4476 libitum
1598 4433 1824 4476 vestram
1845 4423 2058 4478 aliunde

2158 3225 2293 3296 priis
2325 3227 2632 3282 nominibus
2656 3227 2906 3284 duximus
2933 3231 3286 3300 exprimenda
3316 3251 3330 3286 :
3366 3234 3421 3287 in
3454 3235 3576 3304 ipso
3604 3239 3736 3290 vide-

2158 3316 2287 3372 licet
2312 3316 2482 3384 burgo
2509 3318 2599 3386 qui
2633 3320 2965 3374 Inonasterio
2998 3320 3214 3388 adjacet
3241 3321 3461 3380 Sanctae
3487 3326 3668 3380 Maria:
3689 3341 3735 3380 et

2160 3406 2347 3462 Sancti
2373 3408 2612 3475 Martini,
2654 3412 2707 3466 in
2738 3426 2876 3484 pago
2910 3411 3198 3470 Ucioncnsi
3230 3415 3524 3471 ecclesiam
3563 3418 3737 3472 Sancti

2159 3499 2391 3570 Remigii
2441 3500 2508 3554 de
2551 3501 2838 3567 Carniaco,
2887 3503 3074 3559 Sancti
3114 3503 3302 3561 Jacobi
3357 3509 3425 3562 de
3458 3509 3732 3571 V'arennis,

2160 3589 2343 3645 Sancti
2373 3590 2638 3656 Quintini,
2668 3592 2852 3649 Sancti
2884 3593 3169 3664 Stephani,
3201 3597 3389 3652 Sancti
3436 3597 3640 3654 Juliani
3679 3604 3735 3654 de

2157 3679 2440 3747 Paleariis,
2476 3680 2693 3737 Sancta:
2729 3683 2914 3740 Maria:
2967 3688 3034 3741 de
3069 3685 3340 3754 Masliaco,
3385 3689 3573 3745 Sancti
3610 3687 3733 3745 Ber-

2159 3772 2308 3826 mani
2358 3771 2722 3838 Brennacum,
2747 3775 3037 3832 ecclesiam
3087 3793 3283 3833 novam
3337 3780 3392 3834 in
3455 3781 3730 3837 Lttridensi

2159 3877 2321 3934 pago,
2351 3866 2656 3920 coenobium
2687 3865 2891 3922 Calcidi
2932 3871 3156 3935 montis,
3210 3871 3424 3926 Sanctae
3457 3873 3642 3928 Maria:
3677 3876 3737 3928 de

2159 3955 2440 4022 Beverias,
2484 3954 2786 4012 ecclesiam
2815 3962 2881 4016 de
2928 3960 3327 4027 Monterevello,
3376 3965 3442 4019 de
3473 3963 3734 4028 V’iveroln,

2162 4049 2230 4104 de
2257 4050 2426 4118 Bulla,
2469 4055 2535 4109 de
2561 4054 2909 4120 Grandirivo,
2949 4056 3016 4110 de
3053 4055 3483 4122 Zalmantanias,
3516 4060 3583 4114 de
3619 4061 3732 4113 Arn-

2161 4140 2299 4206 bert,
2357 4144 2422 4198 de
2452 4144 2686 4212 Marcac,
2735 4147 2801 4202 de
2842 4145 3142 4211 Teulerias,
3190 4149 3476 4202 coelesiam
3533 4148 3733 4204 Sanctae

2163 4233 2346 4289 Maria:
2376 4237 2442 4290 de
2468 4237 2665 4303 Monte,
2713 4238 2899 4294 Sancti
2931 4237 3194 4303 Ferreoli,
3243 4239 3429 4293 Sancti
3472 4241 3652 4310 Eligii,
3687 4242 3729 4292 in

2164 4324 2466 4381 Privatensi
2496 4344 2632 4398 pago
2661 4328 2947 4384 ecclesiam
2998 4329 3216 4384 Sancta:
3263 4329 3522 4397 Florinm,
3557 4331 3729 4386 Sancti

2163 4414 2432 4481 Gervasii,
2463 4418 2747 4472 ecclesiam
2776 4419 2843 4472 de
2866 4417 3133 4484 Abulnac,
3167 4421 3231 4473 de
3258 4418 3633 4485 Bnrnuncnlo,
3674 4421 3730 4472 de

464 4510 660 4578 petitis,
694 4511 747 4564 in
778 4511 874 4563 hoc
925 4519 971 4563 et
1010 4511 1278 4564 canonica:
1329 4511 1626 4565 traditionis
1667 4511 1907 4566 instituta
1945 4529 2054 4567 cor-

2161 4504 2393 4572 Lenton,
2425 4507 2491 4562 de
2541 4506 2786 4572 Lendan,
2818 4509 2885 4563 de
2935 4505 3099 4572 Clais,
3135 4508 3201 4561 de
3233 4506 3463 4573 Vescon,
3515 4511 3584 4564 de
3617 4509 3729 4564 Gir-

465 4602 742 4672 rumpitis,
795 4611 842 4656 et
888 4601 1122 4671 exentplo
1165 4603 1380 4672 reprobo
1426 4620 1582 4672 grave
1642 4603 1952 4658 scandalum
2001 4608 2056 4660 in

465 4691 706 4748 Ecclesia
750 4695 1031 4764 generatis.
1083 4692 1234 4749 Unde
1271 4711 1356 4748 vos
1409 4696 1724 4749 auctoritate
1769 4697 2056 4765 apostolica

465 4778 852 4840 commonemus
882 4796 937 4840 ul
967 4787 1078 4841 lucc
1104 4797 1151 4841 et
1189 4786 1295 4841 alia
1327 4787 1633 4856 Itujusntodi
1658 4789 1861 4864 penitus
1893 4788 2053 4842 relin-

465 4886 677 4941 quentes
715 4877 942 4945 pra’fato
975 4877 1215 4946 episcopo
1255 4887 1423 4931 vestro
1459 4879 1698 4947 deinceps
1739 4878 1894 4931 totius
1926 4879 2053 4932 sub-

458 4963 702 5030 jectionis
750 4977 798 5020 et
851 4969 1150 5022 reverentia;
1198 4967 1428 5021 debitum
1474 4967 1787 5035 exitibeatis,
1835 4971 2053 5024 scientes

464 5054 714 5122 quoniam
744 5056 788 5110 si
810 5058 919 5111 lucc
941 5057 1152 5127 querela
1183 5057 1404 5111 ulterius
1432 5059 1501 5111 ad
1536 5076 1631 5113 nos
1656 5059 1832 5115 delata
1869 5062 2049 5131 fuerit,

464 5145 756 5199 districtum
779 5149 902 5202 inse
924 5149 1228 5203 temeritatis
1255 5159 1436 5204 vestra!
1456 5151 1743 5220 pertinacia
1772 5153 2050 5207 vindictam

462 5237 782 5306 provocabit.
843 5239 919 5293 Ne
973 5251 1150 5295 autem
1210 5243 1354 5295 inter
1413 5251 1700 5312 utramque
1752 5243 2048 5297 Eeelesiam

463 5324 901 5394 Magalonensem
940 5339 992 5384 et
1021 5332 1382 5386 Anianensem
1425 5334 1782 5388 dissensionis
1808 5342 1901 5386 aut
1939 5335 2050 5386 dis-

464 5417 665 5469 cordia:
691 5418 906 5472 occasio
953 5421 1057 5473 ulla
1092 5432 1418 5487 remaneret,
1474 5424 1724 5479 dominus
1772 5439 1908 5494 papa
1946 5423 2051 5477 Ur-

463 5507 640 5562 banus
667 5508 809 5563 hanc
851 5510 1219 5567 deﬁnitionem
1259 5515 1420 5568 scribi
1456 5515 1638 5584 jussit,
1684 5518 2048 5587 scriptatnque

461 5600 641 5673 sigillo
668 5602 1146 5672 apostolictesedis
1179 5604 1435 5658 ﬁrmavit.

535 5693 731 5748 Datum
767 5693 906 5763 apud
940 5691 1261 5748 Arverniam
1300 5704 1398 5746 sui
1425 5690 1543 5749 Kal.
1587 5694 1918 5764 Decembris,
1953 5712 2050 5766 per

2161 4611 2303 4663 mae,
2357 4598 2410 4652 in
2444 4612 2582 4668 pago
2610 4599 2934 4654 Talendensi
2977 4596 3264 4655 ecclesiam
3315 4599 3504 4654 Sancti
3537 4599 3730 4656 Hilarii.

2160 4689 2346 4744 Sancti
2399 4690 2682 4758 Martialis,
2735 4692 3020 4747 ecclesiam
3051 4692 3117 4747 de
3154 4693 3410 4756 tibidrae,
3453 4694 3524 4745 de
3569 4701 3729 4745 monte

2156 4779 2352 4846 Aento,
2382 4780 2450 4835 de
2478 4780 2736 4844 Plauzac,
2769 4783 2834 4836 de
2860 4779 3026 4846 Ozac,
3055 4783 3122 4837 de
3149 4782 3367 4848 Soletis,
3393 4781 3654 4852 capellam
3675 4781 3729 4832 dc

2159 4869 2359 4950 Monte,
2403 4873 2454 4925 in
2483 4887 2621 4942 pago
2657 4871 2992 4929 Todornensi
3019 4873 3310 4929 ecclesiam
3358 4874 3554 4928 Sancti
3587 4872 3728 4940 Lupi.

2163 4961 2349 5018 Sancti
2375 4963 2572 5019 Juliani
2615 4975 2670 5020 et
2713 4965 2929 5021 Sancta:
2979 4965 3162 5020 Maria:
3207 4968 3348 5036 apud
3391 4966 3727 5026 Cauriacum,

2160 5060 2444 5116 ecclesiam
2476 5060 2542 5115 de
2573 5060 2772 5116 Matesc
2801 5077 2924 5115 cum
2966 5061 3211 5116 ecclesiis
3236 5063 3302 5114 ad
3346 5062 3524 5131 ipsum
3571 5063 3728 5115 locum

2158 5151 2574 5222 pertinentibus,
2591 5152 2642 5206 in
2669 5167 2806 5224 pago
2829 5151 3082 5207 Taluensi
3109 5153 3394 5208 ecclesiam
3419 5153 3730 5207 Sanctorum

2159 5241 2458 5312 blartyrum
2499 5241 2676 5312 Cyrici
2709 5252 2762 5296 et
2791 5242 2992 5308 .Inlitte,
3026 5243 3209 5297 Sancti
3261 5242 3524 5310 Pardnlﬁ,
3560 5244 3730 5299 Sancti

2160 5332 2370 5396 Donati,
2406 5333 2591 5389 Sancti
2625 5332 2882 5397 Victoris,
2907 5334 3192 5388 ecclesiam
3223 5335 3290 5389 de
3320 5336 3582 5408 (lingulis,
3621 5354 3728 5390 cum

2157 5423 2426 5478 universis
2451 5425 2886 5494 possessionibus
2917 5433 2971 5479 et
2997 5426 3332 5494 appendiciis
3359 5441 3568 5481 eorum.
3601 5428 3724 5480 Fce

2158 5522 2304 5568 terea
2355 5515 2696 5570 decernimus
2744 5525 2802 5569 ut
2851 5516 2979 5569 nulli
3023 5517 3246 5571 omnino
3281 5517 3445 5571 liceat
3493 5520 3724 5572 earndem

2153 5607 2440 5666 ecclesiam
2480 5618 2692 5667 temere
2737 5611 3062 5680 perturbare
3098 5619 3193 5663 aut
3221 5609 3339 5677 ejus
3370 5613 3724 5679 possessiones

2157 5698 2390 5766 auferre,
2419 5701 2508 5756 vel
2536 5699 2744 5757 ablatas
2789 5701 3045 5768 retinere,
3079 5701 3346 5770 minuere,
3392 5701 3476 5756 vel
3509 5711 3719 5756 leniera-
