3888 6322
103 412 108 419 ’
134 418 221 474 153
1286 431 1644 492 EPISTOLxE

1753 438 1775 492 l‘
1805 440 1888 496 1)Ιῖ
1899 442 2184 507 lVlLEGlA
2197 487 2209 499 .

131 533 210 582 riis
243 528 593 583 vexatirnihus
636 529 882 602 fatigare,
921 536 1014 590 sed
1055 541 1237 597 omnia
1282 545 1499 616 integra
1538 564 1671 605 con-

130 629 378 673 serventur
405 636 582 673 eorum
622 638 724 692 pro
770 642 1000 694 quormn
1041 636 1438 692 sustentatione
1469 649 1524 693 et
1569 656 1667 708 gu-

127 709 411 762 bernatione
444 725 697 768 concessa
746 727 871 771 sunt
914 720 1100 776 usibus
1128 725 1454 784 omnimodis
1479 731 1665 799 profu-

124 810 257 864 tura;
306 801 446 855 salva
507 812 687 859 tanta:
743 807 795 861 in
864 812 1116 867 omnibus
1173 815 1352 872 debita
1412 819 1666 877 abbatum

122 890 516 944 Cluniacensium
571 897 900 952 reverentia.
955 898 1095 956 Nulli
1129 904 1294 959 etiam
1339 905 1567 966 facultas
1597 913 1668 967 sit

121 981 418 1045 adiacentem
465 987 792 1040 monasterio
835 987 1063 1060 burgum
1119 993 1396 1062 invadere,
1452 1000 1663 1069 deprae-

119 1069 238 1133 dari,
283 1070 360 1123 vel
412 1073 599 1126 noxias
637 1074 848 1145 aliquas
896 1083 1318 1140 consuetudines
1367 1090 1664 1146 exactionis

118 1163 380 1231 imponere.
429 1164 597 1219 Porro
629 1169 962 1237 sepulturam
996 1175 1242 1244 ejusdem
1293 1179 1392 1233 loci
1443 1182 1664 1237 omnino

114 1255 310 1308 liberant
339 1271 453 1310 esse
487 1259 850 1332 decernimus,
886 1274 943 1319 ut
971 1282 1158 1323 eorum
1187 1271 1277 1339 qui
1314 1273 1418 1328 illic
1443 1276 1661 1345 sepeliri

113 1346 500 1404 deliberaverint
536 1351 810 1410 devotioni
851 1366 904 1412 et
931 1369 1189 1417 extrema:
1219 1363 1504 1430 voluntati,
1556 1369 1660 1424 nisi

110 1436 228 1491 forte
263 1443 703 1498 cxcommunicati
735 1445 864 1511 sint,
903 1449 1080 1508 nullus
1125 1453 1374 1510 obsistat.
1407 1456 1470 1510 Et
1505 1460 1652 1528 quia,

109 1527 337 1597 largiente
363 1529 613 1599 Domino,
652 1540 964 1594 monasterii
997 1542 1164 1597 vestri
1195 1546 1426 1602 ecclesia
1459 1551 1660 1605 nostris

108 1618 328 1674 manibus
353 1631 428 1676 est
464 1637 806 1696 consecrata,
843 1631 944 1687 hoc
976 1650 1192 1704 quoque
1224 1643 1476 1705 praesenti
1508 1643 1656 1717 capi-

109 1709 202 1762 Iulo
250 1710 655 1784 subiungimus,
715 1729 771 1773 ut
828 1737 929 1790 pro
988 1725 1129 1780 beati
1172 1727 1314 1783 Petri
1359 1740 1416 1784 et
1461 1709 1658 1788 nostrm

103 1802 499 1857 consecrationis
535 1810 836 1863 reverentia
872 1813 1048 1869 nullus
1088 1816 1346 1887 deinceps
1373 1823 1570 1877 audeat
1601 1825 1652 1877 in

100 1975 320 2032 dictionis
368 1981 617 2048 proferre
667 1990 1027 2057 scut-entiam,
1059 2007 1329 2064 quatenus
1381 2001 1452 2055 ab
1502 2005 1651 2058 omni

99 2066 276 2120 servitii
307 2070 598 2142 singularis
646 2078 987 2138 infestatioue
1025 2089 1203 2141 securi
1239 2091 1496 2161 omnique
1527 2110 1653 2165 gra—

99 2159 284 2214 tamiue
322 2168 617 2222 mundana:
673 2174 1042 2241 oppressiouis
1103 2181 1295 2235 remoti
1352 2183 1404 2236 in
1453 2196 1654 2241 sancta:

99 2249 339 2320 religionis
365 2255 751 2317 observatione
797 2264 968 2320 seduli
1000 2276 1162 2338 atque
1204 2276 1368 2341 quieti
1401 2278 1650 2348 omnipo-

96 2341 210 2393 tenti
238 2342 456 2400 Domino
487 2348 712 2417 placere
747 2355 909 2411 totius
935 2361 1134 2414 mentis
1155 2372 1212 2416 et
1247 2365 1442 2419 anima:
1479 2369 1650 2422 virtu-

93 2430 514 2502 tibuslanheletis.
543 2441 600 2498 Si
621 2459 726 2513 qua
755 2461 888 2502 sane
914 2451 1281 2509 ecclesiastica
1305 2459 1652 2514 smeularisve

95 2537 290 2590 persona
334 2528 473 2586 hanc
511 2545 712 2592 nostrae
739 2541 1150 2598 constitutionis
1180 2548 1430 2617 paginam
1473 2551 1651 2608 sciens

89 2623 248 2668 contra
284 2633 398 2673 eam
453 2632 662 2682 temere
689 2630 876 2685 venire
908 2635 1223 2700 tentaret-it,
1260 2641 1498 2695 secundo
1545 2650 1649 2696 ter-

92 2703 212 2759 tiove
239 2716 565 2768 commonita
591 2717 635 2770 si
665 2733 771 2772 non
801 2722 1175 2780 satisfactione
1195 2741 1435 2798 congrua
1465 2747 1650 2788 emen-

88 2794 290 2868 daverit,
328 2808 618 2873 potestatis
661 2810 994 2883 honorisque
1018 2817 1102 2870 sui
1134 2817 1398 2889 dignitate
1427 2836 1645 2893 careat,

87 2902 310 2961 reamque
367 2911 425 2950 se
479 2899 674 2955 divi-uo
703 2901 908 2969 judicio
956 2908 1192 2964 existere
1230 2911 1296 2966 de
1334 2927 1646 2984 perpetrata

88 2976 337 3048 iniquitate
383 3001 708 3056 cognoscat,
757 3003 814 3046 et
845 3009 874 3048 a
909 2999 1284 3056 sacratissimo
1317 3019 1548 3076 corpore
1592 3018 1648 3063 et

82 3073 315 3140 sanguine
371 3079 464 3134 Dei
521 3090 575 3135 et
625 3082 839 3141 Domini
887 3079 1270 3162 Redemptoris
1311 3073 1483 3153 nostri
1520 3099 1645 3156 Jesu

82 3160 257 3217 Christi
314 3166 492 3223 aliena
558 3173 691 3236 liat,
753 3184 917 3246 atque
985 3177 1037 3232 in
1100 3160 1348 3240 extremo
1398 3190 1646 3246 examine

83 3251 313 3312 districtze
375 3261 571 3316 ultioni
623 3264 922 3336 subjaeeat.
975 3269 1197 3328 Cttnctis
1241 3286 1419 3332 autem
1469 3281 1642 3337 eidem

82 3342 335 3415 locojusta
379 3356 731 3411 servantibus
771 3360 840 3413 sit
871 3376 976 3428 pax
1022 3362 1237 3420 Domini
1291 3372 1462 3426 nostri
1513 3371 1643 3430 Iesu

77 3434 271 3504 Christi,
298 3453 571 3511 quatenus
602 3457 655 3500 et
689 3449 776 3504 hic
819 3450 1053 3509 fructum
1083 3459 1238 3514 bona:
1269 3463 1496 3517 actionis
1525 3479 1642 3533 per-

80 3527 254 3594 ripiant
281 3542 336 3586 et
359 3537 505 3605 apud
551 3539 862 3597 districtum
895 3545 1133 3615 judicent
1161 3553 1382 3621 praemia
1424 3564 1644 3612 aeterna:

77 3623 203 3690 paris
227 3624 522 3686 inveniant.
563 3633 756 3704 Amen,
783 3654 965 3704 amen,
996 3659 1173 3699 amen.

137 3715 310 3774 Datmn
354 3726 501 3793 apud
551 3728 808 3797 oppidum
861 3733 1046 3790 Sancti
1090 3738 1234 3794 Flori
1278 3755 1373 3810 per
1423 3760 1640 3800 manum

72 3803 288 3872 Joannis,
321 3826 534 3871 sancta:
568 3819 827 3878 Romanae
853 3825 1110 3884 Ecclesia:
1139 3831 1351 3886 diaconi
1392 3837 1643 3892 cardina-

74 3893 147 3959 lis,
172 3897 456 3961 indictione
484 3923 574 3971 In,
628 3927 702 3965 vn
736 3911 859 3969 ldus
900 3915 1232 3986 Decembris,
1277 3940 1420 3978 anno
1461 3927 1642 3982 Domi-

76 4003 188 4044 iter
214 3993 613 4058 lncarnatiouis
646 4006 804 4075 1095,
851 4011 1197 4079 pontificatus
1227 4026 1406 4073 autem
1440 4021 1640 4077 domini

78 4076 252 4138 Urbani
283 4087 322 4140 11
350 4104 510 4160 papze
539 4109 652 4148 vm.

775 4215 930 4272 CLX.

67 4308 248 4368 Urbani
270 4319 330 4372 11
353 4339 510 4404 μηρία»
534 4327 852 4404 epistolam!
878 4331 1159 4387 canonicos
1192 4331 1635 4404 Engolismenscs,

124 4400 216 4476 (pm
245 4396 611 4476 pro-positum:
647 4398 711 4449 de
740 4398 951 4476 J__uliaco
994 4396 1386 4460 attributionem
1413 4408 1542 4476 ipsis
1570 4396 1635 4461 nti

125 4456 371 4513 Ademaro
409 4465 612 4530 factum
645 4469 949 4536 confirmat.

630 4579 822 4647 (Anno
866 4581 1048 4653 1095.)

430 4686 653 4758 [iussn
690 4690 894 4746 Concil.
930 4694 1049 4758 XX,
1077 4697 1237 4771 9l9.]

126 4794 362 4853 Uuunus
395 4802 920 4871 episcopus,servus
950 4824 1231 4863 servorum
1273 4814 1388 4877 Dei,
1419 4816 1630 4873 dilectis

64 4882 170 4938 ﬁliis
199 4887 624 4955 Engolismensis
685 4891 937 4950 Ecclesia:
979 4898 1260 4955 canonicis
1300 4902 1527 4959 salutem
1578 4915 1632 4961 et

61 4977 388 5041 apostolicam
422 4982 883 5038 benedictionem.

119 5066 274 5124 Ollicii
310 5075 484 5127 nostri
509 5091 607 5129 nos
632 5076 880 5130 hortatur
903 5080 1204 5133 auctoritas
1235 5097 1334 5150 pro
1357 5081 1625 5138 Ecclesia-

60 5172 160 5211 t'mtt
190 5171 328 5216 statu
361 5165 628 5220 sollicitos
669 5183 807 5230 esse,
831 5177 886 5221 ct
915 5185 1034 5238 qua:
1065 5180 1216 5226 recte
1268 5182 1471 5227 statuta
1503 5186 1632 5231 stmt

58 5248 295 5304 stabilire.
316 5252 474 5307 illam
502 5256 665 5324 igitur
692 5259 1143 5314 constitutionem
1175 5277 1337 5331 quam
1363 5267 1624 5322 venerab.

58 5333 208 5390 frater
255 5350 442 5396 noster
484 5342 787 5400 Ademarus
815 5349 1106 5418 episc0pus
1135 5351 1222 5404 "de
1268 5356 1623 5423 prmpositura

57 5423 131 5476 illa
174 5431 480 5495 constituit,
521 5450 640 5501 (μω
691 5447 775 5490 est
830 5439 882 5491 in
935 5439 1063 5495 villa
1108 5439 1319 5496 Juliaco
1371 5443 1423 5497 in
1487 5462 1623 5516 pago

55 5512 418 5587 Sanctoneusi,
451 5538 550 5576 nos
580 5523 884 5581 litterarum
921 5530 1270 5597 praesentium
1298 5536 1623 5591 auctoritate

55 5602 334 5665 lirmaums.
367 5614 766 5673 Constituimus
786 5621 932 5675 enim
961 5631 1016 5673 ut
1051 5624 1404 5692 pra-positura
1431 5629 1620 5681 eadem

56 5699 181 5753 tmlla
212 5719 452 5775 unquam
484 5710 774 5767 venalitate
805 5712 1164 5778 distrahatur,
1193 5715 1335 5770 nulla
1381 5734 1619 5788 unquam

51 5788 125 5842 vel
149 5798 632 5868 consanguinitatis
664 5802 743 5856 vel
788 5806 1149 5861 successionis
1187 5809 1474 5864 occasione
1509 5809 1622 5866 fra-

3249 463 3350 538 tm

1701 551 1746 606 Α
1775 560 1913 606 trum
1957 559 2319 614 communiter
2355 560 2409 615 in
2460 561 2852 634 Engolismensi
2896 571 3125 628 ecclesia
3170 577 3348 634 viven-

1777 642 1908 696 tium
1939 647 2319 715 gubernationi
2363 660 2418 706 et
2450 653 2614 708 victui
2646 659 3016 729 subtrahatur,
3048 664 3119 721 ita
3152 676 3210 720 ut
3247 684 3349 725 nec

1766 733 2147 805 episcoporum
2212 739 2704 812 Engolismensium
2762 749 2923 806 alicui
2985 753 3146 811 liceat
3205 759 3347 816 illius

1766 823 1929 888 villae,
1965 841 2057 880 seu
2080 833 2450 899 praepositum:
2479 835 2718 892 redditus
2747 839 2799 893 in
2847 858 2975 899 usus
3007 846 3146 901 alios
3170 851 3347 905 vindi-

1765 928 1917 976 care,
1947 918 2039 970 sed
2087 927 2195 973 tam
2243 921 2356 992 ipsa
2409 940 2570 994 quam
2604 939 2803 984 cetera
2836 948 2963 1001 qua:
2995 934 3142 1002 juste
3185 941 3346 997 hodie

1766 1008 2074 1075 possidetis,
2101 1023 2158 1066 et
2183 1030 2519 1086 quaecunque
2547 1020 2628 1074 vel
2652 1023 2720 1077 de
2752 1026 2974 1080 amissis
2997 1043 3340 1100 recuperare.

1764 1097 1849 1151 vel
1894 1099 2111 1156 aliunde
2156 1104 2405 1173 legitime
2452 1112 2703 1178 poteritis
2727 1115 3033 1184 acquirere,
3067 1121 3221 1176 vobis
3255 1139 3342 1177 ve-

1764 1189 2002 1258 strisque
2041 1197 2451 1254 successoribus
2488 1202 2537 1254 in
2572 1205 2847 1258 communi
2882 1207 2994 1260 vita
3019 1225 3343 1279 permanen-

1765 1276 1905 1333 tibus
1940 1279 2146 1352 integra
2175 1299 2387 1355 semper
2411 1297 2465 1342 et
2498 1290 2701 1346 illibata
2730 1276 3106 1361 permaneant.
3140 1299 3194 1354 Si
3223 1303 3342 1370 quis

1749 1383 1892 1444 vero
1931 1373 2308 1430 constitutioni
2337 1379 2462 1434 huic
2491 1390 2543 1435 et
2574 1382 2794 1439 decreto
2830 1396 3033 1442 nostra:
3053 1393 3344 1445 auctorita-

1762 1457 1831 1512 tis
1865 1460 2224 1528 pertinaciter
2245 1469 2526 1523 contraire
2561 1474 2872 1540 tentaverit,
2903 1492 3000 1546 per
3021 1480 3343 1534 «invenien-

1762 1557 1841 1602 tes
1901 1549 2147 1606 inducias
2196 1558 2457 1620 lthttllUS,
2512 1561 2616 1617 nisi
2686 1565 3059 1624 satisfactione
3108 1586 3342 1642 congrua

1758 1641 2154 1710 emendaverit,
2201 1649 2375 1702 sancti
2406 1650 2643 1720 Spiritus
2695 1656 2878 1727 gladio
2922 1670 2976 1713 et
3035 1641 3346 1731 apostolica:

1758 1730 2116 1788 districtionis
2151 1735 2354 1792 ultione
2383 1740 2676 1810 plectatur.

1833 1820 1962 1875 Data
2001 1825 2148 1892 apud
2194 1827 2653 1889 Clarummontem
2701 1839 2984 1895 Arverniae
3042 1858 3096 1897 χι
3150 1844 3341 1900 Kalen.

102 1886 223 1939 idem
264 1893 650 1948 monasterium
704 1886 1296 1962 excomnnmicationis
1347 1919 1438 1962 aut
1488 1911 1651 1966 inler-
1686 1905 1731 1962 Β
1759 1907 2134 1982 θυευῐηὺυρϐι·
2161 1932 2379 1972 manum
2412 1921 2667 1992 Joannis,
2702 1927 2759 1981 S.
2785 1928 2855 1983 Β.
2893 1930 2934 1984 Ε
2982 1932 3192 1987 diaconi
3226 1952 3342 1990 car-

1755 1999 1894 2065 din.,
1951 2001 2138 2057 indict.
2189 2022 2272 2073 tu,
2312 2023 2438 2063 ann.
2493 2012 2647 2068 Dom.
2700 2017 2836 2072 1096
2889 2018 3100 2092 [1095],
3147 2025 3339 2092 pontif.

1754 2089 1956 2146 domini
1991 2092 2198 2150 Urbani
2225 2097 2265 2151 11
2292 2098 2398 2154 PP.
2433 2117 2548 2158 vut.

2457 2285 2630 2339 CLXI.

1754 2405 2000 2464 Urbanus
2030 2411 2090 2465 11
2108 2431 2244 2484 papa
2267 2422 2570 2496 monasterii
2593 2421 2959 2496 A_nbechicnsrs
2985 2446 3337 2496 possessiones

2241 2497 2292 2540 et
2342 2489 2465 2554 jura
2507 2493 2811 2560 confirmat.

2335 2627 2517 2694 (Anno
2570 2630 2752 2702 1095.)

2050 2755 2224 2827 {Cum
2265 2758 2468 2815 Christ.
2501 2762 2587 2832 Ill,
2618 2765 2897 2833 lustrum.,
2926 2769 3036 2842 l7.]

1823 2885 2072 2944 υηηλλτε
2121 2892 2425 2963 episcopus,
2462 2911 2653 2954 servus
2681 2915 2964 2957 servorum
2994 2901 3113 2968 Dei,
3139 2903 3340 2960 dilecto

1751 2973 1859 3030 ﬁlio
1879 2977 2339 3046 ltocentombbati
2359 2991 2676 3046 monasterii
2695 2993 2837 3062 quod
2864 2995 3028 3050 situm
3051 3003 3137 3051 est
3161 2996 3218 3050 in
3247 3013 3338 3067 pa-

1751 3069 1938 3122 rochia
1975 3069 2380 3144 Cameracensi,
2402 3079 2453 3133 in
2478 3079 2652 3135 insula
2685 3099 2805 3152 quae
2827 3085 3029 3140 dicitur
3058 3087 3336 3153 Abbatias,

1750 3158 1980 3214 salutem
2011 3172 2063 3216 et
2090 3167 2451 3235 apostolicam
2478 3170 2945 3230 benedictionem.

1673 3244 1715 3300 C
1821 3250 1995 3306 Odit-ii
2033 3257 2206 3311 nostri
2261 3275 2359 3314 nos
2415 3260 2666 3318 hortatur
2697 3268 3012 3328 auctoritas,
3038 3283 3158 3338 quae
3193 3281 3340 3324 recte

1743 3353 1948 3398 statuta
1972 3357 2119 3410 sunt,
2173 3349 2440 3404 stabilire.
2487 3353 2876 3421 Quamobrem,
2909 3357 3234 3412 charissime
3259 3360 3342 3440 fili

1749 3433 1970 3503 Rogeri,
2023 3437 2130 3491 tuis
2178 3439 2531 3507 petitionibus
2595 3445 2908 3511 apostolicae
2979 3433 3336 3528 benignitatis

1742 3541 1907 3581 aures
1936 3527 2277 3594 inclinantes.
2325 3535 2712 3589 monasterium
2765 3527 3335 3595 sanctissimm'l‘rini—

1747 3616 1898 3680 tatis,
1923 3617 2032 3682 cui,
2071 3628 2294 3677 auctore
2335 3623 2466 3687 Deo,
2505 3626 2788 3694 przesidcs,
2823 3629 3102 3697 praesentis
3130 3630 3330 3685 decreti

1744 3709 2082 3764 auctoritate
2111 3713 2404 3780 munimus,
2461 3725 2519 3771 et
2567 3733 2904 3788 quaecunque
2937 3721 3075 3775 bona
3107 3737 3323 3776 venera-

1746 3797 1869 3853 hilis
1899 3800 2175 3856 confrater
2205 3815 2390 3859 noster
2439 3806 2720 3863 Ccrardus
2753 3810 3169 3868 Cameracensis
3220 3816 3332 3884 epi-

1747 3905 1964 3959 sc0pus,
1989 3889 2145 3960 cujus
2204 3893 2463 3951 nimirum
2515 3897 2808 3956 donatione
2841 3901 2990 3956 locus
3018 3903 3133 3972 ipse
3164 3904 3332 3959 insti-

1746 3989 1891 4035 tutus
1949 3997 2070 4038 esse
2123 3987 2501 4053 cognoscitur,
2547 3990 2772 4060 praefato
2821 3997 3152 4052 monasterio
3199 4012 3331 4053 cou-

1746 4072 1926 4126 tulit:
1987 4090 2323 4146 quaecunque
2370 4089 2630 4148 praeterea
2703 4083 2934 4152 quilibet
3006 4085 3191 4141 fideles
3263 4088 3330 4141 de

1743 4178 1840 4217 suo
1888 4165 2010 4232 jure
2057 4179 2445 4225 concesserunt
2499 4171 2707 4240 integra
2753 4188 2971 4243 semper
3017 4183 3072 4228 et
3127 4175 3328 4232 illibata

1745 4270 1962 4309 manere
2021 4259 2316 4326 apostolica
2372 4263 2698 4318 auctoritate
2745 4267 3041 4320 sumimus.
3071 4265 3326 4322 Decrevi-

1742 4358 1864 4397 mus
1910 4345 2088 4414 itaque
2117 4353 2173 4399 ut
2200 4348 2330 4403 nulli
2352 4351 2576 4406 omnino
2600 4353 2877 4408 hominum
2896 4356 3054 4410 liccat
3077 4358 3324 4412 eumdem

1740 4433 1916 4488 locum
1944 4444 2148 4489 temere
2194 4440 2533 4507 perturbare,
2568 4443 2648 4496 vel
2677 4443 2795 4512 ejus
2823 4449 3192 4514 possessiones
3230 4467 3326 4504 au-

1741 4523 1904 4589 ferre,
1954 4529 2220 4595 minuere,
2278 4532 2360 4585 vel
2413 4535 2718 4591 temerariis
2768 4539 3147 4594 vexatiouibus
3199 4541 3323 4596 fati-

1665 4605 1714 4665 υ
1740 4633 1898 4686 gare;
1939 4622 2032 4676 sed
2078 4624 2257 4677 omnia
2293 4624 2500 4697 integra
2555 4642 2952 4686 conserventur
2991 4647 3184 4687 eorum
3225 4651 3320 4704 pro

1737 4725 1966 4778 quormn
2018 4716 2413 4770 sustentatione
2477 4733 2541 4772 ac
2623 4721 3016 4789 gubernatione
3061 4738 3321 4779 concessa

1736 4809 1863 4856 sunt
1893 4804 2079 4860 usibus
2125 4807 2452 4862 omnimodis
2491 4809 2796 4878 profutura.
2848 4813 3104 4883 Quisquis
3138 4825 3319 4870 autem

1735 4891 1910 4947 locutu
1933 4894 2108 4964 ipsum
2136 4911 2234 4965 pro
2255 4898 2422 4954 divini
2451 4900 2663 4955 timoris
2694 4904 3018 4968 reverentia,
3044 4905 3126 4959 vel
3157 4908 3320 4961 rebus

1737 4985 1850 5037 suis
1877 4987 2072 5049 ditare,
2097 4999 2402 5058 protegere,
2449 4992 2530 5046 vel
2583 5008 2683 5061 pro
2723 5009 2817 5046 sua
2865 4993 3122 5050 facultate
3172 4984 3322 5052 exal-i

1742 5084 1857 5132 tare
1880 5079 2169 5145 studuerit,
2220 5083 2608 5149 tutiuipotentis
2651 5083 2744 5136 Dei
2793 5084 3320 5156 misericordiamet

1738 5168 2107 5236 apostolorum
2154 5169 2272 5237 ejus
2320 5172 2549 5241 gratiam
2603 5181 2989 5242 consequatur.
3041 5175 3317 5257 Qui'vero

1735 5269 1925 5314 contra
1973 5262 2131 5332 hujus
2186 5264 2356 5317 nostri
2403 5265 2603 5318 decreti
2650 5273 2896 5321 tenorem
2960 5269 3316 5336 pertinaciter

1733 5369 1894 5420 agere
1919 5356 2224 5415 tentaverit,
2263 5356 2434 5408 sancti
2485 5354 2720 5426 Spiritus
2775 5359 2958 5428 gladio
3016 5360 3309 5430 plectatur.

1807 5445 1996 5498 Datum
2032 5447 2170 5514 apud
2195 5447 2652 5502 Clmaunmoutem
2681 5449 2958 5505 Arwruiae
2979 5468 3074 5522 per
3096 5471 3311 5511 manum

1730 5533 1974 5598 Joannis,
2007 5545 2211 5590 sancta:
2273 5535 2533 5591 Romana:
2576 5539 2835 5596 Ecclesia:
2887 5544 3101 5599 diaconi
3132 5548 3310 5600 cardi-

1732 5625 1889 5688 nalis,
1918 5643 1974 5681 ιιι
2017 5626 2136 5680 Kal.
2174 5627 2508 5694 Decembris,
2539 5631 2724 5686 indict.
2753 5648 2835 5696 EH,
2871 5649 3013 5688 anno
3046 5636 3307 5692 Dominic.

1730 5713 2126 5771 lncarnatiouis
2151 5717 2322 5783 l095;
2376 5721 2722 5789 pontiﬁcatus
2763 5732 2944 5778 autem
2993 5724 3174 5779 domui
3210 5718 3310 5779 Uro

1732 5806 1854 5861 bani
1893 5807 1932 5861 ll
1956 5824 2105 5878 papae
2129 5826 2268 5866 anno
2296 5826 2409 5866 vnt.
