3888 6322
542 471 651 527 ηὸ-

1245 577 1450 635 CLXII.

547 676 887 746 (Ion/inuade
1056 672 1311 746 Dionysii
1358 672 1422 725 de
1455 668 1716 746 Negento,
1749 681 1839 734 per
1876 664 2124 716 damnum

920 737 1217 796 Ut'bamtm'
1247 741 1311 795 ΙΙ
1350 737 1557 810 papam
1584 737 1746 806 facta.

1136 833 1330 904 (Anno
1370 828 1555 899 l095.)

839 943 1186 1015 [Bibliotheca
1211 937 1590 1001 Clttuiucensis,
1614 952 1667 1007 p.
1695 934 1845 1006 544.]

624 1039 874 1096 Unnxaus
925 1038 1242 1104 cpiscopus,
1292 1045 1484 1086 servus
1529 1042 1811 1084 servorum
1855 1024 1972 1091 Dei,
2011 1024 2130 1077 uni-

550 1143 722 1185 versae
768 1124 1172 1197 congregationi
1223 1118 1538 1176 monasterii
1588 1117 1646 1174 S.
1697 1115 1936 1187 Dionysii
1987 1112 2131 1184 quod

551 1221 713 1274 situm
744 1227 829 1273 est
858 1217 1001 1271 inter
1050 1214 1250 1268 ﬂumen
1294 1211 1469 1280 ignita:
1497 1217 1848 1277 castrumque
1877 1203 2127 1274 Nogenti,

553 1310 783 1365 salutem
804 1316 860 1362 et
895 1305 1242 1376 apostolicam
1265 1299 1721 1360 benedictionem.

626 1401 778 1456 Sicut
841 1397 1233 1453 irrationabilia
1300 1393 1648 1465 poscentibus
1713 1389 1901 1461 negari
1973 1384 2134 1441 debet

561 1507 839 1553 ascensus,
865 1491 943 1545 sic
963 1487 1110 1558 justa
1134 1489 1428 1559 petentium
1457 1488 1594 1543 votis
1617 1484 1853 1549 benigna
1875 1480 2133 1535 debemus

559 1582 869 1638 assentione
912 1595 1258 1637 concurrere.
1311 1581 1516 1638 Idcirco
1569 1574 1748 1631 dilecti
1809 1571 1902 1625 ﬁlii
1961 1569 2137 1625 nostri

559 1667 806 1724 Gauiridi
864 1666 1076 1723 comitis
1132 1667 1199 1721 de
1240 1665 1581 1731 Mauritania,
1633 1674 1686 1718 et
1731 1658 1849 1728 ejus
1894 1655 2137 1725 conjugis

559 1759 822 1815 Beatricis
842 1758 1111 1814 devotioni
1135 1758 1386 1814 duximus
1419 1755 1781 1811 auuuendum.
1804 1752 1853 1806 Is
1872 1748 2137 1820 siquidem

560 1863 744 1903 comes
769 1848 828 1901 Β.
854 1848 1095 1918 Dionysii
1138 1849 1396 1919 martyris
1436 1842 1823 1900 monasterium
1849 1841 1900 1894 in
1930 1840 2137 1896 Carno-

565 1938 700 1993 tensi
725 1938 978 2008 parocbia
1016 1939 1163 1992 inter
1219 1937 1397 2008 ignitae
1437 1935 1656 1989 ﬂuvium
1688 1942 1743 1987 ct
1768 1939 2005 1986 castrum
2034 1927 2140 1982 No-

565 2028 713 2097 genti
760 2027 838 2082 ab
884 2043 988 2082 avo
1050 2041 1148 2082 suo
1194 2025 1455 2082 Gaufrido
1503 2023 1808 2086 fundatum,
1841 2028 1894 2074 et
1923 2034 1954 2072 a
1986 2025 2142 2087 patre

564 2135 667 2174 suo
698 2118 936 2174 Rotroco
981 2133 1046 2173 ex
1074 2127 1228 2189 parte
1272 2117 1622 2180 aedificatum,
1669 2128 1768 2169 sua
1822 2113 2036 2166 tandem
2063 2109 2144 2162 in-

565 2209 767 2263 stantia
796 2208 1215 2272 consummavit,
1252 2215 1684 2262 consummatum
1721 2213 1775 2258 et
1825 2201 1988 2256 rebus
2032 2198 2146 2254 suis

568 2303 844 2363 donatum,
889 2299 1251 2354 annueutibus
1290 2297 1690 2353 venerabiiibus
1717 2294 1849 2348 viris
1891 2291 2146 2346 Ricberio

571 2391 872 2446 Scuonensi
929 2391 1361 2460 archiepiscopo,
1409 2397 1464 2443 et
1511 2384 1772 2443 Gaut’rido
1827 2381 2148 2438 Carnotensi

573 2483 852 2553 episcopo,
928 2480 1358 2536 collaudantibus
1419 2489 1474 2534 et
1525 2474 1990 2531 subscribentibus
2039 2482 2147 2524 tam

573 2588 741 2628 uxore
768 2571 886 2642 ejus
921 2587 1086 2638 supra
1115 2571 1390 2626 nominata
1417 2567 1685 2631 Beatrice,
1711 2580 1874 2635 quam
1902 2563 2012 2618 tilio
2043 2563 2150 2616 Ro-

575 2677 752 2730 troco,
813 2665 1019 2719 sanctis
1068 2662 1331 2732 apostolis
1387 2660 1549 2714 Petro
1572 2669 1627 2712 et
1666 2657 1832 2710 Paulo
1855 2653 2152 2711 etClunia-

540 2765 547 2773 '
576 2741 724 2808 censi
750 2753 998 2809 coenobio
1026 2753 1126 2807 sub
1168 2749 1616 2806 reverendissimi-
1638 2744 1934 2801 confratris
1983 2741 2153 2797 nostri

536 2861 543 2865 ‘
577 2847 819 2916 llugonis
847 2846 1060 2900 abbatis
1083 2843 1372 2915 praesentia
1402 2842 1616 2898 obtulit.
1632 2840 1803 2907 Quam
1827 2837 2153 2893 oblationem

579 2947 764 2992 nostra
789 2935 1200 3006 postulavecunt
1243 2933 1571 2988 auctoritate
1594 2931 1823 2985 ﬁrmari.
1864 2928 1972 2983 Nos
1993 2927 2157 2997 igitur

579 3039 689 3084 tam
717 3028 998 3096 prmt’atum
1047 3027 1187 3082 beati
1241 3025 1480 3096 Dionysii
1535 3021 1944 3081 monasterium,
1994 3032 2158 3087 quam

582 3122 766 3176 omnia
801 3122 869 3175 ad
917 3120 968 3174 id
1009 3117 1354 3190 pertinentia,
1398 3117 1496 3172 sub
1539 3114 1659 3184 jure
1694 3123 1746 3167 et
1773 3169 1778 3173 ,
1807 3110 2158 3180 dispositione

581 3211 1017 3267 Cluniacensium
1076 3210 1305 3263 fratrum
1361 3214 1623 3276 perpetuo
1674 3216 1994 3272 permanere
2032 3215 2157 3254 sau-

579 3306 774 3361 cimus.
803 3303 1184 3373 Percipientes
1231 3307 1286 3354 et
1333 3300 1432 3354 sub
1477 3295 1814 3353 distt’ttionc
1839 3292 2154 3346 anathema-

584 3398 656 3452 tis
683 3397 1088 3457 iuterdieentes,
1112 3407 1179 3446 ne
1209 3391 1331 3460 quis
1369 3402 1609 3458 unquam
1639 3386 1888 3440 eumdem
1922 3383 2096 3438 locum
2133 3395 2165 3434 a

583 3481 955 3538 Cluuiacensis
1004 3477 1242 3534 ctenobii
1305 3476 1516 3531 unitate
1601 3471 1907 3526 subtrahat.
1943 3472 2170 3537 Aposto-

584 3577 688 3631 Iiea
738 3575 903 3628 etiam
965 3569 1292 3627 auctoritate
1341 3567 1631 3623 statuimus
1708 3572 1769 3618 ut
1834 3573 2170 3630 quzecunque

587 3667 765 3732 dona,
787 3677 1139 3734 quascunque
1172 3662 1545 3732 possessiones
1575 3656 1786 3728 prxefati
1830 3653 2059 3709 comites
2089 3650 2171 3704 vel

590 3757 680 3812 alii
733 3757 960 3824 quilibet.
987 3755 1171 3810 fideles
1217 3755 1281 3808 de
1331 3767 1431 3806 suo
1474 3751 1598 3821 jure
1630 3749 1809 3802 cidem
1840 3740 2174 3799 monasterio

596 3847 973 3912 contulerunt,
1013 3846 1114 3901 sub
1163 3844 1474 3914 apostolicae
1526 3843 1670 3899 sedis
1725 3836 1890 3893 tutela
1962 3835 2170 3902 integra

597 3953 811 4007 semper
837 3947 890 3992 et
913 3936 1121 3992 illibata
1167 3941 1543 4003 permaneant.
1571 3933 1738 3986 Vicus
1775 3927 1982 3983 scilicet
2007 3937 2170 3992 supra

595 4039 908 4086 memoratae
935 4025 1191 4094 adjacens
1213 4024 1457 4079 ecclesiae
1505 4037 1626 4077 cum
1657 4021 1842 4074 decem
1866 4017 2002 4088 prati
2030 4013 2171 4084 agri-

602 4117 812 4188 pcnnis,
846 4125 900 4170 et
925 4123 1033 4168 tota
1077 4114 1132 4170 in
1173 4112 1401 4166 circuitu
1448 4109 1690 4166 ecclesia
1736 4117 1879 4162 terra
1909 4118 2078 4173 usque
2106 4101 2172 4156 ad

594 4208 842 4265 Boduam
884 4205 1127 4271 ﬂuvium,
1173 4213 1229 4257 ct
1273 4217 1435 4272 super
1471 4201 1648 4272 ipsum
1700 4200 1807 4254 duo
1848 4196 2175 4265 tnolendiua.

597 4301 766 4358 Terra
810 4296 1112 4354 Burcltardi
1138 4311 1261 4352 cum
1312 4294 1501 4350 broilo.
1536 4292 1705 4348 Terra
1731 4291 1796 4346 de
1827 4288 2090 4353 Belseria,
2115 4288 2180 4342 de

594 4390 826 4448 Asconis
851 4388 1000 4443 villa.
1059 4385 1302 4441 Ecclesia
1341 4383 1397 4438 S.
1452 4382 1644 4436 llilarii
1693 4395 1816 4436 cum
1874 4377 2096 4434 decimis
2125 4384 2180 4430 et

595 4475 941 4548 appeudieiis.
979 4477 1092 4531 suis
1140 4474 1412 4530 omnibus.
1466 4471 1706 4525 Ecclesia
1748 4470 1805 4524 S.
1843 4467 2068 4524 Leobini
2109 4467 2176 4522 de

595 4571 866 4636 Flaciaco,
908 4568 964 4622 S.
998 4567 1220 4625 Lcobini
1257 4567 1325 4622 de
1352 4565 1563 4625 Bracle,
1588 4563 1646 4618 S.
1682 4561 1869 4616 Hilarii
1913 4560 1979 4614 de
2005 4558 2178 4612 Beba-

594 4662 837 4726 nisuilla,
886 4659 944 4715 S.
1009 4659 1202 4714 Albini.
1245 4661 1312 4714 de
1356 4655 1714 4719 Coldreciolo,
1758 4653 1816 4706 S.
1872 4650 2054 4704 Mariae
2108 4649 2174 4703 de

597 4750 875 4821 Margone,
904 4747 961 4802 S.
988 4748 1130 4804 Petri
1190 4748 1255 4802 de
1302 4745 1595 4816 Brttyeria,
1637 4741 1695 4796 S.
1724 4739 1937 4793 Martini
1961 4739 2026 4792 de
2047 4736 2178 4791 Ber-

597 4845 753 4915 duys.
783 4839 1036 4894 Ecclesia:
1061 4839 1116 4892 8.
1142 4838 1366 4892 Joannis
1396 4837 1460 4890 de
1492 4833 1832 4895 Mauritania,
1859 4830 1914 4884 S.
1954 4825 2172 4892 Maeuti,

597 4933 733 4988 ctS.
761 4931 1037 4989 Germani.
1068 4929 1305 4984 Ecelesia
1338 4927 1394 4982 S.
1424 4925 1605 4980 Albini
1631 4925 1696 4978 dc
1726 4922 1926 4992 Campo
1947 4919 2176 4974 rotundo

601 5035 733 5075 cum.
756 5031 867 5074 tota
893 5019 1109 5088 Nigellm
1143 5029 1286 5072 terra
1339 5027 1392 5070 et
1423 5013 1758 5083 appentlieiis
1794 5011 1907 5064 suis
1928 5009 2178 5064 omnibus

603 5128 766 5182 super
790 5114 947 5169 Erum
977 5111 1271 5166 ﬂuviolum.
1313 5109 1369 5163 lu
1429 5107 1545 5161 loco
1581 5105 1669 5176 qui
1729 5103 1924 5157 dicitur
1949 5100 2188 5156 Vivariis.

604 5217 751 5259 terra
804 5204 980 5258 omnis
1025 5203 1166 5258 culta
1215 5213 1267 5256 et
1329 5199 1553 5261 inculta,
1607 5194 1872 5264 exquisita
1907 5201 1962 5246 et
1999 5189 2176 5258 inqui-

602 5299 797 5361 renda,
833 5311 954 5350 cum
984 5297 1178 5364 pratis.
1204 5292 1376 5356 silvis,
1416 5301 1471 5345 et
1525 5301 1805 5343 servorum
1857 5283 2051 5350 rebus,
2079 5280 2181 5336 ibi-

603 5402 730 5458 que,
787 5397 841 5442 et
889 5386 942 5440 in
998 5387 1254 5441 comitatu
1328 5383 1662 5438 Mauritania:
1720 5376 2066 5433 inorantittm.
2120 5375 2177 5428 In

607 5477 1002 5532 Cenmnancnsi
1050 5476 1358 5546 episc0patu
1398 5473 1629 5530 ecclesia
1685 5470 1742 5526 S.
1777 5468 1925 5523 Petri
1985 5467 2050 5520 de
2081 5467 2172 5520 (Je-

611 5580 763 5633 toue,
789 5567 959 5622 saltus
997 5565 1454 5640 consuetudinarii
1517 5573 1626 5618 tam
1657 5561 1723 5615 ad
1758 5575 1886 5614 usus
1913 5556 2181 5620 ecclesiae,

607 5676 769 5730 quam
809 5659 876 5714 ad
923 5673 1054 5711 usus
1108 5657 1492 5710 monachorum
1527 5663 1581 5707 et
1612 5653 1888 5707 hominum
1942 5663 2182 5712 suorum,

609 5761 806 5818 praeter
840 5749 1035 5804 saltum
1065 5745 1342 5802 Pertiettli.
1368 5745 1424 5797 1n
1454 5745 1705 5799 omnibus
1731 5741 1955 5796 saltibus
1986 5754 2185 5808 pascua

605 5857 892 5918 porcorum
927 5838 1241 5899 monasterii
1269 5837 1455 5909 gratis.
1487 5835 1546 5892 1n
1569 5836 1685 5892 loco
1712 5835 1802 5906 qui
1835 5832 2029 5891 dicitur
2052 5832 2185 5890 Ora-

1818 451 1876 511 B.
1925 450 2179 513 URBANI
2219 450 2264 507 II
2293 448 2500 506 PAPJE'

3649 452 3722 510 £56

2159 570 2203 625 Λ
2232 567 2420 628 torius,
2480 575 2621 620 terra
2672 560 2829 617 unius
2875 559 3062 614 aratri.
3090 559 3146 612 ln
3195 556 3430 612 Morisim
3477 559 3584 614 villa
3609 566 3725 620 tutius

2228 659 2395 711 aratri
2430 666 2591 710 terra.
2623 654 2679 708 lu
2705 650 2876 708 fracta
2922 650 3058 704 valle
3085 653 3270 704 decem
3302 651 3562 720 agripenui
3587 654 3723 719 tinea,

2229 747 2591 805 molendinum
2646 745 2712 800 de
2767 741 3030 796 Ruitaria.
3079 737 3248 794 Terra
3279 740 3346 792 de
3385 737 3726 808 Bremuncurte,

2231 849 2374 894 terra
2433 833 2670 891 Bonnaei
2717 833 2847 887 cum
2889 829 3223 884 tnetliatoriis
3293 844 3502 882 earum.
3545 829 3728 887 Piscaria

2229 931 2282 984 in
2315 927 2509 999 lognite
2537 924 2700 979 ﬂuvio
2738 939 2768 977 a
2797 923 2939 978 vado
2966 919 3289 976 Bellivilaris
3317 935 3482 988 usque
3505 922 3563 973 ad
3588 937 3732 992 aquam

2229 1037 2349 1092 quae
2371 1020 2573 1075 dicitur
2597 1018 2798 1080 Etlera,
2840 1013 3103 1069 medietas
3133 1010 3522 1076 Bebanisvillue,
3570 1023 3614 1066 et
3636 1014 3735 1068 silta

2230 1128 2350 1183 quae
2381 1111 2582 1165 dicitur
2613 1105 2956 1177 Ostenganis.
3004 1103 3229 1159 Decima
3257 1102 3451 1157 telonei
3473 1099 3739 1158 Mauritania

2231 1201 2415 1258 castri.
2449 1197 2681 1254 Tolouei
2715 1209 2932 1266 quoque
2977 1193 3187 1249 decima
3241 1190 3472 1260 Nogenti"
3498 1193 3738 1246 castri.De-

2233 1296 2375 1350 cinia
2403 1292 2567 1348 etiam
2594 1288 2847 1344 Pasrtadii
2893 1285 3066 1352 silvae,
3114 1301 3235 1354 qua:
3271 1285 3570 1339 nominatur
3594 1284 3735 1339 Restio.

2232 1387 2363 1442 Item
2393 1382 2621 1439 ecclesia
2647 1380 2705 1435 S.
2741 1379 3026 1450 Stephani,
3059 1388 3114 1434 et
3161 1377 3220 1432 S.
3254 1376 3477 1432 Ioannis
3498 1377 3545 1430 in
3571 1374 3742 1446 Nogenti

2235 1487 2434 1534 castro.
2468 1475 2526 1529 S.
2575 1471 2829 1534 Hilarius,
2873 1470 2932 1525 8.
2956 1469 3218 1532 Joannes,
3263 1469 3324 1522 S.
3369 1466 3664 1537 Stephanus.
3700 1469 3738 1520 S.

2237 1569 2403 1626 Maria
2454 1568 2510 1622 in
2560 1573 2742 1621 castro
2792 1562 3023 1619 Noiomi.
3055 1562 3114 1617 S.
3173 1561 3440 1616 Martinus
3473 1559 3536 1617 de
3561 1559 3744 1630 Magone,

2239 1661 2297 1716 S.
2317 1658 2555 1714 Albinus
2582 1655 2647 1710 de
2675 1654 2877 1724 Campo
2901 1653 3156 1716 rotundo,
3192 1652 3248 1705 S.
3275 1651 3503 1704 Albinus
3527 1649 3585 1702 de
3605 1647 3744 1702 Codri-

2240 1750 2394 1811 cello,
2427 1748 2485 1803 S.
2513 1747 2683 1802 Maria
2715 1743 3031 1814 Magdaleue
3076 1744 3145 1798 de
3190 1740 3468 1804 Ferraria,
3495 1740 3549 1794 8.
3571 1737 3750 1794 Hilaris

2244 1841 2310 1894 de
2340 1837 2656 1894 Beienviila.
2686 1837 2747 1891 8.
2799 1833 3038 1890 Joannes
3077 1833 3143 1888 de
3197 1830 3490 1892 Petraﬁxa,
3522 1829 3574 1882 S.
3607 1827 3748 1882 Petrus

2170 1913 2215 1971 Β
2243 1930 2310 1987 de
2334 1928 2669 2001 Aponviller,
2699 1926 2757 1981 S.
2787 1924 3108 1980 Anastasius
3158 1923 3224 1978 de
3266 1919 3564 1983 Ronviller,
3593 1918 3640 1973 S.
3667 1916 3748 1971 Sal-

2243 2031 2402 2077 vator
2427 2022 2492 2076 de
2530 2021 2734 2089 Campo
2773 2017 3022 2081 rotundo,
3072 2013 3131 2070 S.
3183 2013 3380 2068 Petrus
3409 2012 3473 2067 de
3497 2008 3750 2071 Boscnileto,

2247 2114 2311 2169 8.
2362 2111 2630 2167 Martinus
2680 2110 2746 2164 de
2797 2107 3062 2171 Unverre,
3115 2103 3176 2160 S.
3214 2103 3486 2158 Leobinus
3513 2101 3571 2156 de
3607 2099 3749 2160 Flacci,

2246 2202 2476 2259 ecclesia
2505 2199 2744 2256 Oratorii
2775 2213 2899 2253 cum
2933 2193 3276 2266 appendiciis
3303 2202 3362 2247 et
3394 2189 3600 2247 decimis
3631 2188 3750 2242 omni-

2248 2294 2368 2352 bus.
2419 2293 2546 2347 liaec
2589 2290 2862 2346 habentur
2912 2289 2966 2344 in
3023 2287 3345 2356 episcopatu
3397 2278 3750 2339 Carnotensi.ln

2249 2381 2640 2440 Cenomanensi
2681 2381 2996 2450 episcopatu
3035 2377 3327 2432 ecclesiam
3369 2375 3426 2430 8.
3458 2372 3588 2428 Petri
3614 2371 3665 2424 de
3685 2369 3750 2423 Ce‘

2253 2487 2398 2539 touc,
2456 2471 2747 2528 ecclesiam
2788 2470 2845 2526 S.
2894 2468 3109 2532 Ulfacii,
3143 2466 3200 2521 S.
3250 2466 3447 2520 Petrus
3491 2463 3552 2518 de
3589 2459 3750 2520 Mauris,

2253 2567 2313 2622 S‘.
2358 2565 2636 2635 Prcjectus
2693 2563 2760 2617 de
2807 2559 3027 2623 Vileris,
3081 2558 3139 2612 8.
3175 2556 3418 2614 Hilarius
3448 2554 3532 2625 qui
3563 2545 3752 2620 cstjuxh

2254 2657 2508 2713 Sanctam
2540 2655 2866 2715 Ceronnam,
2896 2651 2955 2705 8.
2986 2648 3152 2703 Maria
3180 2649 3246 2702 de
3295 2647 3457 2711 Bure,
3487 2645 3539 2698 8.
3565 2640 3754 2695 Martinus

2255 2748 2320 2803 de
2341 2745 2570 2810 Loiscel,
2633 2741 2692 2797 S.
2737 2741 3041 2796 Germanus
3097 2739 3163 2793 de
3213 2737 3437 2800 Loisilz,
3463 2727 3749 2792 S..\Iari.1,S.

2255 2838 2513 2903 Joannes,
2544 2835 2604 2890 S.
2639 2833 2884 2888 Macutus
2912 2832 2979 2886 de
3001 2826 3427 2892 Mauritania,S.
3453 2823 3694 2878 Audoenus
3713 2817 3755 2868 de

2257 2927 2469 2992 Tesval,
2525 2924 2583 2980 S.
2641 2922 2936 2979 Gervasius
2987 2921 3054 2974 de
3109 2917 3286 2981 Feris,
3351 2916 3410 2972 8.
3467 2908 3757 2968 Audoenusd:

2261 3016 2548 3082 Verreriis,
2602 3013 2660 3068 S.
2713 3012 2977 3066 Martinus
3019 3010 3084 3064 de
3139 3006 3350 3072 Bcloto,
3381 3006 3438 3061 8.
3485 2994 3755 3056 Martinusde

2258 3109 2484 3174 Berziis,
2531 3106 2589 3162 S.
2651 3104 2913 3159 Martinus
2964 3102 3030 3155 de
3075 3097 3361 3169 Jamagiis,
3415 3097 3470 3151 S.
3521 3094 3678 3148 Petrus
3709 3086 3753 3138 tle

2259 3201 2503 3255 Brueria.
2547 3197 2817 3252 Prteterea
2846 3207 3182 3264 quaecunque
3250 3199 3488 3245 vestrum
3531 3179 3755 3240 C(BﬂObillltl

2183 3259 2230 3319 δ
2266 3292 2423 3348 hodie
2448 3291 2592 3362 juste
2631 3288 2888 3359 possidet,
2940 3287 3055 3340 sive
3095 3259 3164 3338 in
3222 3285 3464 3338 futurum
3508 3279 3629 3347 juste
3650 3287 3756 3326 cauo-

2268 3384 2492 3452 niceque
2546 3380 2742 3452 poterit
2794 3377 3044 3447 adipisci,
3101 3376 3256 3428 tirma
3313 3372 3487 3435 vobis,
3539 3365 3758 3426 vestrisque

2269 3474 2673 3532 successoribus
2726 3481 2782 3527 et
2821 3470 3030 3525 illibata
3085 3473 3467 3537 permaneant.
3498 3455 3757 3515 Decernituus

2269 3584 2398 3638 ergo
2436 3575 2492 3621 ut
2525 3564 2654 3620 nulli
2693 3563 2914 3620 omnino
2945 3561 3222 3615 hominum
3274 3557 3439 3611 liceat
3486 3553 3606 3606 idem
3633 3557 3756 3600 οωιιῡο

2272 3662 2418 3715 bium
2453 3669 2655 3713 temere
2691 3653 3033 3725 perturbare,
3083 3660 3174 3705 aut
3210 3649 3328 3718 ejus
3358 3642 3683 3719 possessiones
3701 3649 3762 3686 au-

2273 3749 2436 3815 ferre,
2467 3745 2552 3800 vel
2581 3743 2801 3798 ablatas
2837 3741 3098 3806 retinere,
3144 3739 3415 3801 minuere,
3440 3733 3520 3789 vel
3545 3722 3760 3785 temerariis

2273 3837 2646 3894 vexationibus
2696 3833 2945 3904 fatigare,
3010 3833 3106 3890 sed
3155 3830 3339 3886 omnia
3390 3828 3583 3895 integra
3609 3825 3759 3872 conscr-

2233 3984 2238 3989 .
2273 3939 2465 3984 ventur
2488 3945 2699 3996 eorum,
2730 3942 2827 3998 pro
2860 3939 3089 3994 quorum
3132 3919 3525 3977 sustentatione
3549 3926 3602 3965 ac
3625 3905 3754 3977 gubcf'

2274 4022 2497 4076 natione
2528 4034 2785 4074 concessa
2819 4025 2945 4072 sunt
2976 4013 3162 4069 usibus
3191 4007 3514 4067 omnimodis
3537 3999 3759 4086 proiciunt.

2277 4112 2425 4168 salva
2455 4110 2715 4166 canonica
2756 4106 3107 4164 Carnotensis
3162 4101 3406 4172 episcopi
3440 4081 3761 4152 reverentia-5i

2279 4221 2383 4276 qua
2415 4219 2548 4259 sane
2576 4204 2632 4257 in
2681 4201 2922 4254 futurum
2977 4193 3346 4253 ecclesiastica
3372 4184 3674 4247 stet-.ularisve
3687 4187 3764 4246 ρετ·

2280 4311 2411 4352 sona
2461 4295 2620 4365 hujus
2681 4292 2884 4348 decreti
2949 4289 3203 4360 paginam
3271 4285 3452 4340 sciens
3496 4285 3655 4334 contra
3687 4278 3763 4321 eam!

2283 4397 2486 4441 temere
2527 4384 2716 4441 venire
2741 4380 3051 4443 tentaverit,
3102 4375 3342 4432 secundo
3374 4371 3585 4428 tertiove
3605 4368 3762 4417 σθωωά

2282 4483 2416 4545 uita,
2449 4480 2491 4534 si
2531 4495 2638 4533 non
2687 4475 3055 4533 satisfactione
3075 4484 3315 4541 congrua
3355 4454 3763 4522 ementiavcril.ll°'

2210 4605 2253 4660 Β
2292 4572 2504 4626 testalis
2544 4568 2880 4636 honorisque
2926 4564 3009 4620 sui
3060 4563 3326 4632 dignitate
3367 4548 3764 4660 cuman-rea")???

2279 4679 2339 4718 se
2379 4663 2560 4718 divino
2585 4631 2808 4728 judicio
2837 4658 3072 4712 existere
3128 4631 3194 4707 de
3241 4654 3542 4721 perpetrata
3563 4631 3762 4727 iniququ

3662 4721 3761 4772 cuiue

2277 4765 2592 4827 cognoscat,
2647 4763 2702 4807 et
2747 4768 2777 4804 a
2833 4746 3201 4804 sacratissimo
3225 4754 3452 4810 corpore
3484 4751 3542 4788 ac
3583 4743 3682 4827 satis

2280 4849 2373 4904 ltei
2401 4864 2463 4902 ac
2489 4845 2701 4900 Domini
2726 4838 3107 4908 Redemptoris
3123 4833 3291 4890 nostri
3317 4831 3441 4886 Jesu
3463 4818 3634 4881 Christi
3649 4812 3763 4908 aliud

2281 4939 2395 5000 ﬁat,
2439 4947 2601 5006 atque
2652 4934 2705 4987 in
2739 4941 2982 4987 extremo
3053 4924 3304 4981 examine
3364 4916 3604 4974 dislricla:
3639 4902 3762 4956 ulnam

2282 5027 2580 5096 subjaceat.
2614 5023 2837 5080 Cunctis
2886 5030 3067 5074 autem
3103 5017 3278 5072 eidem
3309 5003 3672 5096 etmwbioilli:|

2281 5119 2565 5181 “HN-Ibus.
2616 5117 2687 5170 sit.
2765 5128 2868 5183 pax
2945 5107 3159 5164 Domini
3226 5101 3391 5159 nostri
3441 5098 3553 5153 Jesu
3608 5085 3760 5183 (iturae.

2284 5221 2558 5282 quatenus
2589 5219 2646 5262 et
2705 5207 2793 5262 hic
2843 5205 3075 5257 fructum
3105 5199 3259 5253 bonae
3285 5191 3504 5250 actionis
3529 5174 3759 5270 pcl'Cii’Wf

2283 5283 2338 5356 εί
2382 5301 2521 5369 ειμιιά
2574 5299 2877 5354 districtum
2917 5292 3157 5364 judicent
3204 5284 3418 5358 pra-mia
3463 5283 3646 5334 acterna:
3664 5270 3760 5332 PM”

2285 5389 2578 5447 inveniant.
2612 5388 2803 5442 Anien.

2359 5547 2556 5603 Urbani
2605 5546 2646 5600 ll
2675 5559 2824 5613 pupa!
2848 5468 3179 5611 episglli}lt::i
3200 5537 3474 5605 Guigonem
3496 5520 3695 5580 cenulam

2889 5633 3068 5704 (Anno
3095 5629 3270 5700 1095.)

2492 5731 2580 5802 ID.
2616 5701 2907 5792 Domum,
2931 5724 3159 5790 Iiccueil,
3191 5731 3230 5776 t.
3261 5717 3396 5781 XIV,
3417 5731 3466 5784 ι).
3499 5701 3619 5802 76H

2370 5825 2618 5882 Unuaxcs
2669 5824 2975 5894 (‘llia'i'(lpll$,
3039 5833 3227 5874 servus
3273 5821 3527 5870 servorum
3561 5784 3750 5856 Deum“
