3888 6322
102 341 108 352 ’
133 363 244 418 457

1351 363 1704 420 EPI'STOLJ‘I
1741 363 1823 418 ET
1858 361 2266 418 l’lilVlLEGlA.

3222 346 3230 353 '
3294 364 3400 420 43s

135 477 501 541 coxtcomid,
543 476 690 532 clero
715 485 768 532 ct
795 477 991 546 populo
1036 478 1723 548 Gratianopolitano,salu-
1750 481 1800 538 Λ
1831 477 1991 532 datis.
2045 476 2230 546 Neque
2275 489 2368 531 vos
2415 475 2575 530 lateat
2634 475 3012 531 Gualchcrinnt
3067 478 3394 534 anathemati

151 579 265 621 tem
295 577 354 621 ct
377 565 729 635 apostolicam
759 567 1214 623 benedictionem.

215 657 509 723 Querelam
571 657 902 713 venerabilis
943 659 1234 712 confratris
1286 659 1452 712 nostri
1486 657 1726 728 llugonis

137 750 318 802 vestri
350 748 588 816 episcopi
616 746 685 802 de
748 747 1167 804 Salmoriacensi
1193 765 1326 818 pago
1350 748 1462 816 jam
1491 749 1584 802 diu
1614 749 1728 818 agi-

133 849 337 901 tatam,
376 839 590 894 concilii
620 839 764 908 quod
791 841 933 910 apud
974 841 1430 896 Clarnnnnontcm
1453 841 1726 896 civitatem

135 929 426 983 Arvernize
471 929 886 994 celebravimus,
920 933 1246 986 auctoritate
1290 932 1548 986 noveritis
1597 934 1728 986 dcti-

133 1021 341 1074 nitam.
397 1020 533 1086 Quia
597 1022 742 1074 enim
818 1021 1096 1076 confrater
1165 1030 1353 1076 noster
1405 1021 1728 1077 Viennensis

132 1111 591 1182 archiepiscopus
619 1111 799 1167 Guido
819 1128 963 1181 smpe
990 1122 1044 1166 et
1072 1114 1272 1168 nostris
1298 1113 1494 1168 litteris
1516 1125 1571 1168 et
1606 1113 1728 1169 viva

134 1205 323 1257 nostri
352 1205 464 1259 oris
497 1220 630 1260 voce
673 1206 1054 1271 connnonitus,
1089 1207 1154 1260 de
1197 1206 1384 1260 eadem
1411 1221 1570 1261 causa
1601 1206 1728 1261 obc-

136 1297 265 1349 dire
296 1297 642 1365 contempsit,
669 1306 726 1350 et
756 1298 1131 1352 investituram
1162 1313 1322 1366 quam
1349 1298 1523 1353 eidem
1544 1306 1725 1352 vestro

129 1388 402 1456 episcopo
445 1387 737 1441 Placentia:
801 1386 1049 1452 fecimus,
1107 1388 1333 1457 exsequi
1385 1389 1579 1451 noluit,
1633 1404 1729 1442 nos

131 1475 550 1541 possessionem
605 1474 748 1528 illam
794 1489 954 1544 quam
997 1484 1052 1529 et
1091 1475 1231 1530 idem
1285 1475 1451 1529 frater
1499 1474 1647 1542 llngo
1677 1481 1730 1528 et

136 1567 397 1620 nonnulli
438 1582 661 1621 suorum
693 1575 1103 1622 autecessorum
1152 1567 1458 1637 possedisse
1501 1581 1723 1620 noscun-

136 1668 260 1719 tur,
289 1656 602 1725 supradicto
656 1655 812 1710 fratri
871 1665 1061 1710 nostro
1111 1665 1166 1711 et
1213 1656 1732 1724 Gratianopolitame

136 1748 412 1803 Ecclesia:
463 1748 816 1812 restituimus,
873 1759 928 1804 et
967 1748 1200 1817 qnamliu
1261 1748 1588 1804 Viennensis
1637 1763 1728 1801 ar-

134 1839 532 1907 ebicpiscopus
556 1839 684 1894 huic
736 1839 1035 1894 delinitioni
1077 1839 1301 1894 obedire
1322 1837 1731 1908 contempserit,
1765 1841 1808 1900 Β

138 1939 260 1980 tam
287 1929 463 1998 ipsum
510 1944 672 1998 quam
718 1929 1278 1999 Gratianopolitanam
1323 1929 1620 1983 Ecclesiam
1665 1928 1735 1982 ab

135 2021 270 2087 ejus
295 2020 602 2074 obedientia
636 2021 1028 2076 subtraximus.
1073 2019 1342 2076 Omnibus
1361 2021 1524 2074 etiam
1561 2019 1615 2074 in
1645 2033 1738 2074 eo-

137 2110 279 2161 dem
313 2125 450 2178 pago
487 2111 953 2166 cmumorantibus
975 2119 1086 2166 tam
1129 2110 1345 2166 clericis
1373 2125 1534 2179 quam
1560 2109 1734 2176 laicis,

140 2215 221 2253 nc
255 2200 545 2256 Viennensi
582 2201 992 2271 archiepiscopo
1026 2201 1284 2257 obediant
1338 2199 1736 2264 interdicimus,

137 2292 330 2346 (ionice
355 2292 722 2360 autjudiciutn
746 2293 890 2362 quod
913 2292 1117 2348 factum
1145 2300 1229 2346 est
1258 2300 1616 2359 exsequatur,
1643 2297 1738 2342 ant

144 2383 381 2451 querela
417 2385 528 2438 bazc
556 2393 683 2438 ante
710 2399 807 2439 nos
833 2383 1098 2439 canonico
1118 2383 1324 2453 judicio
1358 2382 1501 2436 inter
1526 2389 1735 2434 utrum-

140 2490 264 2542 que
291 2475 666 2542 comprobata,
697 2475 987 2530 certiorem
1021 2475 1182 2527 finem
1215 2471 1468 2540 accipiat.

139 2574 168 2580 "
227 2560 364 2614 Data
413 2578 472 2615 ιιι
530 2562 646 2616 Kal.
697 2562 1009 2618 Decembris
1081 2561 1219 2631 apud
1269 2560 1738 2615 Clarummontem

142 2651 221 2704 At
237 2653 462 2707 verniae.

912 2785 1047 2839 XIV.

821 2785 1047 2840 CLXIV.

210 2869 420 2924 Urbani
443 2875 692 2942 synodica
732 2875 800 2928 ad
826 2875 1019 2927 clerum
1046 2875 1395 2944 populumque
1423 2872 1672 2927 Camera-

841 2961 1062 2997 Ct‘ﬂb't'nls

755 3059 934 3127 (Arno
967 3059 1143 3124 1095.)

554 3169 772 3239 μῐιικει,
805 3167 1010 3224 Concil.
1039 3168 1156 3236 XX,
1183 3171 1283 3224 9l7
1313 3169 1331 3239 ]

227 3283 487 3338 [Insanus
511 3281 815 3352 cpiscopus,
839 3295 1030 3336 servus
1063 3296 1341 3336 servorum
1373 3280 1494 3346 Dei,
1527 3279 1746 3334 univcr-

140 3378 230 3429 sis
283 3374 339 3426 in
398 3372 544 3426 clero
604 3381 661 3426 et
715 3371 914 3442 populo
974 3371 1356 3426 Cameracensi
1415 3371 1644 3427 salutem
1689 3381 1746 3426 et

145 3451 520 3533 apostolicam
544 3464 1000 3518 benedictionem.

225 3554 288 3607 In
337 3552 562 3609 concilio
591 3553 730 3623 apud
771 3551 1224 3608 Clarummontem
1274 3552 1552 3608 Arvernia:
1599 3550 1742 3607 cele-

142 3650 320 3701 brato
349 3663 470 3701 cum
496 3664 590 3715 pro
614 3647 882 3702 electione
913 3647 1098 3702 dilecti
1146 3647 1241 3700 filii
1279 3647 1446 3701 nostri
1478 3645 1745 3699 Manassis

140 3751 209 3793 et
258 3740 388 3792 item
427 3737 739 3794 Gualcherii
769 3754 798 3792 a
829 3738 984 3793 vobis
1026 3737 1166 3792 facta
1206 3737 1433 3806 quzestio
1462 3736 1665 3801 habita,
1691 3745 1744 3790 et

145 3829 406 3898 diligenti
446 3829 636 3884 fuisset
662 3829 1078 3897 investigatione
1121 3835 1376 3892 tractata,
1421 3826 1598 3896 patuit
1628 3825 1743 3879 Ma-

144 3934 383 3974 uassem
427 3920 643 3988 quidem
681 3936 711 3974 a
763 3919 914 3973 vobis
959 3918 1224 3973 canonice
1271 3916 1525 3981 electum,
1573 3915 1741 3972 Gual-

145 4008 408 4062 clterium
444 4023 571 4063 vero
619 4019 808 4062 contra
845 4016 1156 4062 SﬂllClOl‘lllll
1189 4022 1456 4061 canonum
1507 4006 1748 4061 auctori-

147 4107 332 4149 tatem
375 4097 425 4148 in
480 4105 716 4150 vestram
754 4111 812 4150 se
860 4096 1148 4150 ecclesiam
1204 4096 1508 4150 intrusisse.
1555 4094 1744 4149 Totius

151 4191 334 4258 igitur
373 4190 588 4245 concilii
617 4190 822 4257 jmlicio
851 4190 1053 4259 placuit
1077 4189 1462 4244 Gualeherium
1505 4188 1742 4256 quidem,

153 4292 424 4346 umquam
449 4280 750 4333 invasorem
778 4295 811 4333 a
836 4289 1015 4333 vestra
1046 4279 1286 4333 Ecclesia
1316 4276 1743 4346 propellendum,

151 4368 471 4422 Manassen)
526 4385 656 4423 vero
698 4369 950 4424 electioni
996 4384 1108 4424 sua:
1140 4378 1194 4422 et
1241 4367 1499 4422 Ecclesiae
1551 4376 1746 4422 vestra:

153 4461 582 4515 restituendum.
614 4459 971 4516 Gualcherius
997 4459 1202 4530 itaque,
1246 4476 1356 4514 sua:
1395 4458 1745 4513 conscientia:

1829 580 1945 620 esse
1975 565 2296 633 subjectum,
2340 565 2386 621 si
2431 581 2489 620 se
2536 565 2761 621 ulterius
2808 568 2873 620 de
2907 566 3156 620 Ecclesia:
3204 577 3399 622 vestra:

1827 655 2142 724 praelatione
2168 655 2392 724 profana
2439 655 3238 724 praesumptioneintromittere
3282 655 3424 712 ten!

1831 747 2042 801 tavcrit.
2091 746 2146 801 Si
2177 747 2298 816 quis
2330 746 2493 818 igitur
2521 747 2774 816 deinceps
2801 749 2885 801 his
2915 747 3255 802 decretorum
3300 764 3400 803 no—

1828 849 2062 892 strorum
2111 837 2394 906 prteceptis
2432 837 2704 892 contraire
2751 838 3171 906 pnesnmpserit,
3229 839 3404 892 omni-

1831 929 2064 996 potentis
2115 929 2232 992 Dei,
2273 937 2330 982 ct
2392 928 2756 997 apostolorum
2811 926 2926 994 ejus
2978 928 3406 998 indignationem

1832 1018 2067 1072 inveniet
2089 1026 2145 1071 et
2172 1017 2394 1071 ultionis
2412 1017 2718 1086 apostolica:
2739 1017 2918 1085 gladio
2941 1017 3182 1072 ferietur.
3203 1017 3404 1072 Onmes

1831 1118 2013 1162 autem
2064 1109 2157 1178 qui
2214 1107 2542 1163 Gualcherio
2575 1107 2891 1162 fidelitatem
2937 1106 3280 1174 iuraverunt,
3339 1108 3406 1163 ab

1831 1197 2430 1266 cjnsdcmsacramenti
2477 1194 2693 1251 vinculo
2739 1194 3036 1264 apostolica
3083 1195 3408 1250 auctoritate

1830 1289 2181 1343 absolvimus.

1903 1379 2036 1432 Data
2066 1381 2204 1450 apud
2234 1378 2553 1433 Arvcrniam
2586 1393 2626 1433 ιι
2657 1375 2777 1432 Kal.
2795 1376 3129 1432 Decembris.

2617 1512 2728 1567 XV.

2617 1512 2661 1566 Χ
2713 1551 2728 1567 .

1963 1602 2168 1657 Urbani
2193 1602 2252 1657 ll
2282 1512 2638 1658 decretunfiie
2660 1513 2889 1673 pvrimatu
2926 1602 3286 1673 Lugdunensi.

2426 1695 2605 1764 (Anno
2639 1695 2821 1766 1095.)

2223 1807 2444 1879 [Mmsh
2477 1807 2683 1863 Concil.
2711 1807 2830 1874 XX,
2873 1808 3027 1881 828.]

1911 1898 2162 1956 Unnanus
2183 1901 2493 1970 episcorms,
2520 1914 2708 1955 servus
2734 1915 3014 1955 servorum
3044 1901 3159 1966 Dei,
3183 1915 3416 1958 venera-

1836 1990 1930 2044 bili
1998 1989 2152 2044 fratri
2203 1989 2451 2055 Hccozu,
2509 1990 2852 2061 Lugdunensi
2909 1992 3316 2064 archiepiscopo
3361 2007 3418 2049 et

1839 2080 2079 2150 primati,
2109 2082 2330 2151 ejusque
2367 2080 2772 2136 successoribus
2807 2081 3066 2138 canonice
3099 2098 3416 2152 promoven-

1838 2171 1923 2226 dis
1953 2171 2006 2224 in
2039 2181 2382 2240 perpetuum.

1908 2261 1984 2314 Ex
2023 2260 2328 2330 apostolica:
2354 2261 2496 2316 sedis
2521 2259 2702 2316 debito
2725 2269 2779 2316 ct
2811 2271 3119 2318 sanctorum
3153 2277 3420 2316 canonum

1839 2354 2164 2409 auctoritate
2212 2353 2558 2424 impellimur,
2605 2354 2660 2408 in
2699 2355 2948 2410 onmibus
2998 2354 3196 2423 ubique
3242 2363 3415 2408 terra-

1839 2463 1958 2502 rum
1993 2447 2269 2511 Ecelesiis,
2309 2461 2472 2516 prave
2519 2456 2640 2501 aeta
2685 2448 2976 2517 corrigere,
3028 2458 3176 2502 recte
3218 2455 3419 2501 statuta

1841 2539 2078 2595 firntare.
2105 2539 2258 2595 Unde
2289 2555 2410 2594 cum
2456 2555 2553 2595 nos
2593 2541 2644 2594 in
2681 2539 2975 2595 Galliarum
3012 2551 3193 2611 partes
3231 2540 3421 2596 venire

1839 2645 2084 2699 superna:
2129 2629 2500 2700 dispositionis
2553 2631 2794 2700 dignatio
2847 2631 3226 2694 concessisset,
3277 2645 3420 2684 cum:

1841 2720 1996 2774 nobis
2029 2719 2141 2773 fuit
2162 2720 2304 2788 apud
2339 2719 2798 2776 Clarunnnontem
2841 2719 3118 2774 Arvernia:
3170 2719 3421 2788 generale

1841 2813 2128 2868 concilium
2159 2827 2478 2867 convocare.
2509 2812 2584 2866 lbi
2617 2813 2756 2866 inter
2783 2812 2886 2865 alia
2919 2827 3039 2880 qua:
3080 2813 3146 2866 ad
3183 2814 3412 2882 synoda-

1845 2905 1946 2958 lem
1977 2904 2306 2958 audientiam
2335 2904 2667 2958 discntiemla
2698 2904 2900 2975 perlata
2930 2914 3077 2968 sunt,
3110 2904 3420 2958 fraternitas

1843 3002 1931 3046 tua
1963 2993 2029 3047 de
2057 2993 2288 3062 primatu
2311 3002 2511 3048 sancta:
2537 2993 2909 3061 Lugdunensis
2934 2993 3187 3048 Ecclesia:
3229 3009 3420 3063 querc-

1847 3082 1951 3135 lam
1980 3083 2243 3151 exposuit,
2275 3083 2460 3138 multis
2493 3083 2602 3154 jam
2637 3093 2761 3139 ante
2793 3085 3210 3154 provincialibus
3242 3085 3422 3140 conci-

1769 3181 1814 3241 ε
1847 3175 1930 3228 liis
1957 3175 2236 3241 agitatam.
2265 3176 2425 3232 Lecta
2450 3185 2575 3231 sunt
2595 3176 2647 3230 in
2678 3179 2864 3232 eodeni
2888 3192 3144 3234 concessu
3174 3177 3422 3231 eumdem

1842 3267 2131 3336 primatum
2169 3271 2466 3323 astruentia
2513 3269 2768 3325 Romana:
2815 3279 2868 3324 et
2892 3270 3198 3339 apostolica:
3234 3279 3419 3324 aucto-

1844 3359 2019 3414 ritatis
2050 3359 2346 3431 privilegia.
2375 3360 2509 3415 Cum
2562 3361 2722 3426 igitur
2770 3361 3056 3414 liicberins
3093 3360 3424 3414 Senonensis

1841 3448 2276 3519 archiepiscopus
2305 3466 2404 3519 pro
2430 3465 2592 3504 causa
2624 3451 2726 3503 hac
2767 3451 2853 3503 die
2886 3450 3058 3503 altero
3100 3451 3424 3519 respomlere

1843 3547 2140 3608 prmceptus
2177 3551 2340 3602 esset,
2389 3538 2697 3608 multamque
2736 3539 3105 3593 excusationis
3158 3539 3421 3593 rationem

1843 3630 2135 3700 legitimam
2166 3630 2507 3696 reddidisset,
2548 3629 2746 3700 placuit
2791 3639 2968 3683 tamen
2999 3630 3155 3685 nobis
3192 3647 3256 3683 ex
3295 3646 3421 3699 apo-

1843 3721 2045 3775 stolicze
2077 3719 2502 3776 mansuetudinis
2527 3719 2881 3782 alnnnlantia,
2909 3721 2975 3772 ad
3005 3719 3423 3774 deliberandum

1843 3812 1908 3867 de
1935 3810 2269 3880 subiectione
2308 3812 2430 3878 hac,
2465 3812 2516 3866 in
2548 3813 2688 3867 diem
2723 3811 2938 3866 tertium
2974 3813 3216 3868 inducias
3245 3813 3419 3864 indul-

1842 3919 1987 3974 gere.
2039 3903 2223 3958 Tertio
2277 3904 2456 3972 itaque
2504 3903 2611 3968 die,
2669 3917 2792 3957 enm
2843 3917 2902 3956 se
2951 3901 3036 3957 ille
3080 3903 3274 3971 partim
3327 3917 3423 3970 pro

1844 3992 2041 4063 negotii
2065 3994 2399 4065 gravamine,
2420 3994 2615 4064 partim
2639 4008 2735 4062 pro
2760 3992 3096 4062 aegritudinis
3115 3992 3420 4051 occasione.

1843 4085 2086 4156 synodali
2137 4087 2421 4140 convcntui
2459 4085 2832 4148 subtraxisset,
2879 4098 2976 4152 per
3013 4083 3217 4152 legatos
3247 4084 3421 4150 requi-

1843 4176 2000 4237 situs,
2026 4184 2084 4229 et
2110 4176 2331 4230 obedire
2378 4190 2629 4242 renuens,
2675 4174 2851 4228 adhuc
2892 4173 3220 4228 deliberandi
3264 4173 3420 4226 indu-

1844 4265 1957 4320 cias
2014 4264 2308 4336 ﬂagitabat.
2353 4265 2688 4320 Definitionis
2741 4264 2906 4320 etiam
2955 4262 3068 4333 jam
3112 4263 3423 4316 imminente

1845 4358 2133 4422 sententia,
2173 4373 2388 4412 rnrsmn
2412 4357 2479 4412 ab
2509 4356 2838 4411 Senonensis
2883 4354 3124 4410 ecclesiae
3163 4353 3421 4423 suifraga-

1847 4448 1964 4502 neis
2000 4448 2052 4500 in
2085 4448 2226 4502 diem
2254 4447 2505 4512 alterum,
2535 4457 2596 4502 ut
2637 4463 2761 4502 eum
2805 4445 3124 4500 familiarius
3169 4443 3421 4498 conveni-

153 4551 504 4616 rnalctidens,
557 4561 610 4605 et
663 4551 890 4622 justitize
929 4552 1257 4606 sententiam
1290 4549 1480 4604 audire
1522 4565 1737 4618 perme-

1845 4547 1983 4601 rent,
2030 4537 2258 4592 inducize
2308 4538 2604 4608 impetrata:
2651 4546 2804 4602 sunt;
2842 4551 2904 4591 ea
2935 4535 3185 4590 nimirum
3216 4533 3422 4602 pollici-

159 4653 349 4706 tuens,
379 4641 606 4697 concilio
641 4657 698 4696 se
738 4642 1026 4696 subtraxit.
1060 4640 1244 4696 Tertio
1272 4641 1435 4709 igitur
1461 4646 1744 4693 evocatum

155 4749 292 4787 cuin
335 4734 557 4788 omnino
613 4732 1046 4802 subterfugiss'et,
1096 4747 1192 4786 nos
1240 4729 1357 4799 ejus
1415 4729 1596 4800 fugam
1645 4745 1745 4798 pro

158 4823 512 4878 confessione
554 4823 842 4887 habentes,
878 4823 1175 4877 secundum
1227 4820 1590 4876 ttniversalem
1620 4835 1745 4874 con-

157 4912 276 4967 cilii
307 4913 632 4966 sententiam
663 4928 727 4966 ex
754 4919 1064 4966 sanctorum
1108 4926 1378 4966 canonum
1422 4909 1744 4964 auctoritate

159 5002 434 5072 prolatam
461 5003 531 5057 ab
557 5002 704 5056 omni
741 5002 1032 5071 episcopali
1068 5003 1259 5056 ordine
1292 5001 1663 5070 deposuimus,
1689 5010 1745 5055 et

157 5095 472 5149 Manassen:
500 5092 749 5148 electioni
804 5108 914 5147 sua:
955 5101 1010 5146 et
1059 5102 1253 5147 vestra:
1293 5091 1551 5146 Ecclesia:
1583 5091 1762 5146 vesti--

156 5185 396 5247 luimus,
428 5183 862 5238 collaudantibus
889 5195 945 5238 et
990 5183 1472 5239 corroborantibus
1497 5191 1608 5238 tam
1631 5197 1744 5237 me-

155 5276 498 5345 tropolitano
529 5284 712 5330 vestro
759 5274 1009 5330 Remensi
1055 5275 1299 5330 antistite
1331 5290 1494 5343 quam
1523 5283 1581 5329 et
1625 5273 1746 5328 uni-

155 5367 345 5422 versis
373 5365 612 5434 ejusdem
659 5365 970 5433 metropolis
1017 5364 1395 5434 suﬂ'raganeis.
1450 5364 1603 5419 Nune
1649 5379 1747 5420 vos

158 5461 366 5513 litteris
394 5456 751 5526 praesentibus
773 5471 1201 5520 commonemus,
1239 5465 1294 5510 et
1330 5456 1626 5525 apostolica
1652 5471 1746 5509 au-

159 5552 427 5607 ctoritate
450 5549 808 5620 prmcipimus,
839 5563 907 5603 ne
940 5547 1321 5604 Gualcberinm
1363 5548 1588 5603 ulterius
1612 5547 1747 5603 reci-

161 5655 303 5710 pere
349 5639 715 5709 prmsumatis,
765 5637 1008 5693 Manasse
1038 5648 1220 5693 autem
1269 5647 1525 5707 tanquam
1566 5646 1747 5691 vestro

165 5747 304 5789 vere
332 5731 600 5788 catholico
624 5731 874 5802 episcopo
898 5730 1260 5787 obedientiam
1302 5730 1512 5802 plenius
1543 5729 1748 5800 impen-

1852 4628 2052 4681 tatione
2078 4627 2376 4696 pnemissa,
2411 4637 2468 4682 ut
2493 4627 2537 4682 si
2569 4628 2732 4682 etiam
2777 4627 2864 4681 ille
2909 4636 3034 4680 tunc
3072 4622 3423 4693 pertinaciter

1846 4718 2192 4779 reniteretur,
2225 4717 2327 4788 ipsi
2354 4726 2530 4772 tamen
2569 4718 2865 4773 definitioni
2898 4715 3112 4772 concilii
3155 4714 3423 4769 unanimi.

1849 4818 1932 4864 ter
1961 4809 2118 4864 obedi
2128 4818 2264 4864 rent.

1920 4899 2086 4952 l‘orro
2137 4898 2224 4951 die
2261 4895 2372 4965 jam
2423 4907 2574 4951 sexto
2622 4895 2833 4949 concilii
2878 4893 3111 4958 evoluta,
3154 4908 3276 4948 cum
3333 4893 3419 4948 ille

1849 4987 2027 5040 adhuc
2062 4986 2306 5042 inducias
2343 4985 2643 5054 expetendo
2684 4983 2990 5046 resisteret,
3038 4997 3106 5036 ex
3141 4984 3304 5037 totius
3332 4998 3416 5052 sy-

1845 5078 1970 5132 nodi
2024 5077 2208 5132 favore
2252 5087 2309 5130 et
2359 5075 2562 5144 judicio
2613 5075 2875 5130 sancitum
2929 5083 3013 5128 est
3051 5073 3418 5128 Senonensem

1845 5172 2308 5241 archiepiscopum
2348 5169 2692 5240 Lugdunensi
2731 5176 2983 5236 tanquam
3029 5166 3245 5237 primati
3295 5167 3449 5220 sub--

1841 5262 2129 5332 jeetionem
2159 5263 2630 5329 obedientiamque
2657 5259 2874 5323 debere,
2902 5259 3029 5328 quia
3059 5267 3115 5313 et
3141 5259 3416 5328 catalogo-

1848 5371 1967 5410 rum
1995 5356 2310 5420 auctoritas,
2347 5365 2402 5409 et
2443 5353 2589 5409 sedis
2628 5351 2934 5422 apostolica:
2959 5351 3191 5422 idipsum
3230 5359 3420 5407 conte-

1848 5449 2094 5503 stabatur
2121 5446 2434 5501 auctoritas.
2463 5444 2557 5500 Cui
2590 5444 2830 5513 profccto
2848 5444 3132 5498 sententize
3162 5457 3222 5498 se
3252 5441 3422 5497 humi-

1849 5540 1972 5594 liter
2021 5539 2372 5602 obedituros,
2427 5533 2753 5590 Senonensis
2801 5532 3052 5588 Ecclesia:
3099 5531 3418 5600 suﬂ‘raganci

1851 5632 2065 5702 propria
2103 5630 2332 5699 qni.:que
2377 5643 2506 5684 voce
2550 5627 2822 5697 professus
2865 5635 2964 5680 est.
2997 5625 3226 5694 ldipsum
3258 5625 3422 5678 etiam

1851 5724 1918 5778 dc
1984 5720 2399 5792 Itothomagcnsi
2458 5719 2698 5775 Ecclesia
2751 5719 3128 5774 continuatum
3188 5725 3288 5771 est.
3345 5713 3431 5769 De.
