3888 6322
398 295 506 348 150

397 501 513 549 sine
545 496 902 562 refragatione
934 496 1241 559 obedierat,
1281 493 1425 548 nulla
1455 493 1566 562 jam
1595 495 1823 563 qumstio
1863 509 1975 548 mo-

399 587 641 641 vebatur.
676 587 770 640 Die
796 601 922 640 vero
950 585 1168 641 concilii
1195 594 1409 648 octavo,
1441 595 1532 639 tua
1556 585 1751 639 iterum
1782 584 1976 637 frater-

395 679 537 732 nitas
591 686 779 746 questa
837 684 920 730 est
979 674 1352 731 Senonensem
1417 676 1880 745 archiepiscopum
1947 690 1979 727 a

394 767 584 837 legatis
614 766 740 831 tuis,
786 765 1044 836 Aganone
1076 767 1282 821 scilicet
1319 766 1575 822 Ealuettsi
1607 775 1659 820 et
1689 764 1979 820 Lamberto

391 857 738 911 Atrebatensi
788 857 1056 926 episcopis
1115 858 1488 921 admonitum,
1541 857 1740 911 nullam
1804 857 1980 910 adhuc

395 948 737 1012 LugdunenSI
773 948 1026 1002 Ecclesia:
1061 963 1160 1019 pro
1189 949 1423 1018 primatu
1471 949 1826 1002 reverentiam
1857 962 1983 1014 prn-

393 1038 556 1092 litcri.
601 1038 905 1108 Eapropter
956 1055 1076 1105 nos,
1135 1049 1248 1095 toto
1303 1040 1673 1096 consentiente
1727 1040 1975 1101 concilio,

392 1129 538 1196 pallii
587 1146 740 1183 nsum
788 1141 843 1185 et
888 1129 1346 1200 suflraganeorum
1395 1131 1776 1190 obedientiam.
1811 1131 1980 1184 donec

397 1219 509 1283 ipse
532 1218 798 1284 obediret,
823 1217 1118 1273 Senonensi
1143 1219 1550 1288 archiepiscoiio
1580 1219 1979 1274 interdiximus.

395 1308 451 1360 111
504 1308 990 1380 llothon'iagensem
1051 1325 1286 1380 quoque,
1337 1311 1426 1378 qui
1473 1311 1683 1375 aberat,
1733 1308 1976 1363 eamdem

396 1397 719 1462 sententiam
771 1398 1208 1473 promulgramus,
1256 1399 1360 1455 nisi
1417 1399 1553 1452 infra
1604 1407 1715 1452 tres
1765 1411 1980 1451 menses

396 1493 517 1552 post
549 1487 869 1539 sententiam
906 1488 1198 1557 cognitam,
1230 1488 1497 1558 siquidem
1528 1488 1646 1540 viva
1688 1501 1822 1540 voce
1871 1500 1976 1539 non

397 1583 603 1642 posset,
652 1574 1039 1644 subjectionem
1086 1577 1319 1631 debitam
1360 1577 1562 1645 scripto
1615 1575 1974 1646 polliceretur.

398 1663 570 1732 ipsius
608 1664 788 1734 itaque
835 1665 1208 1736 sulIr-aganeis,
1260 1666 1350 1736 qui
1393 1674 1684 1736 praesentes
1733 1669 1976 1730 aderant,

1717 288 1778 344 Β.
1823 287 2072 345 [ΤΚΒλῖἱί
2108 286 2148 343 11
2185 283 2389 342 ΡΑΡΑῈΖ

398 404 698 460 'l‘uronensi
744 404 916 467 011101,¹
936 401 1064 471 quia
1116 399 1222 460 iam
1252 417 1282 455 a
1329 403 1612 458 retroactis
1640 405 1973 474 temporibus
2002 411 2046 463 Α

3555 285 3651 343 1111

2741 393 2872 451 CLX
2884 394 2968 451 Vl.

2132 492 2471 560 Pririfegium
2494 505 2587 559 pro
2621 489 2838 542 ecclesia
2867 487 2925 542 S.
2955 486 3148 540 Jacobi
3175 485 3614 557 Compoueffaua.

2663 581 2842 649 (Anno
2882 578 3066 646 1095.)

2331 671 2588 742 πωλεῖ,
2613 669 2835 740 Εεραῆα
2864 667 3128 737 Sagrada,
3156 666 3279 733 XX,
3304 667 3432 740 2L}

2154 762 2402 817 Unas-sus
2436 760 2740 830 episcopus,
2772 774 2964 814 servus
3012 774 3294 814 servorum
3323 759 3441 827 Dei,
3473 760 3661 830 dilecto

2085 853 2235 907 fratri
2261 853 2594 914 9111010010,
2638 849 3070 920 Compostellano
3115 851 3398 920 episcopo,
3445 852 3664 920 ejusque

2083 943 2486 999 successoribus
2521 942 2781 996 canonice
2809 943 3190 1010 promovendis
3234 942 3288 994 in
3324 953 3662 1011 perpetua.

2154 1033 2406 1088 Veterum
2461 1030 2796 1102 synodalium
2851 1038 2906 1085 et
2948 1040 3222 1100 gestorum
3275 1031 3662 1100 pontificalium

2082 1125 2248 1179 series
2317 1123 2604 1178 confitetur
2667 1135 2882 1190 semper
2927 1121 3041 1178 sedi
3089 1121 3404 1190 apostolicae
3459 1121 3666 1178 licuisse

2079 1225 2142 1269 111
2189 1225 2242 1270 01
2279 1230 2376 1284 pro
2413 1214 2675 1283 temporis
2722 1213 2931 1268 ratione
2979 1213 3269 1282 conjuncta
3315 1213 3664 1280 disjungeret,

2081 1316 2133 1361 et
2172 1307 2437 1376 disjtmcta
2478 1302 2850 1374 conjungeret,
2895 1312 2946 1358 et
2978 1304 3135 1358 sedes
3168 1303 3396 1358 sedibus
3428 1319 3664 1358 commu-

2085 1407 2238 1452 taret.
2276 1397 2391 1450 Hac
2431 1397 2596 1468 igitur
2629 1395 3046 1466 praecedentium
3084 1392 3306 1448 Patrum
3349 1395 3669 1450 auctoritate

2081 1489 2304 1552 ﬁrmati,
2341 1488 2459 1553 tibi,
2495 1490 2662 1542 frater
2709 1487 2758 1540 in
2791 1485 3008 1541 Christo
3049 1484 3377 1540 charissime
3423 1484 3664 1550 Dalmati,

2084 1580 2294 1648 tuisque
2321 1577 2752 1638 successoribus,
2780 1574 2988 1629 decreti
3031 1575 3319 1644 praesentis
3350 1575 3673 1629 auctoritate

2081 1668 2427 1723 concedimus
2472 1683 2575 1736 pro
2618 1667 2677 1720 Β.
2720 1665 2946 1736 apostoli
3002 1663 3186 1720 Jacobi
3244 1666 3586 1732 reverentia,
3620 1677 3672 1718 ut

397 1760 723 1814 sententiain
777 1771 1018 1815 nostram
1070 1761 1246 1816 debita
1302 1761 1606 1816 humilitate
1638 1758 1979 1828 suscipienti-
2012 1761 2222 1822 11510111
2267 1759 2612 1829 episcopatus
2659 1758 2971 1811 cathedram
3021 1756 3465 1824 praedecessores
3514 1757 3672 1810 vestri

396 1853 496 1906 bus
553 1867 616 1906 ac
669 1853 1029 1907 obedientiam
1089 1853 1568 1923 promittentibus,
1631 1852 1710 1906 sic
1762 1850 1974 1904 tandem

393 1940 770 2010 Lugdunensis
823 1941 1078 1996 Ecclesiae
1115 1940 1332 2009 querela
1379 1942 1630 1996 diuturna
1661 1980 1676 2004 ,
1705 1948 1979 1994 annuente

395 2029 654 2094 1101111110,
701 2031 988 2084 terminata
1023 2039 1128 2086 est.
1175 2030 1278 2086 Per
1319 2031 1600 2100 praesentis
1654 2030 1818 2100 igitur
1871 2029 1988 2099 prim

396 2121 577 2190 vilegii
625 2122 899 2192 paginam,
948 2121 1290 2192 Lugduneusi
1322 2123 1573 2177 Ecclesia:
1628 2133 1730 2176 11110
1779 2121 1979 2190 prima-

396 2223 508 2265 tum
542 2227 706 2280 super
743 2221 976 2281 quatuor
1006 2213 1312 2281 provincias
1355 2212 1763 2273 confirmamus,
1797 2219 1851 2264 et
1883 2226 1978 2279 per

395 2318 517 2356 eam
573 2302 669 2356 tibi
728 2303 940 2371 tuisque
990 2303 1440 2366 successeribus,
1494 2302 1579 2356 his
1634 2310 1840 2354 tantum
1885 2300 1976 2368 qui

397 2407 464 2446 eo
530 2392 724 2447 ordine
774 2407 946 2460 coque
1011 2400 1196 2446 tenore
1251 2391 1402 2446 electi
1456 2392 1540 2446 vel
1589 2391 1817 2460 promoti
1868 2389 1981 2444 fue-

396 2485 530 2550 rint,
568 2485 659 2553 qui
697 2496 789 2553 001
824 2494 1039 2560 sancta:
1076 2484 1350 2539 memoriae
1377 2483 1620 2553 Gregorii
1651 2482 1735 2538 Yll
1766 2481 1983 2552 privile-

397 2573 556 2643 gium
593 2573 997 2642 praedecessori
1025 2584 1114 2630 tuo
1158 2563 1393 2630 Gibuino
1438 2573 1690 2644 praefixos
1736 2582 1792 2627 et
1839 2588 1978 2642 prm-

397 2665 636 2734 scriptus
691 2673 794 2719 est.
858 2664 1195 2720 Provinciam
1245 2674 1426 2719 autem
1476 2664 1593 2719 illas
1652 2678 1788 2732 quas
1830 2662 1983 2716 vobis

399 2754 808 2818 confirmamus,
840 2755 1070 2810 dicimus
1117 2753 1555 2824 Lugdunensem,
1586 2753 1986 2822 Ilothomagen-

401 2861 538 2909 sem,
573 2844 942 2908 Turoneusem
986 2854 1041 2900 et
1091 2845 1480 2910 Seuonensem,
1525 2858 1583 2900 ut
1615 2847 1699 2900 hae
1735 2844 1984 2901 videlicet

399 2936 688 3004 provinciae
722 2936 1043 3006 condignam
1077 2936 1418 3008 Lugd’unensi
1448 2937 1704 2991 Eccksite
1729 2935 1983 2991 obedien-

401 3027 530 3079 tiam
576 3025 808 3091 solvant,
849 3036 903 3080 et
945 3026 1204 3080 honorem
1237 3042 1396 3096 quem
1435 3026 1663 3080 Romani
1705 3026 1985 3096 pontiﬁces

2081 1853 2134 1906 in
2166 1850 2296 1904 urbe
2325 1866 2444 1918 (ιυίο
2471 1848 2566 1904 Ilia
2593 1848 2706 1919 (59)
2733 1847 2938 1902 dicitur
2959 1846 3287 1910 habuerunt,
3329 1846 3410 1899 ita
3452 1847 3672 1914 perenni

2080 1941 2333 2012 deinceps
2361 1950 2601 2010 tempore
2637 1940 2690 1993 in
2729 1955 2790 1993 ea
2817 1953 2944 2009 qua:
2973 1937 3336 2008 Compostella
3370 1939 3598 2002 dicitur,
3627 1947 3678 1992 et

2079 2031 2369 2086 ecclesiam
2402 2031 2645 2084 00111111οι
2674 2029 2726 2082 111
2758 2043 2861 2098 qua
2903 2028 2962 2082 Β.
2995 2025 3178 2082 ,11100111
3215 2043 3426 2096 corpus
3469 2029 3680 2095 requie-

2082 2137 2234 2178 scere
2266 2123 2529 2189 creditur,
2565 2121 2768 2175 habere
2815 2118 3078 2173 debeatis.
3126 2118 3397 2174 Universa
3443 2133 3582 2187 ergo
3617 2118 3675 2170 ad

2081 2217 2317 2285 praafatze
2361 2216 2470 2270 Iliae
2522 2213 2760 2269 civitatis
2822 2211 3098 2266 dioecesim
3151 2209 3535 2280 pertinentia,
3590 2208 3680 2262 tibi

2083 2308 2298 2377 tuisque
2357 2305 2762 2362 successoribus
2823 2302 3030 2372 integra
3097 2316 3316 2370 semper
3361 2311 3422 2354 et
3475 2300 3676 2353 illibata

2081 2411 2399 2467 permanere
2453 2393 2810 2449 decrevimus.
2863 2393 2946 2446 Ad
2993 2391 3110 2445 11ωο
3155 2405 3254 2458 pro
3305 2388 3580 2459 singulari
3625 2387 3678 2440 Β.

2081 2487 2264 2542 Jacobi
2315 2487 2601 2540 devotione
2642 2483 2990 2538 concedimus
3034 2491 3093 2536 ut
3139 2489 3245 2534 tam
3297 2490 3352 2534 tu
3389 2496 3560 2548 quam
3611 2478 3679 2533 tui

2081 2579 2337 2650 deinceps
2371 2593 2737 2640 successores,
2770 2575 2902 2630 nulli
2939 2585 3136 2644 prteter
3177 2573 3430 2627 1101011110
3483 2581 3679 2625 metro—

2085 2671 2325 2741 politano
2353 2669 2580 2736 subjecti
2611 2669 2749 2731 sint;
2792 2675 2846 2721 et
2881 2679 3070 2719 omnes
3117 2665 3207 2732 qui
3240 2662 3337 2716 tibi
3389 2662 3447 2715 in
3494 2662 3678 2715 eadem

2084 2763 2213 2818 sede
2258 2761 2653 2824 successerint,
2704 2774 2800 2828 per
2847 2771 3066 2810 manum
3115 2753 3344 2808 Romani
3407 2751 3681 2820 pontiﬁcis

2089 2862 2342 2922 tauquam
2373 2849 2638 2920 speciales
2680 2847 2940 2901 Romana:
2981 2843 3123 2900 sedis
3169 2840 3509 2911 suﬂ’raganei
3556 2856 3679 2895 eoa—

2086 2953 2386 3000 secrentur.
2416 2944 2682 2998 Praeterea
2713 2951 2967 2996 mansuro
3007 2937 3064 2991 in
3106 2944 3434 3006 perpetuum
3464 2934 3678 2986 decreto

2088 3038 2364 3092 sancimus
2413 3045 2473 3090 ut
2497 3033 2756 3104 quidquid
2816 3032 3081 3086 hactenus
3101 3027 3257 3096 ’juste
3299 3025 3450 3080 beati
3497 3024 3676 3078 Jacobi

401 3119 731 3174 reddendum
782 3133 904 3174 esse
951 3119 1168 3188 scriptis
1214 3120 1448 3189 proliriis
1485 3120 1852 3188 praclixerunt,
1891 3118 1983 3172 de-

2092 3128 2331 3183 ecclesize
2357 3126 2694 3182 testamentis
2719 3123 2990 3193 regalibus
3016 3120 3255 3175 oblatum
3279 3127 3388 3183 est,
3422 3116 3676 3186 quidquid

399 3225 522 3269 vote
550 3214 955 3283 humiliterque,
1004 3214 1149 3270 salva
1198 3215 1252 3268 in
1303 3213 1554 3268 omnibus
1593 3213 1736 3267 sedis
1773 3223 1986 3283 aposto-

400 3307 517 3363 licae
547 3309 853 3362 reverentia
879 3317 935 3362 et
963 3308 1305 3362 auctoritate.
1343 3305 1398 3360 Si
1446 3322 1550 3374 qua
1594 3319 1724 3360 sane
1772 3307 1824 3359 in
1867 3320 1988 3358 cra-

399 3400 600 3454 stinum
632 3400 1001 3454 ecclesiastica
1037 3399 1378 3454 srecularisve
1408 3413 1660 3467 persona,
1690 3398 1850 3466 hujus
1879 3399 1988 3468 pri-

396 3489 578 3558 111οεἰί
602 3491 851 3558 paginam
875 3490 1076 3554 sciens,
1104 3498 1293 3544 contra
1316 3503 1436 3542 eam
1468 3488 1652 3543 venire
1678 3489 1983 3554 tentaverit,

403 3582 643 3636 secundo
693 3582 920 3636 tertiove
976 3581 1326 3644 commonita,
1356 3579 1400 3633 si
1463 3596 1566 3633 non
1617 3577 1986 3634 satisfactione

400 3687 638 3741 congrua
669 3671 1058 3734 emendaverit,
1094 3671 1377 3740 potestatis
1410 3671 1738 3738 honorisque
1786 3669 1867 3723 sui
1909 3669 1989 3723 di-

405 3761 612 3824 gnitate
655 3771 856 3823 careat,
896 3775 1152 3828 reamque
1200 3776 1259 3814 se
1297 3761 1478 3814 divino
1513 3759 1718 3828 judicio
1757 3760 1988 3813 existere

406 3853 474 3904 de
500 3858 810 3919 perpetrata
839 3849 1121 3918 iniquitate
1147 3858 1455 3919 cognoscat.
1484 3860 1537 3902 et
1565 3863 1593 3901 a
1622 3848 1991 3902 sacratissimo

405 3955 634 4009 corpore
681 3955 744 3995 ac
789 3942 1050 4011 sanguine
1099 3940 1191 3994 Dei
1238 3950 1292 3994 et
1350 3940 1558 3994 Domini
1611 3939 1990 4008 Redemptoris

406 4031 574 4085 nostri
605 4029 732 4085 Jesu
763 4031 960 4085 Christi
1007 4030 1177 4084 aliena
1220 4029 1330 4093 fiat,
1377 4038 1539 4098 atque
1580 4037 1825 4082 extremo
1862 4044 1990 4083 exa-

407 4119 552 4172 mine
599 4119 862 4174 districtte
925 4117 1110 4172 ultioni
1184 4117 1478 4185 subjaceat.
1533 4118 1755 4172 Cttnetis
1807 4127 1988 4172 autem

407 4211 582 4266 eidem
627 4208 881 4264 Ecclesia:
920 4209 1064 4279 justa
1117 4209 1459 4264 servantibus
1503 4208 1573 4262 sit
1623 4223 1726 4277 pax
1778 4207 1988 4262 Domini

405 4303 578 4358 nostri
607 4301 735 4356 Jesu
765 4301 989 4364 Christi,
1011 4310 1278 4370 quatenus
1307 4310 1361 4354 et
1390 4299 1476 4353 hic
1506 4298 1737 4354 fructum
1763 4298 1990 4352 actionis

405 4395 753 4465 percipiant,
809 4402 862 4445 et
921 4394 1060 4461 apud
1121 4393 1425 4447 districtum
1472 4391 1707 4461 judicent
1771 4390 1987 4460 1100111111

405 4491 622 4537 acterna:
652 4482 802 4551 pacis
843 4465 1134 4535 inveniant.
1161 4481 1351 4535 Amen.

479 4573 845 4628 lutet-fuerunt
883 4582 1060 4626 autem
1088 4572 1384 4627 definitioni
1427 4573 1552 4628 huic
1597 4573 1996 4644 archiepiscopi

409 4667 746 4722 diversarum
799 4663 1202 4727 provinciarum
1257 4679 1479 4718 numero
1519 4665 1823 4729 duodecim,
1865 4681 1985 4718 cum

409 4759 679 4828 episcopis
731 4757 1045 4828 octoginta,
1098 4757 1383 4810 abbatibus
1436 4757 1774 4826 nonaginta,
1819 4766 1874 4810 et
1925 4774 1990 4812 eo

412 4849 662 4916 amplius.

483 4939 673 4992 Datum
731 4939 870 5008 apud
912 4938 1366 4993 Clarummontem
1417 4937 1696 4993 Arveruia:
1744 4953 1839 5007 per
1880 4953 1992 4990 ma-

412 5042 539 5080 num
593 5027 846 5090 Joannis,
913 5038 1116 5084 sancta:
1168 5027 1429 5082 Romana:
1474 5027 1726 5082 Ecclesiae
1781 5028 1991 5082 diaconi

412 5115 739 5179 cardinalis,
789 5116 1038 5172 Kalendis
1089 5117 1421 5180 Decembris,
1467 5117 1757 5172 indictione
1812 5117 1990 5180 tertia,

412 5224 557 5263 anno
592 5207 878 5262 Dominicze
909 5209 1300 5263 lucarrmtionis
1328 5208 1616 5262 millesimo
1642 5209 1992 5277 nonagesimo

415 5300 627 5368 quinto,
669 5298 1014 5368 pontificatus
1054 5311 1231 5355 autem
1273 5300 1476 5356 domini
1522 5299 1726 5354 Urbani
1771 5301 1991 5353 secundi

415 5405 568 5462 papae
596 5407 738 5446 anno
767 5400 978 5445 octavo.
1016 5424 1020 5428 λ

2088 3218 2352 3289 eatalogis
2373 3217 2628 3288 legitimis
2653 3215 2982 3280 continetur,
3011 3211 3267 3282 quidquid
3297 3209 3670 3276 parochiarum

2087 3309 2305 3364 lriensis
2347 3308 2606 3362 cathedra
2656 3305 2800 3375 justo
2851 3302 3109 3359 habuisse
3155 3301 3536 3369 cognoscitur,
3587 3295 3672 3350 tibi

2090 3399 2302 3467 tuisque
2332 3397 2590 3465 legitimis
2618 3393 3024 3450 successoribus
3051 3383 3444 3458 Compostelhe'
3462 3402 3666 3456 perma-

2089 3490 2338 3545 nentibus
2367 3488 2579 3542 firmum
2619 3499 2834 3555 semper
2864 3486 3240 3553 integrumque
3273 3491 3550 3534 servetur.
3579 3478 3671 3532 \e

2088 3590 2258 3636 stram
2284 3580 2350 3634 de
2379 3590 2576 3633 caetero
2622 3578 2884 3632 condecet
2930 3573 3305 3636 sanctitatem,
3346 3580 3552 3625 sancta:
3577 3569 3671 3623 Bo-

2089 3687 2261 3726 mante
2308 3669 2564 3724 Ecclesiae
2611 3669 2826 3724 decreta
2872 3669 2924 3721 in
2971 3668 3224 3723 omnibus
3265 3668 3590 3729 observare,
3625 3673 3669 3716 ct

2092 3765 2163 3819 ita
2211 3765 2473 3818 virtutum
2521 3761 2643 3816 luce
2686 3761 2915 3815 interius
2954 3760 3301 3828 exteriusque
3342 3757 3572 3828 fulgere,
3622 3764 3670 3808 ut

2089 3859 2308 3912 videant
2358 3870 2548 3910 omnes
2594 3862 2773 3908 vestra
2820 3853 2958 3908 bona
3003 3867 3206 3923 opera,
3267 3861 3326 3907 et
3380 3849 3671 3921 glorificent

2089 3946 2305 4001 Patrem
2338 3954 2575 4000 vestrum
2612 3943 2704 4012 qui
2735 3943 2788 3997 in
2819 3942 2973 3996 001115
3001 3949 3105 3997 051.

2161 4039 2304 4091 Sane
2327 4037 2374 4090 si
2404 4035 2526 4105 quis
2557 4036 2609 4088 in
2647 4035 2939 4088 crastinum
2971 4031 3422 4101 archiepiscopus
3453 4040 3543 4085 aut
3573 4029 3672 4099 epi-

2091 4145 2306 4198 scopus,
2338 4129 2630 4197 imperator
2665 4135 2756 4180 aut
2792 4140 2907 4190 rex,
2940 4125 3189 4194 princeps
3237 4131 3332 4176 aut
3361 4123 3496 4184 dux,
3539 4136 3670 4176 mar-

2091 4220 2249 4284 chio,
2299 4233 2516 4280 comes,
2562 4219 2899 4280 vicecomes,
2941 4213 3106 4282 judex
3175 4222 3269 4265 aut
3313 4210 3674 4265 ecclesiastica

2090 4311 2343 4380 qumlibet
2386 4309 2728 4365 szecularisve
2778 4321 3032 4377 persona,
3075 4302 3236 4371 hujus
3277 4302 3492 4356 decreti
3540 4301 3678 4369 pagi—

2093 4419 2216 4456 nam
2263 4402 2458 4464 sciens,
2491 4410 2680 4455 contra
2722 4415 2841 4454 eam
2891 4406 3092 4452 temere
3137 4395 3327 4450 venire
3366 4393 3672 4453 tentaverit,

2020 4495 2064 4551 D
2094 4490 2328 4545 secundo
2375 4491 2601 4545 tertiove
2636 4489 3014 4551 commonitus,
3057 4485 3101 4540 si
3153 4499 3257 4538 non
3309 4482 3674 4538 satisfactione

2092 4598 2329 4650 congrua
2359 4580 2746 4644 emendaverit,
2779 4578 3062 4648 potestatis
3098 4575 3438 4642 honorisque
3481 4575 3564 4628 sui
3603 4573 3674 4625 di-

2093 4677 2294 4747 gnitate
2324 4683 2528 4739 careat,
2573 4688 2835 4742 reumque
2875 4687 2936 4726 se
2983 4670 3166 4725 divino
3206 4667 3416 4738 judicio
3451 4666 3675 4719 existere

2094 4770 2160 4823 de
2189 4777 2494 4838 perpetrata
2525 4766 2810 4834 iniquitate
2832 4770 3138 4834 cognoscat,
3168 4771 3223 4814 et
3250 4776 3278 4811 a
3311 4757 3678 4812 sacratissimo

2095 4873 2321 4926 corpore
2382 4872 2448 4912 ac
2493 4856 2760 4926 sanguine
2807 4853 2899 4908 Dei
2953 4860 3008 4906 01
3059 4849 3268 4904 Domini
3327 4847 3505 4902 nostri
3556 4845 3674 4900 Jesu

2095 4949 2292 5004 Christi
2325 4947 2531 5001 alienus
2571 4945 2684 5009 fiat,
2726 4952 2886 5012 atque
2921 4942 2972 4995 in
3000 4949 3246 4993 extremo
3291 4935 3548 4990 examine
3597 4932 3671 4985 di-

2042 5064 2044 5066 ν
2093 5040 2298 5094 strictae
2335 5039 2524 5094 ultioni
2561 5035 2856 5104 subjaceat.
2887 5031 3110 5088 Cunctis
3139 5038 3320 5083 autem
3346 5028 3464 5081 haec
3493 5024 3669 5078 011501-

2096 5132 2363 5195 vantibus,
2391 5140 2444 5185 et
2473 5129 2750 5200 praefatam
2776 5129 2833 5181 B.
2863 5124 3049 5181 Jacobi
3093 5119 3380 5176 ecclesiam
3414 5132 3674 5171 veneran-

2094 5224 2253 5288 tibus,
2287 5223 2357 5278 sit
2394 5238 2498 5292 pax
2529 5221 2740 5277 Domini
2784 5218 2953 5274 nostri
2993 5216 3119 5271 Jesu
3153 5211 3381 5275 Christi,
3415 5218 3674 5279 quatenus

2093 5325 2147 5370 et
2181 5315 2270 5370 hic
2318 5313 2554 5368 fructum
2592 5313 2748 5367 bona:
2795 5309 3023 5364 actionis
3069 5303 3397 5375 percipiant,
3441 5310 3500 5355 et
3541 5295 3669 5366 apud

2098 5405 2403 5459 districtum
2436 5403 2674 5470 judicem
2704 5400 2923 5471 prtemia
2952 5409 3167 5453 10101100
3199 5393 3356 5463 pacis
3381 5389 3664 5446 inveniant.

2099 5495 2289 5560 Amen,
2318 5511 2506 5560 amen,
2536 5509 2716 5548 amen.

485 5637 597 5700 (59)
644 5637 853 5693 Passim
898 5634 1003 5690 Ilia
1049 5634 1129 5690 vel
1185 5632 1328 5688 "ilia
1377 5631 1670 5698 scribitur,
1715 5643 1833 5700 quae
1878 5629 1992 5684 Iri:
2035 5631 2174 5686 sicut
2227 5641 2278 5685 et
2328 5630 2592 5696 Iricuses,
2648 5628 2729 5683 vel
2778 5636 2963 5698 portus
3008 5622 3273 5693 lriensis),
3306 5622 3359 5675 111
3415 5616 3604 5676 eodem

421 5710 605 5762 Codice
643 5711 971 5764 nominatur.
