3888 6322
108 375 192 429 HI

133 497 137 501 '
164 491 334 542 Datum
368 491 465 545 apu

102 576 310 635 Joannis,
333 576 525 626 sanctae
553 563 808 618 Romanae
848 555 1104 612 Ecclesiae
1141 553 1356 606 diaconi
1387 545 1632 603 cardina-

200 663 350 720 Nonis
382 655 704 717 Decembris,
746 649 1037 704 indictione
1073 644 1253 704 tertia,
1282 653 1422 692 anno
1455 634 1634 690 Domi-

101 762 213 814 nicze
254 747 630 809 lncarnationis
673 741 810 798 i095
863 739 1001 809 (41),
1057 734 1401 805 pontiﬁcatus
1455 734 1630 782 autem

99 845 270 902 domini
292 839 488 897 Urbani
517 832 735 890 secundi
763 843 914 900 papa:
940 841 1057 881 νηί.

730 940 978 998 CLXVII.

99 1067 268 1124 Urbani
297 1064 356 1120 11
384 1061 596 1132 epistola
636 1059 720 1132 ad?
748 1041 1635 1132 Hngonem‘fgln‘niaqcnscm

282 1113 346 1177 -ζ
372 1113 797 1188 éitinincertsibtts
835 1113 1099 1178 monachis
1128 1117 1429 1192 facultatem
1453 1113 1630 1164 tribuit

151 1189 323 1261 altaria
359 1215 403 1258 et
438 1203 666 1256 decimas
701 1195 955 1251 retinendi
985 1206 1101 1261 (μίαν
1132 1189 1298 1258 pretio
1329 1196 1630 1261 comparas-

152 1252 608 1332 Iéiii"2i'i1e}i.'iias
655 1285 681 1322 e
732 1283 888 1320 manu
941 1252 1196 1317 laicortim
1246 1252 1542 1310 retrahendi
1586 1252 1632 1303 si

150 1345 404 1402 semiudum
429 1342 594 1396 Deum
619 1339 738 1408 ﬁeri
763 1336 943 1407 possit.

649 1453 826 1522 (Auno
848 1446 1030 1515 1095.)

338 1568 420 1641 [1).
450 1567 730 1629 Βουουετ,
765 1556 998 1624 Recueil,
1029 1553 1166 1617 XIV,
1195 1547 1347 1619 7l6.]

152 1663 374 1718 UBBANUS
398 1661 702 1730 episcopus,
733 1668 923 1710 servus
959 1661 1237 1706 servorum
1262 1643 1379 1706 Dei,
1406 1653 1635 1696 venera-

93 1756 166 1808 bili
210 1752 351 1807 fratri
396 1751 628 1824 llucoar,
660 1743 1000 1800 Cluniacensi
1033 1738 1240 1802 abbati,
1282 1744 1335 1788 et
1374 1732 1630 1787 fratribus

1289 335 1653 402 .EPISTOLAS
1674 325 1762 390 ΕΤ
1785 323 2198 388 ΡῐιινιιεαιΑ.

473 475 502 529 d
535 471 808 526 Privatam
848 442 960 536 (40)
991 460 1244 534 oppidum
1287 472 1384 527 per
1410 466 1626 509 manum
1656 460 1706 518 Α
1732 443 1898 499 Nonis
1946 435 2290 501 Decembris,
2336 432 2628 488 indictione
2687 447 2780 496 ut,
2830 446 2970 486 anno
3019 431 3310 488 Dominicae

3205 320 3310 376 MS

1732 531 2126 588 lncarnationis
2149 526 2308 592 1095,
2324 524 2665 596 pontiﬁcatus
2687 537 2813 577 vero
2839 523 3018 578 domui
3047 523 3243 579 Urbani
3269 523 3312 578 ιι

1732 642 1884 698 papa:
1910 640 2025 679 VIII.

2411 751 2679 807 CLXVIII.

1733 847 2214 921 Diplontanrboni
2248 845 2309 900 II
2339 861 2508 921 paper,
2529 861 2650 921 quo
2674 844 3009 921 priuilegiauet
3043 849 3174 898 bona
3202 861 3312 899 ont-

1947 920 2037 972 m'a
2065 914 2346 988 prioratns
2366 914 2418 967 Μ
2427 917 2537 967 arci
2543 915 2796 968 niacensis
2833 915 3132 982 conﬁrmat.

2323 1009 2502 1078 (Anno
2542 1005 2722 1070 1095.)

1899 1101 2250 1173 [Bibliotheca
2276 1100 2658 1162 Cluniacensis,
2685 1096 2953 1167 Appcnd.,
2982 1113 3031 1167 p.
3057 1097 3170 1168 86.]

1806 1193 2074 1256 UMANUS,
2091 1208 2281 1247 servus
2306 1207 2584 1245 servorum
2606 1190 2718 1254 Dei,
2743 1188 3182 1243 Marciniacensis
3202 1203 3312 1243 caa—

1734 1287 1878 1342 nobii
1917 1284 2420 1340 sanetimonialihus
2468 1282 2693 1338 salutent
2753 1291 2807 1336 et
2842 1279 3191 1350 apostolicam
3222 1282 3312 1335 be-

1733 1379 2108 1435 nedictionem.

1803 1471 1883 1525 Ad
1906 1472 2009 1525 hoc
2033 1485 2150 1534 nos,
2166 1469 2482 1540 disponente
2508 1467 2757 1532 Domino,
2777 1465 2827 1518 in
2853 1462 3318 1532 apostolica-zscdis

1734 1562 2018 1616 servitium
2052 1570 2331 1631 promotos
2387 1559 2752 1629 agnoscimus,
2802 1566 2860 1609 ut
2909 1555 3023 1624 ejus
3053 1555 3311 1609 auxilium

1735 1654 2146 1723 implorantibus
2177 1651 2467 1707 efﬁcaciter
2496 1650 2807 1713 subvenire,
2846 1657 2897 1702 et
2919 1650 2966 1702 ei
2996 1648 3312 1702 obedientes

1737 1747 1871 1800 tueri
1904 1762 1967 1799 ac
1994 1755 2296 1816 protegere,
2359 1750 2519 1813 prout
2555 1741 2814 1795 Dominus
2863 1739 3090 1804 dederit,
3121 1737 3317 1792 debea-

92 1846 173 1898 θυι)
194 1843 297 1912 eius
319 1821 578 1910 τιέῖηίῖιιθ
598 1831 1183 1898 (δοιιδῑίιυίυενδίιιυῑθω
1206 1835 1260 1882 θι
1282 1821 1628 1894 θροδίοιίθωη
1666 1803 1704 1860 Β
1735 1853 1875 1891 mus.
1903 1836 2056 1892 Unde
2079 1803 2294 1905 OpBrtet
2321 1803 2419 1889 nos
2442 1831 2841 1887 venerabilibus
2867 1829 2999 1884 locis
3023 1828 3312 1898 protectio—

93 1933 503 1989 benedictionem.

147 2025 283 2079 Sedis
304 2022 611 2091 apostolicae
635 2017 942 2088 benignitas
971 2013 1117 2070 omni
1150 2023 1366 2078 semper
1388 2015 1635 2073 tempore

91 2116 331 2170 consuevit
357 2114 448 2168 Dei
473 2127 664 2168 servos
688 2119 944 2178 tanquam
968 2116 1140 2160 mater
1165 2104 1304 2158 ﬁlios
1325 2101 1630 2162 confovere,

90 2208 202 2260 etin
237 2204 728 2276 perturbationibus
773 2199 962 2268 positis
990 2194 1377 2252 consolationis
1413 2202 1630 2242 manum

90 2298 342 2352 clementer
393 2296 756 2365 alacriterque
802 2292 1100 2363 porrigere.
1147 2286 1280 2356 Quia
1335 2284 1499 2353 igitur
1537 2293 1634 2348 per

89 2390 428 2460 omnipotentis
483 2388 584 2442 Dei
631 2385 861 2458 gratiam
911 2383 1022 2452 jam
1075 2381 1164 2436 diu
1212 2379 1368 2447 longe
1418 2374 1632 2442 lateque

89 2481 311 2552 religione
355 2479 630 2550 przecipna
684 2475 987 2540 ﬁoruistis,
1049 2481 1104 2527 et
1161 2471 1317 2526 bona:
1367 2465 1634 2537 opinionis

89 2573 224 2626 odore
247 2572 500 2642 plurimos
543 2568 872 2638 aspersistis,
902 2567 1119 2636 dignum
1161 2561 1317 2617 nobis
1344 2569 1429 2612 est
1464 2554 1629 2624 quieti

88 2672 248 2715 Vestrae
275 2664 323 2714 in
347 2668 624 2730 posterum
650 2657 958 2726 providere,
1003 2662 1058 2708 et
1093 2659 1283 2706 contra
1317 2645 1630 2701 aenmlorum

89 2753 427 2806 insectationes
475 2747 813 2804 monasterio
856 2754 1058 2810 vestro,
1114 2751 1222 2796 tam
1261 2735 1421 2806 capiti
1470 2748 1631 2803 quam

89 2843 327 2907 membris,
351 2843 602 2914 clypeum
635 2838 938 2909 apostolicae
963 2832 1314 2906 protectionis
1341 2841 1631 2898 opponere.

85 2934 334 2989 Prasentis
388 2935 577 3003 itaque
635 2931 837 2986 decreti
895 2927 1218 2983 auctoritate
1257 2921 1531 2977 sancimus
1574 2926 1635 2971 ut

87 3026 191 3078 milli
212 3027 452 3093 deinceps
483 3023 864 3093 episcoporum
898 3018 1123 3073 facultas
1153 3016 1222 3070 sit
1251 3027 1349 3083 pro
1377 3009 1637 3065 altaribus

1735 1925 1819 1979 nis
1848 1939 2065 1978 manum
2117 1923 2415 1993 porrigere,
2474 1930 2528 1973 et
2575 1920 2685 1973 Deo
2737 1917 3091 1972 servientium
3143 1914 3312 1983 quieti

1732 2016 1990 2070 attentius
2019 2013 2326 2085 providere.
2372 2011 2539 2083 Igitur
2577 2019 2685 2063 tam
2719 2024 2819 2079 pro
2854 2016 3038 2062 vestra
3091 2004 3311 2074 speciali

1735 2106 2171 2177 religioncquam
2196 2120 2294 2173 pro
2319 2101 2646 2158 venerabilis
2679 2100 2865 2154 fratris
2888 2098 3054 2153 nostri
3077 2097 3314 2167 llugonis

1734 2189 2106 2250 Clmriaeensis
2134 2194 2349 2248 abbatis
2389 2191 2698 2254 dilectione,
2730 2189 2797 2243 ad
2850 2187 3003 2254 cujus
3025 2202 3207 2241 curam
3247 2200 3312 2240 ex

1737 2277 2115 2348 CluniacenSIs
2165 2285 2398 2341 cmnobii
2452 2283 2578 2351 jure
2630 2281 2782 2336 locus
2829 2290 3009 2334 vester
3058 2279 3312 2347 pertinet,

1734 2378 1954 2442 vestris,
2004 2376 2126 2430 ﬁlia:
2177 2377 2232 2430 in
2263 2373 2482 2430 Christo
2529 2370 2886 2434 charis-simae,
2930 2369 3178 2438 precibus
3215 2383 3312 2420 an-

1735 2476 1981 2533 nttenlcs,
2035 2465 2426 2523 monasterium
2474 2470 2718 2516 vestrum
2783 2457 3063 2528 praesentis
3111 2456 3315 2510 decreti

1733 2559 2060 2612 auctoritate
2082 2559 2374 2612 munimus.
2402 2554 2702 2610 Statuitnus
2731 2550 2875 2604 enim
2914 2561 2972 2604 ut
2999 2550 3312 2619 quicunque

1734 2649 1894 2704 hodie
1921 2649 2060 2703 idem
2087 2647 2391 2703 coenobium
2410 2645 2556 2714 juste
2577 2641 2834 2714 possidet,
2855 2641 2969 2696 sive
2999 2641 3050 2694 in
3079 2639 3314 2694 futurum

1735 2740 2088 2796 concessione
2149 2737 2463 2806 pontiﬁcum
2504 2776 2518 2801 ,
2574 2733 2900 2788 liberalitate
2959 2731 3265 2800 principum
3299 2769 3314 2794 ,

1735 2833 2014 2887 oblatione
2047 2831 2285 2886 fidelium
2326 2829 2474 2898 jnste
2509 2836 2674 2896 atque
2701 2824 2961 2881 canonice
2990 2824 3160 2895 possit
3202 2821 3316 2877 adi-

1735 2924 1894 2992 pisci,
1945 2922 2097 2977 vobis
2131 2930 2187 2975 et
2217 2920 2284 2974 iis
2320 2920 2412 2990 qui
2448 2927 2569 2988 post
2602 2932 2698 2970 vos
2753 2915 2806 2969 in
2855 2914 2974 2970 loco
3018 2914 3206 2969 eodem
3252 2926 3314 2965 ac

1738 3014 1996 3084 religione
2022 3012 2404 3075 successerint,
2431 3010 2581 3063 lirn'ta
2619 3021 2833 3077 semper
2879 3013 2934 3061 et
2969 3005 3171 3060 illibata
3196 3018 3315 3073 per-

86 3115 368 3170 etecclesiis
397 3116 518 3170 sive
565 3113 789 3168 decimis
814 3127 947 3180 quas
981 3117 1104 3163 ante
1137 3105 1419 3162 interdicta
1447 3111 1630 3156 nostra
1662 3140 1705 3200 ς
1738 3112 2010 3158 maneant.
2036 3103 2090 3157 lu
2114 3104 2312 3172 quibus
2336 3103 2452 3156 haec
2473 3099 2704 3170 propriis
2734 3097 3037 3152 nominibus
3067 3095 3317 3150 duximus

86 3207 152 3258 vel
175 3222 308 3276 papa:
326 3205 576 3274 Gregorii
605 3203 756 3258 vobis
778 3204 993 3273 cognita
1025 3198 1361 3268 possedistis,
1388 3209 1482 3248 seu
1515 3202 1636 3263 post

84 3300 417 3367 episcoporum
447 3297 803 3353 concessione
841 3291 1172 3363 acquisistis,
1203 3301 1494 3358 gravamen
1534 3284 1632 3338 ali-

87 3390 201 3456 quod
247 3397 335 3442 aut
388 3389 695 3442 molestiam
751 3386 1038 3458 irrogare;_
1077 3382 1170 3437 sed
1242 3381 1381 3436 sicut
1447 3393 1634 3433 eorum

86 3479 425 3545 pertitissione,
466 3477 718 3546 quaedam
752 3490 817 3529 ex
857 3481 1032 3541 parte,
1064 3470 1308 3541 quaedam
1335 3484 1398 3524 ex
1427 3468 1636 3535 integro

86 3569 356 3633 habuistis,
410 3569 482 3622 ita
545 3575 605 3620 ut
658 3566 710 3619 in
771 3564 1010 3618 futurum
1078 3562 1388 3632 perenniter
1436 3559 1636 3613 habea-

88 3659 140 3709 lis
180 3659 324 3730 (41⁸).
355 3661 600 3730 ipsarum
653 3669 865 3726 quoque
896 3670 1031 3724 quas
1068 3668 1174 3707 non
1228 3653 1349 3707 hab‘
1373 3650 1442 3704 tis
1470 3648 1639 3704 eccle-

85 3748 257 3803 siarum
288 3751 550 3810 decimas.
577 3764 694 3817 quae
737 3765 764 3800 a
810 3747 962 3800 laicis
992 3745 1319 3807 obtinentur,
1357 3743 1402 3796 si
1452 3754 1639 3797 secun-

83 3840 189 3896 dam
253 3845 412 3898 Deum
482 3857 678 3898 eorum
745 3841 995 3910 potestati
1058 3837 1381 3892 subtrahere
1443 3841 1638 3888 vestra:

85 3934 324 4004 religionis
353 3936 658 3990 reverentia
699 3933 955 4002 potuerit,
1004 3932 1333 3986 ad'vestram
1363 3937 1418 3983 et
1436 3941 1637 3998 paupe-

84 4041 182 4080 nun
227 4029 672 4098 gubernationem
729 4026 879 4079 vobis
941 4023 1102 4078 liceat
1155 4021 1452 4092 possidere.
1512 4018 1638 4073 Hmc

85 4120 237 4171 omnia
264 4129 320 4174 ut
344 4121 576 4174 omnino
607 4117 759 4170 firma
802 4124 856 4169 et
898 4113 1156 4169 immobili
1197 4112 1488 4166 stabilitate
1517 4125 1638 4178 per-

84 4207 270 4274 sistant,
300 4207 692 4279 omnipotentis
712 4204 908 4270 Patris,
940 4214 994 4258 et
1021 4202 1139 4256 Filii
1170 4209 1222 4256 et
1251 4199 1483 4269 Spiritus
1515 4213 1640 4252 san-

86 4299 143 4351 cti
171 4309 422 4367 potestate
447 4309 506 4353 et
538 4295 831 4366 apostolica
873 4293 1192 4347 auctoritate
1234 4288 1636 4344 conﬁrmamus.

85 4392 258 4460 Siquis
280 4408 404 4447 vero
427 4393 633 4445 decreti
668 4389 828 4458 hujus
853 4399 1035 4444 tenore
1059 4387 1262 4453 agnito,
1289 4381 1640 4451 pertinaciter

1736 3194 2106 3272 exprimenda.
2138 3194 2191 3246 ln
2232 3192 2548 3262 episcopatu
2576 3186 3031 3257 Augustodinensi
3085 3183 3313 3238 ecclesia

1737 3285 1802 3339 de
1835 3285 2120 3348 Varennis,
2145 3283 2209 3338 de
2255 3282 2456 3336 Briano
2481 3289 2535 3335 et
2571 3280 2638 3334 de
2665 3278 2910 3341 Sarorio,
2962 3276 3028 3329 de
3063 3274 3314 3344 Begiaco,

1738 3376 1802 3430 de
1845 3373 2210 3439 Camboliaco,
2245 3373 2530 3428 ecclesiam
2585 3370 2646 3425 S.
2691 3368 2908 3433 Nicetii,
2941 3365 3000 3420 S.
3029 3364 3201 3428 Fidei,
3253 3362 3312 3417 S.

1737 3465 2078 3531 Christofori,
2131 3464 2188 3519 S.
2241 3463 2593 3533 Leodegarii,
2659 3461 2716 3513 S.
2764 3458 2946 3512 Mariae
3005 3471 3072 3510 ex
3119 3453 3314 3524 oppido

1739 3555 2044 3619 Semmuro,
2062 3571 2182 3608 cum
2208 3553 2431 3607 decimis
2454 3561 2508 3605 et
2533 3549 2860 3605 coemeteriis
2890 3547 3035 3602 suis:
3063 3553 3316 3615 quartam

1739 3653 1946 3715 partem
1988 3646 2233 3701 ecclesiae
2277 3644 2335 3698 S.
2381 3642 2594 3696 Martini
2641 3651 2796 3696 extra
2849 3639 3210 3694 Semmurum.
3256 3635 3315 3690 lu

1739 3736 2053 3805 episcopatu
2111 3734 2491 3789 Matisconensi
2548 3731 2831 3787 ecclesiam
2889 3728 2947 3784 S.
2992 3727 3202 3782 Jacobi.
3257 3725 3314 3780 ln

1738 3825 2082 3896 Lugdunensi
2105 3825 2450 3878 medietatem
2482 3821 2615 3876 villa:
2646 3821 2896 3887 Vitriaei,
2931 3819 3218 3873 ecclesiam
3255 3813 3314 3870 S.

1739 3914 1982 3976 Martini,
2009 3914 2291 3969 ecclesiam
2326 3913 2383 3966 S.
2433 3912 2743 3978 Reveriani,
2792 3910 2931 3983 apud
2962 3909 3315 3968 Brianonum,

1738 4005 2029 4060 ecclesiam
2055 4003 2111 4058 S.
2145 4003 2395 4068 Romani,
2429 4000 2689 4071 capellam
2730 4000 2798 4054 de
2827 3999 3086 4063 Cclerias,
3118 4008 3318 4052 terram

1741 4095 1978 4166 llugonis
2002 4093 2272 4158 Letbaldi,
2298 4109 2420 4148 cum
2457 4093 2576 4146 aliis
2613 4091 2933 4162 quibusdam
2961 4089 3100 4158 apud
3129 4087 3322 4142 Casii.-

1744 4196 1873 4240 lum.
1917 4186 1972 4239 In
2023 4186 2333 4255 episcOpatu
2366 4183 2717 4246 Arvernensi,
2766 4177 3050 4235 ecclesiam
3081 4175 3139 4231 S.
3172 4175 3325 4230 Petri.

1741 4279 1807 4331 de
1831 4275 2033 4342 Lodda,
2067 4275 2124 4328 S.
2156 4274 2423 4329 Vincentii
2465 4273 2532 4327 de
2561 4272 2796 4325 Lodessa
2846 4286 2967 4324 cum
3017 4266 3240 4323 decimis
3266 4275 3321 4319 et

1740 4365 2078 4428 cmmiteriis,
2107 4364 2165 4418 S.
2195 4363 2397 4417 Nicolai
2428 4363 2493 4416 ad
2523 4359 2656 4415 Tres
2679 4361 2897 4415 Fontes.
2926 4359 2980 4412 ln
3009 4359 3323 4428 episcopatu

84 4483 122 4533 ei
164 4481 844 4554 obviare'prmsumpseril,
899 4479 1137 4547 ejusdem
1191 4475 1365 4528 Patris
1414 4481 1468 4526 et
1521 4470 1636 4523 Filii

1746 4455 1925 4509 Diensi
1975 4454 2112 4524 apud
2165 4453 2417 4523 oppidum
2463 4467 2557 4506 seu
2604 4452 2933 4506 territorium
2983 4450 3048 4503 de
3099 4447 3318 4510 Orello,

85 4573 532 4642 apostolorumque
597 4571 713 4640 ejus
773 4567 1190 4638 indignationem
1252 4563 1528 4625 inveniat,
1583 4569 1638 4614 et

84 4664 234 4717 sancti
260 4665 497 4734 Spiritus
526 4665 702 4734 gladio
725 4662 982 4723 feriatur;
1016 4659 1224 4714 cunctis
1255 4667 1434 4711 autem
1459 4671 1551 4710 vos
1576 4672 1638 4710 ac

86 4765 240 4810 Vestra
289 4757 595 4812 foventibus
640 4753 1044 4818 misericordia,
1092 4768 1192 4822 pas
1241 4760 1294 4805 et
1343 4749 1513 4820 gratia
1570 4749 1639 4802 ah

85 4846 292 4900 Auctore
319 4847 563 4900 omnium
597 4847 647 4898 in
677 4851 930 4914 perpetua
963 4841 1156 4896 saecula
1182 4840 1509 4895 conferatur.

145 4937 322 4991 Datum
377 4938 518 5006 apud
581 4935 847 4988 Brivatam
904 4933 1202 5004 oppidum,
1275 4945 1373 5000 per
1425 4944 1638 4982 manqu

85 5025 303 5092 Joannis,
321 5038 525 5083 sancta:
545 5027 800 5083 Romana:
821 5025 1077 5081 Ecclesiae
1098 5022 1311 5080 diaconi
1329 5020 1641 5084 cardinalis,

145 5178 248 5243 (40)
276 5179 572 5236 Privatium
602 5181 724 5237 aliis
755 5179 968 5246 dicitur,
1014 5180 1070 5235 in
1115 5177 1430 5233 Vavariensi
1459 5174 1643 5232 Galliae

87 5255 263 5322 tractu,
285 5267 398 5322 _non
425 5252 582 5322 longe
609 5268 639 5305 a
666 5252 946 5306 Rhodano.

50 5347 54 5352 ι
93 5317 250 5391 Δχιιι)
285 5318 340 5373 1η
371 5317 648 5376 codicibus
695 5338 830 5391 quos
874 5322 1002 5376 mihi
1039 5321 1222 5377 videre
1255 5322 1426 5384 licuit,
1468 5333 1644 5391 annus

88 5387 208 5442 ll-lti
234 5387 466 5459 Scriptus
497 5408 509 5443 ε
533 5387 943 5462 eorrtqitissinte
988 5393 1083 5446 abs
1109 5391 1292 5462 dubio,
1319 5408 1440 5444 cum
1466 5388 1642 5444 Urba-

85 5470 328 5538 nusante
359 5475 491 5513 ann.
525 5461 658 5515 1100
694 5461 978 5516 defunctus
1027 5463 1116 5538 sit.
1162 5461 1360 5538 lnve_rsi
1405 5475 1506 5529 ego
1542 5474 1645 5511 nu-

89 5533 206 5610 meri
250 5545 315 5594 ex
359 5546 593 5610 prquxc,
623 5542 681 5610 et
707 5548 810 5610 non
845 5548 918 5598 γι,
970 5533 1066 5588 sed
1094 5547 1172 5610 __V,
1231 5533 1546 5610 audentius.
1587 5537 1646 5581 ιη

88 5600 149 5650 sit
191 5616 309 5652 ann.
372 5600 548 5672 1095,
593 5605 684 5672 qui
732 5603 878 5658 solus
927 5619 990 5658 ex
1043 5601 1312 5670 adjunclis
1355 5601 1646 5663 evincitur,

91 5680 262 5737 nempe
290 5686 356 5725 ex
387 5671 584 5726 concil.
615 5671 1053 5737 Clarornontano,
1084 5673 1361 5727 ex‘indict.
1407 5687 1462 5725 ιιι
1503 5677 1557 5724 et
1581 5684 1645 5722 ex

90 5747 265 5795 octavo
317 5741 660 5811 pontiﬁcatus
707 5744 847 5814 ejus,
898 5745 994 5814 qui
1048 5760 1188 5799 anno
1243 5743 1394 5810 1088,
1451 5743 1536 5798 die
1586 5742 1646 5794 l2

1740 4546 2002 4601 ecclesias
2058 4555 2310 4614 quatuor.
2348 4545 2404 4599 lu
2461 4543 2751 4600 Valentino
2800 4544 3111 4614 episcopatu
3148 4539 3321 4594 cccle-

1740 4636 1874 4690 siam
1910 4635 1967 4690 S.
2017 4634 2273 4702 Stephani
2325 4634 2392 4688 de
2440 4633 2701 4686 Balmam.
2752 4632 2804 4685 lu
2853 4632 3120 4685 comitatu'
3154 4630 3318 4682 Bear-

1742 4729 1914 4794 densi,
1946 4727 2231 4783 ecclesiam
2284 4726 2341 4780 S.
2372 4726 2546 4790 Fidei,
2575 4725 2713 4794 apud
2744 4725 2920 4777 villam
2974 4738 3092 4791 quae
3120 4720 3319 4774 dicitur

1745 4820 1970 4874 Furcas.
1993 4818 2050 4872 In
2079 4817 2392 4886 episcopatu
2420 4814 2741 4870 Pietaviensi
2782 4812 3042 4868 ecclesias
3079 4811 3230 4863 duas.
3263 4808 3326 4861 lu

1745 4908 2108 4964 Sanctoncnsi
2157 4907 2442 4962 ecclesiam
2497 4907 2562 4960 de
2609 4903 2870 4958 Montoso.
2911 4902 2968 4957 In
3015 4899 3320 4962 Leodiensi,

1747 5003 1867 5057 villa
1893 5019 2013 5072 qua:
2044 5001 2248 5057 dicitur
2270 4997 2517 5068 Argnles,
2554 5011 2674 5052 cum
2720 4995 2948 5049 ecclesia
2999 5002 3053 5048 et
3081 4992 3326 5055 decimis,

1746 5161 1920 5216 Martii
1947 5161 2260 5217 cathedram
2301 5157 2562 5213 ascendit.

1811 5232 1952 5303 ,(ilf)
2009 5231 2272 5303 Nimirum
2319 5227 2574 5303 recentis
2612 5223 2824 5303 concilii
2875 5220 3326 5303 Placentit.r.i.'._ca-

1746 5290 1946 5358 none?
1972 5301 2237 5356 sancitum
2261 5307 2401 5359 erat,
2447 5294 2714 5365 quidquid
2749 5295 2800 5348 in
2846 5293 3017 5365 sacris
3047 5290 3327 5365 ordinibus

1750 5373 1829 5427 vel
1868 5373 1920 5425 in
1963 5369 2346 5425 ecclesiasticis
2397 5361 2716 5428 rebusfvel
2765 5366 2884 5417 data
2928 5362 3011 5416 vel
3062 5361 3327 5431 promissa

1750 5441 2007 5512 pecunia,
2028 5438 2351 5512 acquisitiun
2383 5444 2486 5512 est,
2536 5435 2749 5512 irritum
2784 5441 2985 5512 esseet
3022 5432 3194 5485 nullas
3230 5446 3330 5512 un_-

1750 5503 1912 5581 quam
1966 5503 2127 5563 vires'
2161 5507 2427 5581 obtinere.
2457 5506 2600 5581 inde
2630 5504 3063 5581 perturbationes
3096 5503 3330 5581 quas-ab

1750 5572 2015 5650 episcopis
2067 5572 2828 5650 patiebantut'_Cluniaheuses
2848 5617 2878 5650 ’,Α
2904 5573 3209 5650 quibusque
3255 5572 3330 5650 dio

1752 5642 1914 5720 gnum
1937 5642 2088 5703 duxit
2115 5649 2360 5705 Urbanus
2388 5646 2632 5718 clypeum
2655 5645 2962 5717 apostolica:
2981 5642 3330 5712 protectiouis

1753 5736 2045 5792 Opponcre.
3332 5749 3334 5752 μ
