3888 6322
439 312 573 369 Ηό¹

1721 298 1781 355 Β.
1826 297 2078 357 URBANI
2107 297 2146 352 ll
2177 295 2376 353 PAPxE

3607 294 3712 352 ιιι

441 438 500 481 et
529 425 687 480 aliam
718 437 834 492 quae
871 420 1067 476 dicitur
1110 415 1450 482 Raicampas.
1496 415 1550 468 lu
1585 415 2023 484 llothomagcnsi,
2056 415 2102 471 Δ
2134 410 2292 462 Ilohio
2317 405 2701 478 Angeriacensi
2729 405 3052 476 subjectum,
3086 405 3178 459 sed
3211 419 3501 474 pravorum
3532 426 3705 465 umna-

445 517 626 572 \leam
681 529 800 582 qua:
845 512 1040 565 dicitur
1086 507 1434 578 Aqua—Bella.
1485 507 1539 560 In
1593 505 2019 576 Petragoricensi

449 621 665 659 mansos
693 600 996 671 quindecim
1025 597 1320 668 Agilmodis
1357 595 1649 666 priorissae,
1676 597 1816 664 apud
1846 595 2023 649 villain

446 696 810 750 Maurensem.
864 690 918 744 In
959 687 1300 752 Caturceusi,
1338 685 1622 740 ecclesiam
1671 685 1858 740 Sancti
1887 685 2028 741 Con-

447 785 655 840 stantii.
706 784 760 836 ln
819 780 1103 836 Vivarensi
1140 775 1452 850 [Vaurensi]
1490 777 1818 846 episcopatu,
1877 777 2028 832 villas

448 888 579 942 tres,
613 876 828 942 Villeta,
860 872 1042 936 Ataid,
1076 870 1326 939 Glangla,
1369 884 1492 923 cum
1524 867 1788 922 universis
1812 882 2031 937 posses-

448 969 692 1022 sionibus
737 976 792 1020 et
837 963 1170 1033 appendiciis
1216 961 1348 1016 suis.
1397 959 1662 1014 Praeterea
1693 960 2032 1014 decernimus

451 1067 507 1110 ut
532 1057 664 1110 milli
711 1055 933 1110 omnino
960 1053 1236 1107 hominum
1265 1053 1425 1109 liccat
1475 1052 1720 1108 eamdem
1748 1050 2031 1106 ecclesiam

451 1160 655 1202 temere
677 1147 1016 1216 perturbare,
1060 1156 1152 1198 aut
1201 1144 1318 1212 ejus
1366 1142 1740 1213 possessiones
1797 1140 2030 1204 auferre,

452 1248 546 1290 aut
575 1237 785 1290 ablatas
831 1237 1084 1299 retinere,
1119 1234 1388 1299 minuere,
1423 1233 1505 1288 vel
1531 1231 1833 1289 temerariis
1870 1245 2035 1283 vexa-

454 1326 692 1379 tiouibus
724 1325 950 1394 fatigare
996 1342 1008 1376 :
1042 1324 1134 1378 sed
1173 1323 1356 1376 omnia
1396 1321 1606 1392 integra
1649 1325 2038 1374 conserventur

455 1429 666 1476 earum,
716 1428 814 1482 pro
841 1428 1069 1482 quarum
1120 1411 1514 1467 sustentatione
1543 1425 1617 1480 ac
1644 1409 2038 1480 gubernatione

456 1519 711 1558 concessa
744 1513 868 1558 sunt
893 1545 908 1568 ,
954 1503 1139 1557 usibus
1191 1502 1517 1557 omnimodis
1546 1511 1850 1570 protutura,
1891 1499 2037 1554 salva

458 1596 511 1648 in
534 1596 785 1650 erunibus
811 1594 988 1648 debita
1027 1595 1283 1648 abbatum
1315 1592 1756 1648 Cluniacensium
1787 1604 2040 1645 reveren-

460 1687 552 1739 tia.
587 1684 929 1754 Sepulturam
950 1685 1192 1751 ejusdem
1243 1683 1344 1737 loci
1380 1683 1603 1737 omnino
1654 1681 1881 1735 liberam
1920 1693 2040 1735 esse

462 1775 755 1837 sancimus,
781 1783 839 1827 ut
873 1789 1060 1828 eorum
1091 1773 1183 1842 qui
1218 1772 1326 1826 illic
1353 1772 1569 1841 sepeliri
1601 1769 2036 1833 dcliberaverint,
2071 1748 2118 1810 Β

461 1865 732 1920 devotioni
771 1874 827 1920 et
878 1875 1134 1921 extrema)
1183 1863 1464 1928 voluntati,
1513 1863 1615 1918 nisi
1653 1862 1792 1918 forte
1820 1875 2038 1916 excom-

461 1957 722 2011 municati
755 1957 884 2022 sint,
916 1956 1091 2009 nullus
1113 1955 1362 2010 obsistat.
1404 1953 1518 2009 Hoc
1537 1968 1753 2022 quoque
1788 1950 2042 2021 prazsenti

459 2048 697 2118 capitulo
727 2047 1099 2117 subjungimus
1150 2054 1207 2099 ut
1230 2044 1359 2099 nulli
1402 2045 1515 2115 jam
1558 2043 1719 2098 liceat
1746 2056 2046 2112 congrega-

463 2138 596 2192 tioni
629 2148 819 2192 vestrae
844 2137 929 2192 vel
956 2135 1538 2191 exeommunieationis
1561 2148 1851 2204 gravamen
1882 2133 2046 2187 infer-

463 2245 542 2293 re,
576 2230 656 2283 vel
682 2229 918 2282 divinum
950 2228 1184 2282 oﬂicium
1229 2227 1574 2291 interdicere,
1620 2225 1907 2294 sepulturae
1953 2223 2048 2278 de-

465 2320 632 2371 bitum
661 2319 972 2386 prohibere,
1005 2326 1098 2371 aut
1129 2316 1401 2371 interdicti
1425 2315 1707 2384 cujuslibet
1748 2314 2045 2368 molestiam

465 2412 745 2480 irrogare:
781 2411 904 2479 quia
941 2425 1037 2479 pro
1093 2409 1186 2462 Dei
1236 2409 1430 2461 timore
1475 2407 1695 2468 clausae,
1747 2415 1800 2460 et
1856 2397 2048 2460 Saecula

462 2499 573 2569 iam
604 2501 737 2556 estis
774 2509 1052 2563 emortuae,
1102 2511 1370 2569 quatenus
1396 2499 1464 2552 ab
1511 2497 1659 2552 omni
1707 2494 2050 2551 infestatione

469 2606 696 2657 securae,
721 2589 1036 2661 gravamine
1067 2590 1354 2644 mundana:
1408 2587 1774 2658 oppressiouis
1807 2595 2048 2650 remoue,

471 2680 537 2733 ad
596 2679 786 2733 aeterni
837 2677 1033 2748 Sponsi
1078 2693 1292 2748 semper
1339 2676 1751 2732 desiderabilem
1789 2677 2049 2730 visionem

471 2773 634 2826 totius
664 2771 860 2826 mentis
898 2779 953 2824 et
1004 2770 1197 2822 anima:
1252 2769 1460 2824 viribus
1507 2767 1792 2823 anheletis.
1846 2767 1903 2822 Si
1947 2781 2051 2836 qua

431 2907 434 2911 .
470 2876 602 2915 sane
624 2863 675 2915 in
705 2871 981 2931 posterum
1039 2860 1409 2916 ecclesiastica
1435 2861 1770 2916 srecularisve
1797 2874 2051 2931 persona,

473 2955 614 3009 hanc
644 2964 840 3010 nostra:
889 2953 1290 3009 constitutionis
1335 2954 1586 3024 paginam
1631 2953 1832 3018 sciens,
1863 2961 2053 3006 contra

473 3057 591 3097 eam
625 3056 826 3098 temere
858 3043 1040 3098 venire
1073 3044 1635 3109 tentaverit,secundo
1659 3044 1884 3098 tertiove
1908 3057 2056 3097 eom-

2128 508 2352 561 chorum
2420 507 2930 578 prwsumptionibns
2990 521 3112 562 esse
3178 509 3536 578 subreptum;
3581 528 3709 578 quos

2127 599 2381 652 nimirum
2415 599 2706 653 monachos
2735 599 2786 652 in
2829 597 3100 652 nonnullis
3123 599 3372 654 conciliis
3397 615 3499 667 pro
3528 604 3708 655 eadem

2129 688 2570 757 prarsmnptione~
2597 687 3117 752 excommunicatos,
3169 696 3402 743 testante
3422 691 3710 744 venerabili

2130 781 2402 835 confratre
2458 789 2511 834 et
2567 780 2771 834 vicario
2817 787 3004 834 nostro
3055 780 3253 833 Amato
3301 781 3714 848 metropolitano

2131 873 2406 942 episcopo,
2455 872 2826 942 cognovimus.
2881 870 3010 924 Tua:
3059 870 3225 939 igitur
3266 871 3584 925 strenuitati
3627 888 3716 940 per

2132 970 2415 1032 przeseutis
2437 962 2638 1031 scripta
2668 961 3010 1030 prmcipimus
3034 969 3093 1014 ut
3124 961 3376 1014 eamdem
3408 975 3716 1014 excommu-

2135 1055 2460 1110 nicationein
2504 1055 2555 1108 in
2589 1063 2676 1108 tua
2717 1053 2975 1122 parochia
3026 1053 3192 1108 facias
3213 1053 3529 1115 observari,
3559 1055 3718 1108 donec

2137 1145 2296 1200 iidem
2324 1144 2570 1199 monachi
2600 1143 2912 1214 supradicto
2939 1143 3116 1198 abbati
3158 1144 3489 1214 regulariter
3511 1146 3720 1211 obedire

2135 1235 2498 1289 consentiant.
2852 1239 2854 1241 ’

2211 1324 2343 1377 Data
2392 1323 2534 1392 apud
2563 1322 2904 1386 Lemovicas,
2946 1338 3000 1377 ιν
3033 1322 3150 1378 Kal.
3182 1322 3462 1392 Januarii,
3496 1341 3595 1396 per
3623 1340 3724 1380 ma—

2140 1429 2267 1466 num
2298 1412 2526 1468 Joannis
2555 1411 2767 1467 diaconi
2799 1412 3116 1468 cardinalis.

2828 1499 3034 1556 CLXX.

2213 1591 2370 1647 Bulla
2401 1590 2600 1646 Urbani
2632 1590 2696 1646 II
2719 1608 2872 1662 papa:
2903 1608 2996 1661 pro
3023 1593 3345 1646 monasterio
3374 1592 3668 1648 Tutelensi.

2739 1683 3132 1752 (Ann01096.)

2218 1775 2476 1847 [Bawzm
2509 1773 2748 1828 Historia
2774 1773 3082 1837 Tutelensis,
3102 1775 3414 1844 Appendix,
3441 1790 3493 1843 p.
3523 1776 3672 1850 457.]

2217 1865 2467 1922 Una/mus
2503 1867 2810 1936 episcopus,
2847 1881 3038 1920 servus
3067 1880 3350 1920 servorum
3395 1867 3516 1930 Dei,
3551 1868 3738 1924 dilecto

2146 1957 2256 2013 filio
2292 1957 2612 2022 \VILLELMO,
2645 1956 2962 2011 monasterii
3010 1955 3319 2010 Tutelensis
3350 1957 3568 2020 abbati,
3601 1959 3736 2023 ejus-

2147 2063 2252 2117 que
2281 2047 2690 2103 successoribus
2717 2044 3040 2115 regulariter
3089 2045 3493 2100 substituendis
3524 2046 3580 2100 in
3625 2063 3736 2117 per-

2147 2149 2389 2210 petuum.

2220 2228 2328 2283 Piae
2380 2227 2670 2297 postulatio
2725 2227 3025 2282 voluntatis
3075 2225 3268 2281 effectu
3339 2226 3510 2280 debet
3567 2242 3740 2297 prose-

2149 2327 2348 2388 quente
2393 2318 2675 2388 compleri,
2708 2327 2977 2386 quatenus
3022 2327 3076 2370 et
3102 2317 3409 2371 dev0tionis
3458 2317 3741 2372 sinceritas

2150 2407 2494 2464 laudabiliter
2537 2408 2804 2462 enitescat
2847 2418 2903 2462 et
2932 2407 3138 2461 utilitas
3172 2406 3452 2476 postulata
3503 2407 3648 2461 vires
3674 2410 3741 2461 in-

2152 2499 2463 2555 dubitanter
2487 2506 2752 2554 assumat.
2779 2498 2914 2564 Quia
2941 2498 3106 2566 igitur
3129 2497 3356 2552 dilectio
3384 2509 3483 2551 tua
3513 2498 3585 2551 ad
3613 2501 3742 2553 sedis

2153 2589 2460 2658 apostolieze
2489 2598 2704 2659 portum
2741 2589 3062 2660 confugiens
3107 2588 3224 2656 ejus
3275 2590 3576 2644 tuitionem
3605 2592 3744 2644 devo-

2155 2682 2302 2735 tione
2335 2681 2514 2735 debila
2574 2681 2879 2749 requisivit,
2910 2696 3007 2735 nos
3044 2681 3432 2750 supplicationi
3491 2691 3601 2734 tua:
3646 2681 3740 2735 cle-

2156 2781 2366 2826 menter
2389 2773 2679 2826 annuimus
2713 2782 2764 2826 et
2807 2772 2956 2826 Beati
2996 2771 3211 2825 Martini
3237 2771 3542 2826 'l‘utelense
3576 2790 3744 2826 inena-

2155 2863 2400 2926 sterium,
2425 2863 2534 2926 cui,
2561 2862 2669 2917 Deo
2689 2861 3445 2930 auctore,prmsidcs,decrcti
3473 2863 3746 2931 prmscutis

2156 2954 2480 3009 auctoritate
2507 2954 2798 3008 munimus.
2831 2953 3133 3008 Statuimus
3161 2953 3305 3005 enim
3335 2962 3394 3005 ut
3421 2968 3745 3022 quaecunque

2160 3043 2318 3097 hodie
2348 3043 2488 3097 idem
2522 3043 2832 3098 coenobium
2859 3043 3004 3112 juste
3034 3041 3296 3112 possidet,
3330 3042 3455 3097 sive
3497 3042 3552 3096 in
3584 3053 3744 3112 poste-

477 3133 704 3201 monita,
749 3134 792 3188 si
824 3150 929 3188 non
962 3132 1330 3188 satisfactione
1379 3149 1614 3204 congrua
1669 3131 2055 3197 emendaverit,
2085 3121 2132 3182 C
2162 3150 2280 3189 rum
2312 3135 2668 3190 concessione
2693 3134 3033 3204 pontificum,
3065 3131 3395 3186 liberalitate
3426 3133 3748 3202 principum,

475 3223 778 3290 potestatis,
810 3223 1138 3292 honorisque
1159 3223 1241 3279 sui
1265 3223 1528 3293 dignitate
1558 3229 1764 3285 careat,
1799 3235 2059 3289 reamque

475 3326 534 3366 se
569 3313 970 3382 divinojudicio
998 3315 1062 3369 de
1085 3323 1394 3384 perpetrata
1419 3313 1702 3382 iniquitate
1737 3319 2059 3381 cognoscat,

474 3416 531 3456 et
559 3418 588 3456 a
623 3403 994 3458 sacratissimo
1021 3417 1248 3473 corpore
1273 3418 1338 3458 ac
1360 3403 1620 3472 sanguine
1647 3401 1740 3455 Dei
1764 3409 1819 3453 et
1849 3399 2059 3453 Domini

476 3497 855 3567 Redemptoris
894 3497 1065 3552 nostri
1119 3496 1246 3552 Jesu
1278 3497 1482 3552 Christi
1516 3496 1698 3564 aliena
1747 3498 1862 3560 fiat,
1913 3510 1976 3548 ac
2009 3494 2062 3547 in

477 3598 722 3642 extremo
752 3589 1004 3642 examine
1040 3589 1298 3643 districta:
1351 3587 1540 3642 ultioni
1592 3586 1887 3656 subjaceat.
1919 3586 2064 3640 (Jun-

479 3677 582 3731 ctis
606 3686 788 3731 autem
825 3679 999 3732 eidem
1028 3678 1146 3732 loco
1167 3678 1313 3746 justa
1367 3677 1710 3732 servantibus
1735 3677 1807 3731 sit
1828 3693 1930 3745 pax
1965 3675 2064 3730 Do-

485 3764 616 3818 mini
672 3765 842 3818 nostri
886 3765 1013 3820 Jesu
1069 3765 1293 3830 Christi,
1320 3774 1588 3834 quatenus
1616 3775 1671 3819 et
1700 3765 1787 3819 hic
1831 3765 2065 3818 fructum

495 3854 647 3909 bona:
677 3854 911 3910 actionis
939 3856 1262 3926 percipiant,
1298 3867 1352 3909 et
1402 3855 1543 3924 apud
1592 3856 1894 3910 districtum
1918 3856 2067 3926 judi-

485 3961 604 4000 cent
638 3947 856 4014 przemia
879 3959 1094 4000 teter-nae
1127 3948 1276 4015 pacis
1333 3948 1626 4003 inveniant.
1659 3948 1853 4012 Amen,
1887 3962 2066 4012 amen,

487 4051 665 4091 :unen.
698 4037 1021 4092 Benedictus
1071 4039 1212 4093 Deus
1242 4038 1401 4094 Pater
1456 4039 1668 4094 Domini
1719 4041 1890 4094 nostri
1940 4039 2066 4094 Jesu

482 4126 704 4182 Christi.
746 4129 935 4183 Amen.

561 4223 752 4276 Datum
804 4223 945 4292 apud
994 4223 1248 4293 oppidum
1304 4221 1490 4278 Sancti
1523 4221 1664 4276 Flori
1712 4237 1809 4291 per
1856 4235 2072 4274 manum

488 4311 735 4377 Joannis,
799 4313 856 4368 S.
893 4314 959 4368 R.
1014 4315 1076 4368 E.
1126 4314 1340 4369 diaconi
1397 4313 1708 4380 eardinalis,
1772 4312 1941 4366 indict
1987 4327 2070 4374 ιιι,

491 4422 633 4461 anno
702 4406 996 4460 Domiuiew
1051 4405 1444 4460 lncaruationis
1501 4405 1674 4470 1096,
1727 4402 2075 4473 pontificatus

489 4505 670 4550 autem
734 4496 918 4551 domui
967 4496 1173 4552 Urbani
1231 4496 1274 4550 ll
1317 4511 1468 4567 papae
1524 4511 1643 4564 vni,
1683 4511 1755 4549 vn
1795 4496 1919 4550 ldus
1975 4494 2073 4550 De-

489 4587 743 4642 cembris.

1173 4675 1401 4732 CLXIX.

493 4763 692 4818 Urbani
721 4764 781 4818 Il
809 4784 958 4837 νίψω
993 4767 1212 4837 epistol};
1249 4768 1318 4819 ad
1359 4766 1679 4820 Ademarum
1705 4765 2067 4837 Enyo/ismen-

563 4852 669 4888 scnt
700 4834 1122 4906 ερὶδεοριιιιιζ-
1160 4834 1228 4888 Ut
1271 4837 1553 4890 monachos
1586 4837 1647 4890 S.
1697 4834 1944 4906 Epiri-cini
1987 4849 2080 4906 per

565 4903 1123 4960 ra'commun'icnlionis
1152 4923 1304 4960 censu
1315 4923 1426 4959 mm
1452 4907 1661 4960 obedire
1687 4903 1958 4973 compellat
1986 4903 2079 4956 ab-

568 4975 762 5042 (mli‘S.
789 4975 1012 5031 Joannis
1041 4976 1461 5045 Angerincensis.

1098 5066 1276 5133 (Anno
1303 5065 1483 5134 1095.)

719 5152 803 5220 μ).
837 5153 1113 5220 Βουρυετ,
1136 5155 1364 5220 liecueil,
1398 5165 1436 5209 t.
1465 5153 1603 5218 XIV,
1635 5169 1688 5223 p.
1722 5153 1869 5224 717.]

583 5240 832 5294 [ﬁrmamus
853 5244 1158 5313 cpiscopus,
1183 5259 1370 5300 servus
1395 5259 1672 5300 servorum
1713 5243 1826 5309 Dei,
1859 5258 2087 5298 venera-

507 5330 600 5384 bili
637 5331 790 5382 fratri
820 5331 1100 5396 Assumo,
1135 5335 1525 5404 Engolismensi
1553 5335 1826 5405 episcopo,
1855 5334 2087 5390 salutem

509 5434 563 5476 et
593 5423 941 5491 apostolicam
965 5426 1409 5483 benedictionem.

583 5513 948 5568 Charissimns
973 5525 1156 5567 noster
1183 5517 1232 5569 in
1263 5518 1481 5574 Christo
1509 5521 1651 5575 filius
1677 5520 2088 5591 Angcriaccnsis

511 5602 681 5658 abbas
736 5603 1064 5674 (Λιιδτιιιίιιδ)
1095 5607 1308 5674 propria
1348 5611 1502 5664 nobis
1533 5611 1792 5666 relatione
1825 5611 2093 5681 suggessit

511 5695 573 5771 ὃ,
607 5696 854 5766 Eparcbii
903 5697 1289 5753 monasterium
1318 5710 1410 5756 ttto
1454 5703 1724 5774 quondam
1770 5702 1953 5760 favore
1983 5719 2091 5760 cu:-

2105 4467 2165 4521 D.

2158 3227 2242 3282 vel
2270 3227 2546 3282 oblatione
2597 3225 2838 3281 fidelium
2867 3225 3014 3293 juste
3063 3233 3225 3293 atque
3253 3226 3532 3279 canonice
3568 3225 3747 3293 poterit

2162 3317 2414 3384 adipisci,
2444 3316 2597 3370 firma
2644 3316 2738 3370 tibi
2769 3316 2983 3384 tuisque
3013 3314 3429 3370 successoribus
3467 3324 3525 3367 et
3560 3315 3747 3367 illibata

2162 3416 2536 3476 permaneant.
2583 3406 2936 3460 Deceruimus
2978 3419 3108 3472 ergo
3135 3413 3196 3457 ut
3245 3402 3381 3456 nulli
3412 3402 3640 3458 omnino
3665 3403 3748 3455 bo.

2165 3500 2368 3554 minum
2408 3498 2566 3554 liceat
2610 3497 2895 3567 praefatum
2937 3497 3246 3552 ereuobium
3297 3505 3513 3550 temere
3542 3504 3746 3564 pertur-

2165 3590 2294 3644 bare
2311 3598 2404 3642 aut
2417 3587 2532 3656 ejus
2548 3587 2918 3657 possessiones
2935 3585 3245 3640 auferrevel
3261 3583 3483 3638 ablatas
3507 3584 3748 3644 retinere,

2169 3683 2432 3744 minuere,
2479 3681 2562 3733 vrl
2611 3679 2915 3734 temerariis
2957 3678 3332 3732 vexationibus
3362 3675 3617 3746 fatigare,
3662 3676 3746 3728 sed

2168 3776 2348 3828 omnia
2412 3776 2618 3844 integra
2682 3781 3093 3836 conserventur,
3148 3785 3339 3824 eorum
3407 3785 3513 3839 pro
3536 3784 3747 3838 quorum

2170 3867 2560 3920 sustentatione
2589 3881 2650 3920 ac
2687 3865 3080 3935 gubernatione
3115 3876 3378 3918 concessa
3413 3871 3548 3916 sunt
3582 3860 3749 3914 usibus

2169 3955 2495 4009 omnimodis
2545 3955 2845 4023 profutura.
2903 3953 2961 4008 Si
3015 3968 3135 4022 qua:
3185 3966 3314 4006 vero
3365 3949 3618 4005 ecclesia:
3676 3950 3747 4001 vel

2173 4045 2371 4114 praedia
2401 4044 2676 4099 Tutelcusi
2719 4042 3051 4098 monasterio
3079 4039 3410 4111 pertinentia
3442 4055 3546 4109 per
3590 4037 3752 4093 irreli-

2173 4137 2351 4206 giosos
2373 4137 2595 4190 abbates
2620 4136 2701 4190 vel
2730 4136 3024 4189 monachos
3049 4135 3310 4187 hactenus
3337 4131 3500 4185 laieis
3528 4131 3655 4184 data
3677 4128 3749 4182 vel

2175 4227 2449 4296 perlaicos
2475 4228 2526 4281 in
2550 4212 2778 4281 aliorum
2810 4224 3265 4280 monasteriorum
3283 4220 3611 4277 facultatem
3635 4220 3749 4273 citra

2177 4317 2475 4388 legitimam
2506 4316 2904 4385 possessionem
2935 4321 3195 4382 usurpata
3218 4321 3372 4376 sunt,
3408 4319 3600 4364 vestro
3620 4305 3751 4377 peni-

2180 4418 2266 4464 tus
2323 4407 2652 4462 monasterio
2714 4405 3044 4461 restituenda
3103 4402 3471 4473 praecipitiius.
3519 4401 3604 4454 Ad
3658 4400 3750 4452 lucc

2177 4499 2494 4568 adjicientcs
2557 4497 2843 4552 statuimus
2892 4511 2959 4549 ne
3014 4510 3111 4563 pro
3175 4492 3484 4546 malefactis
3541 4491 3748 4543 militum

2177 4588 2452 4644 'l‘utelensi
2499 4597 2682 4665 castro
2728 4585 3086 4641 habitantium
3143 4583 3545 4638 monasterium
3600 4582 3749 4649 ipsmu

2178 4679 2702 4744 excommunicetur,
2757 4686 2822 4732 'ea
2875 4686 3055 4732 tamen
3100 4675 3435 4737 conditione,
3499 4682 3560 4727 ut
3612 4670 3751 4725 iidem

2181 4773 2402 4836 milites,
2456 4771 2500 4826 si
2555 4769 3008 4826 cxcommunicati
3056 4767 3276 4830 fuerint,
3312 4765 3380 4818 ad
3429 4764 3616 4817 divina
3666 4762 3751 4815 illic

2180 4863 2355 4920 ollieia
2399 4879 2504 4917 non
2545 4860 2919 4915 admittantur.
2953 4856 3332 4912 Possessiones
3391 4853 3562 4908 etiam
3609 4853 3749 4906 Tute—

2182 4957 2347 5012 lensis
2368 4954 2600 5012 cmuobii
2651 4967 2748 5022 pro
2777 4953 3016 5020 ipsorum
3052 4950 3285 5005 militum
3326 4945 3557 5001 offensis
3610 4947 3748 5014 depo-

2183 5045 2358 5116 pulari
2396 5053 2489 5098 aut
2521 5040 2765 5097 infestari
2796 5040 3124 5096 auctoritate
3179 5035 3482 5107 apostolica
3518 5036 3748 5098 prohibe-

2187 5151 2327 5192 mus.
2380 5134 2550 5192 Porro
2594 5131 2930 5203 sepulturam
2979 5132 3082 5187 loci
3136 5132 3278 5186 illius
3301 5136 3606 5189 secundum
3635 5131 3749 5185 anti-

2186 5244 2348 5298 quam
2397 5238 2453 5282 et
2479 5227 2795 5282 canonicam
2843 5225 3290 5280 consuetudinem
3332 5239 3654 5295 permanere
3680 5222 3754 5276 de-

2188 5321 2484 5387 cernimus,
2533 5319 2683 5375 salva
2735 5317 3136 5373 Lcmovicensis
3171 5317 3413 5388 episcopi
3445 5315 3747 5372 reverentia.

2189 5419 2437 5474 Obeunte
2468 5425 2519 5470 te
2550 5429 2692 5468 nunc
2714 5412 2830 5483 ejus
2847 5413 2949 5466 loci
2977 5413 3174 5467 abbate
3197 5410 3278 5465 vel
3297 5421 3514 5466 tuorum
3539 5409 3749 5479 quolibet

2191 5525 2588 5575 successorum,
2615 5507 2794 5561 nullus
2822 5505 2893 5559 ibi
2924 5504 3162 5574 qualibet
3185 5503 3557 5573 subreptionis
3580 5498 3747 5555 astutia

2193 5605 2276 5661 vel
2300 5603 2553 5659 violentia
2579 5609 2944 5671 pra-ponatur,
2962 5598 3064 5652 nisi
3087 5611 3249 5666 quem
3275 5596 3475 5650 fratres
3505 5588 3747 5650 communi

2197 5713 2460 5758 consensu
2495 5696 2583 5754 vel.
2617 5694 2843 5751 fratrum
2872 5707 2998 5762 pars
3041 5688 3254 5748 consilii
3305 5688 3538 5747 sanioris
3586 5697 3746 5766 SCch
