3888 6322
98 400 189 455 4-55

1216 390 1580 447 EPISTOL.‘E
1609 391 1693 445 ΕΤ
1721 390 2122 447 PRIVILEGIA.

3230 394 3332 449 ΗΟ

98 516 207 567 dun
238 511 323 564 Dei
360 510 605 563 timorem
638 517 691 562 et
722 506 862 561 beati
898 505 1167 559 Benedicti
1216 506 1451 573 regulam
1487 504 1665 573 elegos
1689 505 1733 560 Α
1766 506 1887 559 liliis
1914 507 2081 569 clero,
2113 503 2312 571 ordini,
2364 504 2621 558 militibus
2659 515 2711 558 et
2756 504 2892 574 plebi
2925 504 3110 559 liemis
3158 509 3335 560 cousi-

99 611 211 655 I'ittl.
247 599 391 654 Umle
437 600 541 653 sub
580 597 812 651 districti
860 596 1220 649 anathematis
1271 594 1652 648 interdictioae

82 678 345 744 sancimus
374 706 442 743 ue
477 689 567 742 ulli
594 687 819 742 omnino
842 700 1088 757 personat
1123 685 1353 739 faculas
1383 686 1453 740 sit
1503 700 1654 752 regu-

96 782 178 834 lari
224 778 428 833 abbatis
484 777 735 833 electioni
798 778 1066 831 obsistere
1096 786 1189 829 aut
1237 791 1332 845 pro
1367 790 1428 829 ca
1460 791 1655 829 munus

95 871 350 941 quodlibet
410 870 647 940 exigere,
725 878 784 923 ιιι
838 868 1005 937 ipsius
1084 866 1395 921 monasterii
1455 866 1655 919 fratres

94 961 220 1013 omni
244 959 559 1029 gravamine
617 958 902 1012 mundana:
943 956 1314 1025 Oppressionis
1368 963 1575 1008 remoto
1604 955 1655 1007 in

94 1062 278 1105 sanrtze
328 1050 607 1118 religionis
659 1048 1039 1104 observatione
1078 1047 1245 1102 seduli
1279 1056 1438 1114 atque
1490 1044 1657 1113 quieti

93 1142 431 1211 omnipotenti
499 1141 609 1195 Deo
666 1139 882 1208 placere
938 1139 1065 1192 totis
1121 1136 1317 1190 mentis
1368 1144 1422 1189 et
1466 1134 1659 1188 anima:

93 1230 359 1285 virtutibus
410 1229 694 1283 anhelent.
760 1227 819 1282 Si
881 1241 984 1296 qua
1055 1240 1188 1280 sane
1244 1224 1297 1278 in
1362 1224 1658 1277 crastinum

102 1322 447 1378 ecclesiastica
482 1320 824 1375 saecularisve
850 1333 1081 1388 persona
1138 1319 1277 1371 hanc
1305 1327 1502 1371 nostrm
1533 1330 1661 1368 con-

96 1416 371 1472 stitutiouis
420 1415 676 1485 paginam
724 1413 905 1468 sciens
957 1420 1149 1466 contra
1191 1424 1311 1464 eam
1359 1406 1665 1464 temereire

99 1506 395 1570 tentaverit,
461 1503 701 1560 secundo
761 1502 986 1557 tertiove
1053 1499 1382 1556 commonita
1452 1498 1498 1553 si
1557 1512 1660 1550 nou

96 1612 307 1666 congrua
333 1593 712 1650 satisfactione
740 1592 1134 1656 emendaverit,
1176 1588 1456 1661 potestatis
1498 1588 1665 1642 bono-

97 1690 258 1757 risque
271 1686 349 1742 sui
375 1686 643 1755 dignitate
669 1692 873 1749 careat,
902 1695 1159 1750 reamque
1181 1696 1238 1735 se
1261 1680 1442 1735 divino
1460 1677 1665 1746 judicio

97 1781 305 1834 existere
352 1780 418 1833 de
468 1785 786 1848 perpetrata
837 1774 1125 1845 iniquitate
1171 1781 1484 1844 cognoscat,
1541 1782 1596 1825 et
1635 1786 1664 1823 a

1756 597 2040 659 stentibus,
2074 594 2299 648 salutem
2331 606 2384 647 et
2408 594 2755 663 apostolicam
2782 596 3230 650 benedictionem.

1821 687 2137 742 Alfeetionis
2160 688 2375 755 quidem
2401 697 2597 741 nostra:
2634 688 2865 752 viscera,
2903 687 2995 741 lilii
3029 688 3084 741 in
3114 687 3334 742 Clu-isto

1755 777 2083 841 charissimi,
2113 776 2421 847 angustiata
2447 785 2594 840 sunt,
2618 777 2743 846 quia
2781 792 2876 830 vos
2916 780 3150 845 pastoris
3182 778 3333 831 solli-

1755 867 2013 932 citudine,
2045 881 2142 920 nos
2173 881 2301 919 vero
2328 866 2619 920 eonl'ratris
2661 874 2713 919 et
2760 867 3058 935 coepiscopi
3089 867 3334 920 Rainoldi

1758 960 1954 1014 solatio
1985 958 2232 1012 novimus
2271 959 2579 1013 destitutos.
2626 958 2733 1012 Sed
2762 958 2814 1011 in
2860 957 3206 1012 tribulatione
3235 958 3336 1013 hac

1756 1067 1852 1122 per
1871 1054 2254 1120 omn'potentis
2286 1052 2375 1105 Dei
2408 1050 2635 1120 gratiam
2661 1048 2942 1103 cbaritattis
2968 1058 3165 1102 nostrae
3195 1063 3333 1117 prce-

1757 1144 1938 1198 cordia
1958 1142 2276 1204 dilatantur,
2297 1142 2423 1211 quia
2453 1156 2544 1195 vos
2565 1138 2927 1193 sollicitudine
2966 1139 3166 1203 debita,
3196 1138 3334 1193 aﬁ‘e-

1759 1235 1936 1287 ctione
1962 1234 2213 1299 sollicita,
2237 1233 2354 1288 sine
2395 1233 2538 1295 dolo,
2581 1232 2699 1286 sine
2728 1231 2993 1300 pravitate
3034 1230 3101 1284 de
3141 1240 3342 1285 vestrae

1760 1325 2016 1381 Ecclesia:
2039 1324 2161 1379 liliis
2183 1334 2454 1393 pastorem
2477 1322 2706 1392 elegisse
2728 1321 3111 1390 comperimus.
3134 1320 3344 1375 Asserit

1760 1423 1941 1469 autem
2001 1414 2110 1483 spei
2152 1422 2343 1467 vestrae
2399 1412 2652 1467 ﬁduciam
2712 1410 3085 1465 unanimitatis
3146 1420 3351 1466 vestrte

1761 1518 2073 1559 consensus.
2097 1502 2196 1557 Ubi
2215 1504 2358 1556 enim
2376 1502 2744 1556 universormn
2760 1498 3050 1570 postulatio
3068 1503 3345 1570 congruit,

1763 1595 2009 1652 dubitare
2035 1609 2133 1649 nos
2162 1608 2498 1663 nequaquam
2515 1602 2729 1662 oportet
2748 1594 2817 1648 ibi
2849 1594 3133 1650 Dominum
3157 1594 3343 1649 .lesum

1763 1695 1818 1741 et
1842 1685 2134 1740 voluntatis
2159 1696 2434 1738 auctorem
2463 1694 2519 1738 et
2548 1684 2826 1753 petitionis
2851 1686 3116 1740 arbitrum
3146 1684 3260 1739 fore
3291 1693 3345 1737 et

1766 1776 2122 1832 ordinationis
2176 1776 2460 1845 prazsulcm
2485 1786 2539 1829 et
2575 1775 2889 1846 largitorem
2942 1776 3152 1846 gratiae.
3183 1775 3348 1830 Bonis

100 1869 441 1925 saeratissimo
495 1882 732 1937 corpore
775 1882 839 1922 ac
891 1864 1155 1934 sanguine
1204 1863 1301 1916 Dei
1349 1870 1403 1916 et
1451 1860 1661 1915 Domini

1772 1882 1896 1938 ergo
1922 1867 2117 1922 studiis
2163 1866 2359 1921 vestris
2393 1866 2638 1935 ampliori
2662 1841 2969 1922 vdevotione
2997 1865 3345 1934 congratula-

102 1961 449 2030 liedemptoris
487 1960 662 2014 nostri
693 1957 819 2013 Jesu
847 1957 1053 2013 Christi
1087 1956 1262 2009 aliena
1293 1953 1388 2007 ﬁat
1418 1961 1581 2022 atque
1608 1952 1663 2005 in

100 2062 317 2107 extremo
336 2050 595 2105 examine
611 2048 873 2103 districta:
898 2045 1088 2100 ultioni
1115 2044 1417 2113 subiaceat.
1442 2040 1667 2096 Cunctis

100 2154 254 2196 autem
280 2143 453 2197 eidem
486 2140 783 2209 loco’justa
813 2137 1159 2193 servantibus
1201 2136 1271 2188 sit
1307 2149 1409 2202 pax
1454 2132 1665 2187 Domini

102 2234 250 2290 nostri
277 2232 398 2289 .lcsu
431 2232 663 2295 Christi,
701 2240 970 2300 quatenus
1017 2236 1073 2283 et
1122 2226 1210 2281 hic
1249 2225 1484 2280 fructum
1514 2227 1666 2280 bonae

107 2324 309 2377 actionis
332 2323 643 2392 percipiant
668 2331 723 2376 et
754 2322 895 2390 apud
937 2319 1242 2375 districtum
1265 2316 1501 2386 judicem
1531 2333 1667 2383 prae-

104 2415 193 2467 mia
218 2423 424 2468 reterns:
449 2412 606 2482 pacis
633 2411 932 2468 inveniant.
957 2412 1152 2476 Amen,
1171 2426 1350 2474 amen,
1380 2423 1560 2461 amen.

164 2505 337 2556 Datum
395 2501 704 2567 Lemovici,
758 2517 854 2571 per
902 2515 1119 2553 manum
1169 2497 1422 2560 Joannis,
1467 2504 1668 2557 sanctae

104 2590 332 2645 Romana:
380 2592 648 2646 Ecclesia:
697 2589 909 2645 diaconi
942 2588 1255 2653 cardinalis,
1301 2604 1354 2642 tv
1378 2587 1560 2641 Nonas
1588 2585 1669 2640 Ja-

106 2682 274 2747 nuarii,
305 2683 865 2751 indictione-quarta,
918 2680 1210 2734 Dominica:
1270 2678 1669 2733 lncarnationis

108 2772 243 2837 1096,
269 2773 828 2840 pontilieatus.autcm
852 2769 1034 2824 domui
1056 2768 1257 2825 Urbani
1279 2782 1429 2839 papae
1447 2767 1668 2821 secundi

106 2878 229 2917 anno
257 2878 365 2919 \‘Ill.

167 2954 292 3009 Bene
314 2955 509 3012 valete.

764 3046 991 3103 CLXXI.

109 3132 286 3190 Urbani
316 3136 374 3190 11
403 3137 631 3203 epistola
664 3137 733 3190 ad
764 3138 1128 3206 stt/[‘rngnneos
1157 3134 1402 3189 Ecclesia?
1454 3135 1669 3188 Remen-

167 3208 248 3259 εἰς.
272 3238 337 3245 --
365 3186 498 3260 Ιιῶδ
526 3209 767 3260 hortatur
791 3186 1121 3268 ui'lllti’nassi,
1154 3206 1206 3258 in
1221 3206 1390 3258 locum
1424 3186 1669 3259 liat'noltli
1699 3186 1740 3242 C

167 3278 529 3347 archiepiscopi
559 3277 817 3331 demortui
847 3278 1083 3345 su/fecto,
1115 3276 1378 3329 obetliunt.

684 3367 866 3435 (Anno
898 3366 1080 3435 1096.)

319 3458 571 3530 [Βιλιιιῑη
606 3454 854 3520 Miscell.,
879 3455 1009 3509 edit.
1038 3453 1170 3507 Luc.
1205 3453 1266 3518 ll,
1297 3452 1445 3523 138.]

170 3547 403 3602 URBANUS
423 3548 740 3617 episc0pus,
768 3561 960 3600 servus
988 3560 1266 3599 servorum
1294 3544 1407 3605 Dei,
1440 3542 1677 3596 dilectis-

110 3640 241 3693 simis
307 3638 682 3695 confratribus
750 3645 805 3691 et
863 3635 1343 3690 consacerdotibus
1394 3632 1677 3687 Bernensis

110 3724 341 3782 Ecclesia:
372 3725 760 3796 sull'r.:ganeis,
797 3724 1023 3779 salutent
1053 3733 1103 3778 et
1141 3721 1492 3792 apostolicam
1516 3720 1679 3774 bene-

109 3818 394 3873 dictionem.

170 3907 417 3963 Defuncto
444 3904 747 3961 venerabili
784 3903 1058 3959 confratre
1100 3910 1307 3965 nostro,
1332 3911 1529 3956 vestra:
1572 3915 1679 3954 me-

112 3998 313 4066 tropolis
335 3997 769 4066 archiepiscopo,
794 3992 1032 4063 ejusdem
1057 3992 1311 4048 Ecclesia:
1334 3989 1677 4060 praepositum

112 4087 367 4144 Manassen
415 4088 690 4144 communi
717 4086 848 4141 eleri
883 4085 1165 4156 plebisque
1193 4097 1461 4139 consensu
1489 4096 1679 4134 secun-

110 4182 219 4233 dum
246 4182 385 4236 sedis
413 4179 734 4251 apostolica:
757 4179 977 4233 decreta
1014 4177 1368 4244 cognovimus
1400 4175 1465 4228 ad
1511 4173 1681 4242 ipsius

111 4272 401 4341 metropolis
461 4271 705 4342 regimen
742 4284 863 4325 esse
912 4276 1247 4337 provectum.
1296 4266 1427 4331 Qua:
1472 4264 1680 4318 scilicet

112 4367 385 4433 provectio,
413 4367 541 4435 quia
571 4365 777 4419 sanctis
803 4364 1014 4417 videtur
1039 4358 1331 4416 convenire
1355 4357 1678 4419 canonibus,

114 4472 204 4507 non
240 4469 387 4527 grata
421 4458 580 4511 nobis
609 4470 729 4510 esse
760 4471 865 4510 non
898 4463 1092 4523 potest.
1131 4451 1261 4504 Eam
1295 4450 1455 4519 igitur
1485 4458 1676 4500 aucto-

115 4546 269 4601 ritatis
321 4556 525 4602 nostrae
579 4546 819 4615 pondere
873 4543 1288 4603 continuantes,
1337 4537 1679 4592 dilectionem

115 4645 327 4689 vestram
389 4636 592 4691 litteris
657 4633 1016 4704 praesentibus
1066 4629 1423 4684 exhortamur
1483 4641 1553 4681 ne
1612 4625 1680 4677 ab

116 4727 339 4793 ejusdem
392 4730 551 4783 electi
603 4741 837 4796 persona
866 4726 1010 4794 quod
1042 4721 1207 4776 vestri
1237 4719 1397 4774 ollieii
1458 4718 1686 4771 interest

116 4821 524 4875 dissimulatione
587 4819 829 4889 mtalibet
896 4815 1251 4879 subtrahatis,
1311 4812 1405 4867 sed
1464 4809 1685 4865 omnino

117 4913 320 4981 satagile
344 4927 399 4966 ut
415 4913 556 4982 quod
574 4914 711 4964 bene
730 4910 1025 4979 inemptum
1039 4915 1144 4971 est,
1159 4905 1421 4975 largiente
1438 4901 1682 4964 Domino,

119 5004 292 5057 melius
319 5005 677 5074 templeatur,
709 5017 776 5056 ne
802 5001 1002 5055 diutius
1033 5009 1181 5053 tanta
1216 4996 1455 5052 Ecclesia
1486 4994 1685 5048 ollicio-

121 5109 223 5147 rum
251 5097 636 5166 episeopalium
665 5094 1137 5149 administratione
1173 5093 1437 5159 privetur.

184 5185 306 5241 Data
338 5188 614 5258 Audcgavi
646 5203 744 5241 vttt
784 5185 905 5238 ldus
938 5182 1243 5239 Februarii.

765 5275 1019 5332 CLXXII.

126 5366 337 5432 Clernm,
367 5374 623 5432 ordinent,
657 5369 844 5422 milites
875 5380 921 5421 et
953 5368 1149 5437 plebem
1188 5364 1487 5437 Renteuscnt
1511 5364 1684 5417 [torta-

187 5449 265 5489 tttr
316 5451 366 5492 ut
429 5441 663 5495 Munussi
706 5440 865 5497 electo
910 5437 1299 5506 archiepiscopo
1354 5436 1508 5502 ﬁdem
1553 5450 1688 5501 pric-

188 5519 329 5563 aiettl.

705 5601 884 5672 (Auno
918 5599 1100 5668 1096.)

508 5695 753 5766 [ΒΑιυιἾ
791 5692 1014 5746 Miscell.
1050 5692 1114 5757 ll,
1153 5688 1297 5760 159.]

200 5776 431 5840 UltBANL’S
459 5788 759 5858 t‘piscopus,
795 5799 983 5841 servus
1026 5798 1314 5840 servorum
1345 5781 1438 5836 Dei
1484 5779 1693 5835 ddecus

1766 1974 1905 2025 mur,
1935 1968 1992 2015 et
2037 1958 2181 2029 quod
2225 1959 2523 2014 secundum
2577 1960 2886 2027 apostolicae
2930 1959 3076 2014 sedis
3129 1959 3346 2013 decreta

1754 2050 1908 2121 ‘juste
1950 2060 2244 2121 sancteque
2272 2052 2537 2119 cmpislis,
2590 2065 2688 2105 nos
2716 2065 2811 2118 per
2840 2050 3227 2118 omnipotentis
3251 2050 3349 2104 Dei

1767 2145 1993 2215 gratiam
2030 2144 2176 2198 sedis
2210 2142 2523 2212 apostolicae
2566 2143 2864 2197 assertione
2900 2142 3202 2195 ﬁrmamus.
3239 2140 3349 2194 Vos

1769 2235 2031 2303 siquidem
2064 2233 2117 2286 in
2149 2232 2455 2302 apostolica:
2485 2232 2629 2285 sedis
2660 2231 2962 2286 libertatem
3006 2229 3352 2282 consurrexi-

1769 2326 1888 2390 stis,
1930 2324 2150 2378 utsicut
2172 2332 2333 2391 caput
2366 2322 2513 2389 regni
2543 2320 2796 2383 existitis,
2842 2319 2914 2371 ita
2942 2318 3106 2373 etiam
3138 2316 3353 2384 religio-

1768 2418 1853 2472 nis
1883 2426 1935 2471 et
1960 2415 2302 2470 auctoritatis
2327 2413 2609 2469 catholica:
2632 2413 2682 2465 in
2728 2410 2916 2465 eodem
2958 2422 3124 2475 regno
3153 2407 3354 2476 princi-

1769 2508 1916 2579 pium
1969 2506 2223 2561 cxistitis.
2275 2503 2418 2557 Nihil
2467 2503 2651 2572 itaque
2701 2516 2865 2570 super
2912 2498 3351 2566 ιἠεήιιῑσιιιοιηιιιι

1771 2604 1935 2659 verba
1964 2601 2316 2671 praevaleant,
2347 2598 2482 2653 nihil
2512 2607 2740 2652 terrenae
2769 2597 3009 2664 pravitas
3038 2592 3355 2648 intentionis

1771 2693 2038 2748 obl'uscet.
2066 2690 2217 2758 Quod
2249 2689 2392 2743 enim
2420 2688 2766 2756 omnipotens
2781 2684 3039 2738 Dominus
3062 2682 3354 2751 aSpirando

1770 2784 2049 2854 prtevenit,
2090 2795 2186 2850 per
2221 2780 2412 2834 merita
2461 2786 2516 2833 et
2560 2792 2747 2847 preces
2786 2774 2961 2827 beatae
3008 2783 3062 2826 et
3107 2772 3355 2841 gloriosae

1772 2889 1987 2943 semper
2033 2870 2259 2942 virginis
2300 2868 2481 2923 Maria:
2527 2866 2806 2934 sanctique
2845 2864 3022 2918 Patris
3055 2864 3215 2917 vestri
3248 2861 3354 2915 Re-

1775 2965 1921 3034 migii
1949 2961 2256 3031 adiuvando
2307 2966 2719 3029 prosecutorum
2766 2955 2880 3008 fore
2919 2954 3260 3008 conlidimus.
3298 2951 3356 3004 lu

1775 3056 1891 3124 ipso
1914 3054 2080 3124 igitur
2110 3052 2448 3106 conﬁdentes
2488 3048 2630 3115 quod
2661 3044 2979 3113 simpliciter
3002 3052 3055 3097 et
3094 3043 3211 3097 sine
3233 3056 3355 3109 pra-

1773 3146 1943 3199 vitate
2001 3138 2288 3214 [cwpistis]
2342 3136 2594 3208 prosequi
2648 3144 2958 3203 procurate.
3003 3131 3185 3201 Neque
3210 3130 3357 3185 enim

1778 3237 1931 3293 vobis
1961 3236 2012 3289 in
2039 3242 2194 3304 parte
2216 3234 2316 3286 hac
2341 3228 2650 3299 apostolicae
2671 3227 2816 3281 sedis
2837 3225 3115 3279 brachium
3140 3231 3359 3278 contra-

1778 3330 1956 3383 hetur.
1978 3324 2166 3379 Nullus
2181 3322 2232 3375 in
2252 3322 2353 3375 hoc
2373 3319 2588 3390 negotio
2611 3316 2924 3371 idololatria).
2949 3314 3102 3368 fucus
3127 3314 3361 3367 interve-

1777 3419 1911 3484 niat,
1939 3415 2095 3470 nulla:
2116 3412 2296 3475 mium,
2325 3409 2453 3463 nulli
2487 3418 2723 3462 terrores
2756 3405 3092 3459 nobilitatem
3123 3412 3358 3457 vestram

1778 3509 1847 3562 ab
1883 3507 1984 3560 hac
2032 3504 2279 3557 libertate
2326 3500 2663 3562 dimovcant;
2707 3510 2776 3549 ne
2806 3494 2965 3556 forte,
3007 3493 3148 3562 quod
3175 3492 3352 3544 absit!

1778 3615 1901 3655 cum
1980 3597 2174 3666 spiritu
2258 3591 2571 3661 coeperitis,
2652 3603 2815 3642 carne
2887 3582 3355 3639 consununemini.

1780 3689 2033 3745 Ecclesiae
2098 3693 2292 3740 vestrae
2352 3680 2709 3752 sullraganeis
2758 3676 3099 3732 auctoritatis
3164 3683 3361 3727 nostra:

1779 3781 1977 3849 scripta
2023 3775 2321 3832 direximus
2367 3782 2427 3828 ut
2464 3773 2516 3826 in
2568 3771 2742 3826 electo
2773 3768 2915 3839 quod
2963 3768 3043 3823 sui
3082 3776 3167 3821 est
3201 3765 3360 3819 ollieii

1779 3869 1923 3923 nulla
1947 3867 2219 3938 negligant
2241 3864 2527 3919 occasione
2553 3862 2844 3930 complere.
2869 3859 3021 3926 Quod
3045 3858 3087 3911 si
3120 3856 3364 3911 fortassis

1780 3967 1855 4021 illi
1885 3981 1944 4021 se
1965 3966 2163 4034 aliqua,
2210 3963 2355 4031 quod
2387 3977 2494 4015 non
2541 3959 2889 4021 arbitramur,
2937 3955 3204 4025 pravitate
3232 3953 3362 4006 sub-

1781 4058 2065 4119 traxerint,
2094 4070 2187 4110 vos
2203 4069 2323 4107 eum
2342 4064 2581 4120 tempore
2594 4064 2832 4119 congruo
2849 4056 3033 4101 nostro
3050 4042 3364 4112 COIISpet‘llli

1780 4145 2196 4219 praesentabitis.
2244 4143 2405 4197 Novit
2453 4142 2595 4195 enim
2645 4140 2785 4193 beati
2832 4138 2978 4192 Petri
3036 4136 3255 4189 libertas
3312 4142 3367 4189 ct

1779 4240 1953 4311 gratia
1990 4241 2041 4293 in
2083 4254 2141 4293 se
2165 4236 2565 4290 conlidentibus
2598 4248 2703 4287 non
2736 4233 2945 4285 deesse.
2980 4230 3052 4282 De
3077 4226 3366 4280 dilectione

1779 4338 1833 4382 et
1894 4326 2201 4382 obedientia
2261 4342 2390 4393 erga
2446 4339 2570 4376 eum
2627 4320 2888 4374 vivaciter
2939 4315 3241 4372 exhibenda
3271 4330 3367 4367 vos

1779 4418 2056 4476 cohortari
2090 4418 2268 4470 minus
2297 4413 2668 4469 necessarium
2695 4411 2967 4465 duximus.
3006 4407 3189 4476 Neque
3220 4404 3365 4458 enim

1712 4511 1760 4568 D
1788 4511 2115 4580 ambigimus
2142 4508 2284 4577 quod
2320 4507 2411 4574 qui
2444 4512 2647 4558 tantam
2682 4503 2832 4556 vobis
2865 4501 2916 4554 in
2960 4498 3076 4569 ejus
3102 4494 3368 4549 electione

1788 4601 2217 4665 ummimitatetu,
2258 4606 2467 4651 tantum
2510 4594 2770 4659 studium,
2803 4600 3005 4646 tantam
3033 4586 3366 4655 flagrantiam

1787 4694 2063 4764 aspiravit,
2096 4693 2209 4761 ipse
2238 4692 2401 4746 etiam
2435 4696 2644 4743 mentes
2669 4695 2878 4740 vestras
2916 4682 2982 4736 ad
3008 4678 3365 4749 diligendum,

1786 4788 1853 4841 ad
1892 4784 2276 4846 obediendnm,
2317 4782 2385 4835 ad
2414 4778 2762 4835 serviendum
2809 4772 3003 4826 ardore
3032 4769 3114 4823 sui
3146 4767 3371 4836 spiritus

1789 4878 2097 4933 illustrabit.
2131 4876 2247 4944 lpse
2277 4892 2372 4928 vos
2410 4889 2505 4927 sua
2551 4869 2723 4938 gratia
2770 4863 3075 4927 benedicat,
3111 4866 3223 4928 ipse
3251 4872 3370 4910 coro

1790 4972 2027 5034 roboret,
2058 4978 2113 5022 et
2142 4977 2414 5036 pastorem
2436 4973 2716 5032 etgregem
2739 4958 2807 5014 ad
2827 4966 3045 5013 interna:
3064 4949 3373 5009 relectionis

1788 5076 1985 5132 pascua
2023 5060 2344 5113 introducat.

1869 5152 2000 5205 Data
2026 5149 2302 5218 Andegavi
2333 5163 2426 5200 viti
2456 5145 2578 5199 Idus
2612 5140 2913 5196 Februarii.
