3888 6322
517 324 619 389 tu

1166 464 1435 521 CLXXIII.

511 549 751 605 Manussi
808 551 964 603 electo
1016 557 1401 624 arrltiepiswpo
1469 555 1703 611 “emensi
1769 559 2084 629 gratulatur.

581 621 758 674 Mouet
793 639 806 669 ι
842 634 1015 673 curem
1043 641 1255 689 prorsus
1284 621 1525 694 el'vigilet
1559 644 1620 681 ne
1653 621 1804 697 regio:
1834 632 2105 696 superbire

576 692 799 810 qualibet
873 692 1227 749 inconstantia
1288 692 1616 765 subjiciatur.
1653 718 1670 749 ι
1708 692 2083 767 Ἀό]ιιὶυι·ἱιιιιι

576 766 656 810 vol
682 762 865 810 icctur.

571 762 865 827 pollicetur.

992 902 997 915 ν
1116 856 1294 927 (Auno
1323 859 1498 927 I096.)

900 944 1145 1015 [Ilawz.,
1187 949 1409 1004 Miscell.
1441 950 1500 1017 II,
1532 952 1679 1025 159.]

568 1034 819 1091 Uiuimus
850 1042 1155 1109 episcopus,
1190 1059 1378 1097 servus
1419 1060 1697 1099 servorum
1731 1046 1844 1110 Dei,
1887 1047 2081 1103 dilecto

495 1124 605 1177 lilio
637 1126 867 1181 Manssr
889 1168 902 1190 ,
929 1131 1272 1187 Rcmensium
1304 1134 1500 1200 electo,
1526 1135 1751 1189 salutem
1781 1146 1836 1192 et
1858 1150 2079 1207 aposto-

492 1215 649 1269 licam
685 1218 1132 1274 benedictionem.

560 1309 928 1380 Omnipotenti
970 1314 1081 1368 Deo
1128 1316 1333 1383 gratias
1382 1317 1592 1387 agimus
1622 1318 1742 1387 quia
1768 1333 2083 1387 personam

490 1412 655 1467 tuam,
688 1404 755 1459 de
794 1406 946 1475 cnjus
975 1410 1242 1476 probitate
1288 1411 1580 1480 plurimum
1626 1415 1969 1479 confidimus,
2004 1418 2069 1471 ad

486 1489 772 1547 ltemensis
804 1494 1060 1551 Ecclesiae
1091 1498 1332 1568 regimen
1379 1500 1605 1554 electam
1647 1502 1763 1556 sine
1805 1505 2071 1571 pravitate

482 1585 850 1651 cognovimus.
874 1586 1024 1642 Nunc
1046 1589 1207 1658 igitur
1229 1591 1568 1645 dilectionem
1597 1603 1739 1646 tuam
1764 1595 2068 1663 apostol'caa

481 1678 670 1744 gratia:
694 1678 905 1733 litteris
937 1682 1240 1744 visitantes,
1297 1684 1580 1738 hortamur
1629 1696 1689 1741 ut
1729 1687 1865 1741 bona
1913 1688 2062 1742 initia

479 1767 699 1821 studeas
729 1772 1072 1837 provectibns
1094 1772 1406 1828 melioribus
1429 1776 1684 1830 exilitare.
1712 1776 1879 1832 Nulla:
1902 1779 2064 1847 igitur

477 1857 660 1921 minae,
708 1860 835 1913 nulli
894 1871 1130 1917 terrores
1174 1865 1513 1932 prudentiam
1567 1877 1709 1921 tuam
1764 1869 2064 1939 impediant

472 1950 603 2017 quin
647 1952 697 2003 in
745 1960 921 2023 empta
974 1955 1325 2024 simplicitate
1367 1973 1433 2012 ac
1477 1959 1730 2016 libertate
1778 1963 2057 2031 persistas.

474 2044 621 2095 (Jave
653 2059 875 2111 prorsus
906 2058 959 2101 et
988 2048 1144 2119 vigila
1194 2064 1260 2102 ne
1306 2052 1469 2122 regia:
1507 2054 1775 2123 superbiae
1818 2056 2061 2124 qualibet

469 2130 833 2186 inconstantia
882 2136 1205 2204 subjiciaris,
1265 2155 1335 2195 ne
1382 2157 1502 2194 cum
1550 2143 1742 2211 spiritu
1798 2146 2061 2215 coeperis,

468 2232 635 2271 carne
665 2224 1085 2278 consummeris.
1140 2226 1215 2280 De
1256 2228 1564 2294 apostolica:
1608 2231 1751 2286 sedis
1790 2232 2057 2299 adjutorio

465 2309 519 2361 in
553 2310 699 2362 nullo
726 2312 953 2377 ditlidas,
996 2317 1121 2382 quia
1160 2318 1205 2370 si
1253 2319 1303 2371 in
1349 2319 1467 2387 ejus
1496 2320 1749 2376 libertate
1797 2338 2061 2392 perman-

464 2393 624 2455 seris,
646 2393 761 2460 ejus
788 2411 883 2464 per
903 2400 1081 2453 omnia
1123 2402 1341 2456 auxiliis
1374 2404 1653 2459 munieris.

541 2483 678 2537 Data
707 2486 982 2559 Andegavi
1013 2506 1109 2544 γιιι
1135 2492 1255 2545 ldus
1278 2492 1586 2549 Februarii.

1101 2581 1381 2637 CLXXIV.

460 2660 664 2743 Urbani
716 2666 777 2720 II
832 2671 1053 2743 epistola
1121 2674 1191 2726 (ul
1246 2672 1551 2743 Philippum
1607 2676 2043 2735 Catalauneusem

527 2735 844 2820 episcopium.
879 2771 947 2779 —
978 2740 1317 2820 Commendat
1345 2735 1401 2820 ei
1426 2735 1657 2820 'elfratrt
1678 2749 1796 2820 ejus
1828 2750 2042 2820 Ilugoui

526 2807 700 2885 comiti
720 2805 1025 2885 Campania;
1043 2813 1413 2885 monachosﬁ.
1458 2805 1630 2870 Vilom'
1678 2805 2037 2885 Virdwwiisix,

524 2875 1186 2959 ab'crclesios..Nicolai
1234 2883 1288 2936 in
1320 2882 1464 2938 Silva
1507 2885 1711 2957 Lugolli
1739 2907 1831 2957 per
1880 2875 2039 2959 paro:

522 2943 739 2998 cltiauos
768 2947 881 3015 ejus
906 2951 1115 3017 ejeclos.

1053 3041 1232 3111 (Anno
1264 3045 1447 3109 1096.)

703 3126 859 3198 [Dom
892 3129 1167 3198 Βουρυετ,
1196 3132 1433 3201 Recueil,
1469 3137 1603 3204 XIV,
1633 3141 1786 3213 719.]

522 3214 775 3271 Unaasus
797 3219 1102 3290 episcopus,
1132 3237 1324 3278 servus
1351 3241 1632 3283 servorum
1672 3230 1799 3295 Dei,
1838 3234 2037 3291 dilecto

446 3304 602 3357 fratri
635 3306 907 3375 l’muepo,
957 3309 1341 3369 Catalaunensi
1374 3318 1649 3387 episcopo,
1698 3321 1927 3378 salutem
1980 3334 2035 3381 et

442 3395 737 3463 apostolica
747 3414 796 3451 m
831 3400 1284 3483 benedictionem.
2028 3474 2031 3477 γ

514 3486 707 3542 Frater
729 3490 829 3545 iste
854 3491 993 3547 lator
1014 3496 1366 3562 praesentium
1401 3500 1542 3568 apud
1572 3516 1670 3555 nos
1694 3516 2031 3574 conquestus

438 3584 602 3629 estet
648 3593 707 3631 se
755 3588 809 3632 et
852 3580 1053 3637 fratres
1081 3599 1210 3639 suos
1246 3603 1277 3639 a
1310 3589 1631 3656 quibusdam
1684 3597 2030 3661 parochianis

443 3668 570 3732 tuis,
603 3678 712 3723 tam
748 3672 960 3728 clericis
982 3690 1144 3744 quam
1176 3677 1350 3743 laicis,
1382 3681 1433 3733 in
1462 3682 1689 3736 ecclesia
1718 3684 1774 3738 S.
1798 3685 2023 3753 Nicolai,

440 3772 753 3817 constructa
810 3765 861 3817 iu
890 3766 1024 3819 silva
1059 3784 1178 3836 quae
1200 3772 1398 3825 dicitur
1424 3773 1649 3843 Lngolli,
1677 3779 1860 3833 multis
1885 3782 2024 3849 inju-

442 3852 538 3905 riis
579 3851 816 3915 aﬂ’ectos,
847 3866 1111 3911 eteorum
1157 3861 1392 3929 priorem
1447 3864 1512 3919 de
1558 3868 1746 3922 eadem
1795 3872 2023 3927 ecclesia

440 3942 814 3996 exturbatum.
848 3944 1211 4010 Quamobrem
1250 3951 1525 4007 dilectioni
1586 3966 1689 4011 tum
1738 3964 2019 4029 prmsentia

433 4034 638 4104 scripta
663 4034 972 4106 dirigiinus,
997 4042 1375 4111 praecipientes
1405 4054 1464 4099 ut
1489 4049 1705 4104 eosdem
1730 4056 2019 4121 parochia-

433 4139 534 4179 nos
578 4135 699 4181 tuos
756 4144 918 4197 super
963 4130 1272 4199 hujusmodi
1318 4136 1528 4206 injuriis
1580 4141 1712 4209 ipsis
1760 4141 2019 4201 fratribus

430 4215 776 4284 satisfacere,
807 4230 862 4274 et
893 4223 942 4275 in
975 4234 1251 4293 posterum
1303 4243 1520 4284 cessare
1576 4235 1893 4303 compellas.
1945 4238 2019 4293 De

431 4316 631 4362 cmtero
661 4309 822 4364 etiam
869 4329 1121 4385 rogamus
1172 4326 1233 4370 ut
1282 4318 1482 4375 fratres
1521 4324 1667 4391 ipsos
1696 4342 1794 4395 pro
1832 4344 2017 4386 amore

426 4396 657 4471 Il._i‘etri
710 4413 764 4456 et
818 4415 1005 4460 nostro
1054 4408 1152 4463 sub
1189 4410 1401 4466 alarum
1435 4424 1648 4470 tuarum
1714 4422 2014 4477 munimine

1850 338 1905 391 Il.
1949 338 2201 393 UllBANI
2226 338 2263 392 II
2305 339 2504 395 ΡΑΡίΕ

2122 457 2163 511 Α
2198 452 2304 507 ﬁlio
2362 452 2590 516 Nam”,
2653 453 2833 508 abbati
2907 461 3220 514 monasterii
3302 462 3489 518 Sancti
3548 466 3752 535 Nimlai,

3668 355 3753 413 ιις

2194 544 2336 610 quod
2381 558 2536 597 secus
2559 545 2908 619 Andegavnm
2942 549 3106 603 situm
3137 561 3242 617 est,
3291 553 3519 624 eiusque
3561 575 3755 617 succes-

2191 635 2404 688 sorilms
2435 636 2756 705 regulariter
2782 639 3195 696 substituendis.

2262 771 2549 841 Religiosis
2634 773 2920 829 desideriis
2979 777 3201 846 dignum
3264 790 3349 835 est
3421 782 3751 843 favorabilem

2193 860 2434 927 prmbere
2461 876 2808 926 consensum,
2840 875 2897 916 ut
2929 864 3100 920 fidelis
3126 867 3347 923 donatio
3370 874 3636 929 malorum
3654 898 3752 932 sor-

2190 949 2352 1000 tiatur
2379 946 2648 1003 eli‘eetum.
2683 951 2810 1005 Tua:
2843 952 3008 1023 igitur
3035 955 3366 1023 devotionis,
3412 976 3476 1016 ac
3522 963 3753 1024 Fulcmns

2185 1036 2382 1105 egregii
2414 1038 2828 1108 Audegavornm
2873 1044 3087 1099 comitis
3126 1049 3380 1116 precibus
3437 1067 3627 1109 aurem
3676 1074 3751 1113 ac-

2182 1128 2606 1195 commodantes,
2664 1130 2811 1186 Beati
2868 1132 3071 1187 Nicolai
3111 1140 3511 1197 tntmasterium
3546 1185 3562 1209 ,
3612 1152 3751 1214 quod,

2178 1214 2495 1285 disponente
2529 1219 2772 1285 Domino,
2810 1227 3011 1278 nostris
3055 1230 3307 1285 manibus
3354 1248 3751 1303 consecranius,

2177 1309 2457 1374 pra-sentis
2499 1310 2700 1365 decreti
2744 1315 3067 1371 auctoritate
3111 1320 3411 1376 nmnimus.
3472 1325 3754 1385 Statuimes

2177 1404 2235 1447 ut
2262 1410 2324 1448 ea
2348 1411 2468 1465 qua:
2499 1401 2792 1467 praedictus
2822 1419 3007 1458 comes
3035 1407 3085 1459 in
3115 1408 3285 1477 ipsius
3325 1412 3599 1471 Ecclesia:
3628 1420 3750 1473 dedi-

2174 1484 2389 1541 catione
2424 1489 2629 1542 nostris
2660 1491 3140 1551 exhortationibus
3166 1513 3262 1568 per
3308 1511 3538 1559 nostras
3588 1524 3753 1563 manus

2170 1576 2363 1631 obtulit
2393 1588 2598 1633 tantum
2632 1580 2842 1636 scilicet
2877 1593 3037 1639 terrze
3067 1588 3118 1640 in
3149 1588 3465 1658 Silvacane,
3510 1609 3752 1665 quantum

2172 1668 2346 1723 tribus
2397 1670 2642 1726 sullicere
2694 1673 2907 1739 debeat,
2952 1687 3008 1731 et
3052 1687 3195 1733 terra
3246 1680 3315 1738 de
3353 1685 3581 1750 Avallo,
3613 1706 3751 1759 quam

2169 1756 2308 1811 idem
2372 1774 2556 1816 comes
2619 1760 2941 1820 Guillelmus
3004 1766 3428 1829 Aurelianensis
3507 1778 3751 1846 dederat,

2169 1847 2432 1915 quidquid
2458 1851 2623 1904 etiam
2654 1852 3018 1909 immunitatis
3055 1873 3148 1911 seu
3180 1859 3510 1919 donationis
3558 1867 3627 1921 de
3671 1887 3751 1923 suo

2157 1933 2294 2001 jure,
2318 1937 2486 2006 ipsius
2510 1942 2938 2008 praedecessores
2962 1947 3190 2003 comites
3217 1948 3499 2008 Jofl'redus
3513 1966 3571 2009 et
3604 1956 3749 2013 Falco

2161 2027 2333 2080 eidem
2375 2030 2618 2085 ecclesia:
2675 2034 3045 2104 contulerunt,
3096 2048 3151 2093 et
3199 2057 3555 2114 quzecunque
3612 2049 3750 2105 hodie

2155 2117 2301 2186 jnste
2331 2121 2604 2189 possidet,
2638 2123 2752 2177 sive
2786 2125 2836 2177 in
2862 2124 3099 2181 futurum
3122 2128 3268 2197 juste
3295 2140 3469 2203 atque
3502 2140 3747 2193 canonice

2158 2213 2357 2279 poterit
2388 2214 2635 2283 adipisci,
2667 2216 2821 2271 ﬁrma
2858 2218 2954 2273 tibi
2990 2221 3208 2291 tuisque
3249 2231 3677 2283 successoribus
3704 2241 3745 2285 et

2159 2300 2362 2363 illibata
2394 2315 2773 2371 permaneant.
2801 2305 2854 2359 In
2879 2309 3075 2377 quibus
3098 2311 3213 2366 hate
3237 2316 3483 2382 propriis
3502 2317 3745 2373 duximus

2155 2390 2466 2445 nominibus
2504 2395 2901 2463 exprimenda:
2944 2397 3244 2454 Ecelcsiam
3299 2404 3364 2456 de
3399 2405 3632 2471 Ariaco,
3692 2410 3745 2463 de

2155 2478 2353 2535 Sancta
2384 2482 2629 2548 Comma,
2664 2486 2728 2540 de
2775 2487 3045 2553 Castillio,
3082 2490 3347 2564 Segregio
3389 2496 3462 2549 de
3520 2498 3740 2564 Bolleio,

2153 2574 2221 2628 de
2257 2573 2480 2640 Pancio,
2508 2579 2574 2632 de
2597 2579 2851 2645 Aracaio,
2883 2583 2947 2637 de
2972 2583 3248 2654 Cupollio;
3296 2589 3349 2641 in
3379 2604 3532 2660 pago
3569 2591 3737 2645 Picta-

2150 2668 2320 2722 viensi
2370 2671 2630 2727 ecclesias
2681 2676 2747 2728 de
2796 2673 3206 2743 Monasterolo,
3261 2681 3329 2735 de
3384 2682 3652 2748 Alaneio,
3688 2687 3743 2740 de

2149 2756 2397 2823 Rilliaco,
2425 2761 2490 2814 de
2518 2760 2843 2830 Borehiaco,
2872 2766 2937 2819 de
2972 2767 3294 2833 Pusanviis;
3325 2771 3377 2823 in
3414 2774 3732 2843 episcopatu

2146 2848 2541 2906 Cenomanensi
2576 2854 2840 2910 ecclesias
2871 2857 2937 2910 de
2980 2857 3255 2927 Geprona,
3287 2862 3355 2915 de
3392 2862 3740 2927 Potroniaco;

2145 2935 2197 2988 in
2234 2937 2550 3008 episcopatu
2581 2940 2765 2997 Sancti
2801 2942 3038 2999 Machuti
3070 2947 3361 3003 ecclesiam
3398 2951 3602 3009 Sancti
3655 2954 3740 3008 Pa-

2146 3026 2317 3091 lerni;
2358 3028 2407 3080 in
2459 3028 2864 3086 Nannolonensi
2891 3035 3176 3089 ecclesiam
3213 3038 3407 3093 Sancti
3443 3040 3741 3105 Lamberti,

2142 3113 2402 3181 capellam
2441 3116 2506 3169 de
2532 3118 2825 3182 Donacelli,
2883 3121 2949 3176 de
2996 3123 3433 3194 Cornioquense,
3491 3131 3565 3186 de
3623 3132 3740 3186 Pru-

2139 3202 2360 3270 gniaco;
2398 3204 2449 3257 in
2476 3207 2701 3276 Anglia,
2737 3210 2789 3262 in
2822 3211 3137 3282 episcopatu
3181 3215 3523 3276 Lincoheusi
3575 3223 3737 3277 eccle-

2136 3291 2272 3343 siam
2303 3291 2370 3346 de
2399 3292 2691 3366 Gniongta,
2716 3298 2782 3351 de
2820 3300 3098 3369 Spalmeta
3154 3322 3279 3359 cum
3315 3312 3587 3366 ecclesiis
3629 3329 3737 3381 qua:

2133 3383 2201 3435 ad
2249 3398 2369 3437 eam
2420 3388 2689 3455 pertinent
2767 3391 2834 3445 de
2886 3391 3254 3464 Guilguenna;
3312 3400 3367 3452 in
3420 3405 3733 3472 episcopatu

2133 3470 2485 3528 Coslronensi
2524 3476 2811 3533 ecclesnam
2864 3482 2932 3536 de
2985 3484 3412 3553 Quircheberia;
3458 3470 3525 3545 in
3581 3493 3735 3548 Gual-

2132 3564 2231 3627 lis,
2285 3566 2335 3619 in
2380 3567 2690 3639 episcopatu
2737 3571 2805 3625 de
2861 3572 3286 3644 Glumnorgant,
3321 3581 3627 3637 ecclesiam
3672 3586 3732 3637 de

2130 3652 2369 3709 Caillouc
2422 3672 2542 3709 cum
2612 3661 2949 3728 appendiciis
3016 3674 3073 3718 et
3139 3669 3595 3736 possessionibus
3646 3689 3731 3727 ea-

2128 3757 2270 3795 I'IIIII.

2197 3833 2375 3902 Ipsum
2412 3836 2592 3906 itaque
2639 3839 2813 3895 locum
2849 3844 3195 3909 visitandum,
3228 3847 3623 3906 honorandum
3672 3867 3726 3905 ac

2126 3931 2517 3997 protegendum
2546 3934 2813 3988 universis
2849 3936 3092 3991 fidelibus
3122 3943 3601 4005 comntemlamus,
3631 3962 3719 4013 pro

2124 4018 2279 4087 cojus
2298 4020 2598 4076 devotionis
2621 4025 2901 4090 beneficio,
2930 4038 2983 4082 et
3006 4031 3403 4099 onmipotcntis
3430 4036 3526 4089 Dei
3564 4040 3719 4091 mise-

2125 4109 2381 4175 ricordia,
2413 4123 2465 4166 et
2495 4114 2593 4169 SS.
2623 4119 2986 4185 apostolorum
3013 4124 3341 4178 auctoritate
3374 4125 3614 4183 tidentes
3633 4144 3723 4198 per

2120 4200 2270 4254 beati
2304 4202 2584 4259 Michaelis
2621 4208 2837 4271 merita,
2860 4208 3048 4274 judicii
3075 4227 3173 4281 pro
3205 4216 3459 4282 peccatis
3510 4219 3719 4288 accepti

2120 4300 2328 4360 partem
2360 4296 2646 4364 septimam
2680 4298 2786 4353 illis
2816 4302 3178 4365 remittimus,
3206 4306 3296 4372 qui
3329 4307 3380 4359 in
3415 4308 3719 4363 dedicatio-

2119 4382 2203 4435 nis
2255 4384 2341 4437 die
2392 4388 2575 4442 animo
2618 4391 2813 4444 devoto
2865 4395 2969 4447 huc
3026 4398 3321 4451 convenire
3371 4404 3716 4465 curaverint;

426 4491 649 4552 tuearis,
680 4501 732 4545 et
785 4509 876 4547 eos
902 4498 1000 4549 sub
1030 4498 1389 4567 dispositione
1420 4510 1741 4565 Venerabilis
1792 4512 2006 4568 Rodulli
2045 4511 2090 4568 D
2118 4484 2183 4525 eo
2207 4487 2461 4568 """.'I‘“"
2489 4485 2697 4542 tenore’
2730 4490 2787 4533 ut
2818 4485 2907 4536 me
2956 4500 3073 4553 'pso
3110 4501 3382 4556 pauperes
3435 4493 3612 4547 abbas
3666 4505 3714 4549 ei

426 4580 781 4637 Virdunensis
811 4585 1026 4641 abbatis
1058 4591 1241 4656 quiete
1280 4603 1338 4647 et
1388 4598 1658 4653 stabiliter
1690 4601 1860 4658 facias
1888 4622 2012 4674 per-

422 4688 659 4728 manere.
685 4673 931 4730 Fratrem
960 4691 1175 4749 quoque
1224 4692 1371 4739 tuum
1425 4687 1700 4759 IIugonem
1754 4673 2007 4753 comitem

417 4760 794 4839 ['I’recensem]
851 4777 959 4823 tam
1016 4786 1114 4840 per
1174 4789 1273 4829 nos
1333 4792 1496 4845 quam
1530 4796 1625 4849 per
1658 4793 1707 4838 te
1762 4798 2006 4856 regatnm

422 4854 685 4921 volumus,
729 4869 787 4911 ut
816 4861 1066 4915 eumdem
1092 4862 1268 4919 locum
1311 4883 1407 4937 pro
1442 4872 1639 4926 anilitas
1669 4892 1777 4929 sum
1833 4880 2007 4935 salute

417 4952 635 5001 tueatur
679 4960 734 5005 et
795 4963 1067 5024 protegat,
1119 4967 1175 5011 et
1224 4959 1570 5017 infestatores
1626 4965 1743 5034 ejus
1782 4968 2004 5027 brachio

415 5053 529 5092 sua:
558 5048 843 5108 potestatis
870 5060 1144 5103 coerceat.

489 5131 621 5184 Data
647 5134 970 5207 Andegavis,
1001 5157 1027 5194 ν
1052 5140 1174 5196 ldus
1200 5142 1495 5201 Februarii.

1078 5238 1335 5293 CLXXV.

411 5308 757 5384 Pricilegium
819 5323 882 5375 ab
932 5323 1145 5398 Urbano
1180 5330 1240 5383 ll
1296 5338 1612 5390 monasterio
1667 5336 1723 5392 S.
1780 5340 1994 5398 Nirolni

482 5402 817 5467 concessum,
862 5394 1003 5447 sulco
1033 5399 1259 5469 epis-capi
1310 5405 1695 5474 .Imleguceusis
1739 5416 1991 5468 (attonita
2044 5447 2049 5453 -

482 5461 789 5512 reverentia.

1008 5558 1183 5625 (Anno
1208 5562 1385 5636 IO9‘J.)

466 5634 687 5710 [Parin
726 5642 983 5698 Theodori
1019 5634 1398 5721 l’wuitcntiule,
1436 5670 1564 5715 tom.
1596 5664 1655 5727 II,
1689 5682 1740 5734 [ι.
1772 5668 1923 5740 612.]

479 5730 729 5799 L'ltBXNt'b'
760 5735 1073 5808 cpiscopus,
1108 5757 1296 5801 servus
1328 5765 1608 5808 servorum
1642 5756 1758 5825 Dei,
1786 5759 1981 5817 dilecto

2118 4566 2365 4618 monachi
2396 4581 2643 4635 pascant,
2677 4581 2731 4625 et
2757 4573 2843 4626 die
2879 4575 3051 4629 altero
3074 4579 3320 4647 psalmos
3352 4597 3484 4639 cum
3515 4586 3713 4641 Iitaniis

2115 4661 2318 4719 septem
2351 4655 2402 4707 in
2426 4667 2697 4712 conventu
2765 4663 3076 4727 decantent,
3105 4676 3158 4717 et
3183 4668 3410 4722 missam
3439 4675 3709 4740 publicam

2114 4743 2411 4810 celebrent,
2443 4761 2578 4814 quos
2632 4749 2875 4816 profecto
2907 4767 3099 4807 onmes
3140 4760 3319 4811 eundo
3349 4768 3403 4811 et
3432 4762 3709 4816 redeundo

2112 4833 2179 4883 ah
2200 4833 2529 4889 adversariis
2546 4838 2915 4909 cujuscunque
2945 4856 3310 4901 securos-esse
3335 4854 3704 4920 praecipimus.

2109 4921 2189 4975 Ad
2247 4924 2362 4978 haec
2407 4925 2727 4994 adjicientes
2788 4932 3132 4990 decrevimus
3179 4947 3239 4989 ut
3290 4941 3423 4994 nulli
3483 4946 3701 4999 omnino

2108 5010 2384 5067 hominum
2417 5016 2575 5070 liceat
2606 5018 2655 5072 id
2685 5022 2991 5076 emnobimn
3020 5033 3229 5079 temere
3252 5032 3699 5096 perturbare,ant

2105 5102 2223 5170 ejus
2279 5107 2654 5172 possessiones
2717 5110 2973 5177 auferre,
3027 5114 3109 5167 \‘cl
3162 5116 3383 5173 ablatas
3439 5123 3693 5183 retinere,

2104 5195 2368 5263 minuere,
2401 5199 2484 5253 vel
2519 5204 2825 5257 temerariis
2859 5208 3238 5262 vexationibns
3280 5209 3544 5281 fatigare;
3598 5220 3689 5269 sint

2100 5287 2279 5341 omnia
2346 5288 2555 5359 integra
2610 5305 3004 5350 conserventur
3049 5316 3239 5355 eorum
3295 5321 3396 5374 pro
3458 5323 3684 5375 quonim

2101 5382 2504 5437 sustentatione
2536 5387 3004 5454 etgubernatitme
3032 5408 3290 5447 concessa
3320 5407 3469 5463 sunt,
3500 5400 3599 5451 υρίῖ
3624 5416 3685 5453 us

2096 5471 2424 5527 omnimodis
2453 5474 2752 5540 profutura,
2782 5479 2929 5532 salva
2980 5481 3389 5553 Aodcgat'ensis
3435 5489 3671 5558 episcopi

2093 5562 2351 5616 cationica
2389 5568 2713 5619 reverentia.

2162 5673 2357 5727 Datum
2395 5676 2550 5745 {apud
2623 5678 2952 5734 Sableulium
3011 5698 3106 5752 per
3168 5702 3384 5741 manum
3428 5687 3669 5749 Joannis,

2088 5774 2286 5817 sancte
2329 5765 2588 5823 Romana:
2627 5769 2883 5825 Ecclesiae
2944 5775 3158 5829 diaconi
3223 5780 3528 5845 cat'dittulis‘,
3578 5796 3668 5834 xu
