  <div class='ocr_page' id='page_1' title='image "/cluster/home/n/w/nwhite01/storage/ocr_20150623/151/hvd.32044015473796/230.png"; bbox 0 0 3888 6322; ppageno 0'>
   <div class='ocr_carea' id='block_1_1' title="bbox 103 333 192 411">
    <p class='ocr_par' dir='ltr' id='par_1_1' title="bbox 103 333 192 411">
     <span class='ocr_line' id='line_1_1' title="bbox 103 333 192 411; baseline 0.011 -1"><span class='ocrx_word' id='word_1_1' title='bbox 103 333 192 411; x_wconf 77' lang='lat' dir='ltr'><strong>tia</strong></span> 
     </span>
    </p>
   </div>
   <div class='ocr_carea' id='block_1_2' title="bbox 1191 340 2117 400">
    <p class='ocr_par' dir='ltr' id='par_1_2' title="bbox 1191 340 2117 400">
     <span class='ocr_line' id='line_1_2' title="bbox 1191 340 2117 400; baseline 0.001 -1"><span class='ocrx_word' id='word_1_2' title='bbox 1191 343 1550 400; x_wconf 59' lang='lat' dir='ltr'><strong>EPISTOIAZ</strong></span> <span class='ocrx_word' id='word_1_3' title='bbox 1579 340 1668 396; x_wconf 78' lang='lat' dir='ltr'>ET</span> <span class='ocrx_word' id='word_1_4' title='bbox 1710 341 2117 400; x_wconf 78' lang='lat' dir='ltr'><strong>PRIVILEGIA.</strong></span> 
     </span>
    </p>
   </div>
   <div class='ocr_carea' id='block_1_3' title="bbox 3212 347 3310 409">
    <p class='ocr_par' dir='ltr' id='par_1_3' title="bbox 3212 347 3310 409">
     <span class='ocr_line' id='line_1_3' title="bbox 3212 347 3310 409; baseline 0.01 -1"><span class='ocrx_word' id='word_1_5' title='bbox 3212 347 3310 409; x_wconf 61' lang='lat'><strong>630</strong></span> 
     </span>
    </p>
   </div>
   <div class='ocr_carea' id='block_1_4' title="bbox 103 433 3312 528">
    <p class='ocr_par' dir='ltr' id='par_1_4' title="bbox 103 433 3312 528">
     <span class='ocr_line' id='line_1_4' title="bbox 103 433 3312 528; baseline 0.002 -12"><span class='ocrx_word' id='word_1_6' title='bbox 103 459 294 517; x_wconf 75' lang='lat' dir='ltr'><strong>lialend.</strong></span> <span class='ocrx_word' id='word_1_7' title='bbox 321 457 449 528; x_wconf 66' lang='lat' dir='ltr'><strong>(ﬂ),</strong></span> <span class='ocrx_word' id='word_1_8' title='bbox 483 433 664 509; x_wconf 86' lang='lat' dir='ltr'><strong>indict.</strong></span> <span class='ocrx_word' id='word_1_9' title='bbox 688 469 763 520; x_wconf 89' lang='lat' dir='ltr'><strong>tv,</strong></span> <span class='ocrx_word' id='word_1_10' title='bbox 788 467 928 509; x_wconf 90' lang='lat' dir='ltr'><strong>anno</strong></span> <span class='ocrx_word' id='word_1_11' title='bbox 955 434 1162 509; x_wconf 83' lang='lat' dir='ltr'><strong>Domini</strong></span> <span class='ocrx_word' id='word_1_12' title='bbox 1198 447 1639 524; x_wconf 69' lang='lat' dir='ltr'><strong>1096,pontillcit—</strong></span> <span class='ocrx_word' id='word_1_13' title='bbox 1669 455 1712 508; x_wconf 79' lang='grc' dir='ltr'>Α</span> <span class='ocrx_word' id='word_1_14' title='bbox 1741 454 1982 508; x_wconf 88' lang='lat' dir='ltr'><strong>studiose</strong></span> <span class='ocrx_word' id='word_1_15' title='bbox 2011 456 2333 520; x_wconf 88' lang='lat' dir='ltr'><strong>notavimus,</strong></span> <span class='ocrx_word' id='word_1_16' title='bbox 2387 459 2586 515; x_wconf 79' lang='lat' dir='ltr'><strong>nostris</strong></span> <span class='ocrx_word' id='word_1_17' title='bbox 2633 462 3017 523; x_wconf 87' lang='lat' dir='ltr'><strong>cardinalibns,</strong></span> <span class='ocrx_word' id='word_1_18' title='bbox 3061 463 3312 521; x_wconf 83' lang='lat' dir='ltr'><strong>Tenzono</strong></span> 
     </span>
    </p>
   </div>
   <div class='ocr_carea' id='block_1_5' title="bbox 102 544 1230 630">
    <p class='ocr_par' dir='ltr' id='par_1_5' title="bbox 102 544 1230 630">
     <span class='ocr_line' id='line_1_5' title="bbox 102 544 1230 630; baseline -0.008 -25"><span class='ocrx_word' id='word_1_19' title='bbox 102 565 173 608; x_wconf 82' lang='lat' dir='ltr'><strong>t.:s</strong></span> <span class='ocrx_word' id='word_1_20' title='bbox 198 558 360 604; x_wconf 89' lang='lat' dir='ltr'><strong>autem</strong></span> <span class='ocrx_word' id='word_1_21' title='bbox 391 545 586 614; x_wconf 83' lang='lat' dir='ltr'><strong>domini</strong></span> <span class='ocrx_word' id='word_1_22' title='bbox 625 544 827 630; x_wconf 77' lang='lat' dir='ltr'><strong>Urbani</strong></span> <span class='ocrx_word' id='word_1_23' title='bbox 872 544 914 599; x_wconf 91' lang='lat' dir='ltr'><strong>II</strong></span> <span class='ocrx_word' id='word_1_24' title='bbox 939 560 1088 614; x_wconf 72' lang='lat' dir='ltr'><strong>papze</strong></span> <span class='ocrx_word' id='word_1_25' title='bbox 1119 561 1230 598; x_wconf 88' lang='lat' dir='ltr'><strong>vtn.</strong></span> 
     </span>
    </p>
   </div>
   <div class='ocr_carea' id='block_1_6' title="bbox 705 653 984 709">
    <p class='ocr_par' dir='ltr' id='par_1_6' title="bbox 705 653 984 709">
     <span class='ocr_line' id='line_1_6' title="bbox 705 653 984 709; baseline 0 -1"><span class='ocrx_word' id='word_1_26' title='bbox 705 653 984 709; x_wconf 73' lang='lat' dir='ltr'><strong>CLXXVI.</strong></span> 
     </span>
    </p>
   </div>
   <div class='ocr_carea' id='block_1_7' title="bbox 99 744 1672 835">
    <p class='ocr_par' dir='ltr' id='par_1_7' title="bbox 99 744 1672 835">
     <span class='ocr_line' id='line_1_7' title="bbox 99 744 1672 835; baseline -0.006 -28"><span class='ocrx_word' id='word_1_27' title='bbox 99 748 270 806; x_wconf 78' lang='lat' dir='ltr'><strong>Urbani</strong></span> <span class='ocrx_word' id='word_1_28' title='bbox 309 745 367 801; x_wconf 88' lang='grc'><strong>11</strong></span> <span class='ocrx_word' id='word_1_29' title='bbox 424 745 638 814; x_wconf 78' lang='lat' dir='ltr'><strong>epistola</strong></span> <span class='ocrx_word' id='word_1_30' title='bbox 687 747 755 798; x_wconf 82' lang='lat' dir='ltr'><strong>ad</strong></span> <span class='ocrx_word' id='word_1_31' title='bbox 807 745 1166 826; x_wconf 58' lang='lat' dir='ltr'><strong>suﬁ&#39;ruganeos</strong></span> <span class='ocrx_word' id='word_1_32' title='bbox 1216 745 1465 835; x_wconf 69' lang='lat' dir='ltr'><strong>Ecclesia:</strong></span> <span class='ocrx_word' id='word_1_33' title='bbox 1535 744 1672 798; x_wconf 81' lang='lat' dir='ltr'><strong>Re-&#39;</strong></span> 
     </span>
    </p>
   </div>
   <div class='ocr_carea' id='block_1_8' title="bbox 729 831 934 868">
    <p class='ocr_par' dir='ltr' id='par_1_8' title="bbox 729 831 934 868">
     <span class='ocr_line' id='line_1_8' title="bbox 729 831 934 868; baseline -0.01 0"><span class='ocrx_word' id='word_1_34' title='bbox 729 831 934 868; x_wconf 64' lang='lat' dir='ltr'><strong>manus.</strong></span> 
     </span>
    </p>
   </div>
   <div class='ocr_carea' id='block_1_9' title="bbox 645 905 1299 976">
    <p class='ocr_par' dir='ltr' id='par_1_9' title="bbox 645 905 1299 976">
     <span class='ocr_line' id='line_1_9' title="bbox 645 905 1299 976; baseline 0.002 -16"><span class='ocrx_word' id='word_1_35' title='bbox 645 905 833 976; x_wconf 79' lang='lat' dir='ltr'><strong>(Anno</strong></span> <span class='ocrx_word' id='word_1_36' title='bbox 857 905 1036 974; x_wconf 77' lang='grc'><strong>1096.)</strong></span> <span class='ocrx_word' id='word_1_37' title='bbox 1295 970 1299 975; x_wconf 24' lang='grc' dir='ltr'>λ</span> 
     </span>
    </p>
   </div>
   <div class='ocr_carea' id='block_1_10' title="bbox 467 993 1239 1066">
    <p class='ocr_par' dir='ltr' id='par_1_10' title="bbox 467 993 1239 1066">
     <span class='ocr_line' id='line_1_10' title="bbox 467 993 1239 1066; baseline 0 -17"><span class='ocrx_word' id='word_1_38' title='bbox 467 995 713 1066; x_wconf 74' lang='grc' dir='ltr'><strong>[ΒΑιυῑ.,</strong></span> <span class='ocrx_word' id='word_1_39' title='bbox 744 993 965 1048; x_wconf 80' lang='lat' dir='ltr'><strong>Miscell.</strong></span> <span class='ocrx_word' id='word_1_40' title='bbox 1002 995 1064 1058; x_wconf 93' lang='lat' dir='ltr'><strong>II,</strong></span> <span class='ocrx_word' id='word_1_41' title='bbox 1093 995 1239 1065; x_wconf 72' lang='lat' dir='ltr'><strong>I39.)</strong></span> 
     </span>
    </p>
   </div>
   <div class='ocr_carea' id='block_1_11' title="bbox 157 1088 1630 1158">
    <p class='ocr_par' dir='ltr' id='par_1_11' title="bbox 157 1088 1630 1158">
     <span class='ocr_line' id='line_1_11' title="bbox 157 1088 1630 1158; baseline -0.003 -13"><span class='ocrx_word' id='word_1_42' title='bbox 157 1090 381 1145; x_wconf 61' lang='lat' dir='ltr'><strong>[Insanus</strong></span> <span class='ocrx_word' id='word_1_43' title='bbox 402 1090 704 1158; x_wconf 76' lang='lat' dir='ltr'><strong>episcopus,</strong></span> <span class='ocrx_word' id='word_1_44' title='bbox 738 1104 931 1142; x_wconf 86' lang='lat' dir='ltr'><strong>servus</strong></span> <span class='ocrx_word' id='word_1_45' title='bbox 954 1103 1236 1141; x_wconf 81' lang='lat' dir='ltr'><strong>servor-nat</strong></span> <span class='ocrx_word' id='word_1_46' title='bbox 1276 1089 1390 1152; x_wconf 89' lang='lat' dir='ltr'><strong>Dei,</strong></span> <span class='ocrx_word' id='word_1_47' title='bbox 1417 1088 1630 1141; x_wconf 77' lang='lat' dir='ltr'><strong>dilectis</strong></span> 
     </span>
    </p>
   </div>
   <div class='ocr_carea' id='block_1_12' title="bbox 91 1174 1628 1245">
    <p class='ocr_par' dir='ltr' id='par_1_12' title="bbox 91 1174 1628 1245">
     <span class='ocr_line' id='line_1_12' title="bbox 91 1174 1628 1245; baseline -0.001 -15"><span class='ocrx_word' id='word_1_48' title='bbox 91 1178 318 1230; x_wconf 72' lang='lat' dir='ltr'><strong>fratribus</strong></span> <span class='ocrx_word' id='word_1_49' title='bbox 393 1185 447 1228; x_wconf 88' lang='lat' dir='ltr'><strong>et</strong></span> <span class='ocrx_word' id='word_1_50' title='bbox 527 1177 866 1245; x_wconf 87' lang='lat' dir='ltr'><strong>coepiscopis</strong></span> <span class='ocrx_word' id='word_1_51' title='bbox 929 1175 1136 1231; x_wconf 67' lang='lat' dir='ltr'><strong>liccoxr</strong></span> <span class='ocrx_word' id='word_1_52' title='bbox 1196 1174 1574 1231; x_wconf 88' lang='lat' dir='ltr'><strong>Snessioncnsi</strong></span> <span class='ocrx_word' id='word_1_53' title='bbox 1615 1217 1628 1241; x_wconf 95' lang='lat'><strong>,</strong></span> 
     </span>
    </p>
   </div>
   <div class='ocr_carea' id='block_1_13' title="bbox 91 1267 1626 1331">
    <p class='ocr_par' dir='ltr' id='par_1_13' title="bbox 91 1267 1626 1331">
     <span class='ocr_line' id='line_1_13' title="bbox 91 1267 1626 1331; baseline 0 -9"><span class='ocrx_word' id='word_1_54' title='bbox 91 1272 350 1323; x_wconf 71' lang='lat' dir='ltr'><strong>Luat-mro</strong></span> <span class='ocrx_word' id='word_1_55' title='bbox 416 1267 803 1331; x_wconf 79' lang='lat' dir='ltr'><strong>Atrebatens‘i,</strong></span> <span class='ocrx_word' id='word_1_56' title='bbox 875 1268 1131 1322; x_wconf 80' lang='lat' dir='ltr'><strong>PntLtero</strong></span> <span class='ocrx_word' id='word_1_57' title='bbox 1203 1269 1626 1331; x_wconf 84' lang='lat' dir='ltr'><strong>Catalaunensi,</strong></span> 
     </span>
    </p>
   </div>
   <div class='ocr_carea' id='block_1_14' title="bbox 88 1357 1630 1427">
    <p class='ocr_par' dir='ltr' id='par_1_14' title="bbox 88 1357 1630 1427">
     <span class='ocr_line' id='line_1_14' title="bbox 88 1357 1630 1427; baseline 0 -15"><span class='ocrx_word' id='word_1_58' title='bbox 88 1359 312 1412; x_wconf 69' lang='lat' dir='ltr'><strong>Gsnanno</strong></span> <span class='ocrx_word' id='word_1_59' title='bbox 345 1357 658 1421; x_wconf 80' lang='lat' dir='ltr'><strong>Morinensi,</strong></span> <span class='ocrx_word' id='word_1_60' title='bbox 695 1358 1017 1427; x_wconf 58' lang='lat' dir='ltr'><strong>exterisque</strong></span> <span class='ocrx_word' id='word_1_61' title='bbox 1062 1358 1349 1413; x_wconf 80' lang='lat' dir='ltr'><strong>Remensis</strong></span> <span class='ocrx_word' id='word_1_62' title='bbox 1377 1360 1630 1413; x_wconf 62' lang='lat' dir='ltr'><strong>Ecclesiae</strong></span> 
     </span>
    </p>
   </div>
   <div class='ocr_carea' id='block_1_15' title="bbox 89 1449 1629 1521">
    <p class='ocr_par' dir='ltr' id='par_1_15' title="bbox 89 1449 1629 1521">
     <span class='ocr_line' id='line_1_15' title="bbox 89 1449 1629 1521; baseline 0.001 -18"><span class='ocrx_word' id='word_1_63' title='bbox 89 1449 405 1519; x_wconf 74' lang='lat' dir='ltr'><strong>snﬂ‘ragaoeis</strong></span> <span class='ocrx_word' id='word_1_64' title='bbox 437 1491 452 1514; x_wconf 95' lang='lat'><strong>,</strong></span> <span class='ocrx_word' id='word_1_65' title='bbox 505 1452 737 1504; x_wconf 81' lang='lat' dir='ltr'><strong>salutent</strong></span> <span class='ocrx_word' id='word_1_66' title='bbox 789 1457 844 1504; x_wconf 90' lang='lat' dir='ltr'><strong>et</strong></span> <span class='ocrx_word' id='word_1_67' title='bbox 908 1452 1258 1521; x_wconf 90' lang='lat' dir='ltr'><strong>apostolicam</strong></span> <span class='ocrx_word' id='word_1_68' title='bbox 1299 1452 1629 1506; x_wconf 88' lang='lat' dir='ltr'><strong>benedictio-</strong></span> 
     </span>
    </p>
   </div>
   <div class='ocr_carea' id='block_1_16' title="bbox 87 1558 208 1596">
    <p class='ocr_par' dir='ltr' id='par_1_16' title="bbox 87 1558 208 1596">
     <span class='ocr_line' id='line_1_16' title="bbox 87 1558 208 1596; baseline -0.017 -1"><span class='ocrx_word' id='word_1_69' title='bbox 87 1558 208 1596; x_wconf 78' lang='lat' dir='ltr'><strong>DCIII.</strong></span> 
     </span>
    </p>
   </div>
   <div class='ocr_carea' id='block_1_17' title="bbox 145 1632 1631 1705">
    <p class='ocr_par' dir='ltr' id='par_1_17' title="bbox 145 1632 1631 1705">
     <span class='ocr_line' id='line_1_17' title="bbox 145 1632 1631 1705; baseline 0.003 -19"><span class='ocrx_word' id='word_1_70' title='bbox 145 1634 450 1703; x_wconf 79' lang='lat' dir='ltr'><strong>Ser&#39;ipsimns</strong></span> <span class='ocrx_word' id='word_1_71' title='bbox 481 1651 656 1705; x_wconf 86' lang='lat' dir='ltr'><strong>nuper</strong></span> <span class='ocrx_word' id='word_1_72' title='bbox 684 1633 1009 1689; x_wconf 71' lang='lat' dir='ltr'><strong>fraternitati</strong></span> <span class='ocrx_word' id='word_1_73' title='bbox 1034 1647 1254 1701; x_wconf 73' lang='lat' dir='ltr'><strong>vestrm,</strong></span> <span class='ocrx_word' id='word_1_74' title='bbox 1281 1646 1333 1692; x_wconf 89' lang='lat' dir='ltr'><strong>et</strong></span> <span class='ocrx_word' id='word_1_75' title='bbox 1358 1632 1484 1692; x_wconf 80' lang='lat' dir='ltr'><strong>cecc</strong></span> <span class='ocrx_word' id='word_1_76' title='bbox 1533 1637 1631 1691; x_wconf 87' lang='lat' dir='ltr'><strong>ite-</strong></span> 
     </span>
    </p>
   </div>
   <div class='ocr_carea' id='block_1_18' title="bbox 87 1726 1628 1796">
    <p class='ocr_par' dir='ltr' id='par_1_18' title="bbox 87 1726 1628 1796">
     <span class='ocr_line' id='line_1_18' title="bbox 87 1726 1628 1796; baseline 0.001 -17"><span class='ocrx_word' id='word_1_77' title='bbox 87 1743 186 1779; x_wconf 89' lang='lat' dir='ltr'><strong>rum</strong></span> <span class='ocrx_word' id='word_1_78' title='bbox 232 1726 536 1788; x_wconf 82' lang='lat' dir='ltr'><strong>scribimus,</strong></span> <span class='ocrx_word' id='word_1_79' title='bbox 590 1742 656 1780; x_wconf 90' lang='lat' dir='ltr'><strong>ne</strong></span> <span class='ocrx_word' id='word_1_80' title='bbox 686 1726 978 1796; x_wconf 90' lang='lat' dir='ltr'><strong>cujuslibet</strong></span> <span class='ocrx_word' id='word_1_81' title='bbox 1041 1729 1346 1783; x_wconf 76' lang='lat' dir='ltr'><strong>occasionis</strong></span> <span class='ocrx_word' id='word_1_82' title='bbox 1404 1729 1628 1783; x_wconf 88' lang='lat' dir='ltr'><strong>obtentu</strong></span> 
     </span>
    </p>
   </div>
   <div class='ocr_carea' id='block_1_19' title="bbox 1723 541 3313 625">
    <p class='ocr_par' dir='ltr' id='par_1_19' title="bbox 1723 541 3313 625">
     <span class='ocr_line' id='line_1_19' title="bbox 1723 541 3313 625; baseline 0.009 -30"><span class='ocrx_word' id='word_1_83' title='bbox 1723 541 1975 604; x_wconf 74' lang='lat' dir='ltr'><strong>~Alberto,</strong></span> <span class='ocrx_word' id='word_1_84' title='bbox 2004 543 2262 614; x_wconf 82' lang='lat' dir='ltr'><strong>Gregorio</strong></span> <span class='ocrx_word' id='word_1_85' title='bbox 2292 546 2577 617; x_wconf 78' lang='lat' dir='ltr'><strong>Papiensi,</strong></span> <span class='ocrx_word' id='word_1_86' title='bbox 2622 550 2943 620; x_wconf 69' lang='lat' dir='ltr'><strong>Itansgcrio,</strong></span> <span class='ocrx_word' id='word_1_87' title='bbox 2992 563 3042 607; x_wconf 89' lang='lat' dir='ltr'><strong>et</strong></span> <span class='ocrx_word' id='word_1_88' title='bbox 3088 554 3313 625; x_wconf 82' lang='lat' dir='ltr'><strong>Ilugone</strong></span> 
     </span>
    </p>
   </div>
   <div class='ocr_carea' id='block_1_20' title="bbox 1721 633 3310 714">
    <p class='ocr_par' dir='ltr' id='par_1_20' title="bbox 1721 633 3310 714">
     <span class='ocr_line' id='line_1_20' title="bbox 1721 633 3310 714; baseline 0.008 -29"><span class='ocrx_word' id='word_1_89' title='bbox 1721 633 2080 702; x_wconf 72' lang='lat' dir='ltr'><strong>&#39;Lngdunensi</strong></span> <span class='ocrx_word' id='word_1_90' title='bbox 2140 636 2390 704; x_wconf 84' lang='lat' dir='ltr'><strong>pritnate,</strong></span> <span class='ocrx_word' id='word_1_91' title='bbox 2450 649 2505 692; x_wconf 90' lang='lat' dir='ltr'><strong>et</strong></span> <span class='ocrx_word' id='word_1_92' title='bbox 2545 639 2664 694; x_wconf 90' lang='lat' dir='ltr'><strong>aliis</strong></span> <span class='ocrx_word' id='word_1_93' title='bbox 2715 651 2822 694; x_wconf 90' lang='lat' dir='ltr'><strong>tam</strong></span> <span class='ocrx_word' id='word_1_94' title='bbox 2855 643 3121 712; x_wconf 85' lang='lat' dir='ltr'><strong>episcopis</strong></span> <span class='ocrx_word' id='word_1_95' title='bbox 3149 660 3310 714; x_wconf 86' lang='lat' dir='ltr'><strong>quant</strong></span> 
     </span>
    </p>
   </div>
   <div class='ocr_carea' id='block_1_21' title="bbox 1737 723 3314 800">
    <p class='ocr_par' dir='ltr' id='par_1_21' title="bbox 1737 723 3314 800">
     <span class='ocr_line' id='line_1_21' title="bbox 1737 723 3314 800; baseline 0.011 -27"><span class='ocrx_word' id='word_1_96' title='bbox 1737 723 1962 777; x_wconf 85' lang='lat' dir='ltr'><strong>aliarum</strong></span> <span class='ocrx_word' id='word_1_97' title='bbox 2014 725 2336 794; x_wconf 78' lang='lat' dir='ltr'><strong>dignitatum</strong></span> <span class='ocrx_word' id='word_1_98' title='bbox 2384 730 2648 796; x_wconf 85' lang='lat' dir='ltr'><strong>personis,</strong></span> <span class='ocrx_word' id='word_1_99' title='bbox 2679 734 3035 800; x_wconf 76' lang='lat' dir='ltr'><strong>przesentibns</strong></span> <span class='ocrx_word' id='word_1_100' title='bbox 3064 735 3314 790; x_wconf 83' lang='lat' dir='ltr'><strong>Brunone</strong></span> 
     </span>
    </p>
   </div>
   <div class='ocr_carea' id='block_1_22' title="bbox 1737 813 3312 890">
    <p class='ocr_par' dir='ltr' id='par_1_22' title="bbox 1737 813 3312 890">
     <span class='ocr_line' id='line_1_22' title="bbox 1737 813 3312 890; baseline 0.009 -23"><span class='ocrx_word' id='word_1_101' title='bbox 1737 813 2005 883; x_wconf 84' lang='lat' dir='ltr'><strong>Signiensi</strong></span> <span class='ocrx_word' id='word_1_102' title='bbox 2029 816 2302 886; x_wconf 88' lang='lat' dir='ltr'><strong>episcopo,</strong></span> <span class='ocrx_word' id='word_1_103' title='bbox 2346 827 2400 872; x_wconf 88' lang='lat' dir='ltr'><strong>et</strong></span> <span class='ocrx_word' id='word_1_104' title='bbox 2431 819 2768 890; x_wconf 81' lang='lat' dir='ltr'><strong>Ingelramno</strong></span> <span class='ocrx_word' id='word_1_105' title='bbox 2798 822 3203 880; x_wconf 89' lang='lat' dir='ltr'><strong>Suessionensis</strong></span> <span class='ocrx_word' id='word_1_106' title='bbox 3223 841 3312 881; x_wconf 87' lang='lat' dir='ltr'><strong>ec-</strong></span> 
     </span>
    </p>
   </div>
   <div class='ocr_carea' id='block_1_23' title="bbox 1735 904 2343 961">
    <p class='ocr_par' dir='ltr' id='par_1_23' title="bbox 1735 904 2343 961">
     <span class='ocr_line' id='line_1_23' title="bbox 1735 904 2343 961; baseline 0.005 -3"><span class='ocrx_word' id='word_1_107' title='bbox 1735 904 1914 959; x_wconf 79' lang='lat' dir='ltr'><strong>clesiae</strong></span> <span class='ocrx_word' id='word_1_108' title='bbox 1944 907 2343 961; x_wconf 88' lang='lat' dir='ltr'><strong>archidiacono.</strong></span> 
     </span>
    </p>
   </div>
   <div class='ocr_carea' id='block_1_24' title="bbox 1800 995 3313 1071">
    <p class='ocr_par' dir='ltr' id='par_1_24' title="bbox 1800 995 3313 1071">
     <span class='ocr_line' id='line_1_24' title="bbox 1800 995 3313 1071; baseline 0.011 -23"><span class='ocrx_word' id='word_1_109' title='bbox 1800 995 1975 1049; x_wconf 81' lang='lat' dir='ltr'><strong>Porro</strong></span> <span class='ocrx_word' id='word_1_110' title='bbox 2007 1012 2102 1050; x_wconf 90' lang='lat' dir='ltr'><strong>nos</strong></span> <span class='ocrx_word' id='word_1_111' title='bbox 2135 1007 2282 1051; x_wconf 85' lang='lat' dir='ltr'><strong>tanta</strong></span> <span class='ocrx_word' id='word_1_112' title='bbox 2342 1002 2666 1056; x_wconf 88' lang='lat' dir='ltr'><strong>auctoritate</strong></span> <span class='ocrx_word' id='word_1_113' title='bbox 2698 1003 2905 1071; x_wconf 85' lang='lat' dir='ltr'><strong>refecti,</strong></span> <span class='ocrx_word' id='word_1_114' title='bbox 2936 1021 3120 1062; x_wconf 90' lang='lat' dir='ltr'><strong>eorum</strong></span> <span class='ocrx_word' id='word_1_115' title='bbox 3173 1012 3313 1064; x_wconf 89' lang='lat' dir='ltr'><strong>anti-</strong></span> 
     </span>
    </p>
   </div>
   <div class='ocr_carea' id='block_1_25' title="bbox 1734 1089 3309 1168">
    <p class='ocr_par' dir='ltr' id='par_1_25' title="bbox 1734 1089 3309 1168">
     <span class='ocr_line' id='line_1_25' title="bbox 1734 1089 3309 1168; baseline 0.013 -33"><span class='ocrx_word' id='word_1_116' title='bbox 1734 1100 1894 1153; x_wconf 87' lang='lat' dir='ltr'><strong>quam</strong></span> <span class='ocrx_word' id='word_1_117' title='bbox 1919 1089 2392 1154; x_wconf 85' lang='lat' dir='ltr'><strong>consuetudinem,</strong></span> <span class='ocrx_word' id='word_1_118' title='bbox 2433 1106 2618 1146; x_wconf 88' lang='lat' dir='ltr'><strong>eorum</strong></span> <span class='ocrx_word' id='word_1_119' title='bbox 2667 1095 2887 1164; x_wconf 85' lang='lat' dir='ltr'><strong>scriptis</strong></span> <span class='ocrx_word' id='word_1_120' title='bbox 2933 1098 3309 1168; x_wconf 76' lang='lat' dir='ltr'><strong>sttﬂ‘ragantes,</strong></span> 
     </span>
    </p>
   </div>
   <div class='ocr_carea' id='block_1_26' title="bbox 1734 1176 3309 1257">
    <p class='ocr_par' dir='ltr' id='par_1_26' title="bbox 1734 1176 3309 1257">
     <span class='ocr_line' id='line_1_26' title="bbox 1734 1176 3309 1257; baseline 0.013 -32"><span class='ocrx_word' id='word_1_121' title='bbox 1734 1176 2059 1230; x_wconf 90' lang='lat' dir='ltr'><strong>auctoritate</strong></span> <span class='ocrx_word' id='word_1_122' title='bbox 2120 1189 2305 1233; x_wconf 87' lang='lat' dir='ltr'><strong>nostra</strong></span> <span class='ocrx_word' id='word_1_123' title='bbox 2370 1183 2845 1240; x_wconf 86' lang='lat' dir='ltr'><strong>corroboravimns</strong></span> <span class='ocrx_word' id='word_1_124' title='bbox 2904 1188 2955 1240; x_wconf 91' lang='lat' dir='ltr'><strong>in</strong></span> <span class='ocrx_word' id='word_1_125' title='bbox 3025 1192 3309 1257; x_wconf 56' lang='lat' dir='ltr'><strong>praesentia</strong></span> 
     </span>
    </p>
   </div>
   <div class='ocr_carea' id='block_1_27' title="bbox 1735 1271 3312 1349">
    <p class='ocr_par' dir='ltr' id='par_1_27' title="bbox 1735 1271 3312 1349">
     <span class='ocr_line' id='line_1_27' title="bbox 1735 1271 3312 1349; baseline 0.012 -31"><span class='ocrx_word' id='word_1_126' title='bbox 1735 1275 2042 1321; x_wconf 90' lang='lat' dir='ltr'><strong>nostrorum</strong></span> <span class='ocrx_word' id='word_1_127' title='bbox 2106 1271 2488 1336; x_wconf 67' lang='lat' dir='ltr'><strong>praedictorum</strong></span> <span class='ocrx_word' id='word_1_128' title='bbox 2553 1275 2804 1330; x_wconf 87' lang='lat' dir='ltr'><strong>fratrum.</strong></span> <span class='ocrx_word' id='word_1_129' title='bbox 2865 1278 2930 1332; x_wconf 86' lang='lat' dir='ltr'><strong>Et</strong></span> <span class='ocrx_word' id='word_1_130' title='bbox 2986 1281 3109 1349; x_wconf 89' lang='lat' dir='ltr'><strong>quia</strong></span> <span class='ocrx_word' id='word_1_131' title='bbox 3172 1282 3312 1338; x_wconf 87' lang='lat' dir='ltr'><strong>filius</strong></span> 
     </span>
    </p>
   </div>
   <div class='ocr_carea' id='block_1_28' title="bbox 1733 1361 3312 1440">
    <p class='ocr_par' dir='ltr' id='par_1_28' title="bbox 1733 1361 3312 1440">
     <span class='ocr_line' id='line_1_28' title="bbox 1733 1361 3312 1440; baseline 0.011 -29"><span class='ocrx_word' id='word_1_132' title='bbox 1733 1371 1916 1412; x_wconf 90' lang='lat' dir='ltr'><strong>noster</strong></span> <span class='ocrx_word' id='word_1_133' title='bbox 1969 1361 2215 1427; x_wconf 79' lang='lat' dir='ltr'><strong>Amatus,</strong></span> <span class='ocrx_word' id='word_1_134' title='bbox 2246 1363 2645 1433; x_wconf 78' lang='lat' dir='ltr'><strong>Burdigalensis</strong></span> <span class='ocrx_word' id='word_1_135' title='bbox 2681 1369 3141 1440; x_wconf 81' lang='lat' dir='ltr'><strong>archiepiscopus,</strong></span> <span class='ocrx_word' id='word_1_136' title='bbox 3175 1390 3312 1428; x_wconf 83' lang='lat' dir='ltr'><strong>unus</strong></span> 
     </span>
    </p>
   </div>
   <div class='ocr_carea' id='block_1_29' title="bbox 1731 1449 3311 1532">
    <p class='ocr_par' dir='ltr' id='par_1_29' title="bbox 1731 1449 3311 1532">
     <span class='ocr_line' id='line_1_29' title="bbox 1731 1449 3311 1532; baseline 0.009 -32"><span class='ocrx_word' id='word_1_137' title='bbox 1731 1459 1848 1502; x_wconf 91' lang='lat' dir='ltr'><strong>erat</strong></span> <span class='ocrx_word' id='word_1_138' title='bbox 1871 1451 1938 1503; x_wconf 89' lang='lat' dir='ltr'><strong>de</strong></span> <span class='ocrx_word' id='word_1_139' title='bbox 1967 1449 2155 1520; x_wconf 74' lang='lat' dir='ltr'><strong>legatis</strong></span> <span class='ocrx_word' id='word_1_140' title='bbox 2182 1453 2438 1508; x_wconf 67' lang='lat' dir='ltr'><strong>Romana:</strong></span> <span class='ocrx_word' id='word_1_141' title='bbox 2459 1455 2711 1511; x_wconf 68' lang='lat' dir='ltr'><strong>Ecclesia:</strong></span> <span class='ocrx_word' id='word_1_142' title='bbox 2736 1474 2764 1510; x_wconf 89' lang='lat' dir='ltr'><strong>a</strong></span> <span class='ocrx_word' id='word_1_143' title='bbox 2791 1458 3054 1530; x_wconf 75' lang='lat' dir='ltr'><strong>Gregorio</strong></span> <span class='ocrx_word' id='word_1_144' title='bbox 3079 1463 3311 1532; x_wconf 67' lang='lat' dir='ltr'><strong>septimo</strong></span> 
     </span>
    </p>
   </div>
   <div class='ocr_carea' id='block_1_30' title="bbox 1731 1542 3309 1610">
    <p class='ocr_par' dir='ltr' id='par_1_30' title="bbox 1731 1542 3309 1610">
     <span class='ocr_line' id='line_1_30' title="bbox 1731 1542 3309 1610; baseline 0.01 -19"><span class='ocrx_word' id='word_1_145' title='bbox 1731 1542 2132 1608; x_wconf 81' lang='lat' dir='ltr'><strong>praedecessore</strong></span> <span class='ocrx_word' id='word_1_146' title='bbox 2195 1556 2382 1602; x_wconf 89' lang='lat' dir='ltr'><strong>nostro</strong></span> <span class='ocrx_word' id='word_1_147' title='bbox 2437 1549 2489 1603; x_wconf 89' lang='lat' dir='ltr'><strong>in</strong></span> <span class='ocrx_word' id='word_1_148' title='bbox 2548 1547 2777 1603; x_wconf 79' lang='lat' dir='ltr'><strong>Galliam</strong></span> <span class='ocrx_word' id='word_1_149' title='bbox 2836 1551 3154 1610; x_wconf 86' lang='lat' dir='ltr'><strong>destinatus.</strong></span> <span class='ocrx_word' id='word_1_150' title='bbox 3205 1569 3309 1608; x_wconf 90' lang='lat' dir='ltr'><strong>non</strong></span> 
     </span>
    </p>
   </div>
   <div class='ocr_carea' id='block_1_31' title="bbox 1732 1631 3307 1711">
    <p class='ocr_par' dir='ltr' id='par_1_31' title="bbox 1732 1631 3307 1711">
     <span class='ocr_line' id='line_1_31' title="bbox 1732 1631 3307 1711; baseline 0.01 -28"><span class='ocrx_word' id='word_1_151' title='bbox 1732 1631 1801 1685; x_wconf 90' lang='lat' dir='ltr'><strong>ab</strong></span> <span class='ocrx_word' id='word_1_152' title='bbox 1835 1633 1939 1687; x_wconf 88' lang='lat' dir='ltr'><strong>hac</strong></span> <span class='ocrx_word' id='word_1_153' title='bbox 1963 1633 2203 1690; x_wconf 85' lang='lat' dir='ltr'><strong>Ecclesia</strong></span> <span class='ocrx_word' id='word_1_154' title='bbox 2232 1639 2597 1706; x_wconf 85' lang='lat' dir='ltr'><strong>proccssionis</strong></span> <span class='ocrx_word' id='word_1_155' title='bbox 2621 1639 2960 1694; x_wconf 86' lang='lat' dir='ltr'><strong>solemnitate</strong></span> <span class='ocrx_word' id='word_1_156' title='bbox 2991 1655 3307 1711; x_wconf 85' lang='lat' dir='ltr'><strong>susceptus:</strong></span> 
     </span>
    </p>
   </div>
   <div class='ocr_carea' id='block_1_32' title="bbox 1735 1716 3312 1788">
    <p class='ocr_par' dir='ltr' id='par_1_32' title="bbox 1735 1716 3312 1788">
     <span class='ocr_line' id='line_1_32' title="bbox 1735 1716 3312 1788; baseline 0.01 -21"><span class='ocrx_word' id='word_1_157' title='bbox 1735 1716 1877 1770; x_wconf 81' lang='lat' dir='ltr'><strong>unde</strong></span> <span class='ocrx_word' id='word_1_158' title='bbox 1925 1718 2090 1771; x_wconf 87' lang='lat' dir='ltr'><strong>etiam</strong></span> <span class='ocrx_word' id='word_1_159' title='bbox 2143 1723 2383 1788; x_wconf 74' lang='lat' dir='ltr'><strong>graviter</strong></span> <span class='ocrx_word' id='word_1_160' title='bbox 2411 1733 2599 1778; x_wconf 88' lang='lat' dir='ltr'><strong>contra</strong></span> <span class='ocrx_word' id='word_1_161' title='bbox 2646 1725 2863 1778; x_wconf 88' lang='lat' dir='ltr'><strong>eosdem</strong></span> <span class='ocrx_word' id='word_1_162' title='bbox 2897 1727 3122 1781; x_wconf 85' lang='lat' dir='ltr'><strong>clericos</strong></span> <span class='ocrx_word' id='word_1_163' title='bbox 3165 1745 3312 1783; x_wconf 90' lang='lat' dir='ltr'><strong>com-</strong></span> 
     </span>
    </p>
   </div>
   <div class='ocr_carea' id='block_1_33' title="bbox 84 1806 3312 1892">
    <p class='ocr_par' dir='ltr' id='par_1_33' title="bbox 84 1806 3312 1892">
     <span class='ocr_line' id='line_1_33' title="bbox 84 1806 3312 1892; baseline 0.011 -53"><span class='ocrx_word' id='word_1_164' title='bbox 84 1815 344 1869; x_wconf 59' lang='lat' dir='ltr'><strong>vcnembm</strong></span> <span class='ocrx_word' id='word_1_165' title='bbox 382 1817 648 1871; x_wconf 51' lang='lat' dir='ltr'><strong>cont-fatri</strong></span> <span class='ocrx_word' id='word_1_166' title='bbox 677 1829 866 1872; x_wconf 55' lang='lat' dir='ltr'><strong>nostro</strong></span> <span class='ocrx_word' id='word_1_167' title='bbox 897 1819 1131 1874; x_wconf 55' lang='lat' dir='ltr'><strong>Manassi</strong></span> <span class='ocrx_word' id='word_1_168' title='bbox 1172 1821 1225 1874; x_wconf 71' lang='grc' dir='ltr'><strong>εη</strong></span> <span class='ocrx_word' id='word_1_169' title='bbox 1269 1821 1629 1892; x_wconf 60' lang='grc' dir='ltr'><strong>πριιίρρίεοο,</strong></span> <span class='ocrx_word' id='word_1_170' title='bbox 1665 1809 1707 1863; x_wconf 89' lang='grc' dir='ltr'><strong>Β</strong></span> <span class='ocrx_word' id='word_1_171' title='bbox 1734 1815 1913 1859; x_wconf 87' lang='lat' dir='ltr'><strong>motus</strong></span> <span class='ocrx_word' id='word_1_172' title='bbox 1949 1806 2001 1860; x_wconf 90' lang='lat' dir='ltr'><strong>in</strong></span> <span class='ocrx_word' id='word_1_173' title='bbox 2047 1808 2417 1866; x_wconf 79' lang='lat' dir='ltr'><strong>Exnldunensi</strong></span> <span class='ocrx_word' id='word_1_174' title='bbox 2459 1813 2691 1868; x_wconf 88' lang='lat' dir='ltr'><strong>concilio</strong></span> <span class='ocrx_word' id='word_1_175' title='bbox 2744 1830 2837 1869; x_wconf 89' lang='lat' dir='ltr'><strong>eos</strong></span> <span class='ocrx_word' id='word_1_176' title='bbox 2878 1819 3312 1872; x_wconf 82' lang='lat' dir='ltr'><strong>excommunica-</strong></span> 
     </span>
    </p>
   </div>
   <div class='ocr_carea' id='block_1_34' title="bbox 84 1909 1626 1980">
    <p class='ocr_par' dir='ltr' id='par_1_34' title="bbox 84 1909 1626 1980">
     <span class='ocr_line' id='line_1_34' title="bbox 84 1909 1626 1980; baseline 0.005 -22"><span class='ocrx_word' id='word_1_177' title='bbox 84 1923 185 1976; x_wconf 86' lang='lat' dir='ltr'><strong>ptrrn</strong></span> <span class='ocrx_word' id='word_1_178' title='bbox 210 1917 390 1962; x_wconf 69' lang='lat' dir='ltr'><strong>vestra:</strong></span> <span class='ocrx_word' id='word_1_179' title='bbox 417 1909 736 1979; x_wconf 87' lang='lat' dir='ltr'><strong>metropolis</strong></span> <span class='ocrx_word' id='word_1_180' title='bbox 785 1925 882 1979; x_wconf 88' lang='lat' dir='ltr'><strong>per</strong></span> <span class='ocrx_word' id='word_1_181' title='bbox 907 1911 1142 1965; x_wconf 82' lang='lat' dir='ltr'><strong>divinam</strong></span> <span class='ocrx_word' id='word_1_182' title='bbox 1173 1913 1404 1980; x_wconf 71' lang='lat' dir='ltr'><strong>gratiam</strong></span> <span class='ocrx_word' id='word_1_183' title='bbox 1453 1913 1626 1968; x_wconf 89' lang='lat' dir='ltr'><strong>electo</strong></span> 
     </span>
    </p>
   </div>
   <div class='ocr_carea' id='block_1_35' title="bbox 84 1999 1624 2072">
    <p class='ocr_par' dir='ltr' id='par_1_35' title="bbox 84 1999 1624 2072">
     <span class='ocr_line' id='line_1_35' title="bbox 84 1999 1624 2072; baseline 0.008 -23"><span class='ocrx_word' id='word_1_184' title='bbox 84 2000 200 2064; x_wconf 89' lang='lat' dir='ltr'><strong>quod</strong></span> <span class='ocrx_word' id='word_1_185' title='bbox 229 2000 383 2052; x_wconf 85' lang='lat' dir='ltr'><strong>vestri</strong></span> <span class='ocrx_word' id='word_1_186' title='bbox 411 1999 578 2054; x_wconf 86' lang='lat' dir='ltr'><strong>olIicii</strong></span> <span class='ocrx_word' id='word_1_187' title='bbox 610 2001 873 2056; x_wconf 86' lang='lat' dir='ltr'><strong>interesse</strong></span> <span class='ocrx_word' id='word_1_188' title='bbox 905 2004 1239 2072; x_wconf 79' lang='lat' dir='ltr'><strong>cognoscitis</strong></span> <span class='ocrx_word' id='word_1_189' title='bbox 1268 2004 1624 2061; x_wconf 87' lang='lat' dir='ltr'><strong>subtrahatis.</strong></span> 
     </span>
    </p>
   </div>
   <div class='ocr_carea' id='block_1_36' title="bbox 83 2087 1625 2164">
    <p class='ocr_par' dir='ltr' id='par_1_36' title="bbox 83 2087 1625 2164">
     <span class='ocr_line' id='line_1_36' title="bbox 83 2087 1625 2164; baseline 0.008 -24"><span class='ocrx_word' id='word_1_190' title='bbox 83 2087 166 2142; x_wconf 74' lang='lat' dir='ltr'><strong>I’er</strong></span> <span class='ocrx_word' id='word_1_191' title='bbox 190 2090 542 2144; x_wconf 83' lang='lat' dir='ltr'><strong>obedientiam</strong></span> <span class='ocrx_word' id='word_1_192' title='bbox 589 2092 755 2160; x_wconf 79' lang='lat' dir='ltr'><strong>igitur</strong></span> <span class='ocrx_word' id='word_1_193' title='bbox 794 2110 956 2162; x_wconf 87' lang='lat' dir='ltr'><strong>quam</strong></span> <span class='ocrx_word' id='word_1_194' title='bbox 1001 2096 1114 2148; x_wconf 87' lang='lat' dir='ltr'><strong>sedi</strong></span> <span class='ocrx_word' id='word_1_195' title='bbox 1158 2097 1467 2164; x_wconf 62' lang='lat' dir='ltr'><strong>apostolicae</strong></span> <span class='ocrx_word' id='word_1_196' title='bbox 1531 2113 1625 2153; x_wconf 80' lang='lat' dir='ltr'><strong>vos</strong></span> 
     </span>
    </p>
   </div>
   <div class='ocr_carea' id='block_1_37' title="bbox 81 2182 1625 2261">
    <p class='ocr_par' dir='ltr' id='par_1_37' title="bbox 81 2182 1625 2261">
     <span class='ocr_line' id='line_1_37' title="bbox 81 2182 1625 2261; baseline 0.011 -31"><span class='ocrx_word' id='word_1_197' title='bbox 81 2182 244 2236; x_wconf 81' lang='lat' dir='ltr'><strong>debere</strong></span> <span class='ocrx_word' id='word_1_198' title='bbox 264 2198 361 2236; x_wconf 88' lang='lat' dir='ltr'><strong>non</strong></span> <span class='ocrx_word' id='word_1_199' title='bbox 396 2185 664 2254; x_wconf 77' lang='lat' dir='ltr'><strong>ignoratis</strong></span> <span class='ocrx_word' id='word_1_200' title='bbox 701 2186 978 2243; x_wconf 92' lang='lat' dir='ltr'><strong>dilectioni</strong></span> <span class='ocrx_word' id='word_1_201' title='bbox 1029 2197 1220 2243; x_wconf 81' lang='lat' dir='ltr'><strong>vestrae</strong></span> <span class='ocrx_word' id='word_1_202' title='bbox 1283 2193 1625 2261; x_wconf 83' lang='lat' dir='ltr'><strong>praecipimus</strong></span> 
     </span>
    </p>
   </div>
   <div class='ocr_carea' id='block_1_38' title="bbox 82 2276 1625 2346">
    <p class='ocr_par' dir='ltr' id='par_1_38' title="bbox 82 2276 1625 2346">
     <span class='ocr_line' id='line_1_38' title="bbox 82 2276 1625 2346; baseline 0.011 -22"><span class='ocrx_word' id='word_1_203' title='bbox 82 2280 129 2325; x_wconf 90' lang='lat' dir='ltr'><strong>ttt</strong></span> <span class='ocrx_word' id='word_1_204' title='bbox 150 2288 446 2344; x_wconf 87' lang='lat' dir='ltr'><strong>quocunque</strong></span> <span class='ocrx_word' id='word_1_205' title='bbox 477 2276 537 2329; x_wconf 89' lang='lat' dir='ltr'><strong>in</strong></span> <span class='ocrx_word' id='word_1_206' title='bbox 567 2285 809 2346; x_wconf 91' lang='lat' dir='ltr'><strong>tempore</strong></span> <span class='ocrx_word' id='word_1_207' title='bbox 843 2279 910 2332; x_wconf 91' lang='lat' dir='ltr'><strong>ad</strong></span> <span class='ocrx_word' id='word_1_208' title='bbox 934 2280 1334 2337; x_wconf 87' lang='lat' dir='ltr'><strong>ordinationem</strong></span> <span class='ocrx_word' id='word_1_209' title='bbox 1368 2299 1462 2337; x_wconf 90' lang='lat' dir='ltr'><strong>seu</strong></span> <span class='ocrx_word' id='word_1_210' title='bbox 1495 2301 1625 2340; x_wconf 82' lang='lat' dir='ltr'><strong>con-</strong></span> 
     </span>
    </p>
   </div>
   <div class='ocr_carea' id='block_1_39' title="bbox 80 2363 1625 2437">
    <p class='ocr_par' dir='ltr' id='par_1_39' title="bbox 80 2363 1625 2437">
     <span class='ocr_line' id='line_1_39' title="bbox 80 2363 1625 2437; baseline 0.012 -24"><span class='ocrx_word' id='word_1_211' title='bbox 80 2363 395 2418; x_wconf 86' lang='lat' dir='ltr'><strong>secrationem</strong></span> <span class='ocrx_word' id='word_1_212' title='bbox 420 2380 578 2419; x_wconf 85' lang='lat' dir='ltr'><strong>suam</strong></span> <span class='ocrx_word' id='word_1_213' title='bbox 610 2381 706 2420; x_wconf 90' lang='lat' dir='ltr'><strong>vos</strong></span> <span class='ocrx_word' id='word_1_214' title='bbox 739 2369 1112 2437; x_wconf 80' lang='lat' dir='ltr'><strong>advocaverit,</strong></span> <span class='ocrx_word' id='word_1_215' title='bbox 1139 2371 1395 2427; x_wconf 86' lang='lat' dir='ltr'><strong>alacriter</strong></span> <span class='ocrx_word' id='word_1_216' title='bbox 1427 2376 1494 2429; x_wconf 88' lang='lat' dir='ltr'><strong>ad</strong></span> <span class='ocrx_word' id='word_1_217' title='bbox 1523 2377 1625 2432; x_wconf 89' lang='lat' dir='ltr'><strong>hoc</strong></span> 
     </span>
    </p>
   </div>
   <div class='ocr_carea' id='block_1_40' title="bbox 82 2450 1624 2526">
    <p class='ocr_par' dir='ltr' id='par_1_40' title="bbox 82 2450 1624 2526">
     <span class='ocr_line' id='line_1_40' title="bbox 82 2450 1624 2526; baseline 0.013 -24"><span class='ocrx_word' id='word_1_218' title='bbox 82 2450 226 2516; x_wconf 88' lang='lat' dir='ltr'><strong>ipsum</strong></span> <span class='ocrx_word' id='word_1_219' title='bbox 269 2461 320 2506; x_wconf 93' lang='lat' dir='ltr'><strong>et</strong></span> <span class='ocrx_word' id='word_1_220' title='bbox 360 2454 628 2510; x_wconf 84' lang='lat' dir='ltr'><strong>vivaciter</strong></span> <span class='ocrx_word' id='word_1_221' title='bbox 657 2460 992 2526; x_wconf 89' lang='lat' dir='ltr'><strong>occurratis,</strong></span> <span class='ocrx_word' id='word_1_222' title='bbox 1025 2462 1166 2516; x_wconf 82' lang='lat' dir='ltr'><strong>sicut</strong></span> <span class='ocrx_word' id='word_1_223' title='bbox 1213 2472 1269 2518; x_wconf 91' lang='lat' dir='ltr'><strong>et</strong></span> <span class='ocrx_word' id='word_1_224' title='bbox 1333 2467 1496 2520; x_wconf 84' lang='lat' dir='ltr'><strong>vestri</strong></span> <span class='ocrx_word' id='word_1_225' title='bbox 1530 2483 1624 2522; x_wconf 87' lang='lat' dir='ltr'><strong>or-</strong></span> 
     </span>
    </p>
   </div>
   <div class='ocr_carea' id='block_1_41' title="bbox 81 2539 1622 2623">
    <p class='ocr_par' dir='ltr' id='par_1_41' title="bbox 81 2539 1622 2623">
     <span class='ocr_line' id='line_1_41' title="bbox 81 2539 1622 2623; baseline 0.014 -32"><span class='ocrx_word' id='word_1_226' title='bbox 81 2539 194 2594; x_wconf 91' lang='lat' dir='ltr'><strong>dinis</strong></span> <span class='ocrx_word' id='word_1_227' title='bbox 242 2541 606 2612; x_wconf 79' lang='lat' dir='ltr'><strong>integritatem</strong></span> <span class='ocrx_word' id='word_1_228' title='bbox 657 2556 709 2600; x_wconf 92' lang='lat' dir='ltr'><strong>et</strong></span> <span class='ocrx_word' id='word_1_229' title='bbox 749 2550 937 2620; x_wconf 64' lang='lat' dir='ltr'><strong>gratia:</strong></span> <span class='ocrx_word' id='word_1_230' title='bbox 981 2562 1182 2607; x_wconf 68' lang='lat' dir='ltr'><strong>nostra:</strong></span> <span class='ocrx_word' id='word_1_231' title='bbox 1233 2553 1622 2623; x_wconf 88' lang='lat' dir='ltr'><strong>plenitudinem</strong></span> 
     </span>
    </p>
   </div>
   <div class='ocr_carea' id='block_1_42' title="bbox 79 2631 376 2690">
    <p class='ocr_par' dir='ltr' id='par_1_42' title="bbox 79 2631 376 2690">
     <span class='ocr_line' id='line_1_42' title="bbox 79 2631 376 2690; baseline 0.013 -6"><span class='ocrx_word' id='word_1_232' title='bbox 79 2631 376 2690; x_wconf 82' lang='lat' dir='ltr'><strong>desideratis.</strong></span> 
     </span>
    </p>
   </div>
   <div class='ocr_carea' id='block_1_43' title="bbox 135 2720 1020 2787">
    <p class='ocr_par' dir='ltr' id='par_1_43' title="bbox 135 2720 1020 2787">
     <span class='ocr_line' id='line_1_43' title="bbox 135 2720 1020 2787; baseline 0.016 -14"><span class='ocrx_word' id='word_1_233' title='bbox 135 2720 247 2776; x_wconf 85' lang='lat' dir='ltr'><strong>Data</strong></span> <span class='ocrx_word' id='word_1_234' title='bbox 267 2723 496 2781; x_wconf 86' lang='lat' dir='ltr'><strong>Turonis</strong></span> <span class='ocrx_word' id='word_1_235' title='bbox 524 2741 578 2780; x_wconf 83' lang='lat' dir='ltr'><strong>tv</strong></span> <span class='ocrx_word' id='word_1_236' title='bbox 605 2726 788 2784; x_wconf 87' lang='lat' dir='ltr'><strong>Nonas</strong></span> <span class='ocrx_word' id='word_1_237' title='bbox 820 2730 1020 2787; x_wconf 87' lang='lat' dir='ltr'><strong>Martii.</strong></span> 
     </span>
    </p>
   </div>
   <div class='ocr_carea' id='block_1_44' title="bbox 675 2839 1034 2896">
    <p class='ocr_par' dir='ltr' id='par_1_44' title="bbox 675 2839 1034 2896">
     <span class='ocr_line' id='line_1_44' title="bbox 675 2839 1034 2896; baseline 0.006 -2"><span class='ocrx_word' id='word_1_238' title='bbox 675 2839 976 2896; x_wconf 75' lang='lat' dir='ltr'><strong>CLXXVII.</strong></span> <span class='ocrx_word' id='word_1_239' title='bbox 1028 2874 1034 2881; x_wconf 91' lang='lat'><strong><em>-</em></strong></span> 
     </span>
    </p>
   </div>
   <div class='ocr_carea' id='block_1_45' title="bbox 80 2919 1627 3000">
    <p class='ocr_par' dir='ltr' id='par_1_45' title="bbox 80 2919 1627 3000">
     <span class='ocr_line' id='line_1_45' title="bbox 80 2919 1627 3000; baseline 0.018 -28"><span class='ocrx_word' id='word_1_240' title='bbox 80 2919 246 2978; x_wconf 46' lang='lat' dir='ltr'><strong>lirbnni</strong></span> <span class='ocrx_word' id='word_1_241' title='bbox 272 2925 331 3000; x_wconf 88' lang='lat' dir='ltr'><strong>Il_</strong></span> <span class='ocrx_word' id='word_1_242' title='bbox 361 2931 586 3000; x_wconf 78' lang='lat' dir='ltr'><strong>epistola</strong></span> <span class='ocrx_word' id='word_1_243' title='bbox 618 2934 688 2986; x_wconf 85' lang='lat' dir='ltr'><strong>ad</strong></span> <span class='ocrx_word' id='word_1_244' title='bbox 732 2934 930 2988; x_wconf 81' lang='lat' dir='ltr'><strong>clerum</strong></span> <span class='ocrx_word' id='word_1_245' title='bbox 957 2935 1333 2996; x_wconf 73' lang='lat' dir='ltr'><strong>anonenrem.</strong></span> <span class='ocrx_word' id='word_1_246' title='bbox 1360 2975 1432 2984; x_wconf 91' lang='lat'>—</span> <span class='ocrx_word' id='word_1_247' title='bbox 1455 2943 1627 3000; x_wconf 79' lang='lat' dir='ltr'><strong>Privi-</strong></span> 
     </span>
    </p>
   </div>
   <div class='ocr_carea' id='block_1_46' title="bbox 314 2997 1406 3080">
    <p class='ocr_par' dir='ltr' id='par_1_46' title="bbox 314 2997 1406 3080">
     <span class='ocr_line' id='line_1_46' title="bbox 314 2997 1406 3080; baseline 0.017 -31"><span class='ocrx_word' id='word_1_248' title='bbox 314 2997 446 3068; x_wconf 81' lang='lat' dir='ltr'><strong>legia</strong></span> <span class='ocrx_word' id='word_1_249' title='bbox 478 2999 802 3057; x_wconf 81' lang='lat' dir='ltr'><strong>Turonensis</strong></span> <span class='ocrx_word' id='word_1_250' title='bbox 831 3005 1078 3061; x_wconf 77' lang='lat' dir='ltr'><strong>Ecclesia:</strong></span> <span class='ocrx_word' id='word_1_251' title='bbox 1111 3011 1406 3080; x_wconf 75' lang='lat' dir='ltr'><strong>conﬁrmat.</strong></span> 
     </span>
    </p>
   </div>
   <div class='ocr_carea' id='block_1_47' title="bbox 647 3092 1035 3167">
    <p class='ocr_par' dir='ltr' id='par_1_47' title="bbox 647 3092 1035 3167">
     <span class='ocr_line' id='line_1_47' title="bbox 647 3092 1035 3167; baseline 0.018 -23"><span class='ocrx_word' id='word_1_252' title='bbox 647 3092 826 3162; x_wconf 79' lang='lat' dir='ltr'><strong>(Anno</strong></span> <span class='ocrx_word' id='word_1_253' title='bbox 851 3096 1035 3167; x_wconf 77' lang='lat' dir='ltr'><strong>reas.)</strong></span> 
     </span>
    </p>
   </div>
   <div class='ocr_carea' id='block_1_48' title="bbox 457 3180 1235 3265">
    <p class='ocr_par' dir='ltr' id='par_1_48' title="bbox 457 3180 1235 3265">
     <span class='ocr_line' id='line_1_48' title="bbox 457 3180 1235 3265; baseline 0.01 -31"><span class='ocrx_word' id='word_1_254' title='bbox 457 3180 684 3254; x_wconf 67' lang='lat' dir='ltr'><strong>[MARS],</strong></span> <span class='ocrx_word' id='word_1_255' title='bbox 717 3185 918 3241; x_wconf 84' lang='lat' dir='ltr'><strong>Concil.</strong></span> <span class='ocrx_word' id='word_1_256' title='bbox 941 3188 1061 3254; x_wconf 82' lang='lat' dir='ltr'><strong>XX,</strong></span> <span class='ocrx_word' id='word_1_257' title='bbox 1085 3190 1235 3265; x_wconf 80' lang='lat'><strong>656.]</strong></span> 
     </span>
    </p>
   </div>
   <div class='ocr_carea' id='block_1_49' title="bbox 139 3266 1624 3351">
    <p class='ocr_par' dir='ltr' id='par_1_49' title="bbox 139 3266 1624 3351">
     <span class='ocr_line' id='line_1_49' title="bbox 139 3266 1624 3351; baseline 0.018 -31"><span class='ocrx_word' id='word_1_258' title='bbox 139 3266 360 3326; x_wconf 65' lang='lat' dir='ltr'><strong>[insanus</strong></span> <span class='ocrx_word' id='word_1_259' title='bbox 407 3276 724 3345; x_wconf 87' lang='lat' dir='ltr'><strong>episc0ptts,</strong></span> <span class='ocrx_word' id='word_1_260' title='bbox 783 3292 975 3334; x_wconf 84' lang='lat' dir='ltr'><strong>servus</strong></span> <span class='ocrx_word' id='word_1_261' title='bbox 1009 3297 1287 3339; x_wconf 88' lang='lat' dir='ltr'><strong>servorum</strong></span> <span class='ocrx_word' id='word_1_262' title='bbox 1343 3288 1457 3351; x_wconf 90' lang='lat' dir='ltr'><strong>Dei,</strong></span> <span class='ocrx_word' id='word_1_263' title='bbox 1503 3292 1624 3346; x_wconf 76' lang='lat' dir='ltr'><strong>nni~</strong></span> 
     </span>
    </p>
   </div>
   <div class='ocr_carea' id='block_1_50' title="bbox 75 3359 1620 3445">
    <p class='ocr_par' dir='ltr' id='par_1_50' title="bbox 75 3359 1620 3445">
     <span class='ocr_line' id='line_1_50' title="bbox 75 3359 1620 3445; baseline 0.019 -39"><span class='ocrx_word' id='word_1_264' title='bbox 75 3359 218 3411; x_wconf 83' lang='lat' dir='ltr'><strong>versis</strong></span> <span class='ocrx_word' id='word_1_265' title='bbox 252 3372 443 3417; x_wconf 70' lang='lat' dir='ltr'><strong>sanctae</strong></span> <span class='ocrx_word' id='word_1_266' title='bbox 471 3363 735 3421; x_wconf 79' lang='lat' dir='ltr'><strong>Ecclesia:</strong></span> <span class='ocrx_word' id='word_1_267' title='bbox 765 3366 890 3421; x_wconf 88' lang='lat' dir='ltr'><strong>filiis</strong></span> <span class='ocrx_word' id='word_1_268' title='bbox 926 3369 1154 3426; x_wconf 86' lang='lat' dir='ltr'><strong>salutem</strong></span> <span class='ocrx_word' id='word_1_269' title='bbox 1187 3383 1241 3430; x_wconf 91' lang='lat' dir='ltr'><strong>et</strong></span> <span class='ocrx_word' id='word_1_270' title='bbox 1270 3381 1620 3445; x_wconf 79' lang='lat' dir='ltr'><strong>apostolicam</strong></span> 
     </span>
    </p>
   </div>
   <div class='ocr_carea' id='block_1_51' title="bbox 77 3445 481 3508">
    <p class='ocr_par' dir='ltr' id='par_1_51' title="bbox 77 3445 481 3508">
     <span class='ocr_line' id='line_1_51' title="bbox 77 3445 481 3508; baseline 0.022 -10"><span class='ocrx_word' id='word_1_271' title='bbox 77 3445 481 3508; x_wconf 86' lang='lat' dir='ltr'><strong>benedictionem.</strong></span> 
     </span>
    </p>
   </div>
   <div class='ocr_carea' id='block_1_52' title="bbox 130 3534 1621 3626">
    <p class='ocr_par' dir='ltr' id='par_1_52' title="bbox 130 3534 1621 3626">
     <span class='ocr_line' id='line_1_52' title="bbox 130 3534 1621 3626; baseline 0.02 -39"><span class='ocrx_word' id='word_1_272' title='bbox 130 3534 301 3592; x_wconf 78' lang='lat' dir='ltr'><strong>Notum</strong></span> <span class='ocrx_word' id='word_1_273' title='bbox 327 3540 437 3596; x_wconf 90' lang='lat' dir='ltr'><strong>fore</strong></span> <span class='ocrx_word' id='word_1_274' title='bbox 470 3542 728 3600; x_wconf 88' lang='lat' dir='ltr'><strong>volumus</strong></span> <span class='ocrx_word' id='word_1_275' title='bbox 761 3554 868 3602; x_wconf 92' lang='lat' dir='ltr'><strong>tam</strong></span> <span class='ocrx_word' id='word_1_276' title='bbox 895 3548 1089 3607; x_wconf 88' lang='lat' dir='ltr'><strong>futuris</strong></span> <span class='ocrx_word' id='word_1_277' title='bbox 1135 3570 1296 3623; x_wconf 89' lang='lat' dir='ltr'><strong>quam</strong></span> <span class='ocrx_word' id='word_1_278' title='bbox 1339 3563 1621 3626; x_wconf 76' lang='lat' dir='ltr'><strong>prrcsenti-</strong></span> 
     </span>
    </p>
   </div>
   <div class='ocr_carea' id='block_1_53' title="bbox 74 3623 1620 3716">
    <p class='ocr_par' dir='ltr' id='par_1_53' title="bbox 74 3623 1620 3716">
     <span class='ocr_line' id='line_1_53' title="bbox 74 3623 1620 3716; baseline 0.021 -41"><span class='ocrx_word' id='word_1_279' title='bbox 74 3623 153 3678; x_wconf 91' lang='lat' dir='ltr'><strong>bus</strong></span> <span class='ocrx_word' id='word_1_280' title='bbox 199 3633 438 3697; x_wconf 87' lang='lat' dir='ltr'><strong>quoniam</strong></span> <span class='ocrx_word' id='word_1_281' title='bbox 464 3635 712 3690; x_wconf 89' lang='lat' dir='ltr'><strong>omnium</strong></span> <span class='ocrx_word' id='word_1_282' title='bbox 739 3639 1002 3696; x_wconf 90' lang='lat' dir='ltr'><strong>bonorum</strong></span> <span class='ocrx_word' id='word_1_283' title='bbox 1028 3643 1258 3716; x_wconf 66' lang='lat' dir='ltr'><strong>largitor</strong></span> <span class='ocrx_word' id='word_1_284' title='bbox 1288 3649 1428 3705; x_wconf 89' lang='lat' dir='ltr'><strong>Deus</strong></span> <span class='ocrx_word' id='word_1_285' title='bbox 1460 3653 1620 3707; x_wconf 84' lang='lat' dir='ltr'><strong>devo-</strong></span> 
     </span>
    </p>
   </div>
   <div class='ocr_carea' id='block_1_54' title="bbox 75 3716 1616 3798">
    <p class='ocr_par' dir='ltr' id='par_1_54' title="bbox 75 3716 1616 3798">
     <span class='ocr_line' id='line_1_54' title="bbox 75 3716 1616 3798; baseline 0.02 -31"><span class='ocrx_word' id='word_1_286' title='bbox 75 3716 238 3774; x_wconf 85' lang='lat' dir='ltr'><strong>tionem</strong></span> <span class='ocrx_word' id='word_1_287' title='bbox 266 3734 501 3780; x_wconf 88' lang='lat' dir='ltr'><strong>nostram</strong></span> <span class='ocrx_word' id='word_1_288' title='bbox 543 3727 609 3782; x_wconf 90' lang='lat' dir='ltr'><strong>ad</strong></span> <span class='ocrx_word' id='word_1_289' title='bbox 642 3727 700 3782; x_wconf 84' lang='grc' dir='ltr'><strong>Β.</strong></span> <span class='ocrx_word' id='word_1_290' title='bbox 749 3729 964 3788; x_wconf 86' lang='lat' dir='ltr'><strong>Martini</strong></span> <span class='ocrx_word' id='word_1_291' title='bbox 996 3739 1258 3792; x_wconf 89' lang='lat' dir='ltr'><strong>tumulum</strong></span> <span class='ocrx_word' id='word_1_292' title='bbox 1290 3743 1616 3798; x_wconf 87' lang='lat' dir='ltr'><strong>visitandum</strong></span> 
     </span>
    </p>
   </div>
   <div class='ocr_carea' id='block_1_55' title="bbox 71 3811 1614 3900">
    <p class='ocr_par' dir='ltr' id='par_1_55' title="bbox 71 3811 1614 3900">
     <span class='ocr_line' id='line_1_55' title="bbox 71 3811 1614 3900; baseline 0.019 -42"><span class='ocrx_word' id='word_1_293' title='bbox 71 3821 148 3861; x_wconf 85' lang='lat' dir='ltr'><strong>sna</strong></span> <span class='ocrx_word' id='word_1_294' title='bbox 167 3811 507 3872; x_wconf 88' lang='lat' dir='ltr'><strong>miseratione</strong></span> <span class='ocrx_word' id='word_1_295' title='bbox 541 3819 817 3887; x_wconf 79' lang='lat' dir='ltr'><strong>perduxit.</strong></span> <span class='ocrx_word' id='word_1_296' title='bbox 844 3821 977 3890; x_wconf 85' lang='lat' dir='ltr'><strong>Quia</strong></span> <span class='ocrx_word' id='word_1_297' title='bbox 1013 3842 1144 3882; x_wconf 85' lang='lat' dir='ltr'><strong>vero</strong></span> <span class='ocrx_word' id='word_1_298' title='bbox 1193 3829 1244 3883; x_wconf 93' lang='lat' dir='ltr'><strong>in</strong></span> <span class='ocrx_word' id='word_1_299' title='bbox 1290 3829 1526 3900; x_wconf 81' lang='lat' dir='ltr'><strong>ejusdem</strong></span> <span class='ocrx_word' id='word_1_300' title='bbox 1555 3835 1614 3890; x_wconf 85' lang='grc' dir='ltr'><strong>Β.</strong></span> 
     </span>
    </p>
   </div>
   <div class='ocr_carea' id='block_1_56' title="bbox 71 3899 1615 3993">
    <p class='ocr_par' dir='ltr' id='par_1_56' title="bbox 71 3899 1615 3993">
     <span class='ocr_line' id='line_1_56' title="bbox 71 3899 1615 3993; baseline 0.021 -46"><span class='ocrx_word' id='word_1_301' title='bbox 71 3899 361 3958; x_wconf 80' lang='lat' dir='ltr'><strong>confessoris</strong></span> <span class='ocrx_word' id='word_1_302' title='bbox 422 3907 661 3964; x_wconf 83' lang='lat' dir='ltr'><strong>ecclesia</strong></span> <span class='ocrx_word' id='word_1_303' title='bbox 709 3915 954 3981; x_wconf 76' lang='lat' dir='ltr'><strong>quzedam</strong></span> <span class='ocrx_word' id='word_1_304' title='bbox 1011 3899 1348 3976; x_wconf 84' lang='lat' dir='ltr'><strong>inoleverant</strong></span> <span class='ocrx_word' id='word_1_305' title='bbox 1401 3941 1519 3993; x_wconf 71' lang='lat' dir='ltr'><strong>qua:</strong></span> <span class='ocrx_word' id='word_1_306' title='bbox 1562 3928 1615 3980; x_wconf 92' lang='lat' dir='ltr'><strong>in</strong></span> 
     </span>
    </p>
   </div>
   <div class='ocr_carea' id='block_1_57' title="bbox 71 3988 1613 4080">
    <p class='ocr_par' dir='ltr' id='par_1_57' title="bbox 71 3988 1613 4080">
     <span class='ocr_line' id='line_1_57' title="bbox 71 3988 1613 4080; baseline 0.021 -42"><span class='ocrx_word' id='word_1_307' title='bbox 71 3988 230 4080; x_wconf 74' lang='lat' dir='ltr'><strong>tnelitts</strong></span> <span class='ocrx_word' id='word_1_308' title='bbox 252 3999 619 4062; x_wconf 87' lang='lat' dir='ltr'><strong>promovenda</strong></span> <span class='ocrx_word' id='word_1_309' title='bbox 676 4003 866 4059; x_wconf 88' lang='lat' dir='ltr'><strong>salutis</strong></span> <span class='ocrx_word' id='word_1_310' title='bbox 902 4005 1040 4062; x_wconf 87' lang='lat' dir='ltr'><strong>falce</strong></span> <span class='ocrx_word' id='word_1_311' title='bbox 1084 3988 1432 4080; x_wconf 77' lang='lat' dir='ltr'><strong>exstirpanda</strong></span> <span class='ocrx_word' id='word_1_312' title='bbox 1463 4017 1613 4071; x_wconf 84' lang='lat' dir='ltr'><strong>vide-</strong></span> 
     </span>
    </p>
   </div>
   <div class='ocr_carea' id='block_1_58' title="bbox 68 4072 1612 4172">
    <p class='ocr_par' dir='ltr' id='par_1_58' title="bbox 68 4072 1612 4172">
     <span class='ocr_line' id='line_1_58' title="bbox 68 4072 1612 4172; baseline 0.023 -45"><span class='ocrx_word' id='word_1_313' title='bbox 68 4072 249 4146; x_wconf 82' lang='lat' dir='ltr'><strong>bantur,</strong></span> <span class='ocrx_word' id='word_1_314' title='bbox 278 4100 372 4140; x_wconf 88' lang='lat' dir='ltr'><strong>nos</strong></span> <span class='ocrx_word' id='word_1_315' title='bbox 420 4104 523 4158; x_wconf 89' lang='lat' dir='ltr'><strong>per</strong></span> <span class='ocrx_word' id='word_1_316' title='bbox 551 4099 757 4158; x_wconf 89' lang='lat' dir='ltr'><strong>septem</strong></span> <span class='ocrx_word' id='word_1_317' title='bbox 790 4092 908 4152; x_wconf 91' lang='lat' dir='ltr'><strong>dies</strong></span> <span class='ocrx_word' id='word_1_318' title='bbox 939 4107 993 4152; x_wconf 88' lang='lat' dir='ltr'><strong>et</strong></span> <span class='ocrx_word' id='word_1_319' title='bbox 1047 4115 1113 4155; x_wconf 90' lang='lat' dir='ltr'><strong>eo</strong></span> <span class='ocrx_word' id='word_1_320' title='bbox 1145 4103 1376 4172; x_wconf 85' lang='lat' dir='ltr'><strong>amplius</strong></span> <span class='ocrx_word' id='word_1_321' title='bbox 1420 4106 1612 4163; x_wconf 85' lang='lat' dir='ltr'><strong>inuno-</strong></span> 
     </span>
    </p>
   </div>
   <div class='ocr_carea' id='block_1_59' title="bbox 72 4168 1611 4257">
    <p class='ocr_par' dir='ltr' id='par_1_59' title="bbox 72 4168 1611 4257">
     <span class='ocr_line' id='line_1_59' title="bbox 72 4168 1611 4257; baseline 0.024 -40"><span class='ocrx_word' id='word_1_322' title='bbox 72 4168 176 4232; x_wconf 87' lang='lat' dir='ltr'><strong>rati,</strong></span> <span class='ocrx_word' id='word_1_323' title='bbox 205 4174 520 4231; x_wconf 88' lang='lat' dir='ltr'><strong>medicinam</strong></span> <span class='ocrx_word' id='word_1_324' title='bbox 575 4181 904 4251; x_wconf 88' lang='lat' dir='ltr'><strong>animarum,</strong></span> <span class='ocrx_word' id='word_1_325' title='bbox 961 4186 1299 4257; x_wconf 83' lang='lat' dir='ltr'><strong>frequentius</strong></span> <span class='ocrx_word' id='word_1_326' title='bbox 1351 4195 1494 4250; x_wconf 79' lang='lat' dir='ltr'><strong>inter</strong></span> <span class='ocrx_word' id='word_1_327' title='bbox 1520 4213 1611 4254; x_wconf 90' lang='lat' dir='ltr'><strong>eos</strong></span> 
     </span>
    </p>
   </div>
   <div class='ocr_carea' id='block_1_60' title="bbox 70 4258 1611 4353">
    <p class='ocr_par' dir='ltr' id='par_1_60' title="bbox 70 4258 1611 4353">
     <span class='ocr_line' id='line_1_60' title="bbox 70 4258 1611 4353; baseline 0.025 -41"><span class='ocrx_word' id='word_1_328' title='bbox 70 4258 298 4319; x_wconf 83' lang='lat' dir='ltr'><strong>intrantes</strong></span> <span class='ocrx_word' id='word_1_329' title='bbox 320 4279 372 4323; x_wconf 84' lang='lat' dir='ltr'><strong>et</strong></span> <span class='ocrx_word' id='word_1_330' title='bbox 416 4282 682 4329; x_wconf 84' lang='lat' dir='ltr'><strong>exeuntes</strong></span> <span class='ocrx_word' id='word_1_331' title='bbox 718 4278 796 4332; x_wconf 91' lang='lat' dir='ltr'><strong>eis</strong></span> <span class='ocrx_word' id='word_1_332' title='bbox 819 4279 1245 4353; x_wconf 86' lang='lat' dir='ltr'><strong>impertivimus,</strong></span> <span class='ocrx_word' id='word_1_333' title='bbox 1292 4300 1348 4344; x_wconf 90' lang='lat' dir='ltr'><strong>et</strong></span> <span class='ocrx_word' id='word_1_334' title='bbox 1377 4295 1611 4350; x_wconf 91' lang='lat' dir='ltr'><strong>nobisin</strong></span> 
     </span>
    </p>
   </div>
   <div class='ocr_carea' id='block_1_61' title="bbox 69 4354 1615 4451">
    <p class='ocr_par' dir='ltr' id='par_1_61' title="bbox 69 4354 1615 4451">
     <span class='ocr_line' id='line_1_61' title="bbox 69 4354 1615 4451; baseline 0.028 -52"><span class='ocrx_word' id='word_1_335' title='bbox 69 4354 282 4448; x_wconf 79' lang='lat' dir='ltr'><strong>omnibus</strong></span> <span class='ocrx_word' id='word_1_336' title='bbox 304 4359 622 4418; x_wconf 89' lang='lat' dir='ltr'><strong>obedientes</strong></span> <span class='ocrx_word' id='word_1_337' title='bbox 651 4373 707 4420; x_wconf 89' lang='lat' dir='ltr'><strong>et</strong></span> <span class='ocrx_word' id='word_1_338' title='bbox 749 4366 1058 4438; x_wconf 85' lang='lat' dir='ltr'><strong>benevolos,</strong></span> <span class='ocrx_word' id='word_1_339' title='bbox 1116 4378 1224 4431; x_wconf 91' lang='lat' dir='ltr'><strong>Deo</strong></span> <span class='ocrx_word' id='word_1_340' title='bbox 1253 4383 1526 4451; x_wconf 77' lang='lat' dir='ltr'><strong>aspirante</strong></span> <span class='ocrx_word' id='word_1_341' title='bbox 1561 4398 1615 4442; x_wconf 94' lang='lat' dir='ltr'><strong>ct</strong></span> 
     </span>
    </p>
   </div>
   <div class='ocr_carea' id='block_1_62' title="bbox 69 4453 1577 4535">
    <p class='ocr_par' dir='ltr' id='par_1_62' title="bbox 69 4453 1577 4535">
     <span class='ocr_line' id='line_1_62' title="bbox 69 4453 1577 4535; baseline 0.031 -47"><span class='ocrx_word' id='word_1_342' title='bbox 69 4453 197 4496; x_wconf 82' lang='lat' dir='ltr'><strong>mets</strong></span> <span class='ocrx_word' id='word_1_343' title='bbox 237 4461 563 4519; x_wconf 87' lang='lat' dir='ltr'><strong>cooperante</strong></span> <span class='ocrx_word' id='word_1_344' title='bbox 607 4457 923 4525; x_wconf 91' lang='lat' dir='ltr'><strong>nobiscum,</strong></span> <span class='ocrx_word' id='word_1_345' title='bbox 991 4469 1198 4534; x_wconf 80' lang='lat' dir='ltr'><strong>experti</strong></span> <span class='ocrx_word' id='word_1_346' title='bbox 1249 4486 1452 4528; x_wconf 90' lang='lat' dir='ltr'><strong>sumus.</strong></span> <span class='ocrx_word' id='word_1_347' title='bbox 1508 4478 1577 4535; x_wconf 85' lang='lat' dir='ltr'><strong>Se</strong></span> 
     </span>
    </p>
   </div>
   <div class='ocr_carea' id='block_1_63' title="bbox 69 4535 1618 4638">
    <p class='ocr_par' dir='ltr' id='par_1_63' title="bbox 69 4535 1618 4638">
     <span class='ocr_line' id='line_1_63' title="bbox 69 4535 1618 4638; baseline 0.028 -55"><span class='ocrx_word' id='word_1_348' title='bbox 69 4535 291 4638; x_wconf 60' lang='lat' dir='ltr'><strong>quoniam</strong></span> <span class='ocrx_word' id='word_1_349' title='bbox 336 4542 401 4594; x_wconf 87' lang='lat' dir='ltr'><strong>ad</strong></span> <span class='ocrx_word' id='word_1_350' title='bbox 431 4553 650 4602; x_wconf 89' lang='lat' dir='ltr'><strong>nostras</strong></span> <span class='ocrx_word' id='word_1_351' title='bbox 676 4563 835 4606; x_wconf 89' lang='lat' dir='ltr'><strong>aures</strong></span> <span class='ocrx_word' id='word_1_352' title='bbox 865 4568 1189 4622; x_wconf 88' lang='lat' dir='ltr'><strong>pervenerat</strong></span> <span class='ocrx_word' id='word_1_353' title='bbox 1215 4567 1356 4630; x_wconf 90' lang='lat' dir='ltr'><strong>quod</strong></span> <span class='ocrx_word' id='word_1_354' title='bbox 1415 4568 1618 4638; x_wconf 80' lang='lat' dir='ltr'><strong>legatos</strong></span> 
     </span>
    </p>
   </div>
   <div class='ocr_carea' id='block_1_64' title="bbox 70 4621 1617 4721">
    <p class='ocr_par' dir='ltr' id='par_1_64' title="bbox 70 4621 1617 4721">
     <span class='ocr_line' id='line_1_64' title="bbox 70 4621 1617 4721; baseline 0.031 -48"><span class='ocrx_word' id='word_1_355' title='bbox 70 4621 289 4721; x_wconf 69' lang='lat' dir='ltr'><strong>Romanae</strong></span> <span class='ocrx_word' id='word_1_356' title='bbox 315 4635 570 4694; x_wconf 70' lang='lat' dir='ltr'><strong>Ecclesia:</strong></span> <span class='ocrx_word' id='word_1_357' title='bbox 597 4643 874 4715; x_wconf 87' lang='lat' dir='ltr'><strong>suscipere</strong></span> <span class='ocrx_word' id='word_1_358' title='bbox 926 4664 1047 4704; x_wconf 92' lang='lat' dir='ltr'><strong>cum</strong></span> <span class='ocrx_word' id='word_1_359' title='bbox 1076 4658 1442 4720; x_wconf 89' lang='lat' dir='ltr'><strong>processionis</strong></span> <span class='ocrx_word' id='word_1_360' title='bbox 1465 4663 1617 4721; x_wconf 84' lang='lat' dir='ltr'><strong>beni-</strong></span> 
     </span>
    </p>
   </div>
   <div class='ocr_carea' id='block_1_65' title="bbox 69 4714 1621 4814">
    <p class='ocr_par' dir='ltr' id='par_1_65' title="bbox 69 4714 1621 4814">
     <span class='ocr_line' id='line_1_65' title="bbox 69 4714 1621 4814; baseline 0.034 -52"><span class='ocrx_word' id='word_1_361' title='bbox 69 4714 242 4814; x_wconf 68' lang='lat' dir='ltr'><strong>gnitate</strong></span> <span class='ocrx_word' id='word_1_362' title='bbox 263 4731 699 4798; x_wconf 87' lang='lat' dir='ltr'><strong>supersederant,</strong></span> <span class='ocrx_word' id='word_1_363' title='bbox 751 4751 928 4807; x_wconf 90' lang='lat' dir='ltr'><strong>neque</strong></span> <span class='ocrx_word' id='word_1_364' title='bbox 976 4744 1142 4798; x_wconf 90' lang='lat' dir='ltr'><strong>etiam</strong></span> <span class='ocrx_word' id='word_1_365' title='bbox 1204 4750 1309 4813; x_wconf 91' lang='lat' dir='ltr'><strong>eis,</strong></span> <span class='ocrx_word' id='word_1_366' title='bbox 1365 4754 1621 4814; x_wconf 82' lang='lat' dir='ltr'><strong>videlicet</strong></span> 
     </span>
    </p>
   </div>
   <div class='ocr_carea' id='block_1_66' title="bbox 69 4801 1622 4916">
    <p class='ocr_par' dir='ltr' id='par_1_66' title="bbox 69 4801 1622 4916">
     <span class='ocr_line' id='line_1_66' title="bbox 69 4801 1622 4916; baseline 0.03 -59"><span class='ocrx_word' id='word_1_367' title='bbox 69 4801 248 4916; x_wconf 58' lang='lat' dir='ltr'><strong>legatis,</strong></span> <span class='ocrx_word' id='word_1_368' title='bbox 285 4820 582 4877; x_wconf 89' lang='lat' dir='ltr'><strong>auctoritas</strong></span> <span class='ocrx_word' id='word_1_369' title='bbox 612 4824 772 4893; x_wconf 82' lang='lat' dir='ltr'><strong>hujus</strong></span> <span class='ocrx_word' id='word_1_370' title='bbox 802 4827 1058 4887; x_wconf 68' lang='lat' dir='ltr'><strong>Ecclesia:</strong></span> <span class='ocrx_word' id='word_1_371' title='bbox 1083 4851 1182 4904; x_wconf 91' lang='lat' dir='ltr'><strong>per</strong></span> <span class='ocrx_word' id='word_1_372' title='bbox 1226 4841 1478 4899; x_wconf 84' lang='lat' dir='ltr'><strong>notitiam</strong></span> <span class='ocrx_word' id='word_1_373' title='bbox 1509 4850 1622 4916; x_wconf 85' lang='lat' dir='ltr'><strong>pri-</strong></span> 
     </span>
    </p>
   </div>
   <div class='ocr_carea' id='block_1_67' title="bbox 68 4895 1618 5008">
    <p class='ocr_par' dir='ltr' id='par_1_67' title="bbox 68 4895 1618 5008">
     <span class='ocr_line' id='line_1_67' title="bbox 68 4895 1618 5008; baseline 0.033 -64"><span class='ocrx_word' id='word_1_374' title='bbox 68 4895 350 4993; x_wconf 76' lang='lat' dir='ltr'><strong>vilegiorum</strong></span> <span class='ocrx_word' id='word_1_375' title='bbox 378 4908 499 4978; x_wconf 81' lang='lat' dir='ltr'><strong>ejus</strong></span> <span class='ocrx_word' id='word_1_376' title='bbox 522 4913 857 4984; x_wconf 89' lang='lat' dir='ltr'><strong>innotuerat,</strong></span> <span class='ocrx_word' id='word_1_377' title='bbox 906 4929 1342 4998; x_wconf 83' lang='lat' dir='ltr'><strong>succensuimus,</strong></span> <span class='ocrx_word' id='word_1_378' title='bbox 1389 4945 1444 4990; x_wconf 92' lang='lat' dir='ltr'><strong>et</strong></span> <span class='ocrx_word' id='word_1_379' title='bbox 1494 4895 1618 5008; x_wconf 60' lang='lat' dir='ltr'><strong>gra-</strong></span> 
     </span>
    </p>
   </div>
   <div class='ocr_carea' id='block_1_68' title="bbox 66 4994 1618 5086">
    <p class='ocr_par' dir='ltr' id='par_1_68' title="bbox 66 4994 1618 5086">
     <span class='ocr_line' id='line_1_68' title="bbox 66 4994 1618 5086; baseline 0.03 -47"><span class='ocrx_word' id='word_1_380' title='bbox 66 4994 184 5086; x_wconf 55' lang='lat' dir='ltr'><strong>viter</strong></span> <span class='ocrx_word' id='word_1_381' title='bbox 217 5007 304 5047; x_wconf 90' lang='lat' dir='ltr'><strong>eos</strong></span> <span class='ocrx_word' id='word_1_382' title='bbox 360 4996 786 5070; x_wconf 73' lang='lat' dir='ltr'><strong>increpavimus,</strong></span> <span class='ocrx_word' id='word_1_383' title='bbox 843 5024 942 5064; x_wconf 89' lang='lat' dir='ltr'><strong>cur</strong></span> <span class='ocrx_word' id='word_1_384' title='bbox 989 5021 1193 5071; x_wconf 87' lang='lat' dir='ltr'><strong>tantam</strong></span> <span class='ocrx_word' id='word_1_385' title='bbox 1243 4994 1618 5086; x_wconf 63' lang='lat' dir='ltr'><strong>inolsedicntize</strong></span> 
     </span>
    </p>
   </div>
   <div class='ocr_carea' id='block_1_69' title="bbox 68 5075 1618 5180">
    <p class='ocr_par' dir='ltr' id='par_1_69' title="bbox 68 5075 1618 5180">
     <span class='ocr_line' id='line_1_69' title="bbox 68 5075 1618 5180; baseline 0.034 -55"><span class='ocrx_word' id='word_1_386' title='bbox 68 5075 381 5140; x_wconf 72' lang='lat' dir='ltr'><strong>offensionem</strong></span> <span class='ocrx_word' id='word_1_387' title='bbox 462 5092 828 5153; x_wconf 90' lang='lat' dir='ltr'><strong>incurrerent.</strong></span> <span class='ocrx_word' id='word_1_388' title='bbox 907 5102 1018 5159; x_wconf 91' lang='lat' dir='ltr'><strong>Illis</strong></span> <span class='ocrx_word' id='word_1_389' title='bbox 1091 5108 1275 5180; x_wconf 83' lang='lat' dir='ltr'><strong>itaque</strong></span> <span class='ocrx_word' id='word_1_390' title='bbox 1342 5117 1618 5178; x_wconf 74' lang='lat' dir='ltr'><strong>humiliter</strong></span> 
     </span>
    </p>
   </div>
   <div class='ocr_carea' id='block_1_70' title="bbox 68 5169 1615 5281">
    <p class='ocr_par' dir='ltr' id='par_1_70' title="bbox 68 5169 1615 5281">
     <span class='ocr_line' id='line_1_70' title="bbox 68 5169 1615 5281; baseline 0.034 -64"><span class='ocrx_word' id='word_1_391' title='bbox 68 5169 201 5281; x_wconf 62' lang='lat' dir='ltr'><strong>npbis</strong></span> <span class='ocrx_word' id='word_1_392' title='bbox 229 5177 422 5248; x_wconf 83' lang='lat' dir='ltr'><strong>scripta</strong></span> <span class='ocrx_word' id='word_1_393' title='bbox 455 5193 668 5252; x_wconf 86' lang='lat' dir='ltr'><strong>patrum</strong></span> <span class='ocrx_word' id='word_1_394' title='bbox 719 5201 1028 5250; x_wconf 87' lang='lat' dir='ltr'><strong>nostrorum</strong></span> <span class='ocrx_word' id='word_1_395' title='bbox 1075 5198 1446 5264; x_wconf 82' lang='lat' dir='ltr'><strong>Romanorum</strong></span> <span class='ocrx_word' id='word_1_396' title='bbox 1482 5228 1615 5281; x_wconf 82' lang='lat' dir='ltr'><strong>pon-</strong></span> 
     </span>
     <span class='ocr_line' id='line_1_71' title="bbox 68 5262 635 5281; baseline 0.03 0"><span class='ocrx_word' id='word_1_397' title='bbox 68 5262 80 5281; x_wconf 86' lang='lat'><strong>.</strong></span> <span class='ocrx_word' id='word_1_398' title='bbox 388 5279 392 5281; x_wconf 35' lang='lat'><strong>,</strong></span> <span class='ocrx_word' id='word_1_399' title='bbox 496 5274 506 5281; x_wconf 89' lang='lat'><strong><em>-</em></strong></span> <span class='ocrx_word' id='word_1_400' title='bbox 605 5277 635 5281; x_wconf 54' lang='grc' dir='ltr'><strong>λ-</strong></span> 
     </span>
    </p>
   </div>
   <div class='ocr_carea' id='block_1_71' title="bbox 68 5258 1614 5358">
    <p class='ocr_par' dir='ltr' id='par_1_71' title="bbox 68 5258 1614 5358">
     <span class='ocr_line' id='line_1_72' title="bbox 68 5258 1614 5358; baseline 0.032 -49"><span class='ocrx_word' id='word_1_401' title='bbox 68 5258 240 5357; x_wconf 68' lang='lat' dir='ltr'><strong>tllicnm</strong></span> <span class='ocrx_word' id='word_1_402' title='bbox 269 5274 722 5334; x_wconf 63' lang='lat' dir='ltr'><strong>prartendentibus</strong></span> <span class='ocrx_word' id='word_1_403' title='bbox 749 5282 1036 5352; x_wconf 80' lang='lat' dir='ltr'><strong>diligenter</strong></span> <span class='ocrx_word' id='word_1_404' title='bbox 1065 5295 1398 5353; x_wconf 90' lang='lat' dir='ltr'><strong>attendimus</strong></span> <span class='ocrx_word' id='word_1_405' title='bbox 1427 5258 1614 5358; x_wconf 71' lang='lat' dir='ltr'><strong>edrntn</strong></span> 
     </span>
    </p>
   </div>
   <div class='ocr_carea' id='block_1_72' title="bbox 66 5352 1610 5461">
    <p class='ocr_par' dir='ltr' id='par_1_72' title="bbox 66 5352 1610 5461">
     <span class='ocr_line' id='line_1_73' title="bbox 66 5352 1610 5461; baseline 0.034 -62"><span class='ocrx_word' id='word_1_406' title='bbox 66 5352 334 5461; x_wconf 51' lang='lat' dir='ltr'><strong>priiilcg&#39;ta.</strong></span> <span class='ocrx_word' id='word_1_407' title='bbox 376 5361 439 5414; x_wconf 83' lang='lat' dir='ltr'><strong>Et</strong></span> <span class='ocrx_word' id='word_1_408' title='bbox 480 5367 604 5433; x_wconf 89' lang='lat' dir='ltr'><strong>quia</strong></span> <span class='ocrx_word' id='word_1_409' title='bbox 643 5383 841 5438; x_wconf 69' lang='lat' dir='ltr'><strong>prteter</strong></span> <span class='ocrx_word' id='word_1_410' title='bbox 878 5383 1261 5450; x_wconf 82' lang='lat' dir='ltr'><strong>apostolicum,</strong></span> <span class='ocrx_word' id='word_1_411' title='bbox 1309 5399 1366 5443; x_wconf 90' lang='lat' dir='ltr'><strong>et</strong></span> <span class='ocrx_word' id='word_1_412' title='bbox 1412 5408 1610 5461; x_wconf 80' lang='lat' dir='ltr'><strong>regem.</strong></span> 
     </span>
    </p>
   </div>
   <div class='ocr_carea' id='block_1_73' title="bbox 64 5438 1612 5542">
    <p class='ocr_par' dir='ltr' id='par_1_73' title="bbox 64 5438 1612 5542">
     <span class='ocr_line' id='line_1_74' title="bbox 64 5438 1612 5542; baseline 0.028 -55"><span class='ocrx_word' id='word_1_413' title='bbox 64 5444 112 5487; x_wconf 80' lang='lat' dir='ltr'><strong>et</strong></span> <span class='ocrx_word' id='word_1_414' title='bbox 136 5438 486 5542; x_wconf 77' lang='lat' dir='ltr'><strong>Turonenst</strong></span> <span class='ocrx_word' id='word_1_415' title='bbox 533 5461 1022 5537; x_wconf 77' lang='lat' dir='ltr'><strong>archiepiscopum,</strong></span> <span class='ocrx_word' id='word_1_416' title='bbox 1071 5477 1238 5530; x_wconf 85' lang='lat' dir='ltr'><strong>semel</strong></span> <span class='ocrx_word' id='word_1_417' title='bbox 1291 5480 1342 5533; x_wconf 87' lang='lat' dir='ltr'><strong>in</strong></span> <span class='ocrx_word' id='word_1_418' title='bbox 1377 5438 1499 5536; x_wconf 56' lang='lat' dir='ltr'><strong>vit;</strong></span> <span class='ocrx_word' id='word_1_419' title='bbox 1518 5438 1612 5542; x_wconf 65' lang='lat' dir='ltr'><strong>sm;</strong></span> 
     </span>
    </p>
   </div>
   <div class='ocr_carea' id='block_1_74' title="bbox 67 5533 1614 5636">
    <p class='ocr_par' dir='ltr' id='par_1_74' title="bbox 67 5533 1614 5636">
     <span class='ocr_line' id='line_1_75' title="bbox 67 5533 1614 5636; baseline 0.037 -57"><span class='ocrx_word' id='word_1_420' title='bbox 67 5533 306 5593; x_wconf 87' lang='lat' dir='ltr'><strong>neminem</strong></span> <span class='ocrx_word' id='word_1_421' title='bbox 340 5545 406 5597; x_wconf 90' lang='lat' dir='ltr'><strong>ad</strong></span> <span class='ocrx_word' id='word_1_422' title='bbox 435 5554 799 5614; x_wconf 84' lang='lat' dir='ltr'><strong>processionis</strong></span> <span class='ocrx_word' id='word_1_423' title='bbox 827 5565 1224 5631; x_wconf 86' lang='lat' dir='ltr'><strong>susceptionem</strong></span> <span class='ocrx_word' id='word_1_424' title='bbox 1253 5572 1614 5636; x_wconf 83' lang='lat' dir='ltr'><strong>admittebant</strong></span> 
     </span>
    </p>
   </div>
   <div class='ocr_carea' id='block_1_75' title="bbox 128 5708 979 5795">
    <p class='ocr_par' dir='ltr' id='par_1_75' title="bbox 128 5708 979 5795">
     <span class='ocr_line' id='line_1_76' title="bbox 128 5708 979 5795; baseline 0.038 -36"><span class='ocrx_word' id='word_1_425' title='bbox 128 5708 224 5764; x_wconf 70' lang='grc'><strong>’421</strong></span> <span class='ocrx_word' id='word_1_426' title='bbox 250 5715 470 5778; x_wconf 72' lang='lat' dir='ltr'><strong>Videtur</strong></span> <span class='ocrx_word' id='word_1_427' title='bbox 501 5727 686 5787; x_wconf 86' lang='lat' dir='ltr'><strong>deesse</strong></span> <span class='ocrx_word' id='word_1_428' title='bbox 731 5733 979 5795; x_wconf 71' lang='lat' dir='ltr'><strong>Martias.</strong></span> 
     </span>
    </p>
   </div>
   <div class='ocr_carea' id='block_1_76' title="bbox 1581 4482 1697 4562">
    <p class='ocr_par' dir='ltr' id='par_1_76' title="bbox 1581 4482 1697 4562">
     <span class='ocr_line' id='line_1_77' title="bbox 1581 4482 1697 4562; baseline 0.009 -27"><span class='ocrx_word' id='word_1_429' title='bbox 1581 4482 1697 4562; x_wconf 75' lang='lat' dir='ltr'><strong>tID</strong></span> 
     </span>
    </p>
   </div>
   <div class='ocr_carea' id='block_1_77' title="bbox 1731 1895 3308 1974">
    <p class='ocr_par' dir='ltr' id='par_1_77' title="bbox 1731 1895 3308 1974">
     <span class='ocr_line' id='line_1_78' title="bbox 1731 1895 3308 1974; baseline 0.009 -27"><span class='ocrx_word' id='word_1_430' title='bbox 1731 1895 1879 1949; x_wconf 84' lang='lat' dir='ltr'><strong>tione</strong></span> <span class='ocrx_word' id='word_1_431' title='bbox 1928 1897 2286 1964; x_wconf 83' lang='lat' dir='ltr'><strong>perfoderat;</strong></span> <span class='ocrx_word' id='word_1_432' title='bbox 2337 1915 2458 1955; x_wconf 86' lang='lat' dir='ltr'><strong>eum</strong></span> <span class='ocrx_word' id='word_1_433' title='bbox 2521 1903 2574 1956; x_wconf 91' lang='lat' dir='ltr'><strong>in</strong></span> <span class='ocrx_word' id='word_1_434' title='bbox 2617 1904 3063 1958; x_wconf 67' lang='lat' dir='ltr'><strong>concordiam‘ct</strong></span> <span class='ocrx_word' id='word_1_435' title='bbox 3122 1922 3308 1974; x_wconf 90' lang='lat' dir='ltr'><strong>pacem</strong></span> 
     </span>
    </p>
   </div>
   <div class='ocr_carea' id='block_1_78' title="bbox 1725 1986 3309 2061">
    <p class='ocr_par' dir='ltr' id='par_1_78' title="bbox 1725 1986 3309 2061">
     <span class='ocr_line' id='line_1_79' title="bbox 1725 1986 3309 2061; baseline 0.008 -23"><span class='ocrx_word' id='word_1_436' title='bbox 1725 1998 1914 2038; x_wconf 88' lang='lat' dir='ltr'><strong>eorum</strong></span> <span class='ocrx_word' id='word_1_437' title='bbox 1963 1986 2397 2061; x_wconf 86' lang='lat' dir='ltr'><strong>refortnavimus.</strong></span> <span class='ocrx_word' id='word_1_438' title='bbox 2436 1990 2618 2060; x_wconf 81' lang='lat' dir='ltr'><strong>Neque</strong></span> <span class='ocrx_word' id='word_1_439' title='bbox 2647 2007 2740 2046; x_wconf 88' lang='lat' dir='ltr'><strong>eos</strong></span> <span class='ocrx_word' id='word_1_440' title='bbox 2793 1995 2857 2047; x_wconf 88' lang='lat' dir='ltr'><strong>ad</strong></span> <span class='ocrx_word' id='word_1_441' title='bbox 2887 1994 3049 2048; x_wconf 88' lang='lat' dir='ltr'><strong>ullam</strong></span> <span class='ocrx_word' id='word_1_442' title='bbox 3098 1995 3309 2050; x_wconf 84' lang='lat' dir='ltr'><strong>satisfa-</strong></span> 
     </span>
    </p>
   </div>
   <div class='ocr_carea' id='block_1_79' title="bbox 1726 2077 3305 2152">
    <p class='ocr_par' dir='ltr' id='par_1_79' title="bbox 1726 2077 3305 2152">
     <span class='ocr_line' id='line_1_80' title="bbox 1726 2077 3305 2152; baseline 0.005 -22"><span class='ocrx_word' id='word_1_443' title='bbox 1726 2077 2010 2144; x_wconf 91' lang='lat' dir='ltr'><strong>ctionem,</strong></span> <span class='ocrx_word' id='word_1_444' title='bbox 2062 2079 2190 2146; x_wconf 88' lang='lat' dir='ltr'><strong>quia</strong></span> <span class='ocrx_word' id='word_1_445' title='bbox 2249 2084 2572 2136; x_wconf 88' lang='lat' dir='ltr'><strong>auctoritate</strong></span> <span class='ocrx_word' id='word_1_446' title='bbox 2636 2083 2872 2152; x_wconf 89' lang='lat' dir='ltr'><strong>pollente</strong></span> <span class='ocrx_word' id='word_1_447' title='bbox 2919 2099 3038 2138; x_wconf 88' lang='lat' dir='ltr'><strong>sese</strong></span> <span class='ocrx_word' id='word_1_448' title='bbox 3094 2085 3305 2151; x_wconf 54' lang='lat' dir='ltr'><strong>munie:</strong></span> 
     </span>
    </p>
   </div>
   <div class='ocr_carea' id='block_1_80' title="bbox 1727 2172 3306 2244">
    <p class='ocr_par' dir='ltr' id='par_1_80' title="bbox 1727 2172 3306 2244">
     <span class='ocr_line' id='line_1_81' title="bbox 1727 2172 3306 2244; baseline 0.006 -24"><span class='ocrx_word' id='word_1_449' title='bbox 1727 2179 1869 2231; x_wconf 83' lang='lat' dir='ltr'><strong>rant,</strong></span> <span class='ocrx_word' id='word_1_450' title='bbox 1899 2172 2277 2240; x_wconf 89' lang='lat' dir='ltr'><strong>compulimus,</strong></span> <span class='ocrx_word' id='word_1_451' title='bbox 2338 2189 2512 2242; x_wconf 88' lang='lat' dir='ltr'><strong>neque</strong></span> <span class='ocrx_word' id='word_1_452' title='bbox 2554 2175 2796 2240; x_wconf 89' lang='lat' dir='ltr'><strong>qualibet</strong></span> <span class='ocrx_word' id='word_1_453' title='bbox 2821 2191 2919 2244; x_wconf 90' lang='lat' dir='ltr'><strong>pro</strong></span> <span class='ocrx_word' id='word_1_454' title='bbox 2954 2177 3046 2229; x_wconf 89' lang='lat' dir='ltr'><strong>tali</strong></span> <span class='ocrx_word' id='word_1_455' title='bbox 3079 2191 3306 2232; x_wconf 82' lang='lat' dir='ltr'><strong>excessu</strong></span> 
     </span>
    </p>
   </div>
   <div class='ocr_carea' id='block_1_81' title="bbox 1727 2259 3306 2337">
    <p class='ocr_par' dir='ltr' id='par_1_81' title="bbox 1727 2259 3306 2337">
     <span class='ocr_line' id='line_1_82' title="bbox 1727 2259 3306 2337; baseline 0.004 -24"><span class='ocrx_word' id='word_1_456' title='bbox 1727 2259 2071 2317; x_wconf 87' lang='lat' dir='ltr'><strong>absolutione</strong></span> <span class='ocrx_word' id='word_1_457' title='bbox 2101 2265 2411 2335; x_wconf 77' lang='lat' dir='ltr'><strong>purgandos</strong></span> <span class='ocrx_word' id='word_1_458' title='bbox 2441 2265 2773 2329; x_wconf 87' lang='lat' dir='ltr'><strong>censuimus,</strong></span> <span class='ocrx_word' id='word_1_459' title='bbox 2798 2267 3028 2336; x_wconf 89' lang='lat' dir='ltr'><strong>denique</strong></span> <span class='ocrx_word' id='word_1_460' title='bbox 3050 2268 3306 2337; x_wconf 89' lang='lat' dir='ltr'><strong>qrtoniarn</strong></span> 
     </span>
    </p>
   </div>
   <div class='ocr_carea' id='block_1_82' title="bbox 1728 2355 3305 2429">
    <p class='ocr_par' dir='ltr' id='par_1_82' title="bbox 1728 2355 3305 2429">
     <span class='ocr_line' id='line_1_83' title="bbox 1728 2355 3305 2429; baseline 0.003 -22"><span class='ocrx_word' id='word_1_461' title='bbox 1728 2355 1781 2408; x_wconf 94' lang='lat' dir='ltr'><strong>in</strong></span> <span class='ocrx_word' id='word_1_462' title='bbox 1833 2355 2159 2424; x_wconf 88' lang='lat' dir='ltr'><strong>quibusdam</strong></span> <span class='ocrx_word' id='word_1_463' title='bbox 2209 2373 2320 2411; x_wconf 74' lang='lat' dir='ltr'><strong>sua:</strong></span> <span class='ocrx_word' id='word_1_464' title='bbox 2371 2357 2615 2413; x_wconf 66' lang='lat' dir='ltr'><strong>ecclesiae</strong></span> <span class='ocrx_word' id='word_1_465' title='bbox 2667 2359 2965 2428; x_wconf 82' lang='lat' dir='ltr'><strong>privilegiis</strong></span> <span class='ocrx_word' id='word_1_466' title='bbox 3028 2361 3305 2429; x_wconf 82' lang='lat' dir='ltr'><strong>prepriutn</strong></span> 
     </span>
    </p>
   </div>
   <div class='ocr_carea' id='block_1_83' title="bbox 1725 2443 3309 2517">
    <p class='ocr_par' dir='ltr' id='par_1_83' title="bbox 1725 2443 3309 2517">
     <span class='ocr_line' id='line_1_84' title="bbox 1725 2443 3309 2517; baseline 0.004 -20"><span class='ocrx_word' id='word_1_467' title='bbox 1725 2443 1806 2498; x_wconf 90' lang='lat' dir='ltr'><strong>eis</strong></span> <span class='ocrx_word' id='word_1_468' title='bbox 1851 2444 2054 2498; x_wconf 89' lang='lat' dir='ltr'><strong>habere</strong></span> <span class='ocrx_word' id='word_1_469' title='bbox 2103 2446 2416 2517; x_wconf 88' lang='lat' dir='ltr'><strong>episcopum</strong></span> <span class='ocrx_word' id='word_1_470' title='bbox 2483 2463 2801 2502; x_wconf 88' lang='lat' dir='ltr'><strong>concessum</strong></span> <span class='ocrx_word' id='word_1_471' title='bbox 2851 2458 2955 2512; x_wconf 90' lang='lat' dir='ltr'><strong>est,</strong></span> <span class='ocrx_word' id='word_1_472' title='bbox 3019 2449 3135 2516; x_wconf 85' lang='lat' dir='ltr'><strong>ejus</strong></span> <span class='ocrx_word' id='word_1_473' title='bbox 3192 2451 3309 2505; x_wconf 86' lang='lat' dir='ltr'><strong>vice</strong></span> 
     </span>
    </p>
   </div>
   <div class='ocr_carea' id='block_1_84' title="bbox 1729 2535 3310 2611">
    <p class='ocr_par' dir='ltr' id='par_1_84' title="bbox 1729 2535 3310 2611">
     <span class='ocr_line' id='line_1_85' title="bbox 1729 2535 3310 2611; baseline 0.006 -23"><span class='ocrx_word' id='word_1_474' title='bbox 1729 2550 1827 2590; x_wconf 89' lang='lat' dir='ltr'><strong>nos</strong></span> <span class='ocrx_word' id='word_1_475' title='bbox 1881 2535 2128 2592; x_wconf 82' lang='lat' dir='ltr'><strong>Romano</strong></span> <span class='ocrx_word' id='word_1_476' title='bbox 2191 2553 2286 2592; x_wconf 91' lang='lat' dir='ltr'><strong>eos</strong></span> <span class='ocrx_word' id='word_1_477' title='bbox 2338 2539 2617 2594; x_wconf 86' lang='lat' dir='ltr'><strong>sancimus</strong></span> <span class='ocrx_word' id='word_1_478' title='bbox 2678 2543 2986 2611; x_wconf 80' lang='lat' dir='ltr'><strong>specialiter</strong></span> <span class='ocrx_word' id='word_1_479' title='bbox 3033 2544 3310 2598; x_wconf 77' lang='lat' dir='ltr'><strong>adhzerere</strong></span> 
     </span>
    </p>
   </div>
   <div class='ocr_carea' id='block_1_85' title="bbox 1727 2629 3310 2705">
    <p class='ocr_par' dir='ltr' id='par_1_85' title="bbox 1727 2629 3310 2705">
     <span class='ocr_line' id='line_1_86' title="bbox 1727 2629 3310 2705; baseline 0.005 -23"><span class='ocrx_word' id='word_1_480' title='bbox 1727 2629 1989 2698; x_wconf 81' lang='lat' dir='ltr'><strong>pontiﬁci,</strong></span> <span class='ocrx_word' id='word_1_481' title='bbox 2019 2638 2072 2683; x_wconf 89' lang='lat' dir='ltr'><strong>et</strong></span> <span class='ocrx_word' id='word_1_482' title='bbox 2095 2631 2373 2699; x_wconf 79' lang='lat' dir='ltr'><strong>graviores</strong></span> <span class='ocrx_word' id='word_1_483' title='bbox 2399 2645 2588 2688; x_wconf 92' lang='lat' dir='ltr'><strong>eorum</strong></span> <span class='ocrx_word' id='word_1_484' title='bbox 2619 2647 2814 2688; x_wconf 87' lang='lat' dir='ltr'><strong>causas</strong></span> <span class='ocrx_word' id='word_1_485' title='bbox 2836 2649 2900 2689; x_wconf 78' lang='lat' dir='ltr'><strong>ex</strong></span> <span class='ocrx_word' id='word_1_486' title='bbox 2932 2634 3048 2703; x_wconf 90' lang='lat' dir='ltr'><strong>ejus</strong></span> <span class='ocrx_word' id='word_1_487' title='bbox 3074 2638 3310 2705; x_wconf 87' lang='lat' dir='ltr'><strong>pendere</strong></span> 
     </span>
    </p>
   </div>
   <div class='ocr_carea' id='block_1_86' title="bbox 1725 2715 1945 2788">
    <p class='ocr_par' dir='ltr' id='par_1_86' title="bbox 1725 2715 1945 2788">
     <span class='ocr_line' id='line_1_87' title="bbox 1725 2715 1945 2788; baseline 0.014 -21"><span class='ocrx_word' id='word_1_488' title='bbox 1725 2715 1945 2788; x_wconf 87' lang='lat' dir='ltr'><strong>judicio.</strong></span> 
     </span>
    </p>
   </div>
   <div class='ocr_carea' id='block_1_87' title="bbox 1800 2805 3304 2888">
    <p class='ocr_par' dir='ltr' id='par_1_87' title="bbox 1800 2805 3304 2888">
     <span class='ocr_line' id='line_1_88' title="bbox 1800 2805 3304 2888; baseline 0.008 -26"><span class='ocrx_word' id='word_1_489' title='bbox 1800 2805 1856 2862; x_wconf 89' lang='lat' dir='ltr'><strong>Si</strong></span> <span class='ocrx_word' id='word_1_490' title='bbox 1901 2809 2023 2877; x_wconf 88' lang='lat' dir='ltr'><strong>quis</strong></span> <span class='ocrx_word' id='word_1_491' title='bbox 2048 2825 2177 2865; x_wconf 89' lang='lat' dir='ltr'><strong>sane</strong></span> <span class='ocrx_word' id='word_1_492' title='bbox 2201 2811 2252 2866; x_wconf 92' lang='lat' dir='ltr'><strong>in</strong></span> <span class='ocrx_word' id='word_1_493' title='bbox 2277 2814 2576 2869; x_wconf 85' lang='lat' dir='ltr'><strong>crastinum</strong></span> <span class='ocrx_word' id='word_1_494' title='bbox 2619 2817 2935 2880; x_wconf 85' lang='lat' dir='ltr'><strong>cardinalis,</strong></span> <span class='ocrx_word' id='word_1_495' title='bbox 2961 2829 3054 2872; x_wconf 89' lang='lat' dir='ltr'><strong>ant</strong></span> <span class='ocrx_word' id='word_1_496' title='bbox 3077 2818 3304 2888; x_wconf 84' lang='lat' dir='ltr'><strong>legatus,</strong></span> 
     </span>
    </p>
   </div>
   <div class='ocr_carea' id='block_1_88' title="bbox 1731 2900 3307 2971">
    <p class='ocr_par' dir='ltr' id='par_1_88' title="bbox 1731 2900 3307 2971">
     <span class='ocr_line' id='line_1_89' title="bbox 1731 2900 3307 2971; baseline 0.008 -21"><span class='ocrx_word' id='word_1_497' title='bbox 1731 2907 1824 2951; x_wconf 86' lang='lat' dir='ltr'><strong>aut</strong></span> <span class='ocrx_word' id='word_1_498' title='bbox 1852 2900 2164 2969; x_wconf 74' lang='lat' dir='ltr'><strong>episcopus,</strong></span> <span class='ocrx_word' id='word_1_499' title='bbox 2211 2911 2302 2956; x_wconf 86' lang='lat' dir='ltr'><strong>aut</strong></span> <span class='ocrx_word' id='word_1_500' title='bbox 2329 2905 2559 2971; x_wconf 80' lang='lat' dir='ltr'><strong>quilibet</strong></span> <span class='ocrx_word' id='word_1_501' title='bbox 2584 2921 2613 2959; x_wconf 85' lang='lat' dir='ltr'><strong>a</strong></span> <span class='ocrx_word' id='word_1_502' title='bbox 2639 2917 2825 2961; x_wconf 88' lang='lat' dir='ltr'><strong>nostro</strong></span> <span class='ocrx_word' id='word_1_503' title='bbox 2869 2907 3036 2961; x_wconf 86' lang='lat' dir='ltr'><strong>latere</strong></span> <span class='ocrx_word' id='word_1_504' title='bbox 3085 2910 3307 2971; x_wconf 87' lang='lat' dir='ltr'><strong>missus,</strong></span> 
     </span>
    </p>
   </div>
   <div class='ocr_carea' id='block_1_89' title="bbox 1728 2988 3306 3067">
    <p class='ocr_par' dir='ltr' id='par_1_89' title="bbox 1728 2988 3306 3067">
     <span class='ocr_line' id='line_1_90' title="bbox 1728 2988 3306 3067; baseline 0.007 -23"><span class='ocrx_word' id='word_1_505' title='bbox 1728 2990 1870 3045; x_wconf 89' lang='lat' dir='ltr'><strong>hanc</strong></span> <span class='ocrx_word' id='word_1_506' title='bbox 1898 3002 2098 3048; x_wconf 76' lang='lat' dir='ltr'><strong>nostra:</strong></span> <span class='ocrx_word' id='word_1_507' title='bbox 2120 2988 2550 3050; x_wconf 83' lang='lat' dir='ltr'><strong>confirmationis</strong></span> <span class='ocrx_word' id='word_1_508' title='bbox 2580 2998 2831 3067; x_wconf 75' lang='lat' dir='ltr'><strong>paginam</strong></span> <span class='ocrx_word' id='word_1_509' title='bbox 2878 3001 3078 3065; x_wconf 86' lang='lat' dir='ltr'><strong>sciens,</strong></span> <span class='ocrx_word' id='word_1_510' title='bbox 3111 3011 3306 3056; x_wconf 83' lang='lat' dir='ltr'><strong>contra</strong></span> 
     </span>
    </p>
   </div>
   <div class='ocr_carea' id='block_1_90' title="bbox 1681 3085 3307 3161">
    <p class='ocr_par' dir='ltr' id='par_1_90' title="bbox 1681 3085 3307 3161">
     <span class='ocr_line' id='line_1_91' title="bbox 1681 3085 3307 3161; baseline 0.002 -21"><span class='ocrx_word' id='word_1_511' title='bbox 1681 3137 1685 3140; x_wconf 86' lang='lat'><strong>.</strong></span> <span class='ocrx_word' id='word_1_512' title='bbox 1727 3096 1848 3136; x_wconf 88' lang='lat' dir='ltr'><strong>eam</strong></span> <span class='ocrx_word' id='word_1_513' title='bbox 1883 3091 2087 3138; x_wconf 89' lang='lat' dir='ltr'><strong>temere</strong></span> <span class='ocrx_word' id='word_1_514' title='bbox 2139 3085 2325 3140; x_wconf 83' lang='lat' dir='ltr'><strong>venire</strong></span> <span class='ocrx_word' id='word_1_515' title='bbox 2355 3088 2666 3151; x_wconf 87' lang='lat' dir='ltr'><strong>tentaverit,</strong></span> <span class='ocrx_word' id='word_1_516' title='bbox 2698 3098 2749 3143; x_wconf 90' lang='lat' dir='ltr'><strong>et</strong></span> <span class='ocrx_word' id='word_1_517' title='bbox 2785 3100 3025 3144; x_wconf 90' lang='lat' dir='ltr'><strong>nostram</strong></span> <span class='ocrx_word' id='word_1_518' title='bbox 3075 3091 3307 3161; x_wconf 85' lang='lat' dir='ltr'><strong>pet-Irin-</strong></span> 
     </span>
    </p>
   </div>
   <div class='ocr_carea' id='block_1_91' title="bbox 1656 3159 3307 3252">
    <p class='ocr_par' dir='ltr' id='par_1_91' title="bbox 1656 3159 3307 3252">
     <span class='ocr_line' id='line_1_92' title="bbox 1656 3159 3307 3252; baseline 0.009 -30"><span class='ocrx_word' id='word_1_519' title='bbox 1656 3159 1700 3222; x_wconf 87' lang='lat' dir='ltr'><strong>C</strong></span> <span class='ocrx_word' id='word_1_520' title='bbox 1732 3188 1865 3244; x_wconf 85' lang='lat' dir='ltr'><strong>gens</strong></span> <span class='ocrx_word' id='word_1_521' title='bbox 1919 3175 2303 3230; x_wconf 82' lang='lat' dir='ltr'><strong>auctoritatem</strong></span> <span class='ocrx_word' id='word_1_522' title='bbox 2335 3217 2350 3242; x_wconf 96' lang='lat'><strong>,</strong></span> <span class='ocrx_word' id='word_1_523' title='bbox 2409 3181 2809 3247; x_wconf 85' lang='lat' dir='ltr'><strong>processionem</strong></span> <span class='ocrx_word' id='word_1_524' title='bbox 2857 3181 2924 3235; x_wconf 89' lang='lat' dir='ltr'><strong>ab</strong></span> <span class='ocrx_word' id='word_1_525' title='bbox 2976 3183 3088 3252; x_wconf 89' lang='lat' dir='ltr'><strong>ipsa</strong></span> <span class='ocrx_word' id='word_1_526' title='bbox 3136 3184 3307 3238; x_wconf 88' lang='lat' dir='ltr'><strong>sancti</strong></span> 
     </span>
    </p>
   </div>
   <div class='ocr_carea' id='block_1_92' title="bbox 1731 3261 3303 3338">
    <p class='ocr_par' dir='ltr' id='par_1_92' title="bbox 1731 3261 3303 3338">
     <span class='ocr_line' id='line_1_93' title="bbox 1731 3261 3303 3338; baseline 0.007 -21"><span class='ocrx_word' id='word_1_527' title='bbox 1731 3261 2066 3319; x_wconf 85' lang='lat' dir='ltr'><strong>confessoris</strong></span> <span class='ocrx_word' id='word_1_528' title='bbox 2090 3266 2321 3320; x_wconf 86' lang='lat' dir='ltr'><strong>ecclesia</strong></span> <span class='ocrx_word' id='word_1_529' title='bbox 2352 3270 2662 3338; x_wconf 82' lang='lat' dir='ltr'><strong>expetierit,</strong></span> <span class='ocrx_word' id='word_1_530' title='bbox 2712 3272 2756 3325; x_wconf 90' lang='lat' dir='ltr'><strong>si</strong></span> <span class='ocrx_word' id='word_1_531' title='bbox 2806 3275 3168 3328; x_wconf 87' lang='lat' dir='ltr'><strong>commonitus</strong></span> <span class='ocrx_word' id='word_1_532' title='bbox 3199 3290 3303 3328; x_wconf 92' lang='lat' dir='ltr'><strong>non</strong></span> 
     </span>
    </p>
   </div>
   <div class='ocr_carea' id='block_1_93' title="bbox 1729 3351 3303 3433">
    <p class='ocr_par' dir='ltr' id='par_1_93' title="bbox 1729 3351 3303 3433">
     <span class='ocr_line' id='line_1_94' title="bbox 1729 3351 3303 3433; baseline 0.006 -26"><span class='ocrx_word' id='word_1_533' title='bbox 1729 3351 2018 3419; x_wconf 88' lang='lat' dir='ltr'><strong>destiterit,</strong></span> <span class='ocrx_word' id='word_1_534' title='bbox 2077 3358 2359 3426; x_wconf 88' lang='lat' dir='ltr'><strong>potestatis</strong></span> <span class='ocrx_word' id='word_1_535' title='bbox 2415 3359 2745 3429; x_wconf 88' lang='lat' dir='ltr'><strong>honorisque</strong></span> <span class='ocrx_word' id='word_1_536' title='bbox 2803 3362 3063 3433; x_wconf 89' lang='lat' dir='ltr'><strong>dignitate</strong></span> <span class='ocrx_word' id='word_1_537' title='bbox 3102 3376 3303 3428; x_wconf 88' lang='lat' dir='ltr'><strong>careat,</strong></span> 
     </span>
    </p>
   </div>
   <div class='ocr_carea' id='block_1_94' title="bbox 1728 3447 3302 3526">
    <p class='ocr_par' dir='ltr' id='par_1_94' title="bbox 1728 3447 3302 3526">
     <span class='ocr_line' id='line_1_95' title="bbox 1728 3447 3302 3526; baseline 0.009 -30"><span class='ocrx_word' id='word_1_538' title='bbox 1728 3457 1990 3514; x_wconf 87' lang='lat' dir='ltr'><strong>reumque</strong></span> <span class='ocrx_word' id='word_1_539' title='bbox 2037 3461 2096 3500; x_wconf 90' lang='lat' dir='ltr'><strong>se</strong></span> <span class='ocrx_word' id='word_1_540' title='bbox 2127 3448 2312 3502; x_wconf 89' lang='lat' dir='ltr'><strong>divino</strong></span> <span class='ocrx_word' id='word_1_541' title='bbox 2344 3447 2550 3514; x_wconf 87' lang='lat' dir='ltr'><strong>judicio</strong></span> <span class='ocrx_word' id='word_1_542' title='bbox 2587 3452 2819 3507; x_wconf 82' lang='lat' dir='ltr'><strong>existere</strong></span> <span class='ocrx_word' id='word_1_543' title='bbox 2873 3453 2939 3508; x_wconf 87' lang='lat' dir='ltr'><strong>de</strong></span> <span class='ocrx_word' id='word_1_544' title='bbox 2993 3465 3302 3526; x_wconf 82' lang='lat' dir='ltr'><strong>perpetrata</strong></span> 
     </span>
    </p>
   </div>
   <div class='ocr_carea' id='block_1_95' title="bbox 1724 3535 3304 3608">
    <p class='ocr_par' dir='ltr' id='par_1_95' title="bbox 1724 3535 3304 3608">
     <span class='ocr_line' id='line_1_96' title="bbox 1724 3535 3304 3608; baseline 0.01 -25"><span class='ocrx_word' id='word_1_545' title='bbox 1724 3535 2146 3602; x_wconf 82' lang='lat' dir='ltr'><strong>praesumptione</strong></span> <span class='ocrx_word' id='word_1_546' title='bbox 2181 3548 2475 3608; x_wconf 79' lang='lat' dir='ltr'><strong>cognoscat</strong></span> <span class='ocrx_word' id='word_1_547' title='bbox 2510 3556 2525 3602; x_wconf 89' lang='lat'><strong>;</strong></span> <span class='ocrx_word' id='word_1_548' title='bbox 2575 3545 2786 3595; x_wconf 90' lang='lat' dir='ltr'><strong>cunctis</strong></span> <span class='ocrx_word' id='word_1_549' title='bbox 2835 3554 3012 3598; x_wconf 90' lang='lat' dir='ltr'><strong>autern</strong></span> <span class='ocrx_word' id='word_1_550' title='bbox 3045 3545 3142 3598; x_wconf 87' lang='lat' dir='ltr'><strong>ista</strong></span> <span class='ocrx_word' id='word_1_551' title='bbox 3193 3563 3304 3599; x_wconf 87' lang='lat' dir='ltr'><strong>scr-</strong></span> 
     </span>
    </p>
   </div>
   <div class='ocr_carea' id='block_1_96' title="bbox 1726 3623 3297 3702">
    <p class='ocr_par' dir='ltr' id='par_1_96' title="bbox 1726 3623 3297 3702">
     <span class='ocr_line' id='line_1_97' title="bbox 1726 3623 3297 3702; baseline 0.01 -29"><span class='ocrx_word' id='word_1_552' title='bbox 1726 3623 1979 3677; x_wconf 90' lang='lat' dir='ltr'><strong>vantibus</strong></span> <span class='ocrx_word' id='word_1_553' title='bbox 2006 3626 2074 3678; x_wconf 73' lang='lat' dir='ltr'><strong>sit</strong></span> <span class='ocrx_word' id='word_1_554' title='bbox 2101 3642 2202 3695; x_wconf 80' lang='lat' dir='ltr'><strong>pax</strong></span> <span class='ocrx_word' id='word_1_555' title='bbox 2230 3628 2439 3685; x_wconf 90' lang='lat' dir='ltr'><strong>Domini</strong></span> <span class='ocrx_word' id='word_1_556' title='bbox 2475 3634 2645 3687; x_wconf 90' lang='lat' dir='ltr'><strong>nostri</strong></span> <span class='ocrx_word' id='word_1_557' title='bbox 2687 3632 2814 3687; x_wconf 85' lang='lat' dir='ltr'><strong>Jesu</strong></span> <span class='ocrx_word' id='word_1_558' title='bbox 2845 3634 3065 3690; x_wconf 84' lang='lat' dir='ltr'><strong>Christi.</strong></span> <span class='ocrx_word' id='word_1_559' title='bbox 3102 3636 3297 3702; x_wconf 81' lang='lat' dir='ltr'><strong>Arnen,</strong></span> 
     </span>
    </p>
   </div>
   <div class='ocr_carea' id='block_1_97' title="bbox 1724 3725 2437 3778">
    <p class='ocr_par' dir='ltr' id='par_1_97' title="bbox 1724 3725 2437 3778">
     <span class='ocr_line' id='line_1_98' title="bbox 1724 3725 2437 3778; baseline 0.013 -13"><span class='ocrx_word' id='word_1_560' title='bbox 1724 3726 1903 3778; x_wconf 85' lang='lat' dir='ltr'><strong>amen,</strong></span> <span class='ocrx_word' id='word_1_561' title='bbox 1936 3730 2115 3770; x_wconf 83' lang='lat' dir='ltr'><strong>auten.</strong></span> <span class='ocrx_word' id='word_1_562' title='bbox 2426 3725 2437 3734; x_wconf 83' lang='lat'>&#39;</span> 
     </span>
    </p>
   </div>
   <div class='ocr_carea' id='block_1_98' title="bbox 1795 3805 3305 3889">
    <p class='ocr_par' dir='ltr' id='par_1_98' title="bbox 1795 3805 3305 3889">
     <span class='ocr_line' id='line_1_99' title="bbox 1795 3805 3305 3889; baseline 0.011 -32"><span class='ocrx_word' id='word_1_563' title='bbox 1795 3805 1988 3858; x_wconf 89' lang='lat' dir='ltr'><strong>Datum</strong></span> <span class='ocrx_word' id='word_1_564' title='bbox 2049 3807 2281 3865; x_wconf 87' lang='lat' dir='ltr'><strong>Turonis</strong></span> <span class='ocrx_word' id='word_1_565' title='bbox 2331 3812 2384 3866; x_wconf 94' lang='lat' dir='ltr'><strong>in</strong></span> <span class='ocrx_word' id='word_1_566' title='bbox 2434 3813 2657 3869; x_wconf 85' lang='lat' dir='ltr'><strong>castello</strong></span> <span class='ocrx_word' id='word_1_567' title='bbox 2713 3814 2898 3870; x_wconf 88' lang='lat' dir='ltr'><strong>Sancti</strong></span> <span class='ocrx_word' id='word_1_568' title='bbox 2955 3817 3166 3872; x_wconf 84' lang='lat' dir='ltr'><strong>Martini</strong></span> <span class='ocrx_word' id='word_1_569' title='bbox 3209 3837 3305 3889; x_wconf 86' lang='lat' dir='ltr'><strong>per</strong></span> 
     </span>
    </p>
   </div>
   <div class='ocr_carea' id='block_1_99' title="bbox 1722 3895 3298 3965">
    <p class='ocr_par' dir='ltr' id='par_1_99' title="bbox 1722 3895 3298 3965">
     <span class='ocr_line' id='line_1_100' title="bbox 1722 3895 3298 3965; baseline 0.01 -17"><span class='ocrx_word' id='word_1_570' title='bbox 1722 3911 1941 3950; x_wconf 76' lang='lat' dir='ltr'><strong>manum</strong></span> <span class='ocrx_word' id='word_1_571' title='bbox 1969 3895 2215 3965; x_wconf 81' lang='lat' dir='ltr'><strong>Joannis,</strong></span> <span class='ocrx_word' id='word_1_572' title='bbox 2244 3913 2447 3958; x_wconf 73' lang='lat' dir='ltr'><strong>sancta:</strong></span> <span class='ocrx_word' id='word_1_573' title='bbox 2496 3904 2754 3961; x_wconf 66' lang='lat' dir='ltr'><strong>Romanae</strong></span> <span class='ocrx_word' id='word_1_574' title='bbox 2801 3909 3054 3963; x_wconf 69' lang='lat' dir='ltr'><strong>Ecclesiae</strong></span> <span class='ocrx_word' id='word_1_575' title='bbox 3090 3912 3298 3965; x_wconf 88' lang='lat' dir='ltr'><strong>diaconi</strong></span> 
     </span>
    </p>
   </div>
   <div class='ocr_carea' id='block_1_100' title="bbox 1721 3987 3302 4069">
    <p class='ocr_par' dir='ltr' id='par_1_100' title="bbox 1721 3987 3302 4069">
     <span class='ocr_line' id='line_1_101' title="bbox 1721 3987 3302 4069; baseline 0.008 -29"><span class='ocrx_word' id='word_1_576' title='bbox 1721 3987 2032 4056; x_wconf 88' lang='lat' dir='ltr'><strong>cardinalis,</strong></span> <span class='ocrx_word' id='word_1_577' title='bbox 2068 4007 2106 4045; x_wconf 89' lang='grc' dir='ltr'><strong>ιι</strong></span> <span class='ocrx_word' id='word_1_578' title='bbox 2157 3991 2281 4048; x_wconf 90' lang='lat' dir='ltr'><strong>Idus</strong></span> <span class='ocrx_word' id='word_1_579' title='bbox 2328 3994 2528 4059; x_wconf 86' lang='lat' dir='ltr'><strong>Martii,</strong></span> <span class='ocrx_word' id='word_1_580' title='bbox 2569 3997 2862 4052; x_wconf 77' lang='lat' dir='ltr'><strong>indictione</strong></span> <span class='ocrx_word' id='word_1_581' title='bbox 2891 4010 3105 4069; x_wconf 89' lang='lat' dir='ltr'><strong>quarta,</strong></span> <span class='ocrx_word' id='word_1_582' title='bbox 3162 4019 3302 4054; x_wconf 73' lang='lat' dir='ltr'><strong>:ttttzo</strong></span> 
     </span>
    </p>
   </div>
   <div class='ocr_carea' id='block_1_101' title="bbox 1722 4077 3306 4163">
    <p class='ocr_par' dir='ltr' id='par_1_101' title="bbox 1722 4077 3306 4163">
     <span class='ocr_line' id='line_1_102' title="bbox 1722 4077 3306 4163; baseline 0.011 -33"><span class='ocrx_word' id='word_1_583' title='bbox 1722 4077 2014 4135; x_wconf 72' lang='lat' dir='ltr'><strong>Dominica:</strong></span> <span class='ocrx_word' id='word_1_584' title='bbox 2077 4081 2472 4142; x_wconf 89' lang='lat' dir='ltr'><strong>Incarnationis</strong></span> <span class='ocrx_word' id='word_1_585' title='bbox 2515 4089 2648 4142; x_wconf 84' lang='lat' dir='ltr'><strong>I097</strong></span> <span class='ocrx_word' id='word_1_586' title='bbox 2694 4088 2877 4163; x_wconf 76' lang='grc'><strong>[1096]</strong></span> <span class='ocrx_word' id='word_1_587' title='bbox 2907 4134 2920 4157; x_wconf 92' lang='grc'><strong><em>,</em></strong></span> <span class='ocrx_word' id='word_1_588' title='bbox 2961 4095 3306 4163; x_wconf 76' lang='lat' dir='ltr'><strong>pontificatus</strong></span> 
     </span>
    </p>
   </div>
   <div class='ocr_carea' id='block_1_102' title="bbox 1721 4172 2891 4250">
    <p class='ocr_par' dir='ltr' id='par_1_102' title="bbox 1721 4172 2891 4250">
     <span class='ocr_line' id='line_1_103' title="bbox 1721 4172 2891 4250; baseline 0.015 -30"><span class='ocrx_word' id='word_1_589' title='bbox 1721 4176 1902 4223; x_wconf 90' lang='lat' dir='ltr'><strong>autem</strong></span> <span class='ocrx_word' id='word_1_590' title='bbox 1956 4172 2159 4228; x_wconf 91' lang='lat' dir='ltr'><strong>domini</strong></span> <span class='ocrx_word' id='word_1_591' title='bbox 2214 4175 2416 4232; x_wconf 91' lang='lat' dir='ltr'><strong>Urbani</strong></span> <span class='ocrx_word' id='word_1_592' title='bbox 2461 4180 2501 4233; x_wconf 94' lang='lat' dir='ltr'><strong>II</strong></span> <span class='ocrx_word' id='word_1_593' title='bbox 2548 4197 2699 4250; x_wconf 76' lang='lat' dir='ltr'><strong>pap:e</strong></span> <span class='ocrx_word' id='word_1_594' title='bbox 2730 4199 2891 4238; x_wconf 90' lang='lat' dir='ltr'><strong>nono.</strong></span> 
     </span>
    </p>
   </div>
   <div class='ocr_carea' id='block_1_103' title="bbox 2341 4317 2664 4376">
    <p class='ocr_par' dir='ltr' id='par_1_103' title="bbox 2341 4317 2664 4376">
     <span class='ocr_line' id='line_1_104' title="bbox 2341 4317 2664 4376; baseline 0.012 -4"><span class='ocrx_word' id='word_1_595' title='bbox 2341 4317 2664 4376; x_wconf 79' lang='lat' dir='ltr'><strong>CLXXVIII.</strong></span> 
     </span>
    </p>
   </div>
   <div class='ocr_carea' id='block_1_104' title="bbox 1727 4439 3316 4518">
    <p class='ocr_par' dir='ltr' id='par_1_104' title="bbox 1727 4439 3316 4518">
     <span class='ocr_line' id='line_1_105' title="bbox 1727 4439 3316 4518; baseline 0.013 -23"><span class='ocrx_word' id='word_1_596' title='bbox 1727 4439 1929 4518; x_wconf 63' lang='lat' dir='ltr'><strong>Urbani</strong></span> <span class='ocrx_word' id='word_1_597' title='bbox 1957 4444 2260 4518; x_wconf 79' lang='lat' dir='ltr'><strong>Il_epislola</strong></span> <span class='ocrx_word' id='word_1_598' title='bbox 2285 4452 2355 4504; x_wconf 87' lang='lat' dir='ltr'><strong>ad</strong></span> <span class='ocrx_word' id='word_1_599' title='bbox 2385 4455 2666 4509; x_wconf 77' lang='lat' dir='ltr'><strong>mcnacltos</strong></span> <span class='ocrx_word' id='word_1_600' title='bbox 2707 4456 2767 4512; x_wconf 89' lang='lat' dir='ltr'><strong>S.</strong></span> <span class='ocrx_word' id='word_1_601' title='bbox 2804 4456 2946 4514; x_wconf 80' lang='lat' dir='ltr'><strong>Petri</strong></span> <span class='ocrx_word' id='word_1_602' title='bbox 2978 4459 3316 4515; x_wconf 81' lang='lat' dir='ltr'><strong>Bainsoncn-’</strong></span> 
     </span>
    </p>
   </div>
   <div class='ocr_carea' id='block_1_105' title="bbox 1793 4515 3298 4598">
    <p class='ocr_par' dir='ltr' id='par_1_105' title="bbox 1793 4515 3298 4598">
     <span class='ocr_line' id='line_1_106' title="bbox 1793 4515 3298 4598; baseline 0.011 -31"><span class='ocrx_word' id='word_1_603' title='bbox 1793 4516 1886 4598; x_wconf 61' lang='lat' dir='ltr'><strong>sis.</strong></span> <span class='ocrx_word' id='word_1_604' title='bbox 1914 4546 1982 4596; x_wconf 40' lang='lat'><strong>—.-</strong></span> <span class='ocrx_word' id='word_1_605' title='bbox 2006 4515 2420 4598; x_wconf 64' lang='lat' dir='ltr'><strong>Bnirtsonensent</strong></span> <span class='ocrx_word' id='word_1_606' title='bbox 2462 4524 2736 4598; x_wconf 68' lang='lat' dir='ltr'><strong>ecclesiam</strong></span> <span class='ocrx_word' id='word_1_607' title='bbox 2782 4546 2812 4581; x_wconf 76' lang='grc' dir='ltr'><em>τι</em></span> <span class='ocrx_word' id='word_1_608' title='bbox 2849 4534 3154 4598; x_wconf 81' lang='lat' dir='ltr'><strong>parentibus</strong></span> <span class='ocrx_word' id='word_1_609' title='bbox 3193 4535 3298 4585; x_wconf 82' lang='lat' dir='ltr'><strong>suis</strong></span> 
     </span>
    </p>
   </div>
   <div class='ocr_carea' id='block_1_106' title="bbox 1793 4583 3299 4662">
    <p class='ocr_par' dir='ltr' id='par_1_106' title="bbox 1793 4583 3299 4662">
     <span class='ocr_line' id='line_1_107' title="bbox 1793 4583 3299 4662; baseline 0.009 -24"><span class='ocrx_word' id='word_1_610' title='bbox 1793 4583 2126 4662; x_wconf 66' lang='lat' dir='ltr'><strong>Cluniacensi</strong></span> <span class='ocrx_word' id='word_1_611' title='bbox 2173 4591 2403 4644; x_wconf 73' lang='lat' dir='ltr'><strong>coenobio</strong></span> <span class='ocrx_word' id='word_1_612' title='bbox 2449 4595 2730 4662; x_wconf 80' lang='lat' dir='ltr'><strong>donatam,</strong></span> <span class='ocrx_word' id='word_1_613' title='bbox 2790 4583 3100 4654; x_wconf 62' lang='lat' dir='ltr'><strong>an&#39;cmrt&#39;lnte</strong></span> <span class='ocrx_word' id='word_1_614' title='bbox 3162 4605 3299 4653; x_wconf 65' lang='lat' dir='ltr'><strong>mlas</strong></span> 
     </span>
    </p>
   </div>
   <div class='ocr_carea' id='block_1_107' title="bbox 1791 4657 3302 4777">
    <p class='ocr_par' dir='ltr' id='par_1_107' title="bbox 1791 4657 3302 4777">
     <span class='ocr_line' id='line_1_108' title="bbox 1791 4657 3302 4777; baseline 0.012 -70"><span class='ocrx_word' id='word_1_615' title='bbox 1791 4657 2098 4777; x_wconf 57' lang='lat' dir='ltr'><strong>spostolicw</strong></span> <span class='ocrx_word' id='word_1_616' title='bbox 2131 4662 2321 4725; x_wconf 78' lang='lat' dir='ltr'><strong>munit,</strong></span> <span class='ocrx_word' id='word_1_617' title='bbox 2359 4671 2406 4714; x_wconf 84' lang='lat' dir='ltr'><strong>et</strong></span> <span class='ocrx_word' id='word_1_618' title='bbox 2454 4657 2844 4722; x_wconf 74' lang='lat' dir='ltr'><strong>Suessionénsis</strong></span> <span class='ocrx_word' id='word_1_619' title='bbox 2889 4668 3137 4726; x_wconf 71' lang='lat' dir='ltr'><strong>Ecclesia:</strong></span> <span class='ocrx_word' id='word_1_620' title='bbox 3170 4672 3302 4740; x_wconf 76' lang='lat' dir='ltr'><strong>jttro</strong></span> 
     </span>
     <span class='ocr_line' id='line_1_109' title="bbox 1830 4736 2128 4777; baseline 0 0"><span class='ocrx_word' id='word_1_621' title='bbox 1830 4736 2128 4777; x_wconf 82' lang='lat' dir='ltr'><strong>elcrmmal.</strong></span> 
     </span>
    </p>
   </div>
   <div class='ocr_carea' id='block_1_108' title="bbox 1830 4736 2128 4783">
    <p class='ocr_par' dir='ltr' id='par_1_108' title="bbox 1830 4736 2128 4783">
     <span class='ocr_line' id='line_1_110' title="bbox 1830 4736 2128 4783; baseline 0.01 -4"><span class='ocrx_word' id='word_1_622' title='bbox 1830 4736 2128 4783; x_wconf 81' lang='lat' dir='ltr'><strong>elcrminal.</strong></span> 
     </span>
    </p>
   </div>
   <div class='ocr_carea' id='block_1_109' title="bbox 2297 4845 2693 4921">
    <p class='ocr_par' dir='ltr' id='par_1_109' title="bbox 2297 4845 2693 4921">
     <span class='ocr_line' id='line_1_111' title="bbox 2297 4845 2693 4921; baseline 0.025 -23"><span class='ocrx_word' id='word_1_623' title='bbox 2297 4845 2476 4915; x_wconf 74' lang='lat' dir='ltr'><strong>(Anno</strong></span> <span class='ocrx_word' id='word_1_624' title='bbox 2509 4850 2693 4921; x_wconf 82' lang='lat' dir='ltr'><strong>I096.)</strong></span> 
     </span>
    </p>
   </div>
   <div class='ocr_carea' id='block_1_110' title="bbox 1883 4949 3224 5045">
    <p class='ocr_par' dir='ltr' id='par_1_110' title="bbox 1883 4949 3224 5045">
     <span class='ocr_line' id='line_1_112' title="bbox 1883 4949 3224 5045; baseline 0.016 -41"><span class='ocrx_word' id='word_1_625' title='bbox 1883 4949 2038 5021; x_wconf 90' lang='lat' dir='ltr'><strong>[Dom</strong></span> <span class='ocrx_word' id='word_1_626' title='bbox 2069 4953 2349 5025; x_wconf 68' lang='lat' dir='ltr'><strong>Bouocnr,</strong></span> <span class='ocrx_word' id='word_1_627' title='bbox 2381 4961 2615 5032; x_wconf 83' lang='lat' dir='ltr'><strong>Recneil,</strong></span> <span class='ocrx_word' id='word_1_628' title='bbox 2646 4973 2682 5020; x_wconf 91' lang='lat' dir='ltr'><strong>t.</strong></span> <span class='ocrx_word' id='word_1_629' title='bbox 2717 4967 2855 5028; x_wconf 77' lang='lat' dir='ltr'><strong>XIV,</strong></span> <span class='ocrx_word' id='word_1_630' title='bbox 2892 4985 2944 5039; x_wconf 90' lang='lat' dir='ltr'><strong>p.</strong></span> <span class='ocrx_word' id='word_1_631' title='bbox 2975 4971 3132 5045; x_wconf 75' lang='lat'><strong>720.]</strong></span> <span class='ocrx_word' id='word_1_632' title='bbox 3218 4954 3224 4966; x_wconf 58' lang='grc'><strong>’</strong></span> 
     </span>
    </p>
   </div>
   <div class='ocr_carea' id='block_1_111' title="bbox 1791 5038 3263 5127">
    <p class='ocr_par' dir='ltr' id='par_1_111' title="bbox 1791 5038 3263 5127">
     <span class='ocr_line' id='line_1_113' title="bbox 1791 5038 3263 5127; baseline 0.018 -33"><span class='ocrx_word' id='word_1_633' title='bbox 1791 5038 2042 5097; x_wconf 74' lang='lat' dir='ltr'><strong>URBANUS</strong></span> <span class='ocrx_word' id='word_1_634' title='bbox 2081 5047 2391 5118; x_wconf 87' lang='lat' dir='ltr'><strong>episcopus,</strong></span> <span class='ocrx_word' id='word_1_635' title='bbox 2424 5068 2614 5110; x_wconf 89' lang='lat' dir='ltr'><strong>servus</strong></span> <span class='ocrx_word' id='word_1_636' title='bbox 2644 5072 2925 5113; x_wconf 85' lang='lat' dir='ltr'><strong>servorum</strong></span> <span class='ocrx_word' id='word_1_637' title='bbox 2958 5061 3074 5127; x_wconf 89' lang='lat' dir='ltr'><strong>Dei,</strong></span> <span class='ocrx_word' id='word_1_638' title='bbox 3107 5080 3263 5120; x_wconf 90' lang='lat' dir='ltr'><strong>mona</strong></span> 
     </span>
    </p>
   </div>
   <div class='ocr_carea' id='block_1_112' title="bbox 1719 5131 3297 5223">
    <p class='ocr_par' dir='ltr' id='par_1_112' title="bbox 1719 5131 3297 5223">
     <span class='ocr_line' id='line_1_114' title="bbox 1719 5131 3297 5223; baseline 0.017 -38"><span class='ocrx_word' id='word_1_639' title='bbox 1719 5131 1834 5188; x_wconf 89' lang='lat' dir='ltr'><strong>chis</strong></span> <span class='ocrx_word' id='word_1_640' title='bbox 1847 5133 1903 5188; x_wconf 92' lang='lat' dir='ltr'><strong>S.</strong></span> <span class='ocrx_word' id='word_1_641' title='bbox 1929 5134 2071 5192; x_wconf 87' lang='lat' dir='ltr'><strong>Petri</strong></span> <span class='ocrx_word' id='word_1_642' title='bbox 2097 5142 2236 5209; x_wconf 89' lang='lat' dir='ltr'><strong>apud</strong></span> <span class='ocrx_word' id='word_1_643' title='bbox 2261 5143 2611 5212; x_wconf 80' lang='lat' dir='ltr'><strong>Bainsonum,</strong></span> <span class='ocrx_word' id='word_1_644' title='bbox 2635 5148 2861 5204; x_wconf 89' lang='lat' dir='ltr'><strong>salutent</strong></span> <span class='ocrx_word' id='word_1_645' title='bbox 2878 5156 3297 5223; x_wconf 88' lang='lat' dir='ltr'><strong>etapostolicatn</strong></span> 
     </span>
    </p>
   </div>
   <div class='ocr_carea' id='block_1_113' title="bbox 1716 5220 2173 5285">
    <p class='ocr_par' dir='ltr' id='par_1_113' title="bbox 1716 5220 2173 5285">
     <span class='ocr_line' id='line_1_115' title="bbox 1716 5220 2173 5285; baseline 0.018 -9"><span class='ocrx_word' id='word_1_646' title='bbox 1716 5220 2173 5285; x_wconf 87' lang='lat' dir='ltr'><strong>benedictionem.</strong></span> 
     </span>
    </p>
   </div>
   <div class='ocr_carea' id='block_1_114' title="bbox 1691 5320 3296 5416">
    <p class='ocr_par' dir='ltr' id='par_1_114' title="bbox 1691 5320 3296 5416">
     <span class='ocr_line' id='line_1_116' title="bbox 1691 5320 3296 5416; baseline 0.017 -44"><span class='ocrx_word' id='word_1_647' title='bbox 1691 5331 1726 5348; x_wconf 61' lang='grc' dir='ltr'><strong>’τ</strong></span> <span class='ocrx_word' id='word_1_648' title='bbox 1792 5320 1857 5375; x_wconf 83' lang='grc' dir='ltr'><strong>Ει</strong></span> <span class='ocrx_word' id='word_1_649' title='bbox 1908 5324 2227 5397; x_wconf 76' lang='lat' dir='ltr'><strong>religionem</strong></span> <span class='ocrx_word' id='word_1_650' title='bbox 2287 5345 2528 5401; x_wconf 80' lang='lat' dir='ltr'><strong>angere,</strong></span> <span class='ocrx_word' id='word_1_651' title='bbox 2587 5345 2642 5390; x_wconf 91' lang='lat' dir='ltr'><strong>et</strong></span> <span class='ocrx_word' id='word_1_652' title='bbox 2699 5338 3074 5409; x_wconf 81' lang='lat' dir='ltr'><strong>religiosorum</strong></span> <span class='ocrx_word' id='word_1_653' title='bbox 3127 5346 3296 5416; x_wconf 85' lang='lat' dir='ltr'><strong>quieti</strong></span> 
     </span>
    </p>
   </div>
   <div class='ocr_carea' id='block_1_115' title="bbox 1716 5412 3294 5499">
    <p class='ocr_par' dir='ltr' id='par_1_115' title="bbox 1716 5412 3294 5499">
     <span class='ocr_line' id='line_1_117' title="bbox 1716 5412 3294 5499; baseline 0.018 -38"><span class='ocrx_word' id='word_1_654' title='bbox 1716 5412 2031 5480; x_wconf 82' lang='lat' dir='ltr'><strong>prospicere</strong></span> <span class='ocrx_word' id='word_1_655' title='bbox 2087 5415 2247 5472; x_wconf 77' lang='lat' dir='ltr'><strong>ollicii</strong></span> <span class='ocrx_word' id='word_1_656' title='bbox 2306 5423 2478 5476; x_wconf 89' lang='lat' dir='ltr'><strong>nostri</strong></span> <span class='ocrx_word' id='word_1_657' title='bbox 2537 5441 2636 5481; x_wconf 88' lang='lat' dir='ltr'><strong>nos</strong></span> <span class='ocrx_word' id='word_1_658' title='bbox 2695 5428 2922 5499; x_wconf 90' lang='lat' dir='ltr'><strong>impellit</strong></span> <span class='ocrx_word' id='word_1_659' title='bbox 2973 5437 3294 5490; x_wconf 88' lang='lat' dir='ltr'><strong>auctoritas.</strong></span> 
     </span>
    </p>
   </div>
   <div class='ocr_carea' id='block_1_116' title="bbox 1715 5496 3293 5592">
    <p class='ocr_par' dir='ltr' id='par_1_116' title="bbox 1715 5496 3293 5592">
     <span class='ocr_line' id='line_1_118' title="bbox 1715 5496 3293 5592; baseline 0.021 -42"><span class='ocrx_word' id='word_1_660' title='bbox 1715 5496 2016 5571; x_wconf 80' lang='lat' dir='ltr'><strong>Religionis</strong></span> <span class='ocrx_word' id='word_1_661' title='bbox 2059 5506 2226 5576; x_wconf 82' lang='lat' dir='ltr'><strong>igitur</strong></span> <span class='ocrx_word' id='word_1_662' title='bbox 2269 5517 2656 5572; x_wconf 73' lang='lat' dir='ltr'><strong>conservanda:</strong></span> <span class='ocrx_word' id='word_1_663' title='bbox 2717 5524 2890 5592; x_wconf 85' lang='lat' dir='ltr'><strong>gratia</strong></span> <span class='ocrx_word' id='word_1_664' title='bbox 2931 5525 3293 5582; x_wconf 80' lang='lat' dir='ltr'><strong>nos&#39;Bainso-</strong></span> 
     </span>
    </p>
   </div>
   <div class='ocr_carea' id='block_1_117' title="bbox 1713 5596 3290 5684">
    <p class='ocr_par' dir='ltr' id='par_1_117' title="bbox 1713 5596 3290 5684">
     <span class='ocr_line' id='line_1_119' title="bbox 1713 5596 3290 5684; baseline 0.019 -42"><span class='ocrx_word' id='word_1_665' title='bbox 1713 5602 1938 5647; x_wconf 88' lang='lat' dir='ltr'><strong>nensem</strong></span> <span class='ocrx_word' id='word_1_666' title='bbox 1989 5596 2191 5664; x_wconf 83' lang='lat' dir='ltr'><strong>locum,</strong></span> <span class='ocrx_word' id='word_1_667' title='bbox 2236 5601 2288 5656; x_wconf 82' lang='lat' dir='ltr'><strong>in</strong></span> <span class='ocrx_word' id='word_1_668' title='bbox 2323 5617 2430 5673; x_wconf 88' lang='lat' dir='ltr'><strong>quo</strong></span> <span class='ocrx_word' id='word_1_669' title='bbox 2458 5621 2555 5678; x_wconf 88' lang='lat' dir='ltr'><strong>per</strong></span> <span class='ocrx_word' id='word_1_670' title='bbox 2603 5607 2694 5665; x_wconf 89' lang='lat' dir='ltr'><strong>Dei</strong></span> <span class='ocrx_word' id='word_1_671' title='bbox 2740 5616 2970 5684; x_wconf 78' lang='lat' dir='ltr'><strong>gratiam</strong></span> <span class='ocrx_word' id='word_1_672' title='bbox 2999 5631 3290 5674; x_wconf 77' lang='lat' dir='ltr'><strong>conversa-</strong></span> 
     </span>
    </p>
   </div>
  </div>
