3888 6322
629 299 724 375 tat

1935 300 1995 353 ll.
2040 297 2194 355 U88.-

2292 341 2294 349 ι
2337 298 2379 354 11
2416 297 2616 360 ΡΑΡΑΞ
3705 319 3766 379 iii!

617 418 784 483 mini,
830 416 920 485 qui
962 429 1058 470 nos
1098 428 1164 467 ex
1208 422 1490 483 parentum
1513 411 1635 482 jure
1671 415 1959 483 contingit,
1989 413 2208 470 Cluma-
2238 418 2283 474 Α
2314 421 2460 466 mata
2509 420 2658 478 sunt,
2707 413 3118 472 conﬁrmamus.
3159 415 3434 484 Querelam
3477 432 3767 488 antemnam.

627 508 779 562 censi
872 506 1121 562 coenobio
1173 505 1632 570 .contradentes,
1698 515 1807 560 tam
1882 521 1977 560 vos
2041 519 2205 573 quam

628 612 973 655 successores
1020 606 1232 651 vestros
1281 597 1484 652 decreti
1540 599 1821 666 praesentis
1867 599 2209 652 auctoritate

629 691 924 742 mtmimus.
955 685 1134 755 ipsum
1157 686 1305 740 enim
1339 685 1544 752 locum,
1589 688 1731 742 sicut
1763 701 1814 741 et
1857 697 2052 742 emtcra
2084 687 2210 742 Clu-

627 780 899 834 niacensis
941 778 1178 834 emnobii
1220 777 1492 844 membra,
1536 779 1764 835 liberum
1800 790 2059 849 perpetuo
2085 795 2208 848 per-

627 883 848 924 manere
912 869 1278 934 decrevimus,
1338 879 1398 922 ttt
1454 884 1788 938 quaecunque
1838 869 1996 924 hodie
2036 869 2204 938 justc,

626 960 710 1016 vel
745 977 808 1014 ex
845 971 1130 1029 parentum
1176 969 1482 1014 noslrorum
1536 962 1699 1024 dono,
1739 960 1821 1016 vel
1864 977 1929 1015 ex
1975 961 2203 1015 aliorum

624 1053 868 1106 ﬁdelium
913 1051 1189 1105 oblatione
1231 1051 1492 1120 possidet,
1541 1051 1654 1106 sive
1680 1051 1732 1106 in
1762 1050 2004 1105 futurum
2032 1050 2206 1119 possi-

612 1125 794 1204 ‘dehit,
831 1143 948 1196 sive
971 1140 1117 1208 juste
1147 1150 1202 1195 et
1229 1143 1492 1196 canonice
1520 1142 1721 1211 poterit
1751 1141 2010 1211 adipisci,
2050 1141 2205 1196 ﬁrma

625 1233 778 1293 vobis
803 1247 1018 1300 semper
1043 1241 1096 1287 et
1133 1232 1335 1286 illibata
1374 1240 1751 1300 permaneant,
1789 1247 1891 1286 nec
1932 1231 2204 1299 parochize

625 1321 795 1384 ipsius
847 1320 1120 1389 episcopo,
1149 1335 1246 1374 nec
1291 1320 1530 1390 episc0pi
1581 1321 1980 1375 arehidiaconis
2019 1319 2200 1384 liceat,

622 1419 723 1464 aut
763 1410 917 1464 vobis
955 1421 1051 1464 aut
1092 1411 1388 1480 capellanis
1435 1411 1633 1465 vestris
1676 1411 1953 1466 molestias
1992 1410 2202 1480 aliquas

628 1502 712 1556 vel
751 1496 979 1570 injurias
1021 1503 1282 1572 irrogare,
1323 1518 1422 1557 uec
1464 1502 1668 1572 aliquid
1716 1518 1941 1571 prorsus
1986 1505 2202 1573 exigere

621 1604 824 1663 praeter
854 1610 1064 1648 ammos
1087 1595 1291 1650 solidos
1321 1595 1534 1664 viginti,
1568 1597 1658 1663 qui
1689 1609 1755 1648 ex
1781 1595 2198 1663 praecedentium

623 1685 1004 1753 episc0porum
1035 1694 1087 1739 et
1117 1684 1290 1753 patris
1323 1685 1428 1738 mei
1465 1699 1731 1739 consensu
1774 1686 2008 1741 instituti
2050 1695 2198 1752 sunt,

2312 502 2540 555 chorum
2572 501 2629 555 S.
2675 501 2960 568 Florentii,
3002 520 3165 574 quam
3195 506 3258 562 de
3287 509 3520 566 ecclesiis
3564 513 3767 582 Lausduni,

2312 592 2524 646 Sanch
2550 592 2742 647 Crucis
2769 594 3018 650 videlicet
3054 605 3108 650 et
3145 595 3330 652 Sancti
3358 599 3566 669 Nieolai,
3589 621 3721 663 eontra
3741 626 3768 665 tr

2307 691 2364 735 et
2395 681 2692 764 Ecclesiatn
2733 693 2880 738 tuam
2927 684 3160 753 faciunt,
3207 703 3470 759 quamque
3498 694 3546 747 in
3575 707 3769 764 prasem'a

2309 779 2496 825 nostra
2543 763 3033 829 Turonishabitam
3083 777 3378 848 diligenter
3408 763 3768 850 pertractavimus.

2307 860 2489 916 debito
2516 861 2620 916 ﬁne
2644 903 2658 926 ,
2693 864 2803 918 Deo
2852 875 3097 933 auctore,
3147 869 3492 926 terminanms
3526 891 3538 926 :
3569 880 3768 944 apostolica

2309 950 2503 1004 iterum
2575 949 2899 1009 auctoritate
2950 957 3328 1026 praecipientes
3375 970 3612 1028 quatenus
3646 969 3771 1021 nullam
3812 1009 3822 1024 .

2309 1039 2404 1094 tibi
2451 1041 2534 1096 vel
2582 1041 2837 1098 Ecclesiae
2884 1044 3192 1100 molestiam
3235 1062 3302 1101 ex
3339 1049 3423 1104 his
3451 1049 3624 1106 inferre
3648 1071 3759 1122 prain

2307 1139 2496 1196 utaut,
2555 1133 2650 1186 sed
2704 1134 2913 1202 absque
2965 1149 3157 1190 eorum
3212 1137 3567 1206 inquietudine
3610 1147 3773 1212 prauus

2302 1219 2586 1287 ecclesias,
2630 1230 2685 1275 tu
2708 1237 3164 1294 successoresque
3193 1227 3266 1280 tui
3290 1226 3413 1295 jure
3427 1240 3648 1297 perpetuo
3667 1239 3770 1300 possi-

2303 1311 2499 1367 deatis.
2525 1313 2583 1368 Si
2605 1328 2726 1382 qua:
2748 1329 2879 1369 sane
2899 1315 3272 1372 ecclesiastica
3294 1320 3612 1376 stecularisvc
3628 1340 3771 1392 persona

2299 1413 2491 1458 contra
2542 1405 2686 1461 hanc
2725 1416 2923 1462 nostra:
2966 1411 3377 1466 constitutionis
3419 1415 3635 1482 paginam
3659 1419 3772 1471 venire

2305 1497 2614 1561 tentaverit,
2637 1497 2926 1566 potestatis
2945 1499 3272 1570 honorisque
3285 1502 3366 1557 sui
3392 1503 3624 1572 dignitate
3641 1520 3772 1568 careat,

2300 1595 2355 1638 et
2378 1600 2410 1639 a
2437 1588 2812 1642 sacratissimo
2839 1603 3066 1658 corpore
3095 1606 3159 1646 ac
3189 1592 3448 1662 sanguine
3466 1595 3640 1647 Domini
3665 1601 3768 1649 nostri

2298 1676 2423 1732 Jcsu
2452 1675 2654 1734 Christi
2683 1681 2858 1737 aliena
2894 1683 3006 1749 ﬁat,
3036 1700 3330 1755 quousque
3353 1686 3513 1754 digna
3545 1687 3774 1743 satisfactio-

625 1773 1116 1830 Suessioncnsibus
1147 1774 1429 1831 canonicis
1480 1775 1842 1846 persolvendi.
1883 1777 2036 1832 Alias
2095 1790 2194 1832 tam

2309 1785 2374 1824 ne
2406 1772 2711 1841 resipiscat.
2751 1771 2974 1828 Cunctis
3005 1784 3188 1829 autem
3235 1776 3412 1830 eidem
3462 1777 3693 1845 locojusta
3712 1795 3776 1832 scr-

627 1883 724 1921 vos
751 1883 910 1936 quam
938 1867 1199 1936 eapcllani
1239 1867 1408 1921 vestri
1463 1867 1630 1937 quieti
1675 1882 1892 1937 semper
1922 1883 1986 1922 ac
2021 1867 2200 1931 liberi,

620 1960 776 2013 salvo
813 1959 1143 2029 episcopalis
1191 1959 1507 2014 reverentia:
1555 1958 1759 2023 debito,
1792 1959 2198 2029 permanebitis.

621 2046 683 2101 Si
733 2048 854 2116 quis
901 2058 1082 2100 autem
1112 2087 1126 2110 ,
1183 2041 1437 2117 prteCepti
1487 2044 1646 2114 hujus
1685 2035 1890 2101 tenore
1942 2047 2198 2115 cognito,

621 2137 898 2190 contraire
941 2135 1365 2204 praesumpserit,
1414 2143 1668 2203 tanquam
1708 2134 1854 2188 sedis
1890 2133 2201 2202 apostolicae

617 2235 964 2295 contemptor
990 2212 1240 2280 Ecclesiae
1256 2225 1464 2294 judicio
1485 2234 1540 2279 ct
1562 2225 1796 2296 Spiritus
1824 2225 1997 2280 sancti
2023 2225 2199 2295 gladio

626 2317 875 2370 feriatur.

696 2410 889 2462 Datum
937 2406 1172 2460 Turonis
1220 2423 1315 2476 per
1353 2422 1570 2461 manum
1619 2405 1845 2460 Joannis
1879 2405 2195 2471 cardinalis,

622 2514 718 2553 χιιι
749 2498 869 2552 Kal.
911 2498 1134 2568 Aprilis,
1181 2513 1324 2552 anno
1373 2497 1643 2552 lucarnat.
1695 2495 1988 2550 Dominica:
2038 2496 2196 2564 1096,

616 2588 968 2657 pontiﬁcatus
996 2589 1178 2643 domui
1207 2587 1412 2643 Urbani
1445 2589 1482 2642 ll
1513 2605 1674 2651 nono,
1709 2588 1901 2643 indict.
1930 2601 2004 2642 tv.

1269 2722 1549 2778 CLXXIX.

617 2810 869 2866 Urbanus
923 2810 984 2864 11
1039 2828 1171 2880 papa
1223 2812 1609 2868 Trenorcieusis
1682 2818 1988 2871 monasterii
2060 2818 2194 2872 bona

682 2883 913 2960 jamque
967 2883 1143 2936 omnia
1197 2883 1252 2936 in
1309 2883 1525 2937 tutelam
1578 2885 1879 2955 apostolica:
1935 2889 2074 2942 sedis
2124 2905 2198 2942 re-

689 2951 833 3019 cipit.

1205 3020 1385 3093 (Auno
1422 3021 1604 3093 l096.)

833 3111 1247 3185 [COCQUELINES,
1283 3112 1443 3183 ampl.
1475 3114 1714 3180 Collect.,
1744 3116 1806 3184 ll,
1839 3118 1954 3190 87.]

690 3202 942 3259 URDANUS
971 3204 1277 3274 episcopus,
1311 3221 1502 3260 servus
1531 3221 1810 3262 servorum
1848 3210 1964 3276 Dei,
1998 3211 2194 3267 dilecto

619 3295 730 3348 ﬁlio
775 3293 960 3349 Perno
985 3295 1362 3348 'l‘renorcicnsi
1394 3295 1597 3355 abbati.
1626 3296 1846 3366 ejusque
1868 3302 2195 3356 successoris

614 3387 716 3441 bus
745 3387 1068 3457 regulariter
1091 3387 1484 3442 substituendis
1515 3388 1566 3441 in
1600 3400 1944 3460 perpetuum.

689 3478 781 3531 Pia
809 3477 1100 3548 postulatio
1119 3477 1410 3532 voluntatis
1432 3477 1625 3534 echctu
1651 3481 1803 3535 debet
1832 3494 2194 3553 prosequente

612 3567 899 3635 compleri,
951 3576 1221 3636 quatenus
1248 3577 1304 3622 et
1338 3569 1644 3625 devotionis
1681 3571 1971 3628 sinceritas
2009 3575 2194 3630 lauda-

615 3655 802 3709 biliter
850 3658 1137 3721 enitescat,
1168 3667 1223 3712 et
1260 3659 1462 3714 utilitas
1495 3661 1761 3730 postulata
1799 3665 1944 3720 vires
1976 3665 2191 3722 indubi-

619 3752 801 3796 tanter
842 3755 1106 3798 assumat.
1160 3746 1298 3812 Quia
1346 3749 1508 3818 igitur
1553 3751 1774 3805 dilectio
1819 3764 1911 3807 tua
1941 3755 2007 3808 ad
2047 3756 2192 3811 sedis

617 3830 928 3899 apostolica:
970 3842 1184 3901 portum
1214 3836 1551 3906 confugiens,
1574 3840 1693 3909 ejus
1719 3841 2001 3897 tuitionem
2031 3844 2192 3899 devo-

618 3921 768 3973 tione
809 3921 988 3975 debita
1035 3923 1337 3991 requisivit,
1384 3941 1482 3980 nos
1516 3929 1890 3997 supplicationi
1925 3941 2026 3988 tuae
2083 3934 2192 3989 elc-

615 4018 830 4064 mentcr
875 4012 1163 4064 annuimus
1190 4021 1244 4065 et
1276 4012 1685 4071 Trenorcieusis
1721 4021 2048 4089 emnobium,
2081 4024 2187 4089 cui,

617 4101 727 4154 Deo
755 4108 999 4166 auctore,
1033 4102 1309 4170 praesides,
1347 4119 1468 4159 cum
1494 4107 1744 4163 omnibus
1769 4111 1836 4162 ad
1865 4111 2037 4181 ipsmu
2067 4130 2192 4185 per-

614 4191 934 4256 tinentibus,
965 4194 1064 4248 sub
1095 4194 1316 4248 tutelam
1343 4197 1658 4267 apostolica:
1685 4199 1830 4256 sedis
1855 4205 2188 4274 excepimus.

612 4284 716 4340 Per
744 4284 1028 4354 praesentis
1067 4285 1232 4354 igitur
1269 4287 1536 4358 privilegii
1597 4293 1850 4362 paginam
1889 4297 2185 4364 apostolica

611 4378 943 4430 auctoritate
972 4377 1286 4442 statuimus,
1339 4389 1397 4433 ut
1434 4395 1772 4453 quzecunque
1821 4385 1986 4450 bona,
2037 4402 2186 4458 quae-

611 4480 830 4536 cunque
855 4467 1230 4535 possessiones
1257 4469 1648 4527 catholicorum
1676 4475 2063 4546 imperatorum
2090 4495 2184 4534 seu

611 4567 935 4612 ctetcrorum
958 4559 1264 4627 principum
1293 4559 1598 4631 largitione,
1638 4566 2018 4637 episcoporum
2050 4587 2186 4627 con-

608 4646 888 4710 cessione,
945 4661 1040 4700 seu
1094 4655 1416 4703 cancrorum
1468 4651 1706 4707 ﬁdelium
1756 4656 2059 4726 oblatione,
2119 4662 2187 4716 ad

611 4737 751 4792 idem
800 4737 1107 4793 coenobium
1139 4739 1624 4808 imprmsentiarum
1659 4747 1954 4814 pertinent,
1993 4751 2109 4806 sive
2133 4753 2184 4806 in

610 4827 853 4883 futurum
890 4827 1037 4897 justc
1079 4836 1280 4900 poterit
1328 4832 1575 4901 adipisci,
1622 4835 1777 4892 ﬁrma
1832 4841 1926 4894 tibi
1972 4843 2186 4911 tuisque

545 4965 552 4971 .
609 4918 1034 4982 successoribus,
1074 4930 1129 4975 et
1167 4921 1372 4974 illibata
1413 4937 1788 4991 permaneant.
1831 4929 2186 4987 Decernimus

609 5020 822 5078 ergout
849 5010 980 5064 nulli
1010 5011 1233 5065 omnino
1288 5012 1566 5068 hominum
1611 5015 1772 5072 liccat
1803 5020 1945 5074 idem
1994 5037 2184 5079 emno-

613 5101 759 5154 bium
817 5112 1018 5158 terruere
1090 5104 1446 5172 perturbare,
1504 5117 1598 5160 aut
1653 5109 1771 5180 ejus
1817 5116 2185 5181 possessiones

610 5189 852 5256 auferre,
879 5194 961 5246 vel
991 5196 1293 5251 oblationes
1348 5199 1608 5265 retinere,
1655 5202 1916 5269 minuere,
1966 5207 2051 5262 vel
2107 5216 2184 5262 te-

611 5283 865 5338 merariis
896 5289 1272 5344 vexationibus
1301 5289 1620 5359 inquietare,
1652 5295 1745 5349 sed
1767 5297 1948 5352 omnia
1979 5298 2185 5370 integre

610 5384 1032 5440 conserventur,
1087 5393 1273 5433 eorum
1337 5396 1436 5450 pro
1489 5399 1718 5452 quorum
1791 5390 2184 5446 sustentationc

609 5479 874 5519 concessa
923 5475 1070 5530 sunt,
1121 5469 1309 5524 usibus
1350 5474 1674 5528 omnimodis
1718 5475 2022 5544 profutura.
2067 5479 2184 5535 Ca2-

612 5570 729 5613 tera
770 5560 934 5613 etiam
979 5576 1097 5629 qute
1140 5578 1235 5630 per
1280 5570 1587 5625 reverenda:
1637 5575 1915 5630 memoriae
1959 5576 2184 5634 Joannis

610 5669 762 5723 ιιτιῃευ
802 5654 1139 5724 privilegium
1187 5657 1566 5718 Treuorcicnsi
1620 5669 1950 5725 monasterio
1977 5673 2180 5728 conﬁr-

2304 1861 2558 1916 vautihus
2590 1863 2660 1917 sit
2691 1879 2792 1933 pax
2834 1866 3047 1919 Domini
3079 1867 3251 1921 nostri
3298 1865 3426 1922 Iesu
3477 1867 3666 1931 Christi,
3695 1885 3776 1939 qua.

2307 1959 2462 2004 tenus
2493 1961 2548 2008 et
2583 1953 2674 2007 hic
2731 1954 2964 2010 fructum
3010 1958 3164 2012 bona:
3194 1959 3425 2012 actionis
3469 1960 3723 2028 percipiant,
3747 1973 3777 2014 et

2304 2042 2442 2109 apud
2468 2044 2773 2099 districtum
2793 2046 3028 2115 judicem
3057 2049 3283 2116 pranuia
3310 2058 3521 2104 aeterna:
3544 2052 3665 2120 pacis
3690 2051 3776 2105 itu-e-

2302 2130 2472 2184 niant.
2511 2133 2703 2198 Amen,
2728 2149 2908 2201 amen,
2939 2153 3123 2190 amen.

2964 2224 3223 2280 CLXXX.

2363 2307 2703 2380 I’rivilcgium
2733 2329 2827 2382 pro
2859 2319 3178 2372 monasterio
3210 2316 3268 2372 S.
3308 2315 3556 2374 Vincentii
3575 2319 3746 2376 Metensi.

2889 2405 3068 2477 (Anno
3105 2408 3289 2479 1096.)

2306 2491 2460 2564 [Dom
2494 2493 2739 2559 Canum,
2773 2495 2915 2550 llist.
2943 2500 3007 2553 de
3036 2500 3316 2566 Lorrnine,
3349 2500 3599 2568 Preuves,
3629 2502 3775 2573 p.507}

2375 2603 2626 2660 Unnauus
2647 2607 2962 2677 cpiscopus,
2992 2625 3185 2665 servus
3225 2627 3505 2668 servorum
3531 2615 3629 2678 Dei,
3656 2616 3777 2669 dilecto

2301 2694 2410 2749 ﬁlio
2446 2694 2699 2761 Laszout,
2732 2699 2914 2754 abbati
2949 2703 3266 2758 monasterii
3318 2694 3380 2758 S.
3415 2705 3666 2768 Viueeutii,
3692 2707 3776 2773 quod

2299 2783 2446 2840 Metti
2479 2787 2642 2842 situm
2693 2798 2810 2854 est,
2860 2791 3086 2861 ejusque
3125 2797 3534 2851 successoribus
3561 2797 3777 2867 regulariter

2299 2876 2646 2933 instituendis
2674 2879 2726 2933 in
2754 2893 3097 2952 perpetuum.

2370 2962 2476 3018 Pite
2536 2966 2828 3034 postulatio
2883 2969 3178 3026 voluntatis
3230 2971 3428 3028 cll'ecltt
3486 2975 3627 3030 debet
3665 2989 3777 3042 prosc-

2219 3089 2269 3154 ο
2298 3062 2498 3121 quente
2528 3055 2809 3124 compleri,
2839 3067 3110 3128 quatenus
3143 3071 3201 3116 et
3245 3063 3547 3119 devotionis
3585 3064 3776 3120 sincerius

2300 3145 2648 3201 laudabiliter
2685 3149 2996 3216 enitescat,
3051 3162 3106 3206 et
3153 3154 3368 3211 utilitas
3422 3156 3655 3225 postulata
3693 3156 3777 3206 vite:

2298 3235 2665 3292 indubitanter
2707 3247 2969 3295 assumat.
3008 3242 3146 3308 Quia
3195 3243 3367 3314 igitur
3414 3246 3612 3301 dilectio
3645 3254 3709 3299 tua
3740 3245 3775 3295 at

2296 3325 2440 3381 sedis
2466 3327 2774 3394 apostolica:
2803 3341 3018 3399 portum
3062 3333 3411 3405 confugiens,
3446 3336 3554 3404 ejus
3582 3337 3775 3390 tuitionem

2297 3416 2581 3472 devotione
2625 3419 2806 3474 debita
2840 3423 3154 3490 requisivit,
3185 3440 3283 3479 nos
3320 3427 3661 3496 supplicationi
3691 3435 3773 3484 tur.

2300 3514 2408 3560 tam
2447 3520 2545 3576 pro
2588 3508 2732 3562 beati
2775 3509 3040 3566 Vincentii
3074 3515 3335 3584 martyris
3375 3517 3773 3582 devotione,quam

2296 3599 2461 3654 etiam
2504 3615 2604 3668 pro
2655 3607 2758 3653 tum
2796 3601 3071 3672 religionis
3110 3608 3417 3661 reverentia
3456 3608 3699 3662 clementer
3719 3620 3774 3656 an-

2296 3688 2532 3754 nuimus,
2561 3699 2613 3744 et
2638 3690 2878 3760 ejusdem
2904 3694 3160 3764 martyris
3192 3700 3596 3764 monasterium,
3616 3694 3774 3762 cubile)

2296 3788 2536 3847 auctore,
2557 3783 2833 3851 pnesides,
2861 3787 3146 3853 praesentis
3175 3787 3380 3845 decreti
3411 3791 3687 3845 auctoritate
3704 3803 3772 3840 mu-

2295 3871 2475 3924 nimus
2502 3889 2514 3923 :
2542 3872 2834 3928 statuimus
2877 3874 3022 3930 enim
3065 3886 3123 3931 ut
3150 3893 3489 3950 quzeeunque
3517 3882 3653 3945 dona,
3673 3891 3773 3947 qius—

2293 3974 2505 4029 cunque
2554 3963 2925 4031 possessiones
2980 3966 3118 4021 idem
3168 3973 3479 4026 emnobium
3527 3971 3657 4026 hodie
3685 3970 3772 4039 justc

2293 4050 2562 4116 possidet,
2611 4050 2728 4107 sive
2767 4051 2819 4106 in
2863 4052 3102 4109 futurum
3133 4061 3490 4116 concessione
3526 4059 3769 4129 pontiﬁcum.

2292 4138 2619 4196 liberalitate
2655 4143 2992 4212 principum,
3029 4146 3113 4202 vel
3142 4149 3422 4207 oblatione
3460 4151 3660 4206 ﬁdelium
3683 4148 3772 4215 just!

2291 4239 2454 4300 atque
2484 4234 2744 4288 canonice
2775 4237 2974 4304 poterit
3019 4239 3270 4310 adipisci,
3312 4243 3470 4298 ﬁrma
3514 4245 3614 4308 tibi,
3637 4241 3772 4307 tuisque

2291 4323 2695 4378 successoribus
2719 4334 2774 4378 et
2805 4325 3007 4380 illibata
3037 4343 3413 4397 permaneant.

2221 4427 2264 4485 ο
2365 4412 2717 4470 Deceruimus
2746 4433 2876 4488 ergo
2903 4430 2962 4474 ut
2991 4421 3118 4476 nulli
3149 4425 3374 4481 omnino
3408 4427 3652 4482 hominum
3673 4423 3769 4477 liccat

2291 4502 2575 4570 prmlatum
2625 4509 2930 4563 coenobium
2972 4520 3176 4568 temere
3219 4520 3563 4586 perturbare,
3602 4527 3673 4571 aut
3700 4514 3769 4582 ejus

2289 4593 2664 4658 possessiones
2694 4597 2933 4665 auferre,
2966 4601 3048 4656 vel
3070 4603 3282 4661 ablatas
3312 4609 3565 4673 retinere,
3589 4609 3767 4662 miauerr.

2288 4681 2374 4735 vel
2407 4686 2709 4742 temerariis
2734 4691 3113 4748 vexatiouibus
3144 4693 3406 4768 fatigare;
3435 4701 3524 4754 sed
3555 4696 3694 4752 omnia
3718 4693 3767 4744 in-

2290 4784 2437 4841 tegra
2485 4789 2895 4847 COIISCI‘VCHUII‘,
2945 4798 3133 4838 eorum
3186 4802 3286 4856 pI'O
3332 4805 3550 4860 quorum
3584 4792 3767 4842 ξηειρηιτ-

2290 4864 2437 4917 tione
2463 4879 2526 4919 ac
2556 4868 2949 4935 gubernatione
2995 4888 3253 4930 concessa
3297 4891 3440 4946 sunt,
3470 4880 3631 4934 usibus
3651 4871 3767 4930 omni-

2286 4952 2460 5006 modis
2503 4953 2784 5023 profutura
2805 4998 2820 5022 ,
2867 4960 3014 5015 salva
3042 4962 3298 5022 Metensis
3335 4969 3556 5040 episcopi
3584 4963 3764 5022 canonica

2285 5044 2611 5099 reverentia.
2645 5045 2890 5104 Obeunte
2939 5061 2992 5108 te
3041 5070 3184 5110 nunc
3227 5057 3462 5126 ejusdem
3495 5061 3582 5115 loci
3619 5057 3762 5110 abbate

2287 5134 2371 5187 vel
2401 5143 2616 5190 tuorum
2649 5139 2888 5206 quolibet
2924 5157 3334 5215 successorum,
3378 5151 3542 5205 nullus
3571 5149 3627 5202 ibi
3652 5143 3763 5211 quaii-

2283 5222 2376 5278 bet
2419 5225 2782 5294 subreptiouis
2827 5231 3027 5286 astutia
3064 5234 3144 5288 vel
3195 5238 3441 5292 violentia
3490 5241 3759 5308 praeponatur.

2288 5313 2388 5368 nisi
2414 5330 2574 5384 quem
2603 5330 2897 5377 conventus
2923 5328 3196 5381 communi
3222 5344 3494 5396 consensu,
3520 5328 3759 5383 vel-fratrum

2282 5419 2410 5473 pars
2457 5409 2665 5464 consilii
2716 5413 2979 5478 sanioris,
3021 5420 3314 5475 secundum
3364 5424 3451 5476 Dei
3503 5424 3699 5475 timorem
3728 5419 3758 5461 ct

2284 5495 2426 5550 beati
2459 5498 2732 5556 Benedicti
2763 5505 3000 5574 regulam
3021 5548 3035 5572 ,
3066 5509 3343 5580 elegerint.
3373 5513 3610 5568 Praeterea
3631 5517 3756 5561 seat-

2284 5587 2408 5641 dum
2435 5593 2822 5647 venerabilium
2847 5598 3303 5664 prtedcccssorum
3327 5614 3606 5658 nostrorum
3643 5597 3752 5650 Joan-

2286 5678 2368 5731 nis
2413 5689 2465 5735 ct
2508 5681 2776 5739 Benedicti
2815 5695 3017 5742 statuta
3056 5693 3415 5759 concedimus,
3465 5703 3518 5746 ut
3557 5690 3594 5744 si
3615 5685 3752 5754 epist!"
