3888 6322
151 357 239 411 353
1245 340 1604 400 EPISTOLxE
1646 341 1732 396 ET
1773 339 2177 402 PRIVILEGIA.

3258 348 3360 422 nrt

145 483 232 540 pus
258 463 394 518 Metti
423 459 668 524 defuerit,
700 458 859 513 liccat
889 457 980 510 tibi
1012 457 1221 524 tuisque
1251 456 1684 518 successoribus,
1718 459 1758 514 Α
1791 467 1884 506 seu
1945 454 2166 506 mutatis
2223 453 2437 510 clericis
2493 471 2628 526 quos
2681 471 2938 528 personas
2989 471 3211 526 vocant;
3265 479 3366 522 no.3

144 560 188 610 in
218 552 408 608 festivis
435 551 649 615 diebus,
695 549 760 602 ad
793 549 974 601 sedem
1005 546 1362 616 episeOpalem
1400 547 1679 613 accedere,

143 647 299 714 ibique
322 660 438 699 cum
465 641 749 696 dalmatica
780 651 832 696 et
863 641 1138 706 sandaliis,
1171 641 1458 695 missarum
1485 639 1682 695 solem-

140 739 216 791 nia
241 735 521 790 celebrare.

196 826 326 883 Sane
352 826 394 880 si
419 825 537 894 quis
572 824 623 877 in
649 823 945 878 crastinum
978 822 1419 892 archiepiscopus
1449 831 1543 874 aut
1569 821 1683 889 cpi-

137 930 326 986 scopus,
357 915 645 983 imperator
686 921 781 966 aut
830 929 920 966 rex
941 953 956 977 ,
987 912 1239 981 princeps
1279 922 1372 965 attt
1417 911 1520 965 dux
1544 951 1558 974 ,
1587 927 1682 966 c0-

136 1023 252 1071 mes,
303 1006 626 1070 vicecomes,
651 1005 850 1074 judex,
897 1014 991 1058 aut
1033 1005 1400 1059 ecclesiastica
1443 1004 1680 1072 qualibet

133 1096 444 1152 szecularisve
469 1110 719 1165 persona,
753 1097 891 1150 hanc
923 1108 1122 1149 nostrae
1151 1093 1552 1149 constitutionis
1583 1110 1680 1164 pa-

133 1186 287 1254 ginam
318 1184 512 1248 sciens,
544 1195 732 1237 contra
758 1198 878 1238 eam
906 1192 1108 1237 temere
1147 1183 1330 1237 venire
1366 1183 1678 1247 teataverit,

131 1277 337 1332 secundo
382 1277 606 1330 tertiove
649 1276 1032 1337 commonitus,
1078 1275 1122 1328 si
1169 1290 1272 1328 non
1305 1274 1678 1328 satisfactione

130 1380 338 1434 congrua
373 1364 766 1427 emendaverit,
801 1365 1087 1434 potestatis
1118 1363 1446 1431 honorisque
1489 1363 1569 1416 sui
1601 1363 1680 1416 di-

129 1455 306 1524 gnitate
333 1462 535 1518 careat,
568 1470 830 1523 rettmqtte
867 1469 925 1507 se
960 1454 1141 1506 divino
1161 1451 1368 1523 judicio
1399 1453 1465 1507 de
1492 1468 1679 1522 perpe-

130 1556 250 1598 trata
282 1544 559 1613 iniquitate
589 1555 902 1614 cognoscat,
929 1554 982 1598 ct
1004 1561 1031 1596 a
1059 1544 1427 1598 sacratissimo
1450 1559 1679 1612 corpore

125 1643 170 1686 et
188 1635 429 1703 sanguine
457 1633 550 1686 Dei
596 1643 651 1686 et
697 1633 906 1687 Domini
946 1634 1322 1703 Redemptoris
1352 1634 1520 1687 nostri
1551 1633 1676 1686 Jesu

124 1725 302 1778 Christi
348 1723 555 1779 alienus
603 1725 716 1791 ﬁat,
754 1735 917 1795 atque
949 1726 998 1778 iu
1045 1736 1288 1780 extremo
1311 1727 1562 1780 examine
1592 1726 1675 1778 di-

1787 554 2010 597 auctore
2039 545 2149 598 Deo
2191 545 2536 601 venalitatem
2581 565 2796 604 omnem
2844 562 2951 604 tam
2987 570 3051 607 ex
3099 556 3362 612 ministris

1783 646 1946 699 quam
1976 646 2039 685 ex
2080 633 2240 686 rebus
2266 633 2650 690 ecclesiasticis
2691 638 3071 708 propellentes,
3099 642 3201 698 hoc
3231 645 3362 699 ulte-

1786 722 1899 776 rius
1930 722 2043 776 ﬁeri
2075 725 2398 779 auctoritate
2428 727 2720 796 apostolica
2751 729 3118 796 prohibemus.

1862 811 2032 868 Porro
2079 830 2410 886 quaecunque
2449 817 2639 872 altaria
2704 819 2790 873 vel
2832 819 3072 877 decimas
3114 824 3180 876 ab
3208 827 3364 882 annis

1784 903 2001 974 triginta
2046 915 2100 961 et
2142 922 2304 976 supra
2353 907 2453 962 sub
2497 908 2804 978 lmjusmodi
2849 910 3215 984 redemptione
3251 931 3362 969 mo-

1783 992 2082 1047 nasterium
2137 1004 2376 1049 vestrum
2422 996 2729 1066 possedisse
2777 1001 3143 1069 cognoscitur,
3183 1004 3364 1072 quiete

1783 1083 2037 1153 deinceps
2075 1093 2130 1139 et
2161 1087 2279 1141 sine
2322 1087 2568 1142 molestia
2609 1088 2850 1156 qualibet
2883 1090 3034 1144 vobis
3061 1094 3364 1162 vestrisque

1782 1175 2192 1231 successoribus
2244 1178 2566 1245 possidenda
2622 1179 2934 1246 ﬁrmamus;
2985 1181 3133 1236 salvo
3181 1187 3365 1254 utique

1780 1267 2160 1334 episcoporum
2215 1284 2378 1323 censu
2432 1285 2613 1324 annuo
2654 1285 2813 1338 quem
2852 1285 2917 1324 ex
2968 1272 3052 1326 his
3099 1273 3364 1331 hactenus

1783 1356 2112 1410 halmerunt.
2170 1358 2466 1413 Ecclesium
2517 1361 2773 1414 videlicet
2839 1361 2904 1414 de
2957 1362 3249 1418 Stenkerca
3309 1367 3361 1420 in

1781 1446 2112 1503 Taruauensi
2146 1451 2420 1517 parochia,
2453 1452 2738 1506 ecclesiam
2767 1453 2832 1507 de
2861 1452 3163 1524 Gttettinga,
3193 1457 3367 1510 ecch-

1781 1537 1916 1590 siam
1975 1539 2041 1592 de
2109 1540 2389 1610 Brogurgh
2445 1558 2567 1594 cum
2621 1543 2839 1610 capellis
2889 1545 3028 1609 suis,
3080 1546 3363 1602 ecclesiam

1779 1625 1993 1682 Sanctae
2032 1629 2371 1701 Margaretm,
2413 1632 2597 1686 Sancti
2637 1633 2879 1700 Joannis,
2909 1636 3092 1691 Sancti
3125 1637 3372 1710 Martini,

1779 1719 2064 1774 ecclesiam
2096 1721 2161 1775 de
2190 1722 2517 1789 Pitaruesse,
2545 1725 2610 1778 de
2643 1724 3005 1794 Longanessa,
3055 1730 3119 1783 de
3145 1730 3361 1794 Gisnes,

124 1813 298 1866 stricta:
321 1812 507 1867 ultioni
541 1812 841 1881 subiaceat.
873 1814 1097 1886 Cunctis
1135 1824 1313 1870 autem
1348 1815 1524 1870 eidem
1561 1815 1678 1869 loco
1711 1817 1755 1876 lt
1786 1811 1851 1864 de
1887 1815 1902 1829 '
1933 1811 1987 1864 Ρ‹
2010 1813 2359 1883 paringehem
2387 1831 2508 1869 cum
2557 1816 2669 1885 ipsa
2720 1817 2874 1878 villa,
2927 1819 2992 1873 de
3043 1821 3245 1886 Arcas,
3299 1825 3365 1876 de

117 1901 241 1968 justa
269 1902 626 1966 servantibus,
648 1904 716 1957 sit
741 1919 843 1972 pax
870 1904 1077 1958 Domini
1109 1905 1276 1958 nostri
1299 1903 1423 1958 Jesu
1451 1903 1677 1972 Christi,
1709 1964 1724 1972 ί

122 1999 358 2058 quatenus
386 2001 440 2045 et
469 1992 561 2045 hic
609 1990 843 2047 fructum
891 1995 1044 2049 honre
1083 1993 1314 2048 actionis
1352 1994 1676 2064 percipiant,

122 2090 166 2134 et
205 2081 332 2150 apud
360 2081 668 2136 districtum
710 2084 946 2153 judicem
995 2084 1217 2152 prmmia
1265 2091 1483 2137 αξιοι-ηαδ
1530 2084 1680 2152 pacis

122 2173 387 2226 inveniant.
413 2175 614 2240 Amen,
647 2192 828 2239 amen,
858 2191 1039 2229 amen.

181 2262 353 2317 Datum
398 2264 636 2322 Turonis
680 2283 778 2336 per
821 2282 1036 2320 manum
1082 2265 1326 2331 Joannis,
1369 2281 1538 2322 sacra:
1575 2267 1678 2321 Ro-

121 2368 270 2407 mame
299 2355 555 2410 Ecclesia:
583 2358 794 2412 diaconi
839 2359 1072 2421 cardin.,
1106 2374 1181 2411 xu
1213 2357 1438 2412 Kalend.
1477 2357 1678 2427 April.,

121 2445 284 2500 indict.
315 2463 388 2512 tv,
422 2464 573 2503 anno
612 2449 904 2504 Dominicze
943 2451 1213 2505 lncarnal.
1247 2451 1414 2515 1096,
1457 2453 1677 2521 pontiﬁ-

116 2548 248 2593 catus
273 2549 446 2596 autem
476 2543 660 2596 domui
690 2541 892 2598 Urbani
926 2543 966 2597 ll
994 2558 1145 2612 papa:
1175 2558 1319 2598 anno
1351 2559 1422 2597 ts.

741 2699 1020 2754 CLXXXI.

115 2828 332 2885 Urbanus
364 2831 424 2884 11
459 2833 739 2900 conﬁrmat
767 2836 990 2889 abbatiw
1030 2835 1090 2889 S.
1142 2836 1338 2888 Bertiui
1369 2837 1569 2888 ordinis
1611 2835 1672 2890 S.

174 2901 428 2983 Benedicti
466 2903 884 2974 Andoummpoli
931 2906 1106 2958 omnia
1142 2906 1334 2959 altaria
1383 2923 1478 2958 sun
1525 2916 1679 2976 atque

171 2987 535 3039 possessiones.

679 3110 856 3180 (Auno
888 3108 1067 3180 l096.)

390 3242 668 3314 ﬁnimus,
704 3241 838 3313 Opp.
876 3241 1115 3311 diplom.,
1147 3241 1231 3303 Ill,
1259 3241 1375 3313 2L]

171 3371 407 3430 Ueeasus
443 3377 758 3446 cpiscopus,
791 3393 980 3431 servus
1017 3393 1297 3432 servorum
1336 3377 1454 3442 Dei,
1485 3376 1680 3431 dilecto

109 3463 205 3516 ﬁlio
230 3465 548 3531 Luaenro,
575 3467 755 3522 abbati
790 3467 1100 3521 monasterii
1131 3467 1458 3522 confessoris
1479 3467 1678 3522 Christi

111 3553 290 3610 liertitti
317 3559 550 3628 ejusque
574 3561 980 3614 successoribus
1010 3558 1328 3627 regulariter
1349 3559 1680 3614 substituen-

109 3645 181 3696 dis
205 3642 256 3698 in
287 3657 632 3717 perpetuum.

169 3731 268 3788 Pia:
319 3737 614 3805 postulatio
666 3738 958 3793 voluntatis
1009 3736 1203 3791 cfﬁrctu
1269 3737 1428 3791 debet
1494 3751 1677 3806 prose-

104 3836 283 3890 quente
324 3828 615 3898 compleri,
652 3841 919 3898 quatenus
957 3839 1013 3883 ct
1051 3829 1354 3883 devotionis
1396 3829 1679 3883 sinceritas

107 3913 430 3974 laudabiliter
470 3920 741 3976 enitescat
772 3931 825 3976 et
869 3921 1071 3976 utilitas
1118 3921 1383 3990 postuma
1418 3923 1560 3976 vires
1599 3923 1678 3975 iu-

103 4002 392 4063 dubitanter
421 4020 689 4064 assumat.

165 4096 290 4163 Quia
323 4100 492 4168 igitur
521 4101 737 4156 dilectio
775 4112 864 4155 tua
905 4103 970 4157 ad
1011 4104 1157 4157 sedis
1201 4102 1507 4172 apostolica:
1551 4119 1677 4172 por-

102 4193 204 4240 tum
259 4190 581 4263 confugiens
640 4193 757 4262 ejus
821 4193 1104 4249 tuitionem
1161 4195 1444 4250 devotione
1496 4196 1673 4251 debita

103 4279 388 4346 requisivit,
429 4295 530 4336 nos
573 4282 954 4351 supplicationi
1001 4293 1103 4337 tua:
1151 4283 1447 4339 clementer
1485 4288 1675 4340 annui-

102 4382 230 4432 mus,
261 4380 316 4425 ct
344 4371 498 4426 Beati
533 4373 736 4428 Bertini
766 4374 1093 4430 confessoris
1125 4377 1534 4442 monasterium,
1562 4378 1670 4441 cui,

103 4455 200 4511 Deo
227 4471 469 4528 auctore,
503 4463 780 4531 prmsides,
823 4465 966 4534 quod
999 4464 1248 4519 videlicet
1285 4466 1667 4520 monasterium

104 4546 228 4603 idem
253 4549 313 4605 Β.
348 4553 588 4609 Bertinis
615 4554 668 4608 in
697 4557 958 4610 honorem
990 4554 1090 4611 SS.
1122 4555 1486 4624 apostolorqu
1526 4556 1669 4611 Petri

99 4645 148 4690 et
174 4637 317 4695 Pauli
365 4642 625 4698 fundasse
668 4644 1030 4715 cognoscitur,
1067 4653 1122 4705 et
1163 4645 1343 4698 omnia
1388 4645 1454 4699 ad
1497 4645 1667 4714 ipsum

100 4730 416 4794 pertinentia
458 4735 561 4788 sub
599 4733 762 4788 tutela
803 4735 1115 4803 apostolica:
1158 4734 1302 4789 sedis
1349 4735 1667 4803 excipimus.

99 4815 192 4872 Per
229 4825 512 4892 prmsentis
559 4826 723 4897 igitur
770 4826 1033 4898 privilegii
1084 4827 1331 4897 paginam
1377 4827 1668 4895 apostolica

100 4917 414 4972 auctoritate
457 4920 744 4974 statuimus
775 4930 833 4974 ttt
862 4935 1196 4990 qumcunqnc
1231 4919 1390 4973 hodie
1429 4929 1666 4974 vestrum

98 5008 393 5063 emnobium
431 5009 578 5077 juste
621 5012 884 5080 possidet,
909 5013 1024 5066 sive
1072 5014 1124 5067 in
1166 5012 1405 5067 futurum
1447 5028 1668 5068 conces-

99 5094 243 5148 sione
266 5099 605 5166 poutiﬁcum,
623 5099 942 5154 liberalitate
966 5101 1263 5169 principum
1289 5101 1370 5156 vel
1397 5102 1668 5156 oblatione

101 5180 324 5238 ﬁdelium
351 5186 496 5254 juste
526 5198 688 5256 atque
719 5188 982 5244 canonice
1014 5191 1212 5258 poterit
1241 5191 1466 5260 adipisci
1511 5191 1666 5245 ﬁrma

103 5272 188 5326 tibi
237 5277 452 5347 tuisque
503 5281 907 5336 successoribus
951 5291 1006 5335 et
1040 5281 1239 5336 illibata
1293 5291 1664 5352 permaneant.

102 5360 352 5426 Quoniam
418 5383 543 5424 vero
600 5371 816 5440 quidam
858 5371 1180 5425 Simoniacee
1247 5374 1530 5440 pravitatis
1580 5387 1666 5426 ra-

102 5470 213 5512 mus
240 5459 290 5513 in
323 5461 616 5518 Galliarum
660 5465 905 5532 partibus
933 5463 1046 5532 jam
1085 5465 1286 5520 diutius
1315 5465 1587 5529 adolevit,_
1609 5476 1666 5519 ut

101 5547 332 5603 ecclesia:
379 5567 500 5620 quae
545 5554 747 5624 vulgari
800 5553 1069 5609 vocabulo
1119 5554 1258 5624 apml
1317 5569 1412 5608 vos
1467 5554 1662 5608 altaria

103 5649 490 5710 nuneupantur,
521 5647 866 5701 monasteriis
897 5646 1034 5700 data:
1068 5646 1261 5715 smpius
1303 5646 1370 5701 ab
1399 5645 1664 5716 episcopis

105 5733 196 5782 sub
217 5733 431 5799 palliata
465 5739 692 5794 avaritia
724 5740 1118 5804 veuutnlentur,
1148 5737 1374 5793 mortuis
1405 5737 1660 5793 nimirum

1779 1901 2026 1967 Arbclla,
2073 1902 2138 1956 de
2183 1903 2374 1966 Coiea,
2421 1905 2490 1957 de
2554 1903 2774 1969 llclciu,
2821 1909 2888 1961 de
2939 1908 3246 1974 Gueserna,
3298 1915 3364 1965 de

1779 1991 2016 2058 Aquina,
2043 1992 2108 2045 de
2147 1990 2479 2059 Bofriehem,
2511 1994 2576 2047 de
2622 1998 2838 2060 Scasas,
2873 1999 2938 2051 de
2986 1999 3212 2062 Ilunela,
3237 2017 3360 2056 cum

1783 2081 1923 2134 villis
1949 2097 2166 2148 earum,
2199 2083 2484 2138 ecclesiam
2511 2085 2578 2140 de
2610 2085 3020 2143 Tur-boteshem.
3064 2090 3120 2144 In
3164 2091 3362 2146 Novio-

1781 2171 1952 2223 mensi
1999 2173 2256 2239 parochia
2303 2172 2586 2226 ecclesiam
2630 2174 2697 2229 de
2733 2176 3011 2244 Cahnunt;
3055 2181 3106 2234 iu
3137 2181 3362 2236 Terma-

1781 2260 1926 2313 censi
1982 2261 2267 2316 ecelesiam
2328 2264 2394 2318 de
2435 2263 2776 2332 Rukeshem,
2833 2269 2897 2324 de
2944 2270 3312 2342 lletlingehem
3346 2315 3360 2337 ,

1783 2352 1848 2403 de
1902 2349 2316 2418 lluu'tiukehem,
2374 2355 2442 2408 de
2495 2355 2880 2413 GneStkercke.
2937 2361 2993 2414 lu
3056 2364 3361 2418 Coloniensi

1780 2438 2037 2505 parochia
2077 2440 2365 2495 ecclesiam
2398 2443 2465 2496 de
2499 2443 2763 2511 Frekena,
2796 2448 2860 2501 de
2890 2448 3265 2522 Guildesdorp.
3304 2452 3360 2507 lu

1782 2526 2095 2582 Belvaceusi
2135 2538 2336 2585 terram
2378 2533 2640 2589 lluboisin
2695 2538 2914 2600 dictam,
2948 2556 3069 2594 eum
3111 2543 3362 2598 oumilnts

1785 2619 2129 2686 pertinentiis
2166 2637 2376 2688 earum,
2422 2639 2514 2679 seu
2548 2629 2878 2696 appendieiis
2909 2647 3114 2685 earum.

1855 2713 2202 2770 Derernimus
2253 2717 2434 2787 itaque
2509 2729 2568 2772 ut
2620 2720 2747 2774 nulli
2798 2724 3018 2777 omnino
3082 2726 3359 2780 hominum

1785 2801 1948 2858 liccat
1993 2815 2232 2860 vestrum
2282 2809 2590 2862 coenobium
2646 2818 2848 2865 temere
2897 2815 3212 2880 perturbare
3266 2827 3360 2870 aut

1782 2897 1898 2965 ejus
1954 2898 2327 2966 possessiones
2397 2899 2610 2954 auferre
2673 2901 2754 2953 vel
2815 2903 3024 2958 ablatas
3089 2907 3358 2971 retinere,

1785 2989 1868 3043 vel
1935 2989 2243 3043 temerariis
2303 2991 2679 3046 vexatiouibus
2725 2991 2990 3063 fatigare,
3037 2999 3130 3049 sed
3176 3003 3360 3053 omnia

1786 3079 1995 3149 integra
2040 3090 2452 3146 conserventur,
2483 3099 2668 3136 eortun
2708 3100 2804 3153 pro
2832 3101 3060 3154 quorum
3089 3101 3361 3144 sustenta-

1707 3181 1753 3243 (ς
1788 3169 1932 3224 tione
1963 3185 2026 3225 ac
2059 3172 2452 3240 gubernatione
2485 3189 2747 3229 concessa
2786 3188 2911 3230 sunt
2955 3181 3141 3235 usibus
3181 3185 3357 3237 omni-

1785 3260 1961 3315 modis
1989 3261 2304 3330 profutura;
2334 3263 2480 3318 salva
2523 3267 2785 3319 canonica
2819 3269 3054 3339 episcopi
3091 3272 3363 3329 Morincu-

1781 3349 1858 3404 sis
1891 3351 2213 3404 reverentia.

1853 3439 2101 3494 Ohcuute
2148 3450 2201 3494 te
2247 3457 2389 3495 nunc
2436 3440 2552 3509 ejus
2601 3443 2703 3496 loci
2760 3443 2973 3508 abbate,
3013 3446 3092 3500 vel
3145 3458 3356 3506 tuorum

1782 3531 2023 3599 quolibet
2052 3547 2448 3596 successorum,
2470 3533 2649 3588 nullus
2681 3535 2751 3588 ibi
2791 3537 3030 3604 qualibet
3060 3540 3360 3610 subreptio—

1783 3622 1868 3674 uis
1891 3621 2092 3674 astutia
2123 3633 2481 3690 proponatur,
2517 3624 2618 3677 nisi
2648 3639 2806 3692 quem
2854 3626 3051 3682 fratres
3083 3635 3358 3686 conmmui
3394 3643 3401 3649 '

1781 3727 2051 3767 consensu
2093 3713 2177 3768 vel
2207 3713 2434 3767 fratrum
2477 3731 2605 3784 pars
2645 3717 2857 3771 consilii
2894 3721 3126 3775 sanioris
3166 3737 3360 3777 secun-

1781 3803 1906 3856 dum
1953 3803 2043 3856 Dei
2083 3803 2330 3859 timorem
2366 3813 2420 3857 et
2457 3805 2600 3859 beati
2641 3807 2916 3862 Benedicti
2971 3811 3206 3879 regulam
3246 3814 3362 3867 cle-

1781 3898 1976 3967 gerint.
2011 3896 2116 3951 Vos
2145 3896 2329 3966 igitur,
2363 3898 2456 3952 ﬁlii
2489 3899 2540 3952 in
2581 3901 2800 3956 Christo
2851 3903 3060 3971 dilecti,
3091 3905 3182 3960 Dei
3213 3923 3358 3962 sem-

1780 4006 1878 4061 per
1911 3990 2157 4045 timorem
2201 4000 2255 4044 et
2284 4006 2526 4045 amorem
2560 3993 2610 4046 in
2647 3994 2901 4049 cordibus
2930 3998 3125 4051 vestris
3158 3999 3356 4056 habere

1779 4081 2034 4151 satagite,
2064 4089 2120 4134 ut
2153 4091 2357 4150 quanto
2403 4097 2431 4135 a
2478 4083 2828 4138 srccularibus
2874 4086 3190 4142 tumultibus
3227 4090 3360 4143 libe-

1780 4171 1954 4226 riores
1986 4171 2140 4235 estis,
2175 4179 2324 4226 tanto
2357 4172 2587 4242 amplius
2624 4173 2840 4242 placere
2871 4175 2978 4228 Deo
3011 4177 3174 4231 totius
3203 4193 3355 4232 men-

1779 4261 1848 4316 tis
1897 4270 1951 4316 et
1995 4260 2191 4315 animae
2230 4261 2522 4316 virtutibus
2572 4263 2859 4318 anheletis.
2897 4265 2952 4318 Si
2989 4282 3092 4334 qua
3137 4281 3268 4321 sane
3302 4269 3354 4322 in

1777 4352 2074 4405 crastinum
2116 4351 2486 4408 ecclesiastica
2537 4353 2881 4408 smcularisve
2927 4369 3154 4424 persona
3197 4358 3356 4427 hujus

1775 4442 2040 4512 privilegii
2069 4443 2320 4512 paginam
2351 4443 2554 4510 Sciens,
2581 4454 2766 4498 contra
2793 4461 2912 4499 eam
2945 4456 3144 4502 temere
3171 4451 3358 4504 venire

1707 4537 2096 4601 Dtcntaverit,
2148 4539 2385 4593 secundo
2440 4539 2666 4595 tertiove
2727 4545 3088 4609 commonita,
3145 4546 3189 4600 si
3247 4563 3352 4602 non

1777 4629 2148 4684 satisfactione
2173 4645 2408 4700 congrua
2433 4633 2823 4710 emendaverit,
2863 4637 3148 4702 potestatis
3177 4638 3351 4692 hono-

1777 4724 1962 4792 risqne
1997 4723 2078 4776 sui
2112 4721 2376 4790 dignitate
2406 4733 2608 4789 careat,
2639 4741 2896 4794 reamque
2923 4741 2982 4781 se
3008 4727 3354 4798 divinojudi-

1775 4816 1862 4870 cio
1892 4815 2127 4870 existere
2172 4815 2237 4869 de
2283 4825 2592 4884 perpetrata
2643 4817 2926 4888 iniquitate
2955 4831 3268 4888 cognoscat,
3297 4834 3355 4878 et

1776 4923 1805 4960 a
1835 4907 2208 4962 saeratissimo
2249 4922 2475 4975 corpore
2513 4923 2576 4963 ac
2616 4909 2880 4978 sanguine
2923 4912 3013 4965 Dei
3051 4921 3106 4965 et
3141 4913 3351 4970 Domini

1778 5001 2158 5070 Redemptoris
2201 5001 2371 5054 nostri
2415 5000 2540 5055 Jesu
2575 5000 2774 5054 Christi
2821 5002 2994 5056 aliena
3035 5005 3147 5067 ﬁat,
3189 5015 3352 5075 atque

1776 5096 1829 5150 in
1887 5104 2134 5149 ext:cmo
2187 5095 2436 5148 exatuine
2506 5093 2766 5148 districta:
2815 5094 3000 5149 ultioni
3056 5096 3348 5165 subjaceat.

1772 5188 1991 5242 Cunctis
2055 5198 2232 5240 autem
2276 5186 2450 5239 eidem
2501 5185 2619 5239 loco
2677 5185 2824 5254 justa
2870 5189 3213 5242 servantibus
3281 5193 3354 5246 sit

1773 5293 1878 5349 pax
1921 5276 2133 5332 Domini
2182 5275 2350 5329 nostri
2395 5273 2522 5329 Jesu
2563 5273 2805 5338 Christi,
2853 5287 3123 5345 quatenus
3165 5287 3217 5332 ct
3264 5279 3350 5334 hic

1777 5371 2012 5426 fructttm
2054 5369 2206 5423 bona-
2246 5366 2476 5420 actionis
2525 5365 2846 5435 percipiant,
2887 5377 2942 5419 et
2980 5368 3120 5437 apud
3159 5368 3347 5423 distri—

1774 5478 1921 5518 etum
1970 5461 2207 5528 judicem
2263 5458 2482 5527 praemia
2549 5467 2766 5513 aeterna.-
2830 5458 2982 5528 pacis
3051 5460 3346 5514 inveniam.

1771 5553 1965 5606 Amen.

1844 5645 2036 5698 Datum
2064 5641 2296 5696 Turonis
2335 5656 2430 5712 per
2471 5657 2688 5696 manum
2723 5640 2970 5706 Joannis,
2998 5640 3056 5696 S.
3089 5640 3345 5696 Romana:

1773 5737 2028 5796 Ecclesiae
2059 5736 2267 5792 diaconi
2301 5736 2612 5802 cardinalis,
2658 5752 2707 5788 ιχ
2741 5735 2859 5790 lia].
2899 5735 3119 5805 Aprilis,
3155 5734 3325 5787 iudiet
