3888 6322
533 299 638 356 δείΞῦ

1800 283 1861 337 Β.
1895 279 2126 336 ΠΒΒΑΝ

2271 275 2351 331 PA
2360 274 2472 330 ΡᾸΞ
3670 275 3739 333 ιιΣῶ

534 429 614 478 tv,
644 423 783 465 anno
809 406 1100 463 Dominica:
1147 400 1536 458 lncarnatiouis
1583 397 1736 463 1096,
1774 396 2116 465 pontificatus
2145 388 2191 444 Δ
2215 391 2344 446 Jesu
2377 388 2600 454 Christi,
2629 396 2897 456 quatenus
2923 393 2977 440 et
3006 383 3094 438 hic
3127 384 3369 439 fructum
3399 385 3547 441 bona:
3573 391 3744 447 actimis

538 502 718 558 autem
746 498 948 555 domini
978 494 1179 552 Urbani
1210 493 1248 547 ll
1279 508 1431 563 p'tpm
1458 507 1556 544 vn.

1168 584 1475 641 CLXXXII.

609 680 946 750 Privilegium
979 675 1181 730 Urbani
1206 675 1274 727 -Η
1303 691 1397 743 pro
1434 669 1763 726 Marbaceusi
1802 664 2044 721 ecclesia.

929 763 932 766 '
1149 768 1327 837 (Anno
1357 764 1540 834 1096.)

832 858 997 932 [σαιι.
1027 855 1223 911 Christ.
1264 873 1403 918 nov.,
1437 865 1472 907 t.
1503 853 1564 915 V,
1599 868 1650 922 p.
1684 849 1831 921 474.]

608 953 857 1009 Unstnus
885 953 1190 1020 episcopus,
1221 963 1410 1003 servus
1449 960 1729 1002 servorum
1761 943 1876 1006 Dei,
1907 941 2119 997 dilectis

537 1047 663 1101 [iiiis
703 1046 755 1100 in
788 1043 1126 1100 Marbacensi
1170 1042 1399 1095 ecclesia
1441 1039 1754 1094 canonicam
1796 1036 1959 1088 vitam
2003 1050 2121 1104 pro-

536 1137 714 1200 fessis,
744 1147 1043 1202 eorumque
1081 1131 1487 1186 successoribus
1535 1129 1585 1181 in
1628 1126 1816 1182 eadem
1863 1124 2121 1194 religione

533 1227 909 1297 permansuris
936 1224 987 1276 in
1011 1231 1355 1291 perpetuum.

611 1314 902 1385 Religiosis
935 1312 1219 1367 desideriis
1257 1311 1475 1379 dignum
1507 1316 1590 1362 est
1633 1306 1842 1360 facilem
1881 1306 2121 1375 prtebere

540 1419 901 1468 consensum,
946 1412 1005 1457 ut
1057 1401 1228 1456 fidelis
1277 1400 1491 1454 devotio
1539 1399 1809 1451 celebrem
1864 1397 2122 1450 sortiatur

538 1498 809 1553 effectura.
857 1494 1092 1549 Proinde
1137 1507 1236 1546 nos
1273 1491 1471 1545 vestris
1521 1503 1617 1558 per
1654 1488 1974 1541 familiarem
2029 1502 2122 1540 no-

539 1598 746 1649 strum,
802 1594 1040 1640 vestrum
1102 1592 1280 1637 autem
1348 1583 1694 1651 priepositum
1752 1578 2120 1645 Manegaldum

538 1678 792 1746 precibus
839 1684 1171 1737 annuentes,
1223 1682 1331 1726 tam
1371 1688 1468 1726 vos
1505 1687 1666 1740 quam
1716 1679 1896 1725 vestra
1941 1668 2120 1723 omnia

538 1769 639 1823 sub
672 1769 895 1821 tuitione
928 1765 1238 1835 apostolica:
1268 1763 1411 1819 sedis
1438 1762 1761 1830 excipimus,
1791 1769 1844 1814 et
1883 1773 2122 1829 praesen-
2156 1751 2200 1804 Β

540 1859 611 1913 tis
643 1855 907 1925 privilegii
944 1854 1270 1908 auctoritate
1310 1851 1604 1904 munimus.
1639 1849 1940 1902 Statuimns
1975 1846 2121 1900 enim

539 1957 600 2002 ut
639 1946 839 2002 nemini
883 1947 1025 2000 inter
1056 1959 1151 1998 vos
1181 1942 1520 2014 professione
1559 1941 1800 1996 exhibita
1844 1938 2122 2010 prOprium

537 2038 667 2110 quid
701 2038 922 2101 habere,
969 2052 1069 2092 nec
1099 2035 1218 2090 sine
1264 2033 1538 2105 praepositi
1573 2041 1665 2086 aut
1701 2031 1820 2086 sine
1853 2028 2124 2085 communi

541 2126 982 2198 congregationis
1029 2125 1250 2181 licentia
1285 2127 1352 2179 de
1390 2123 1647 2179 claustris
1687 2121 1966 2178 discedere
1993 2120 2127 2174 libe-

544 2233 660 2272 rum
695 2217 784 2272 sit.
813 2216 966 2281 Quod
995 2214 1041 2270 si
1069 2214 1384 2269 discesserit
1414 2223 1466 2266 et
1499 2212 1676 2266 redire
1713 2209 2122 2278 contempserit,

543 2307 592 2362 ei
617 2304 843 2372 ejusque
866 2303 1243 2358 sucessoribus
1272 2300 1501 2356 facultas
1523 2300 1594 2354 sit
1615 2297 1872 2364 ejusmodi
1903 2297 2128 2351 ubilibet

545 2412 575 2450 a
607 2398 722 2451 suis
757 2395 950 2451 ofﬁciis
996 2396 1346 2458 interdicere,
1382 2393 1726 2448 interdictum
1759 2395 1886 2446 vero
1920 2391 2128 2461 episco-

542 2503 737 2558 porum
771 2487 854 2541 vel
893 2487 1150 2542 abbatum
1183 2487 1300 2541 sine
1323 2483 1440 2554 ejus
1465 2498 1729 2538 consensu
1759 2480 1935 2536 nullus
1960 2479 2128 2535 absol-

544 2588 658 2634 vat.
715 2578 984 2633 Praeterea
1049 2593 1144 2646 per
1209 2575 1492 2648 prmsemis
1557 2571 1824 2644 privilegii
1878 2570 2126 2641 paginam

543 2669 838 2738 apostolica
907 2667 1232 2723 auctoritate
1291 2667 1612 2729 statuimus,
1667 2673 1726 2718 ut
1785 2677 2127 2734 qmecunque

545 2764 710 2818 hodie
734 2771 915 2816 vestra
946 2760 1177 2816 ecclesia
1199 2761 1342 2830 juste
1368 2758 1630 2830 possidet,
1655 2757 1768 2812 sive
1801 2756 1856 2810 in
1886 2753 2129 2808 futurqu

545 2853 897 2909 concessione
925 2851 1242 2922 pontificum
1269 2890 1283 2916 ,
1325 2850 1651 2905 liberalitate
1703 2849 2006 2919 principum
2046 2846 2131 2901 vel

547 2945 824 3000 oblatione
865 2943 1102 2998 fidelium
1137 2943 1260 3009 jure
1295 2950 1459 3011 atque
1495 2940 1760 2995 canonice
1791 2939 1989 3008 poterit
2016 2937 2131 2990 adi-

547 3037 711 3107 pisci,
737 3035 892 3091 firma
911 3034 1066 3089 vobis
1093 3035 1398 3102 vestrisque
1421 3031 1827 3087 successoribus
1848 3039 1903 3083 et
1926 3028 2126 3082 illibata

547 3139 928 3204 permaneant.
952 3130 1300 3185 Deeeruimus
1327 3143 1456 3198 ergo
1479 3135 1538 3180 ut
1565 3127 1692 3181 nulli
1713 3126 1934 3181 omnino
1960 3125 2131 3178 homi-

551 3237 683 3276 num
711 3221 870 3276 liceat
887 3221 1134 3275 eamdem
1154 3219 1449 3274 Ecclesiam
1475 3227 1680 3272 temere
1693 3217 2030 3286 perturbare,
2047 3225 2138 3267 aut

551 3313 669 3382 ejus
697 3312 1067 3383 possessiones
1109 3309 1349 3374 auferre,
1380 3309 1465 3363 vel
1499 3307 1711 3362 ablatas
1741 3307 1994 3372 retinere,
2035 3307 2134 3359 mi-

552 3419 750 3470 nuere,
796 3404 883 3459 vel
941 3403 1249 3458 temerariis
1301 3400 1676 3456 vevationibus
1731 3397 1988 3467 fatigare;
2045 3398 2137 3452 sed

551 3497 734 3551 omnia
790 3497 1000 3565 integra
1056 3503 1448 3549 conserventur
1499 3507 1718 3558 eorum,
1765 3505 1863 3560 pro
1911 3504 2136 3559 quorum

555 3588 950 3641 sustentatione
978 3596 1034 3640 et
1064 3585 1454 3656 gubernatione
1484 3597 1743 3637 concessa
1773 3590 1922 3645 sunt,
1954 3581 2140 3635 usibus

555 3678 882 3732 ouinimodis
907 3676 1208 3746 profutura.
1242 3677 1320 3729 Ad
1347 3677 1462 3729 lucc
1507 3673 1822 3742 adjicientes
1852 3672 2139 3726 statuimus

557 3780 618 3824 ut
665 3770 843 3824 nullus
896 3771 1050 3825 vobis
1103 3770 1360 3823 violentia
1410 3769 1492 3825 vel
1551 3769 1747 3822 astutia
1799 3768 2033 3838 qualibet
2085 3768 2137 3822 in

557 3857 905 3928 prmpositum
960 3860 1344 3921 constituatur,
1377 3859 1478 3912 nisi
1517 3875 1675 3927 quem
1721 3857 1917 3913 fratres
1952 3873 2140 3913 omnes

559 3951 832 4005 communi
863 3966 1152 4014 consensu,
1182 3949 1263 4004 vel
1305 3948 1532 4003 fratrum
1563 3964 1688 4017 pars
1718 3949 1926 4002 c0usilii
1964 3952 2141 4006 sanio-

561 4043 638 4096 ris
677 4043 968 4096 secnndutn
1013 4041 1108 4095 Dei
1156 4043 1403 4096 timorem
1449 4042 1768 4110 regulariter
1808 4041 2144 4112 providerint

560 4131 892 4202 eligendum;
920 4131 1173 4196 chrisma,
1211 4131 1387 4186 oleum
1416 4142 1682 4196 sanctum,
1715 4134 2143 4188 consecrationcs

561 4220 812 4274 altarium
860 4221 974 4275 sive
1023 4221 1382 4286 basilicarum,
1414 4221 1782 4276 ordinationes
1821 4221 2141 4276 clericorum

563 4311 632 4366 ah
661 4310 913 4380 episcopo
953 4310 1002 4363 in
1037 4311 1188 4380 cujus
1219 4310 1438 4366 dimcesi
1467 4312 1617 4377 estis,
1644 4311 1942 4381 accipietis,
1970 4312 2140 4381 siqui-

2218 483 2551 552 percipiant,
2607 488 2660 534 et
2714 477 2856 546 apud
2919 475 3228 530 districtum
3293 473 3530 543 judicem
3582 485 3743 547 prmus

2203 581 2433 626 aeterna:
2463 569 2614 639 pacis
2641 566 2940 620 inveniant.
2971 566 3179 630 Amen,
3213 580 3409 628 amen,
3438 581 3604 619 amen.

2292 664 2484 716 Datum
2531 658 2764 714 Turonis
2803 673 2900 727 per
2939 673 3156 712 manum
3185 655 3447 721 Joannis,
3478 671 3653 714 sancta
3679 662 3747 714 Ila-

2221 768 2394 808 mana:
2439 750 2694 805 Ecclesia:
2739 747 2950 803 diaconi
3005 747 3337 810 cardiualis,
3389 762 3445 802 ix
3472 747 3581 800 Kal.
3608 751 3747 818 Δίκη..

2222 847 2408 901 indict.
2444 858 2520 907 IV,
2549 857 2692 895 anno
2723 840 3017 895 Dominicze
3057 838 3464 893 Incarnationis
3497 839 3637 903 1096,
3659 856 3750 909 pono

2226 936 2466 990 tificatus
2494 941 2674 988 autem
2706 932 2888 986 domui
2922 930 3123 985 Urbani
3153 930 3195 984 ll
3227 945 3393 1000 papa:
3422 945 3497 984 Ix.

2856 1065 3185 1121 CLXXXIII.

2295 1188 2311 1206 ‘
2354 1183 2599 1238 Urbanus
2635 1182 2699 1237 II
2748 1183 3050 1321 monasretzﬁi
3099 1179 3438 1235 Corbeiensis
3480 1181 3707 1250 privilegia

2861 1268 2953 1304 con
2978 1264 3155 1304 trmat.

2861 1264 3155 1304 conﬁrmat.

2705 1384 2708 1386 -
2819 1342 2998 1413 (Anno
3035 1341 3217 1411 1096.)

2519 1431 2792 1505 [Mantum
2825 1431 3020 1485 Annal.
3051 1431 3251 1484 Bened.
3284 1430 3358 1496 γ,
3389 1428 3537 1499 572.]

2839 1541 3170 1597 CLXXXIV.

2229 1640 2246 1660 ‘
2293 1636 2546 1698 Ccrardo,
2585 1651 2712 1690 novo
2739 1635 2916 1688 abbati
2947 1635 3254 1687 monasterii
3287 1633 3350 1687 S.
3388 1631 3560 1686 Mauri
3583 1631 3752 1686 Clarae-

2321 1707 2554 1777 {oliensis
2586 1726 2602 1756 ι
2632 1707 3012 1774 amplissimum
3039 1704 3377 1773 privilegium
3405 1703 3642 1756 concedit.
3667 1723 3681 1752 ι

2822 1797 3001 1867 (Anno
3034 1797 3218 1866 1096.)
3279 1851 3282 1855 λ

2474 1888 2559 1959 ID.
2590 1887 2860 1950 Romam,
2915 1884 3031 1940 Vita
3069 1883 3296 1951 Urbani,
3336 1901 3395 1956 p.
3425 1882 3574 1954 254.]

2845 2023 3082 2080 CLXXX
3093 2023 3153 2078 ν.

2229 2141 2294 2194 In
2325 2140 2544 2195 concilio
2577 2139 2868 2194 Turonensi
2913 2139 3326 2194 controversiam
3361 2137 3500 2190 inter
3540 2135 3752 2189 canonicos

2301 2212 2363 2266 S.
2402 2209 2620 2263 Martini
2659 2221 2707 2264 et
2750 2215 3034 2264 monachos
3067 2209 3521 2263 Cormeriacenses
3553 2204 3749 2271 componit

2301 2281 2546 2334 Urbanus
2564 2318 2579 2344 ,
2606 2281 2860 2334 sententia
2887 2281 3173 2332 secundum
3209 2278 3500 2331 canonicos
3529 2276 3651 2337 lata;
3682 2292 3750 2341 qua

2298 2351 2478 2405 statuit
2508 2361 2562 2402 ut
2599 2349 2809 2402 abbates
2859 2349 3312 2402 Cormeriacenses
3362 2348 3598 2400 baculum
3629 2354 3751 2412 pasto-

2301 2421 2462 2474 ralem
2493 2421 2556 2472 de
2582 2418 2822 2487 sepulcro
2863 2419 2922 2473 S.
2957 2417 3210 2485 Martini,
3240 2417 3512 2471 communi
3539 2415 3687 2467 deceat
3717 2422 3748 2463 et

2301 2489 2516 2558 capituli
2536 2491 2696 2560 jussu
2733 2498 2964 2542 sumant.
3373 2498 3376 2500 '

2836 2579 3012 2648 (Anno
3043 2578 3223 2646 1096.)

2635 2671 2850 2745 [ΜΑΝεῃ
2884 2669 3087 2724 Concil.
3123 2671 3242 2734 XX,
3275 2670 3431 2742 926.]

2305 2769 2555 2826 Uumsus
2584 2767 2889 2836 episcopus,
2929 2778 3121 2819 servus
3147 2778 3435 2818 servorum
3463 2762 3569 2816 Dei.

2304 2858 2594 2926 Querelam
2661 2857 2725 2911 de
2779 2855 3179 2911 Cormaricensi
3252 2855 3508 2909 cmnobio
3556 2852 3668 2906 inter
3705 2849 3742 2900 It.

2238 2948 2453 3004 Martini
2502 2947 2794 3002 canonicos
2843 2957 2897 3000 et
2938 2946 3081 3001 illius
3123 2946 3226 3000 loci
3259 2945 3555 3000 monachos
3601 2941 3743 2996 diutius

2235 3041 2518 3112 agitatam,
2547 3039 2779 3108 qualiter
2809 3037 2861 3091 in
2894 3046 3185 3105 conspectu
3209 3047 3427 3102 nostro,
3455 3034 3744 3100 archiepisco-

2237 3146 2426 3198 porum
2463 3130 2825 3198 abbatumque
2841 3127 3046 3196 judicio
3069 3126 3291 3181 definita
3342 3129 3414 3181 sit
3443 3127 3505 3180 ad
3542 3135 3743 3176 ttlruttlm-

2236 3238 2342 3293 que
2369 3222 2610 3291 quietem
2647 3229 2982 3290 perpetuam,
3013 3227 3213 3272 nostrae
3241 3217 3577 3272 auctoritatis
3605 3213 3742 3266 litteris

2238 3315 2584 3384 prmeipimus
2621 3312 3008 3384 adnotandum.
3038 3311 3216 3366 Lectis
3241 3312 3393 3365 enim
3446 3311 3495 3363 in
3523 3314 3741 3374 conspectu

2238 3405 2451 3474 publico
2485 3404 2544 3457 Β.
2573 3403 2790 3458 Martini
2830 3401 3150 3472 privilegiis,
3186 3401 3362 3470 ipsius
3387 3401 3541 3455 etiam
3574 3393 3738 3450 C(Bntlbil

2241 3495 2634 3559 monumentis,
2665 3496 2842 3564 patuit
2876 3494 3054 3549 locum
3085 3494 3233 3548 illum
3265 3509 3335 3548 ex
3369 3490 3653 3562 supralictre
3687 3499 3742 3536 er-

2239 3587 2416 3642 clesia:
2446 3587 2752 3657 stipendiis,
2771 3586 3157 3641 cauonicorum
3183 3585 3426 3655 ipsorum
3450 3582 3607 3638 studio
3627 3577 3738 3630 fuisse

2240 3678 2582 3734 aedificatum.
2614 3676 2713 3742 Qui
2743 3685 2929 3746 postea
2955 3691 3052 3746 per
3075 3676 3514 3745 Andegavensem
3533 3668 3738 3726 comitem.

2243 3770 2537 3824 advocatia:
2569 3785 2662 3824 seu
2701 3767 3036 3823 defensionis
3081 3768 3394 3827 occasione,
3437 3781 3499 3821 ex
3524 3759 3735 3818 canonico-

2243 3878 2361 3917 rum
2398 3869 2666 3931 potestate
2689 3860 2932 3916 sublatus
2957 3869 3059 3915 est.
3102 3861 3181 3914 Ex
3210 3858 3593 3914 considentium
3630 3850 3738 3920 igitur

2246 3954 2468 4007 fratrum
2499 3953 2589 4022 qui
2637 3951 2916 4006 nobiscum
2957 3951 3190 4005 Turonis
3236 3951 3300 4003 ad
3333 3944 3735 4006 ecclesiasticam-

2244 4043 2389 4115 gotia
2423 4043 2656 4096 finienda
2695 4048 3087 4102 convenerant,
3117 4039 3507 4094 deliberatione
3546 4027 3738 4099 atquclu'

2244 4132 2408 4194 dicio,
2457 4129 2884 4186 Cormaricensis
2943 4128 3113 4182 abbas
3169 4127 3363 4189 Guido.
3409 4123 3626 4183 baculum
3666 4126 3732 4166 non

2244 4223 2491 4276 ordinate
2530 4230 2811 4288 acceptum
2855 4219 2915 4272 Β.
2972 4217 3187 4273 Martini
3232 4217 3502 4273 canonicis
3557 4204 3734 4265 reddidit-

2247 4313 2346 4380 Qui
2375 4328 2494 4366 mox
2554 4327 2716 4382 super
2746 4309 2805 4364 Β.
2849 4309 3064 4364 Martini
3117 4309 3382 4364 tumulum
3433 4306 3610 4378 positus
3645 4303 3730 4349 est:

563 4403 685 4456 dum
716 4402 944 4472 gratiam
984 4412 1146 4470 atque
1189 4404 1619 4458 communionem
1660 4404 1965 4474 apostolica:
1996 4403 2141 4458 sedis
2176 4432 2221 4491 ο
2249 4413 2432 4472 postea
2466 4381 2640 4456 tamen
2669 4416 2735 4454 ex
2759 4401 2948 4456 eodem
2997 4399 3202 4454 tumulo
3252 4399 3428 4453 eidem
3465 4381 3732 4452 abbati.tl"ia

564 4495 838 4558 habuerit,
869 4502 922 4546 et
951 4495 994 4548 si
1025 4509 1087 4548 ea
1117 4495 1288 4564 gratis
1334 4510 1398 4549 ac
1447 4496 1564 4550 sine
1606 4497 1872 4565 pravitate
1914 4495 2144 4550 voluerit

563 4586 856 4647 exhibere,
917 4584 1154 4654 alioquin
1205 4584 1362 4640 liceat
1407 4586 1558 4641 vobis
1612 4585 1934 4642 catholicum
1985 4600 2144 4654 quem

567 4673 868 4729 malueritis
896 4674 1044 4728 adire
1070 4675 1392 4741 antistitem,
1415 4684 1470 4731 et
1495 4675 1563 4729 ab
1587 4690 1652 4730 eo
1677 4675 2144 4730 consecratiouum

567 4774 908 4820 sacramenta
965 4767 1260 4836 suscipere.
1318 4765 1374 4821 Si
1430 4782 1534 4836 qua
1594 4782 1724 4822 sane
1781 4765 2144 4822 ecclesiastica

571 4856 914 4910 saecularisve
977 4870 1238 4928 persona,
1293 4857 1433 4912 hanc
1493 4867 1690 4912 nostrae
1742 4855 2147 4911 constitutionis

571 4947 821 5014 paginam
879 4948 1091 5013 sciens,
1156 4957 1345 5002 contra
1405 4963 1525 5002 eam
1588 4947 1771 5001 venire
1824 4947 2144 5012 tentavcrit,

573 5038 810 5090 secundo
861 5038 1084 5092 tertiove
1131 5040 1488 5102 commonita,
1539 5037 1584 5092 si
1633 5053 1738 5090 non
1784 5037 2149 5091 satisfactione

573 5139 811 5194 congrua
875 5128 1270 5192 emendaverit,
1326 5127 1607 5198 potestatis
1668 5126 1998 5194 honorisque
2066 5124 2148 5178 sui

575 5217 837 5288 dignitate
873 5229 1074 5284 careat,
1103 5235 1359 5291 reamque
1385 5235 1443 5275 se
1471 5221 1651 5280 divino
1676 5218 1878 5288 judicio
1913 5216 2149 5271 existere

577 5310 644 5364 de
669 5318 976 5378 perpetrata
1020 5311 1300 5381 iniquitate
1344 5321 1656 5383 cognoscat,
1687 5319 1740 5366 et
1777 5326 1805 5363 a
1845 5309 2153 5364 sacratissi-

579 5416 666 5454 mo
706 5414 932 5469 corpore
973 5410 1028 5455 et
1060 5405 1326 5472 sanguine
1364 5406 1452 5459 Dei
1487 5416 1542 5460 et
1571 5405 1783 5458 Domini
1820 5405 2150 5475 Redempto-

578 5490 655 5544 ris
685 5491 852 5543 nostri
881 5489 1008 5544 Jesu
1049 5492 1247 5546 Christi
1279 5495 1451 5549 aliena
1482 5499 1594 5560 fiat,
1623 5504 1786 5566 atque
1823 5497 1876 5550 in
1906 5504 2152 5550 extremo

577 5579 831 5633 examine
860 5579 1119 5634 districta:
1154 5581 1343 5635 ultimi
1388 5583 1689 5652 subjaceat;
1722 5585 1930 5638 cunctis
1972 5594 2151 5638 autem

576 5671 753 5728 cidem
780 5672 1060 5744 locojusta
1097 5673 1436 5730 servantibus
1476 5676 1547 5730 sit
1589 5692 1690 5745 pax
1731 5676 1940 5731 Domini
1985 5676 2151 5730 nostri

2252 4496 2511 4564 religiosae
2560 4492 2990 4546 conversationis
3033 4490 3357 4550 habebatur,
3408 4482 3728 4543 rcstitutusest.

2247 4586 2514 4654 Perpetuo
2550 4586 2729 4654 itaque
2761 4583 2980 4638 decreto
3013 4591 3192 4636 ratum
3234 4595 3357 4634 esse
3384 4573 3675 4650 praecepimus
3691 4575 3731 4612 re

2248 4676 2503 4744 deinceps
2553 4675 2603 4728 iu
2655 4674 3054 4729 Cormaricensi
3099 4673 3352 4726 emnobio
3384 4671 3528 4725 aliter
3573 4659 3732 4726 digiti"

2249 4786 2408 4839 quam
2443 4771 2494 4823 in
2542 4768 2867 4838 supradicta:
2913 4767 3158 4822 ecclesiae
3186 4765 3464 4836 privilegio
3484 4754 3728 4815 continetur-

2251 4861 2464 4916 Electus
2491 4869 2672 4915 autem
2717 4858 3030 4929 supradicto
3076 4866 3261 4912 tenore
3311 4858 3377 4910 de
3406 4856 3461 4908 Β.
3494 4841 3730 4904 Martini

2250 4952 2436 5022 pulcro
2473 4952 2722 5008 baculum
2747 4959 2927 5005 sumat
2961 4968 2974 5005 :
3012 4951 3138 5004 item
3163 4949 3416 5004 defun‘cto
3443 4944 3616 5000 abbate,
3637 4941 3727 4986 scm-

2250 5061 2347 5116 per
2374 5047 2440 5100 ad
2468 5045 2715 5101 eumdem
2769 5044 2943 5099 locum
2981 5043 3208 5098 baculus
3255 5042 3529 5098 referatur,
3549 5040 3594 5086 ut
3621 5029 3728 5090 sup"

2252 5137 2340 5191 illa
2363 5137 2704 5192 sanctissima
2729 5135 3056 5191 confessoris
3087 5135 3367 5204 apostolici
3395 5129 3613 5187 membra.
3633 5125 3724 5169 00""

2252 5227 2400 5281 muni
2429 5227 2617 5282 decan-i
2650 5236 2704 5282 et
2753 5226 2972 5296 capituli
3004 5224 3182 5293 jussu,
3223 5225 3432 5295 signum
3474 5215 3577 5275 illud
3602 5213 3724 5297 pasta-

2251 5316 2380 5370 ralis
2412 5317 2690 5385 regiminis
2715 5330 2932 5384 semper
2951 5314 3248 5383 accipiatur
3273 5331 3287 5366 :
3313 5313 3460 5368 salvo
3487 5301 3720 5362 Turonensis

2253 5406 2643 5478 archiepiscopi
2671 5407 2816 5476 jure,
2861 5405 3003 5473 quod
3037 5404 3090 5456 in
3137 5401 3352 5459 abbatis
3382 5392 3721 5458 ordinationes?

2254 5501 2486 5555 cundum
2511 5515 2849 5555 conununem
2900 5497 3157 5553 Ecclesiae
3203 5494 3601 5552 consuetudinem
3619 5485 3717 5532 CXC"

2255 5591 2485 5645 rendam
2508 5600 2608 5645 est.
2629 5589 2686 5644 Si
2716 5589 2836 5658 quis
2857 5598 3057 5644 sanctae
3080 5590 3445 5644 constitutioni
3469 5581 3565 5641 huic
3579 5567 3716 5660 obt‘iaftf

2259 5681 2356 5747 ire,
2390 5690 2446 5735 et
2472 5669 2886 5736 Cormaricense
2917 5681 3220 5736 coenobium
3258 5679 3489 5734 ecclesia:
3510 5672 3555 5725 Β.
3579 5661 3713 5717 Mariti"
