3888 6322
51 428 134 487 Ilii
1194 417 1547 474 EPlSTOlJE
1592 416 1676 470 ΕΤ
1710 410 2104 469 PlllVllllill.

3173 414 3275 470 ιω

44 542 226 618 jnlicio
304 538 355 592 in
435 534 663 607 generali
734 536 942 606 synodo
1008 534 1366 603 compeditos.
1444 535 1605 587 Nobis
1636 531 1680 583 Α
1709 530 1903 582 astutia
1929 533 2010 581 vel
2040 527 2287 581 violentia
2316 529 2978 599 perimuntur,ni‘sitjuem
3000 532 3059 587 tu
3089 528 3276 598 tuique

50 651 191 693 sane.
256 640 310 686 et
379 626 626 684 omnibus
688 627 778 695 qui
842 624 1076 679 Turonis
1149 625 1425 677 nobiscum
1495 621 1603 674 Deo

50 720 350 793 propitiante
407 722 792 777 ceuvenerunt,
869 713 1070 782 liquido
1112 714 1314 784 paruit,
1364 722 1418 765 et
1471 711 1602 782 legis

47 822 93 864 et
140 805 400 876 Evangelii
449 808 500 859 et
552 805 867 857 sanctorum
920 818 1184 857 canonum
1236 802 1597 864 documentis,

48 900 229 955 nullam
280 894 518 949 solvendi
578 898 738 963 quem
787 907 888 947 nos
938 891 1223 962 ligavimus
1273 890 1598 945 fraternitati

48 998 217 1043 vestra:
242 996 528 1054 suppetere
556 992 900 1053 potestatem.
921 982 1069 1038 Unde
1091 993 1143 1036 et
1163 983 1325 1035 filium
1357 986 1597 1035 nostrum

48 1080 359 1134 Francorum
396 1090 596 1146 regem,
637 1076 809 1130 deuec
838 1075 945 1128 Deo
991 1075 1041 1127 in
1092 1074 1246 1127 nobis
1297 1083 1351 1127 et
1400 1082 1601 1127 sancta:

49 1164 281 1224 Romanus
322 1168 576 1223 Ecclesia:
606 1168 924 1230 satisfaciat,
956 1165 1482 1220 excomumnicatum
1512 1179 1594 1218 as-

48 1262 275 1321 serimus,
301 1267 354 1313 et
383 1267 491 1311 tam
522 1258 826 1327 episcopos,
868 1262 1029 1326 quam
1062 1245 1196 1310 alios
1229 1248 1497 1324 quaslibet
1548 1255 1598 1309 ei

48 1350 369 1419 pertinaciter
399 1349 871 1403 comznunicantes
902 1362 1023 1402 esse
1068 1347 1368 1410 sancimus,
1400 1354 1455 1400 et
1483 1346 1598 1416 pri-

48 1444 273 1511 vilegium
313 1441 605 1510 potestatis
642 1442 915 1507 amittere,
957 1440 1000 1495 si
1039 1440 1161 1509 quis
1197 1440 1247 1493 in
1292 1438 1406 1509 ejus
1438 1441 1598 1493 abso-

48 1536 222 1587 lutione
251 1532 568 1587 inconcessa
598 1533 742 1585 abuti
778 1532 1181 1602 praesumpserit
1209 1541 1494 1601 potestate.
1525 1531 1599 1586 De

45 1634 214 1679 extero
242 1625 525 1679 universos
556 1640 651 1677 vos
680 1624 949 1678 Arelatem
977 1625 1089 1694 (45)
1136 1625 1186 1678 ἰιι
1231 1625 1439 1679 octavis
1470 1639 1598 1692 apo-

46 1716 276 1769 stolorum
299 1711 441 1769 Petri
474 1725 524 1768 et
564 1715 712 1769 Pauli
744 1716 809 1769 ad
840 1715 1147 1777 concilium,
1181 1717 1324 1770 omni
1357 1716 1593 1785 seposita

44 1814 319 1877 occasione,
356 1808 672 1866 invitamus.

608 1938 985 1999 CLXXXVIII.

532 2073 611 2124 pa:
642 2056 703 2110 11
744 2075 837 2124 pro
869 2059 1183 2111 monasterio
1234 2050 1380 2111 Novo
1425 2049 1602 2109 Picta:

461 2126 789 2196 Marruuium
837 2126 1077 2193 Novum,
1132 2126 1281 2196 cujus
1332 2126 1600 2180 ecclesiam

104 2196 444 2259 dediciiveial,
486 2198 582 2249 sub
634 2197 771 2249 sedis
817 2197 1116 2263 apostolira’
1142 2198 1454 2263 protection:
1483 2214 1599 2250 sus-

103 2265 232 2332 ripil,
258 2265 489 2347 illudque
526 2260 861 2319 Cluniacensi
888 2260 1202 2321 monasterio
1228 2260 1455 2337 su‘bjicil.

619 2357 795 2424 (Anno
828 2356 1008 2425 1096.)

116 2496 125 2508 ,
194 2444 339 2514 [Dom
371 2448 661 2512 illan-reas,
698 2448 953 2503 Thesaur.
987 2450 1183 2504 Anecd.
1215 2449 1256 2512 l,
1284 2446 1437 2521 267.]

110 2526 333 2590 hirsutus
369 2539 679 2605 episcopus,
718 2548 907 2592 servus
960 2550 1239 2592 servomm
1290 2539 1407 2602 Dei,
1443 2550 1596 2594 reve-

54 2626 333 2677 rcndissitno
358 2626 519 2680 fratri
569 2621 792 2691 llucom,
825 2623 1166 2683 Cluniacensi
1206 2630 1413 2695 abb‘ati,
1458 2631 1602 2685 salut

54 2718 140 2767 tum
162 2726 207 2768 et
236 2717 584 2785 apostolicam
615 2718 1062 2776 benedictionem.

111 2806 295 2861 Adhuc
344 2820 465 2875 nos,
523 2810 841 2879 disponente
896 2813 1143 2880 Domino,
1190 2812 1241 2866 in
1296 2813 1600 2884 apostolicae

54 2896 457 2951 sedisset-vitium
509 2910 785 2966 proinotos
823 2902 1186 2971 agnoscimus,
1224 2912 1279 2955 nt
1317 2902 1433 2971 ejus
1476 2902 1600 2958 ﬁliis

58 2984 277 3037 auxilium
326 2986 743 3056 implorantilms
779 2989 1071 3045 ellicacitcr
1113 2992 1419 3056 subvenire,
1466 3002 1521 3046 et
1549 2995 1597 3048 ei

54 3072 325 3130 olimlientes
374 3078 514 3130 tueri
574 3093 636 3131 ac
676 3089 979 3150 protegere.
1021 3090 1179 3149 prout
1211 3080 1468 3136 Dominus
1509 3083 1602 3136 de--

57 3163 199 3227 dcn't,
241 3162 549 3222 tlébenllllls.
608 3162 759 3225 Unde
804 3180 1015 3240 oportet
1054 3188 1153 3227 nos
1198 3170 1598 3229 venerabilibus

55 3241 164 3306 locis
188 3271 387 3309 manum
414 3256 774 3327 protectionis
800 3261 1095 3330 porrigere.
1125 3273 1179 3317 et
1204 3275 1480 3318 servorum
1510 3264 1601 3319 Dei

60 3342 198 3404 quieti
224 3349 477 3401 attentius
535 3348 840 3417 providere.
873 3345 1106 3404 Proinde
1135 3354 1426 3406 venerabili
1487 3366 1603 3408 m‘o-

60 3433 262 3485 nasterio
298 3437 436 3504 quod
480 3437 638 3491 bona:
668 3439 942 3492 memoria:
970 3438 1308 3504 Guillehnus,
1352 3441 1599 3497 Pictavo-

61 3528 155 3573 l‘lltll
198 3537 384 3585 comes.
416 3528 465 3581 in
523 3528 691 3598 ipsius
736 3530 885 3585 urbis
916 3514 1196 3597 suburbio,
1240 3534 1305 3586 ad
1340 3534 1601 3588 honorem

62 3609 200 3667 beatzc
229 3615 400 3673 Mariae
426 3635 649 3689 semper
680 3621 922 3690 virginis,
952 3630 1008 3677 et
1045 3633 1354 3677 sanctorum
1387 3636 1603 3693 aposto-

60 3697 203 3755 lorum
225 3702 435 3762 Joannis
462 3719 525 3764 et
572 3709 801 3765 Andreae
850 3713 1179 3776 construxit,
1232 3729 1329 3767 nos
1363 3721 1470 3767 tam
1506 3730 1602 3783 pro

62 3788 260 3855 ejusdem
286 3800 519 3855 dominze
551 3813 775 3867 nostrte,
811 3811 865 3856 et
894 3813 1206 3859 sanctorum
1234 3805 1599 3875 apostolorum

66 3882 319 3973 devotione,
334 3907 489 3960 quam
519 3908 616 3960 pro
640 3902 743 3948 tua:
763 3894 1036 3973 religionis
1057 3896 1271 3949 eximia:
1294 3896 1599 3962 dilectione,

64 3966 325 4059 hujusmodi
363 3981 705 4052 privilegium
739 3992 803 4038 e'x
836 3966 1166 4055 benignitate
1201 3988 1345 4041 sedis
1380 3996 1602 4056 apostoa

65 4062 158 4119 lira:
204 4070 548 4143 indulgemus.
606 4075 905 4131 Statuimus
959 4078 1102 4131 enim
1152 4087 1211 4131 ιιι
1270 4095 1602 4149 (ιιιίιιςιιιιίιιιθ

70 4154 199 4221 “Nm.
256 4174 609 4232 quoscunque
672 4165 1044 4235 possessiones
1108 4178 1602 4237 supramenmratns

68 4258 233 4315 Cottius,
262 4268 348 4307 seu
380 4252 568 4310 ﬁdeles
598 4255 687 4310 alii
713 4258 777 4312 de
799 4274 898 4312 suo
920 4257 1043 4327 jure
1074 4261 1246 4316 cidem
1276 4264 1603 4319 monasterio

70 4338 382 4406 contulerunt,
406 4353 460 4399 et
488 4359 827 4414 qua'cunque
858 4347 1017 4401 hodie
1038 4348 1181 4417 juste
1210 4351 1461 4419 possidet,
1492 4352 1604 4407 sive

72 4422 113 4474 iu
140 4426 348 4485 futurum
383 4436 527 4500 juste
554 4446 608 4488 et
641 4438 903 4491 canonice
934 4439 1132 4507 poterit
1173 4434 1415 4508 adipisci.
1450 4440 1599 4494 ﬁrma

46 2052 180 2136 Bulla
221 2054 417 2137 b’rbuni

108 2143 274 2178 Nﬂﬂl.
305 2156 369 2165 ’-

74 4528 249 4585 Bt‘mper
285 4532 335 4576 et
364 4525 564 4579 illibata
600 4540 985 4596 permaneant,
1014 4539 1122 4583 tam
1172 4546 1202 4583 a
1232 4540 1283 4583 te
1334 4546 1493 4599 quam
1534 4528 1601 4584 ab
1631 4545 1676 4602 υ

72 4605 137 4659 eis
169 4611 316 4676 quiin
346 4626 434 4669 too
462 4618 640 4671 oﬂieio
690 4619 915 4689 locoque
962 4622 1345 4685 successerint,
1379 4624 1599 4690 perenni

80 4700 301 4763 tempore,
330 4705 443 4758 sine
491 4708 859 4776 in‘qiiietudine
904 4708 1079 4778 aliqua
1127 4711 1470 4779 possidenda,
1514 4726 1600 4764 re—

78 4788 215 4849 genda
260 4806 318 4847 ae
347 4795 695 4863 disponenda,
742 4798 880 4852 sicut
907 4815 935 4851 a
968 4800 1365 4867 praedecessore
1420 4804 1604 4853 nostro

82 4887 246 4932 sancta:
297 4887 562 4940 memoria:
631 4887 896 4959 Gregorio
956 4890 1040 4943 \‘ll
1082 4889 1235 4956 juxta
1292 4890 1600 4958 petitionem

81 4970 329 5033 supradicti
375 4977 586 5031 comitis
616 4979 917 5033 institutum
950 4992 1051 5035 est.
1088 4981 1437 5035 Decernimns
1474 4993 1605 5050 ergo

80 5061 129 5101 ιιι
160 5057 270 5111 nulli
296 5065 508 5120 omnino
557 5068 829 5121 hominum
857 5070 1010 5122 liceat
1040 5072 1282 5124 eamdem
1319 5071 1624 5125 ecclesiam.

86 5147 251 5200 temere
293 5156 624 5222 perturbare,
656 5168 749 5211 aut
795 5157 911 5224 ejus
962 5161 1327 5229 possessiones
1370 5162 1603 5225 auferre,

84 5230 150 5281 vel
190 5237 374 5295 ablatas
423 5247 682 5312 retinere,
733 5250 813 5303 vel
878 5253 1181 5305 temerarils
1234 5242 1607 5308 vexationibus

87 5316 303 5391 fatigare;
333 5335 423 5387 sed
446 5339 623 5391 omnia
647 5341 857 5407 integra
889 5351 1277 5394 conserventur
1294 5356 1478 5394 eorum
1507 5358 1605 5411 pro

84 5422 281 5475 qmrum
301 5429 680 5483 sustentatione
704 5439 757 5482 et
780 5431 1169 5498 gubernatione
1195 5447 1447 5485 concessa
1481 5446 1605 5487 sunt

90 5500 242 5556 usibus
261 5513 567 5570 omnimodis
606 5517 907 5586 profutura.
940 5519 1068 5573 Item
1100 5520 1478 5573 constituimus
1524 5530 1603 5584 ut,

92 5589 285 5657 obeunti:
304 5602 508 5671 abbate,
538 5624 640 5663 non
672 5609 814 5665 alius
834 5610 906 5665 ibi
931 5626 1247 5683 quacunque
1272 5613 1607 5682 obreptionis

1705 626 2044 672 successores
2083 619 2377 673 secundum
2407 619 2655 672 timorem
2689 620 2778 674 Dei
2826 620 3121 691 elegeritis.
3156 620 3279 674 Ele-

1702 719 1823 763 ‘ctns
1851 719 2029 764 autem
2062 725 2090 762 a
2114 708 2443 763 Pietavie‘nsi
2474 710 2725 781 episcopo
2744 713 3276 774 eonsch'ctur,omui

1702 800 2054 869 professionis
2095 802 2375 856 exactione
2429 803 2681 871 seposita.
2714 804 3163 859 Conseorationes
3194 805 3275 859 al-

1702 890 1897 945 tarium
1930 892 2042 945 sive
2080 892 2443 956 basilicarum,
2488 893 2851 947 ordinationes
2891 896 3275 949 monachorum

1702 983 1815 1036 sive
1845 981 2187 1045 clericorum,
2218 985 2307 1051 qui
2347 984 2413 1037 ad
2446 999 2628 1037 sacros
2654 984 2852 1037 fuerint
2902 986 3117 1039 ordines
3149 1004 3281 1053 pro-

1701 1074 1980 1137 mo‘vendi,
2037 1074 2105 1127 ab
2149 1075 2338 1128 colent
2378 1075 2631 1143 episeopo
2678 1076 2971 1151 accipiant;
3011 1077 3274 1146 siquidem

1701 1166 1929 1235 gratiam
1978 1167 2141 1234 alque
2171 1168 2602 1220 communionem
2655 1167 2959 1235 apostolica:
2999 1170 3145 1222 sedis
3179 1170 3281 1222 ba-

1700 1257 1897 1315 liucril.
1941 1261 1983 1313 si
2014 1276 2073 1311 ea
2107 1260 2275 1328 gratis
2302 1270 2365 1312 ac
2397 1260 2515 1313 sine
2547 1260 2810 1328 pravitate
2850 1260 3080 1315 voluerit
3125 1262 3280 1315 exhi-

1701 1347 1827 1401 bere
1866 1352 1881 1400 ‘:
1916 1348 2179 1418 alioquin,
2212 1348 2371 1403 liceat
2393 1351 2472 1403 eis
2505 1349 2835 1404 eatltolicum
2884 1360 3042 1419 quem
3072 1352 3277 1407 malue-

1701 1438 1808 1492 rint
1835 1440 1987 1494 adire
2027 1440 2353 1501 antistitem,
2388 1451 2440 1494 et
2476 1442 2542 1494 ab
2575 1451 2639 1495 eo
2685 1443 3155 1497 censecratiomnn
3187 1459 3278 1498 sa—

1699 1539 1975 1581 cramenta
2009 1530 2304 1598 suscipere.
2346 1529 2480 1595 Quia
2531 1541 2658 1584 vero
2689 1531 2928 1600 ejusdem
2965 1533 3276 1589 monasterii

1698 1618 1948 1681 ecclesia,
1979 1619 2238 1687 largiente
2271 1619 2516 1683 Domino,
2546 1622 2746 1676 nostris
2769 1631 2851 1676 est
2882 1624 3130 1678 manibus
3151 1640 3279 1680 ron-

1698 1720 1928 1770 sei-rata,
1967 1711 2069 1764 hoe
2102 1726 2314 1779 quoque
2349 1714 2600 1781 praisenti
2633 1712 2868 1782 capitulo
2904 1712 3281 1782 subjungimus

1700 1808 1754 1851 ut
1807 1814 1904 1854 nec
1936 1801 2208 1869 episcopo,
2253 1816 2350 1853 nec
2408 1801 2645 1870 episcopi
2700 1802 2998 1856 ministerio
3029 1804 3278 1872 cuiquam

1630 1863 1671 1920 ⁸
1700 1887 1930 1944 facultas
1953 1891 2021 1944 sit
2066 1900 2266 1945 temere
2312 1892 2447 1945 citra
2496 1902 2733 1946 nostram
2784 1893 2866 1946 vel
2907 1894 3069 1963 legati
3109 1896 3279 1949 nostri

1698 1980 1968 2035 licentiam
1992 1982 2042 2035 in
2073 1982 2247 2035 locum
2266 1982 2411 2037 illum
2438 1984 3011 2039 exconnnunicationis
3034 1985 3279 2054 proferre

1700 2071 2040 2133 sententiam,
2070 2080 2337 2141 quatenus
2360 2082 2413 2125 et
2443 2072 2665 2125 abbates
2684 2071 2799 2139 ejus
2825 2084 2879 2127 et
2903 2074 3181 2140 monachi,
3204 2077 3273 2129 ab

1699 2160 1876 2212 omnis
1900 2160 2108 2213 servitii
2136 2160 2238 2213 sint
2276 2160 2619 2214 iul’estatione
2645 2161 2846 2226 securi,
2878 2164 3133 2232 omnique
3159 2179 3281 2231 gra-

1700 2250 1913 2303 vamine
1968 2251 2253 2304 mundana:
2306 2251 2677 2321 oppressionis
2716 2255 2939 2319 remoti,
2990 2254 3281 2310 in'sancta

1701 2340 1979 2406 religionis
2009 2341 2389 2396 observatione
2435 2343 2632 2407 seduli,
2656 2344 2933 2414 quietique
2965 2346 3278 2414 persistant,

1701 2445 1799 2485 nec
1826 2429 1916 2482 ulli
1950 2428 2037 2483 alii
2079 2431 2180 2485 nisi
2206 2430 2387 2484 abbati
2411 2430 2752 2485 Cluniacensi
2777 2434 2958 2502 aliqua
2996 2444 3284 2487 teneantur

1700 2523 1986 2576 occasione
2013 2519 2261 2588 subjecti.
2295 2520 2350 2572 Si
2376 2535 2480 2588 qua
2506 2534 2639 2573 sane
2666 2520 3031 2575 ecclesiastica
3065 2523 3283 2576 saecula-

1702 2613 1843 2666 risve
1886 2629 2113 2682 persona
2150 2612 2289 2665 hanc
2337 2620 2534 2665 nostra:
2583 2613 2984 2667 constitutionis
3029 2616 3275 2682 paginam

1700 2704 1895 2765 sciens,
1924 2712 2111 2758 contra
2158 2716 2279 2756 eam
2312 2701 2497 2756 venire
2544 2707 2852 2768 tentaverit,
2883 2706 3119 2759 secundo
3173 2716 3277 2759 ter-

1701 2794 1845 2848 tiove
1865 2794 2213 2853 commonita.
2243 2792 2287 2846 si
2314 2806 2416 2846 non
2441 2792 2813 2848 satisfactione
2835 2810 3073 2865 congrua
3095 2811 3283 2851 emen-

1700 2882 1929 2949 daverit,
1960 2882 2245 2954 potestatis
2286 2881 2613 2952 honorisque
2658 2885 2738 2938 sui
2781 2884 3045 2954 dignitate
3075 2896 3282 2950 careat,

1703 2990 1959 3044 reamqne
2012 2990 2072 3030 se
2118 2974 2302 3028 divino
2341 2973 2548 3044 judicio
2591 2975 2829 3031 existere
2860 2977 2926 3030 de
2972 2987 3283 3047 perpetrata

1703 3066 1991 3135 iniquitate
2016 3076 2336 3133 cognoscat,
2387 3076 2444 3121 et
2495 3084 2524 3122 a
2569 3066 2935 3122 sacratissimo
2964 3079 3192 3136 corpore
3228 3077 3285 3122 et

1704 3158 1965 3227 sanguine
2020 3158 2110 3212 Dei
2158 3168 2214 3212 et
2257 3158 2465 3213 Domini
2526 3158 2903 3226 Redemptoris
2950 3158 3117 3213 nostri
3158 3156 3282 3213 Jesu

1705 3250 1905 3305 Christi
1938 3251 2110 3305 aliena
2144 3252 2258 3315 ﬁat,
2308 3260 2469 3321 atque
2522 3252 2575 3306 in
2630 3260 2875 3304 extremo
2903 3250 3157 3306 examine
3205 3250 3286 3304 di-

1705 3342 1907 3397 stricta:
1935 3343 2123 3397 ultioni
2167 3343 2445 3411 subjaceat
2467 3359 2482 3407 ;
2508 3343 2719 3397 cunctis
2750 3352 2929 3396 autem
2961 3343 3137 3397 eidem
3168 3341 3287 3397 loco

1698 3432 1841 3501 justa
1873 3435 2215 3489 servantibus
2236 3435 2308 3488 sit
2342 3448 2442 3503 pax
2474 3432 2682 3487 Domini
2710 3434 2881 3486 nostri
2908 3431 3033 3486 Jesu
3059 3432 3283 3497 Christi,

1707 3540 1974 3600 quatenus
1999 3540 2053 3583 et
2085 3530 2139 3584 hi
2181 3530 2415 3584 fructum
2450 3531 2606 3584 bona:
2627 3530 2857 3585 actionis
2880 3530 3198 3600 percipiant,
3232 3539 3289 3585 et

1703 3622 1843 3690 apud
1886 3620 2192 3675 districtum
2221 3618 2459 3688 judieem
2492 3621 2715 3689 prannia
2763 3629 2980 3675 :cternte
3014 3619 3164 3690 pacis
3210 3621 3287 3675 in-

1702 3710 1941 3765 veniant.
1973 3710 2168 3773 Amen,
2204 3726 2386 3774 amen,
2420 3726 2579 3764 amen

1774 3799 1965 3853 Datum
2030 3801 2172 3871 apud
2209 3799 2560 3868 Angeliacum
2614 3814 2713 3868 per
2772 3809 2989 3853 manum
3040 3797 3286 3864 Joannis,

1703 3898 1905 3943 sancta:
1938 3889 2194 3944 llomame
2217 3888 2468 3942 Ecclesiae
2491 3888 2701 3941 diaconi
2725 3888 3041 3955 eardinalis,
3063 3906 3136 3944 vn
3168 3891 3289 3945 ldus

1700 3974 1923 4059 Aprilis,
1962 3977 2253 4031 indictione
2282 3992 2356 4039 tv,
2388 3992 2531 4030 anno
2566 3976 2858 4031 Dominica:
2885 3976 3284 4034 lucarnationis

1704 4067 1867 4130 1096,
1905 4068 2252 4137 pontiﬁcatus
2295 4077 2474 4122 autem
2505 4068 2687 4123 domui
2722 4067 2922 4125 Urbani
2949 4070 3167 4123 secundi
3194 4084 3289 4138 pa-

1703 4170 1784 4224 pa:
1814 4171 1888 4211 Ix.

2329 4248 2660 4309 CLXXXIX.

1706 4334 1862 4399 Bulla
1904 4354 1998 4415 pro
2022 4347 2331 4399 ntonasterio
2363 4346 2546 4401 Sancti
2582 4345 2847 4401 Martialis
2889 4345 3281 4401 Lemoviceusist

2277 4437 2476 4503 ,(Anno
2529 4437 2711 4501 1096.)

1918 4524 2164 4599 [BALqu
2198 4527 2420 4581 Hisce”.
2462 4529 2593 4583 edit.
2638 4528 2790 4593 Luc-.,
2821 4529 2881 4591 ll,
2921 4528 3066 4599 178.]

1778 4617 2024 4672 URBANUS
2050 4618 2357 4686 episcopus,
2390 4633 2580 4673 servus
2618 4634 2898 4673 servorum
2949 4619 3063 4681 Dei,
3095 4618 3289 4672 dilecto

1706 4704 1815 4759 ﬁlio
1860 4706 2143 4773 Assumo,
2187 4707 2366 4761 abbati
2421 4706 2821 4762 Lemovicensis
2872 4708 3103 4763 etenobii
3144 4710 3288 4775 quod

1706 4797 1757 4851 in
1784 4798 1983 4850 honore
2009 4798 2147 4851 beati
2174 4796 2433 4851 Martialis
2463 4798 2782 4852 aediﬁcatum
2810 4808 2892 4852 est
2911 4797 3135 4867 ejusque
3163 4812 3287 4851 suc-

1705 4889 2010 4942 cessoribus
2048 4889 2369 4958 regulariter
2409 4888 2797 4943 substituendis
2845 4890 2897 4941 in
2945 4898 3282 4957 perpetuum.

1776 4979 1855 5030 Ad
1884 4979 2291 5035 sollicitudinem
2309 4995 2371 5034 ac
2401 4979 2786 5048 benignitatem
2813 4978 3118 5047 apostolica:
3145 4978 3287 5032 sedis

1707 5067 1939 5137 pertinet
1967 5082 2020 5122 et
2052 5069 2362 5138 religionem
2406 5084 2601 5136 angere
2627 5076 2679 5119 et
2716 5067 2979 5135 religiosis
3011 5066 3142 5120 locis
3168 5066 3282 5120 sive

1710 5160 1952 5232 personis
1971 5158 2224 5212 auxilium
2240 5174 2349 5212 sua:
2375 5156 3066 5225 protectionisimpendere.
3090 5156 3288 5221 Quam-

1708 5257 1896 5309 obrem
1924 5250 2193 5305 devotioni
2222 5257 2345 5312 tua},
2375 5249 2445 5302 tili
2479 5249 2531 5301 in
2557 5247 2772 5301 Christo
2805 5248 3124 5306 charissime
3145 5251 3285 5303 Ade-

1714 5358 1861 5397 mare
1918 5341 2104 5402 abbas,
2166 5355 2269 5392 non
2317 5338 2597 5392 minimum
2651 5338 2986 5406 gratulamur
3039 5340 3181 5407 quod
3235 5339 3287 5393 in

1711 5432 1860 5486 Beati
1892 5430 2149 5483 lllartialis
2174 5430 2314 5493 apud
2366 5428 2686 5483 Lemovicas
2735 5428 3062 5483 monasterio
3091 5444 3187 5498 per
3237 5437 3289 5483 te

1712 5524 2071 5594 potissimum,
2104 5529 2369 5591 praecepto
2399 5520 2605 5574 scilicet
2645 5530 2809 5589 atque
2840 5520 3101 5576 industria
3134 5534 3287 5574 reve-

1715 5613 2004 5667 rentissimi
2043 5610 2280 5679 llugonis
2325 5609 2693 5666 Cluniacensis
2734 5612 2967 5679 abbatis,
3018 5609 3288 5681 religionis

150 5768 860 5846 (‘31Ncmausicelehratum
898 5787 997 5843 fuit
1039 5804 1222 5851 mense
1270 5787 1427 5856 Julio,
1462 5804 1603 5843 anno
1644 5787 1795 5846 tona.
