3888 6322
601 406 728 464 ’Ἰϐτι

619 529 792 575 status
832 514 1092 585 largiente
1133 510 1176 565 D

617 608 1002 664 stauratioaem
1029 617 1125 672 per
1145 600 1288 654 beati
1318 605 1371 650 et
1396 593 1674 665 apostolici
1701 589 2026 645 cnttchSOI'lS
2058 586 2200 638 Mar-

596 701 758 755 tialis
798 697 989 753 merita
1037 691 1220 763 augeri
1248 699 1302 744 et
1331 686 1549 758 provehi
1582 684 1884 752 cupientes,
1929 694 2025 749 per
2067 691 2220 745 ιντερ-.

615 793 788 848 scutis
805 786 1009 844 decreti
1034 784 1283 855 paginam
1316 777 1620 834 stabilimus
1651 777 1826 828 locum
1854 771 2027 840 ipsum
2061 769 2202 821 sicut

615 885 773 939 hodie
803 888 906 943 est,
934 887 991 933 et
1021 877 1160 931 sicut
1190 874 1257 928 ah
1295 872 1552 942 episcopo
1596 876 1760 936 atque
1796 860 2073 917 canonicis
2105 859 2203 913 Le-

614 970 942 1028 movicensis
998 965 1255 1020 Ecclesiae
1309 961 1550 1016 noscitur
1601 957 1932 1018 institntmn,
1989 965 2203 1018 semper

614 1067 715 1118 sub
747 1057 1057 1129 disciplina,
1088 1053 1442 1124 dispositione
1465 1059 1520 1105 et
1548 1046 1795 1104 custodia
1829 1042 2204 1100 Cluniacensis

593 1154 828 1208 .abhatis
879 1150 1190 1220 persistere,
1220 1154 1273 1200 et
1329 1152 1387 1197 ttt
1421 1144 1657 1196 oheuute
1693 1137 1887 1191 abbate
1915 1134 2092 1187 nullus
2131 1131 2201 1186 ibi

591 1244 860 1314 aqualibet
882 1237 1258 1308 subreptiouis
1279 1234 1477 1290 astutia
1500 1231 1584 1285 vel
1599 1227 1845 1284 violentia
1861 1233 2206 1296 pur-ponatur

589 1338 720 1392 tuisi
744 1349 902 1405 quem
943 1331 1200 1402 praefatus
1231 1325 1607 1384 Cluniacensis
1633 1322 1801 1376 abbas
1827 1319 1936 1372 illic
1961 1317 2044 1370 vel
2077 1331 2199 1370 suc-

592 1442 863 1484 -cessores
890 1425 1006 1494 ejus
1025 1422 1318 1476 secundum
1352 1419 1442 1474 Dei
1479 1417 1729 1470 timorem
1757 1412 2040 1482 elegerint.
2066 1408 2205 1474 Quia

619 1534 746 1574 vero
782 1518 1100 1586 disponente
1151 1511 1378 1566 Domino
1408 1518 1461 1564 et
1503 1507 1676 1562 sancti
1713 1503 1833 1573 ejus
1875 1500 2206 1560 confessoris

619 1609 930 1677 dignatione
962 1607 1162 1660 factum
1192 1613 1278 1658 est
1301 1612 1359 1656 ut
1379 1617 1473 1672 per
1504 1616 1604 1656 nos
1629 1601 1776 1669 ipsos
1802 1598 1918 1666 ejus
1938 1593 2202 1650 tmnulum

617 1702 836 1756 visitare
890 1707 942 1753 et
993 1697 1092 1751 loci
1154 1696 1321 1764 ipsius
1365 1693 1650 1749 ecclesiam
1695 1693 1745 1745 in
1785 1692 1990 1745 honore
2029 1685 2202 1740 sancti

593 1789 918 1848 Salvatoris
943 1802 1264 1843 consecrare
1295 1783 1672 1848 meruerimus,
1706 1796 1802 1835 nos
1828 1796 1926 1849 pro
1961 1777 2201 1849 ejusdem

616 1881 942 1937 confessoris
1000 1877 1280 1948 apostolici
1347 1875 1632 1930 devotione
1669 1883 1726 1928 et
1781 1869 2199 1926 revereatissimi

617 1973 909 2030 eonfratris
954 1971 1119 2028 nostri
1171 1968 1413 2039 Ilugonis
1474 1966 1685 2021 abbatis
1743 1963 2054 2024 dilectione,
2107 1973 2206 2029 pro

593 2079 722 2121 ‘ture
750 2067 911 2121 etiam
936 2062 1210 2134 religionis
1232 2060 1513 2132 petitione,
1537 2066 1590 2112 et
1609 2056 1999 2112 monasterium
2031 2053 2208 2122 ipsum-

617 2169 672 2212 et
701 2169 1035 2227 quascunque
1065 2154 1232 2223 ipsius
1261 2161 1388 2206 sunt
1418 2151 1519 2206 sub
1543 2148 1709 2204 tutela
1735 2145 2048 2217 apostolicae
2064 2143 2210 2197 sedis

618 2249 876 2320 perpettt'b
897 2246 1228 2301 confovendo
1254 2243 1612 2313 suscipimus;
1641 2241 1694 2294 in
1724 2237 1921 2309 quibus
1946 2237 2059 2290 hare
2081 2250 2208 2304 pro—

618 2342 751 2396 priis
782 2338 1090 2393 nominibus
1137 2334 1390 2391 duximus
1426 2331 1798 2402 exprimenda.
1847 2328 1902 2381 In
1955 2325 2207 2380 Lemovi-

605 2429 768 2484 «αιιεί
815 2444 955 2499 pago
1002 2425 1392 2481 monasterium
1449 2422 1662 2478 Sancta:
1709 2418 1960 2481 Valeriae,
2020 2414 2206 2472 Sancti

623 2519 874 2584 Valerici,
915 2519 1127 2573 Sancta:
1165 2515 1367 2578 Mariae,
1397 2528 1519 2584 qua:
1549 2519 1774 2566 vocatur
1819 2507 2207 2570 Subterranea,

619 2609 878 2680 capellam
922 2609 990 2662 de
1044 2606 1217 2670 Buxo,
1263 2604 1525 2660 ecclesias
1577 2603 1642 2657 de
1691 2599 1904 2663 Valera,
1960 2596 2212 2651 videlicet

601 2700 804 2755 Sancti
863 2698 1113 2769 Sulpitii,
1159 2696 1390 2769 .Sanetaa
1444 2694 1658 2758 Marite,
1720 2691 1902 2746 Sancti
1967 2688 2208 2751 Martini,

620 2792 904 2848 ecclesiam
929 2791 1112 2847 Sancti
1143 2789 1404 2844 Martialis
1423 2787 1490 2843 de
1511 2785 1766 2851 Rociaco,
1792 2785 2005 2841 Sanctae
2030 2781 2211 2837 Mariae

601 2912 610 2920 -
623 2885 688 2939 de
733 2883 1070 2948 Claravalle,
1098 2881 1236 2952 apud
1267 2880 1459 2934 Pairae
1483 2878 1750 2934 ecclesias
1773 2876 1960 2932 Sancti
1993 2872 2210 2929 Martini

622 2984 677 3029 et
706 2974 893 3030 Sancti
934 2973 1195 3045 Dionysii,
1242 2972 1368 3025 item
1410 2970 1596 3024 Sancti
1648 2969 1886 3040 Dionysii
1929 2967 1998 3022 de
2044 2965 2209 3028 Murs,

624 3064 841 3118 Sanetze
891 3063 1072 3117 Mariae
1099 3062 1167 3117 de
1204 3061 1405 3126 Roera,
1437 3059 1621 3114 Sancti
1675 3057 1820 3112 Petri
1861 3058 1926 3111 de
1966 3053 2209 3115 l’arazul,

625 3156 809 3210 Sancti
854 3153 1058 3210 Silvani
1104 3154 1170 3208 de
1203 3151 1406 3218 Castel,
1437 3151 1623 3206 Sancti
1677 3147 1938 3203 Martialis
1983 3148 2050 3202 de
2087 3145 2211 3210 ιὶοι,

623 3248 808 3304 Sancti
846 3248 1108 3303 Martialis
1135 3247 1202 3302 de
1237 3246 1429 3310 Roser,
1481 3244 1667 3299 Sancti
1715 3241 1858 3296 Petri
1890 3242 1954 3295 de
1987 3239 2206 3303 Vernol,

623 3339 808 3394 Sancti
843 3337 1108 3408 Alpiuiani
1136 3337 1203 3392 de
1251 3335 1451 3400 Tarne,
1485 3332 1672 3389 Sancti
1703 3331 1962 3385 Martialis
1991 3331 2056 3383 de
2093 3328 2213 3382 Ma-

623 3445 780 3495 na've,
804 3431 1076 3485 abbatiam
1108 3428 1292 3485 Sancti
1320 3426 1465 3482 Petri
1498 3424 1794 3488 Vosiensis,
1826 3423 2212 3478 monasterimn

623 3520 808 3575 Sancti
854 3518 1089 3574 Pardulli
1118 3518 1184 3573 de
1220 3518 1458 3580 Aruaco,
1492 3514 1722 3584 capellas
1751 3515 1817 3568 de
1854 3512 2032 3568 Colret
2063 3521 2118 3566 et
2147 3512 2214 3566 dc

624 3611 879 3673 Monzac,
913 3609 1201 3665 ecclesiam
1255 3609 1322 3664 de
1370 3608 1561 3672 Sirae,
1602 3606 1818 3662 Sanctae
1858 3603 2040 3658 Mariae
2071 3603 2215 3672 Mag-

626 3702 832 3756 daleme
880 3702 944 3755 de
987 3701 1241 3767 Quadris,
1285 3700 1470 3756 Sancti
1512 3698 1774 3753 Martialis
1801 3697 1868 3752 de
1907 3695 2086 3758 Cosei,
2127 3709 2215 3749 ca-

629 3793 824 3862 pellam
872 3792 1057 3847 Sancti
1111 3792 1388 3846 Michaelis
1425 3807 1546 3861 qua:
1597 3791 1798 3846 dicitur
1843 3789 2112 3850 Ameana,
2162 3795 2217 3839 ct

603 3880 908 3934 -castcllum
954 3890 1132 3936 vestro
1161 3881 1494 3935 monasterio
1535 3879 1912 3934 circumsitum
1937 3892 2061 3932 eum
2091 3875 2216 3928 uni-

629 3976 805 4028 versis
847 3975 1189 4044 pertinentiis
1210 3973 1349 4039 suis,
1387 3973 1530 4028 sicut
1562 3973 1690 4027 illud
1732 3971 2024 4041 religiosus
2049 3972 2218 4040 impc-

632 4074 782 4120 rator
803 4065 1164 4120 l—llodouvicus
1186 4065 1346 4120 beato
1371 4063 1602 4119 Martiali
1637 4066 1923 4122 tradidisse
1943 4063 2218 4133 cognosci-

633 4167 742 4212 tur.
775 4158 831 4212 ln
883 4157 1210 4214 Santonensi
1268 4157 1660 4214 monasterium
1716 4157 1901 4213 Sancti
1956 4156 2220 4210 Martialis

632 4252 775 4322 apud
819 4261 1059 4307 castrum
1109 4251 1414 4318 Colesium,
1474 4250 1662 4305 Sancti
1720 4250 1866 4304 Petri
1921 4251 1986 4304 de
2040 4248 2220 4303 Monte

631 4342 835 4406 Andro,
869 4342 1053 4399 Sancti
1085 4343 1295 4398 Martini
1325 4345 1392 4399 de
1420 4343 1658 4407 Saliono,
1685 4342 1869 4398 Sancti
1903 4340 2219 4403 Salvator-is,

631 4449 752 4502 qua:
778 4434 980 4488 dicitur
1024 4433 1145 4488 Vita
1195 4444 1423 4497 (eterna,
1479 4433 1660 4487 Sancti
1709 4433 1854 4488 Petri
1887 4435 1952 4488 de
1996 4431 2217 4495 Anesio,

621 4525 918 4580 ecclesiam
949 4526 1015 4582 de
1044 4529 1206 4582 Doaz.
1241 4529 1297 4583 ln
1325 4529 1652 4586 Arvernensi
1689 4527 1978 4584 ecclesiam
2027 4524 2216 4580 Sancti
2253 4542 2298 4596 ι)

613 4615 844 4671 Martini
877 4617 943 4671 de
1000 4617 1273 4686 Vernojol.
1329 4619 1384 4672 lu
1447 4617 1772 4674 Bituricensi
1830 4614 2217 4671 monasterimn

611 4710 820 4765 Sancti
868 4708 1130 4764 Martialis
1159 4711 1298 4779 apud
1346 4711 1658 4774 Rosiacutn,
1695 4708 1981 4764 ecclesiam
2033 4704 2218 4760 Sancti

607 4799 948 4870 'Leodegarii
976 4800 1044 4856 de
1079 4799 1337 4865 Malvera,
1389 4801 1573 4857 Sancti
1632 4800 1895 4854 Martialis
1943 4798 2010 4851 de
2041 4797 2215 4850 Duno.

635 4894 690 4948 ιιι
719 4892 1045 4947 Pictavieusi
1097 4894 1237 4963 apud
1293 4902 1529 4946 castrum
1575 4891 1887 4946 Monmorde
1936 4888 2220 4943 ecclesiam

635 4984 820 5040 Sancti
855 4985 1067 5040 Martini
1096 4986 1162 5041 de
1187 4985 1434 5052 Monzac,
1463 4995 1517 5039 et
1533 4987 1689 5056 juxta
1718 4984 1996 5039 castellum
2024 4997 2221 5037 novum

638 5079 778 5131 beati
834 5076 1098 5136 Martialis
1135 5079 1443 5134 ecclesiam.
1484 5077 1540 5131 lu
1587 5075 1884 5131 llutenensi
1937 5074 2221 5128 ecclesiam

639 5170 705 5226 de
750 5172 1002 5240 Teuciar,
1033 5177 1250 5230 Sanctae
1279 5171 1460 5227 Mariae
1489 5171 1554 5225 de
1582 5168 1812 5231 Pancsa,
1849 5165 2034 5220 Sancti
2087 5163 2224 5216 Mar-

639 5260 784 5315 tialis
832 5265 897 5318 de
953 5264 1087 5318 [tivo
1126 5273 1362 5333 petroso.
1403 5261 1458 5314 ln
1501 5257 1794 5312 Biterrensi
1852 5254 2113 5309 ecclesias
2159 5253 2226 5305 de

561 5379 569 5393 λ·
636 5353 889 5410 Laurenc
933 5365 986 5409 ct
1033 5356 1098 5409 de
1146 5353 1405 5410 Paimolo.
1450 5352 1505 5406 In
1552 5348 1886 5405 Narbonensi
1937 5344 2223 5400 ecclesiam

634 5441 826 5498 Sancti
892 5443 1156 5497 Cassiani.
1216 5444 1270 5497 In
1325 5438 1760 5511 Petrogoriceusi
1832 5433 2223 5490 monasterium

638 5535 827 5590 Sancti
873 5534 1136 5589 Martialis
1185 5535 1324 5605 apud
1367 5534 1679 5588 Paluatum.
1725 5531 1780 5585 lu
1829 5525 2224 5598 Eugolismensi

637 5627 920 5684 ecclesiam
954 5627 1138 5682 Sancti
1173 5627 1432 5681 Martialis
1452 5625 1519 5680 de
1547 5625 1780 5678 Mnltcne
1806 5632 1861 5675 et
1890 5621 1954 5673 de
1994 5619 2222 5670 tiautra-

625 5733 759 5784 Jac,
800 5727 855 5773 et
893 5715 1156 5786 capellam
1195 5717 1247 5768 in
1288 5714 1420 5767 silva
1467 5713 1680 5781 Biarga,
1713 5721 1768 5763 et
1793 5709 1952 5763 aliam
1980 5707 2033 5760 in
2062 5706 2226 5758 hosco

631 5808 881 5882 ﬂigreto,
921 5819 979 5876 et
1017 5806 1200 5863 Sancti
1251 5804 1439 5858 Hilarii
1485 5805 1535 5856 in
1585 5800 1807 5855 castello
1843 5799 1907 5852 de
1949 5797 2120 5850 Iloea.
2171 5796 2224 5848 ln

1905 388 1961 442 Β.
2004 378 2258 439 unum
2295 377 2330 431 ll
2376 373 2575 430 Ruﬁ-li
2646 421 2648 425 .
3707 369 3767 424 tat

1180 506 1364 563 omino
1412 505 1747 559 instauratus
1777 507 1878 552 est.
1911 498 2084 563 Quam
2125 511 2202 546 ιιι·

2313 482 2690 553 Βιιικξιιειιιιηιδί
2743 479 3006 534 ecclesias
3050 477 3236 530 Sancti
3263 476 3417 529 .I‘ctri
3447 477 3505 528 de
3547 477 3770 536 'l'irtim-u

2304 580 2370 631 de
2397 577 2590 630 Fornel
2617 583 2669 627 et
2704 574 2768 626 de
2799 571 3111 623 Pctralicta.
3168 570 3221 621 In
3257 569 3432 621 chnsi
3461 573 3672 626 ecclesias
3691 575 3771 628 Saa.

2304 682 2404 724 ene
2444 669 2625 723 Marize
2657 668 2722 721 de
2749 666 2972 721 Scrmca
3007 674 3062 717 et
3095 664 3160 716 de
3186 661 3356 716 Soant
3392 680 3506 716 cum
3534 668 3775 734 pes-tineam

2303 774 2360 817 (τι
2407 761 2738 831 ηρροιιάίεξίδ
2773 758 2906 813 suis.
2958 757 3303 823 Quamcumque.
3351 766 3588 822 przetcrea
3621 759 3660 809 in
3694 778 3774 827 pr:-

2304 856 2442 909 senti
2488 863 2727 906 vestrum
2758 851 3066 903 ('(leltltltll
3099 847 3246 917 juste
3291 849 3540 918 possidet,
3565 851 3654 901 sive
3675 853 3711 901 in
3732 854 3776 901 ia-

2307 956 2481 1000 tnrtm
2505 946 2653 1014 juste
2693 954 2856 1013 atque
2897 942 3158 995 canonice
3193 941 3388 1007 poterit
3437 940 3647 1007 adipisci,
3686 946 3777 993 lima

2304 1037 2458 1089 vobis
2517 1034 2816 1102 vestrisque
2870 1030 3278 1085 successoribus
3320 1039 3372 1082 et
3429 1029 3607 1080 illibata
3647 1047 3779 1097 per-2}

2305 1135 2463 1180 neunt
2474 1163 2490 1178 ο

2383 1212 2738 1268 Decerniutus
2768 1225 2897 1280 ergo
2929 1220 2982 1261 ut
3007 1208 3134 1261 nulli
3167 1207 3390 1261 omnino
3428 1207 3663 1261 hominum
3684 1209 3777 1260 licet

2307 1310 2446 1364 idem
2479 1307 2865 1362 monasterium
2899 1315 3008 1356 Ictu
3047 1320 3102 1355 re.
3126 1305 3471 1371 perturbare,
3502 1312 3580 1353 aut
3607 1302 3779 1368 t‘j'tspor

2305 1400 2580 1456 acssiones
2620 1395 2858 1457 auferre,
2883 1395 2968 1448 vel
2997 1393 3204 1446 ablatas
3231 1393 3490 1455 retinere,
3517 1391 3782 1450 minuerem

2309 1490 2613 1546 temerariis
2643 1488 3022 1542 vcxationihus
3057 1485 3306 1554 fatigare,
3347 1484 3439 1536 sed
3476 1483 3630 1534 omnia
3655 1483 3782 1551 ἰιιιοιςη

2305 1589 2696 1638 conserventur
2734 1594 2920 1633 COI‘IIIII
2976 1592 3072 1646 pl‘t)
3121 1587 3355 1642 quorum
3411 1571 3732 1624 sustentationc
3755 1584 3784 1621 ει

2306 1671 2698 1740 gubernatione
2725 1680 2983 1720 concessa
3023 1671 3149 1716 sunt
3191 1662 3381 1713 usibus
3419 1661 3634 1710 omnium
3650 1659 3696 1710 lis
3718 1673 3786 1723 pra-

2309 1765 2509 1818 futura.
2541 1759 2699 1815 Salva
2729 1755 3134 1812 Lemovicensis
3173 1750 3667 1818 epismpi'canonica
3695 1765 3784 1798 mr-

2239 1845 2278 1903 Β
2310 1852 2502 1913 rentia,
2551 1847 2819 1916 siquidem
2884 1843 3189 1898 catholicus
3249 1841 3417 1892 fuerit
3458 1849 3508 1890 et
3561 1837 3732 1906 gratiam
3761 1845 3789 1884 οι

2317 1938 2760 1997 communionem
2812 1932 3124 2005 apostolica:
3164 1930 3311 1985 sedis
3359 1927 3604 1982 habuerit.
3630 1926 3789 1991 Αιὶιηιιίι

2311 2033 2550 2105 quandiu
2600 2029 2768 2091 forte,
2803 2026 2946 2097 quod
2999 2025 3174 2088 absit,
3225 2019 3615 2076 Lemoviceusis
3645 2017 3790 2070 ecclesia

2311 2135 2528 2197 pastore
2565 2122 2824 2185 caruerit,
2859 2119 3015 2172 vobis
3053 2107 3363 2183 vesti'isque
3414 2110 3741 2165 successoribus
3757 2109 3790 2157 li-

2310 2227 2431 2274 eeat
2456 2214 2859 2271 ordinationum
2892 2211 3008 2264 sive
3040 2207 3515 2261 eonscerationmn
3538 2198 3790 2270 quarumlibet

2311 2307 2488 2378 gratia
2527 2304 2852 2360 catholicum
2881 2314 3042 2370 quem
3077 2296 3384 2354 malueritis
3414 2295 3683 2362 (‘pismpunt
3704 2290 3791 2341 adire

2311 2407 2367 2454 ct
2405 2398 2473 2452 ab
2507 2411 2574 2452 eo
2605 2411 2726 2465 qtne
2758 2400 2886 2448 sunt
2930 2398 3232 2460 opportuna
3266 2386 3557 2455 suscipere.
3585 2384 3687 2434 llt‘ttt
3719 2396 3792 2427 mx-

2312 2489 2586 2546 stituimus
2598 2496 2652 2541 ut
2677 2483 2971 2542 secundum
2991 2480 3226 2550 antiqua:
3248 2474 3632 2532 consuetudinis
3643 2472 3790 2526 modum.

2314 2582 2537 2636 absente
2589 2577 2864 2648 episcopo,
2917 2571 3069 2626 Beati
3110 2568 3381 2623 Martialis
3431 2566 3584 2618 abbas
3624 2561 3794 2630 pret-ipe

2313 2683 2437 2724 eum
2501 2665 2800 2733 majoribus
2862 2659 3144 2716 canonicis
3211 2653 3600 2710 Lemovii-ensis
3642 2648 3794 2704 ecclesia

2314 2775 2503 2816 curam
2549 2765 2722 2830 gerat,
2749 2765 2802 2811 et
2852 2751 3173 2824 episcopalis
3213 2749 3416 2803 electio
3444 2762 3506 2800 ex
3532 2745 3630 2813 ejus
3664 2741 3794 2810 [uilissi-

2315 2851 2700 2909 mumarhitrio
2721 2849 3061 2917 disponatur.
3092 2842 3370 2896 Prmsente
3395 2850 3593 2907 quoque
3614 2832 3792 2902 episcopo.

2317 2959 2423 2997 non
2464 2943 2582 2996 sine
2638 2939 2878 3008 ejusdem
2935 2933 3148 2988 abbatis
3183 2929 3415 2985 consilio
3454 2924 3666 2996 graviora
3696 2919 3795 2986 ipim

2314 3034 2561 3090 ecclesiae
2585 3007 2796 3102 negotia
2853 3034 3206 3098 peraguntur.
3241 3021 3358 3075 lloc
3401 3029 3600 3087 quoque
3636 3007 3794 3081 pnrsmii

2316 3125 2551 3195 capitulo
2583 3120 2956 3190 snhjungimus
2978 3132 3048 3170 ne
3072 3130 3170 3184 pro
3212 3112 3487 3166 communi
3527 3101 3793 3174 parochiam-

2237 3200 2286 3263 C
2318 3214 2546 3267 terdicto
2568 3205 3230 3266 velexeommnnicatione
3255 3196 3626 3252 utotmsterium
3645 3197 3794 3242 κάπνη

2315 3303 2609 3358 interdicto
2637 3293 3258 3355 exeommnnication-ive
3305 3289 3580 3351 subdatur,
3612 3291 3656 3334 ut
3686 3290 3793 3356 unua

2313 3391 2764 3448 excommunieati
2792 3389 2899 3443 illic
2921 3386 3006 3440 vel
3038 3379 3311 3438 interdicti
3376 3388 3672 3445 nequaquam
3694 3369 3739 3419 ad
3752 3365 3795 3414 tlt-

2315 3487 2438 3540 Vina
2480 3484 2655 3538 ollieia
2698 3482 3078 3535 admittuntur.
3113 3475 3170 3530 Si
3220 3487 3327 3542 qua
3368 3485 3496 3524 sane
3531 3459 3792 3522 ecclesiamet

2316 3575 2658 3646 surcularisve
2687 3587 2918 3643 persona
2966 3569 3109 3624 hanc
3141 3572 3344 3619 nostra:
3384 3552 3793 3614 emstiuuionispa'

2317 3665 2718 3738 ginamscicns,
2749 3671 2938 3717 contra
2984 3673 3104 3712 eam
3150 3663 3363 3711 temere
3390 3651 3564 3706 venire
3587 3636 3793 3699 tentarent,

2318 3757 2552 3810 secundo
2605 3753 2833 3808 tertiove
2891 3749 3244 3811 commonita,
3301 3749 3349 3801 si
3398 3759 3498 3799 non
3542 3729 3794 3793 επιὶδῐδςιὶιειε

2319 3859 2551 3912 t-insgrua
2583 3840 2975 3902 emendaverit,
3028 3837 3310 3906 potestatis
3360 3829 3654 3894 honorisque
3671 3819 3726 3874 sui
3750 3819 3793 3863 ιξιο

2319 3938 2526 4006 gnitate
2575 3940 2787 3995 careat,
2835 3942 3095 3997 rcamque
3133 3942 3192 3981 se
3222 3925 3409 3981 divino
3438 3919 3620 3989 judicio
3650 3908 3793 3964 existere

2319 4032 2385 4079 dc
2417 4033 2723 4096 perpetrata
2758 4020 3044 4090 iniquitate
3073 4027 3392 4089 cogitescat,
3419 4026 3510 4067 cta
3535 3998 3792 4064 sacratissin

2321 4130 2548 4186 corpore
2590 4131 2654 4185 ac
2698 4112 2962 4183 sanguine
2996 4109 3090 4164 Dei
3128 4088 3184 4162 et
3215 4106 3426 4161 Domini
3468 4099 3616 4157 nostri
3655 4088 3793 4146 llulcar

2322 4209 2490 4278 ptoris
2533 4204 2662 4260 Jesu
2718 4203 2922 4259 Christi
2970 4201 3145 4254 aliena
3199 4199 3314 4262 fiat,
3369 4209 3525 4264 atque
3555 4192 3599 4243 in
3641 4191 3793 4238 currum

2322 4299 2569 4353 examine
2619 4297 2878 4352 districue
2911 4294 3098 4348 ultioni
3145 4291 3445 4360 subiaceat.
3481 4281 3670 4339 Cunctis
3688 4282 3792 4356 autalt

2322 4389 2494 4442 eidem
2520 4387 2637 4442 loco
2657 4385 2802 4454 justa
2839 4382 3184 4438 servantibus
3234 4382 3302 4434 sit
3332 4394 3435 4448 pax
3481 4368 3657 4427 limuiui
3693 4365 3792 4448 uelli

2323 4480 2447 4534 .lesn
2477 4477 2698 4542 Christi,
2727 4485 2994 4546 quatenus
3017 4483 3070 4528 et
3101 4473 3187 4526 hic
3238 4445 3474 4524 fructmn
3501 4467 3631 4517 lmine
3653 4445 3793 4507 actioni~
3854 4455 3855 4490 ξ

2324 4572 2618 4643 percipiant
2633 4580 2683 4623 et
2697 4569 2834 4638 apud
2871 4566 3174 4620 districtum
3197 4562 3432 4632 judicent
3463 4550 3792 4628 praeminatch

2323 4661 2471 4730 pacis
2505 4659 2800 4714 inveniant.
2834 4657 3025 4718 Amen,
3057 4669 3236 4717 auten,
3267 4666 3448 4704 amen.

2398 4755 2586 4808 Datum
2648 4748 2940 4804 Sanctonis
2989 4762 3086 4816 per
3143 4758 3363 4798 manum
3422 4733 3642 4793 Joannis,
3669 4727 3792 4815 saucii

2325 4848 2581 4902 Romamn
2606 4843 2845 4898 ecclesia:
2875 4839 3087 4894 diaconi
3117 4835 3427 4898 cardinalis,
3457 4847 3496 4886 ﬂ
3524 4827 3627 4880 ldus
3652 4812 3790 4906 Atinia.

2325 4935 2620 4993 indictione
2653 4949 2726 4995 tv,
2764 4948 2906 4986 anno
2966 4928 3260 4984 Dominieae
3309 4912 3660 4978 Iucarnationis
3701 4905 3790 4956 ίί-ξίῐι

2326 5030 2675 5102 pontiﬁcatus
2700 5035 2882 5079 autem
2931 5022 3112 5076 domui
3167 5019 3368 5074 Urbani
3398 5008 3600 5069 secundi
3626 5005 3787 5072 ρειιιπιύ

3030 5111 3188 5165 CXC.

2330 5212 2532 5266 Urbani
2561 5209 2619 5264 ll
2655 5226 2806 5279 papa:
2843 5203 3078 5279 epis-(oio
3095 5203 3163 5256 ad
3197 5198 3537 5279 [lainumu'uut

2400 5256 2740 5346 urrlticpisco',
2765 5256 2966 5331 unt.’--
2996 5275 3256 5327 Adrersns
3295 5271 3500 5322 clericos
3538 5257 3612 5329 qui
3643 5256 3788 5305 unum“

2393 5354 2534 5404 rium
2573 5349 2630 5402 S.
2669 5348 2890 5401 Oricmii
2931 5347 3272 5398 riolurcraul.

2898 5440 2915 5506 (
2941 5439 3098 5490 Anno
3138 5431 3293 5487 l096.
3320 5432 3338 5500 )

2462 5541 2493 5612 _[
2518 5541 2648 5593 Dom
2679 5504 2955 5600 [ιυυρυεὲ.
2992 5532 3233 5596 Recueil,
3267 5543 3305 5584 t.
3343 5525 3470 5584 XIV.
3500 5537 3546 5591 ρ.

2404 5632 2656 5688 Uanases
2697 5629 3001 5697 episcopus,
3037 5640 3225 5679 servus
3254 5632 3520 5677 servorum
3549 5613 3583 5665 ll
3613 5607 3640 5670 i,
3663 5596 3785 5697 dilect

2331 5723 2484 5778 fratri
2518 5721 2822 5783 RMMUNDO,
2848 5717 3105 5772 Auxicusi
3141 5713 3551 5784 archiepisrtnvo,
3573 5696 3736 5752 salutem
3754 5685 3782 5724 fl

2331 5811 2682 5883 apostolicam
2717 5808 3172 5863 benedictionem.

3615 5182 3788 5237 ἐτίῖπῖίί
