3888 6322
90 339 181 397 169

751 506 975 564 CXCIX.

85 676 143 729 In
169 673 380 728 concilio
417 673 557 739 apud
602 668 947 728 Nemausum,
984 665 1196 739 abolito
1244 659 1628 739 Gregoriinl’ll

143 756 413 814 prlecepto,
446 730 685 796 Urbanus
713 736 1030 814 monasteria
1061 734 1366 813 Figiarense
1394 742 1440 783 et
1491 730 1630 814 Con—

145 800 318 867 }hensé
347 800 489 864 miiri
521 821 671 864 velat.
719 806 1005 875 Utrumque
1030 800 1404 859 monasterium
1454 800 1634 871 guber-

148 884 259 937 nari
285 900 315 935 a
340 882 554 950 proprio
585 880 769 933 abbate
788 877 957 947 jubet.
1360 884 1363 891 ‘

631 1010 828 1078 (Auno
880 1009 1032 1064 lOJ6.
1058 1011 1074 1076 )

87 1128 317 1201 litamen.
339 1167 353 1192 ,
381 1126 509 1180 Acta
536 1123 639 1180 SS.
674 1123 894 1187 Bened.,
932 1121 1050 1176 Siec
1082 1121 1167 1184 lll,
1207 1135 1258 1189 p.
1295 1135 1365 1185 IL,
1394 1136 1444 1188 p.
1477 1115 1637 1187 $18.]

148 1240 384 1295 UBBANCS
425 1238 735 1308 episcopus,
768 1252 957 1291 servus
994 1249 1275 1289 servorum
1311 1234 1422 1286 lie’.

146 1332 267 1386 Cum
301 1345 396 1399 pro
429 1329 661 1396 negotiis
707 1326 1093 1383 ecclesiasticis
1131 1326 1184 1379 in
1232 1334 1414 1394 partes
1455 1323 1642 1378 Galliae

87 1424 441 1485 venissemus,
516 1422 655 1491 apud
714 1420 1033 1474 Arverniam
1091 1417 1355 1488 largiente
1415 1415 1641 1468 Domino

87 1513 359 1583 plenariam
413 1512 682 1583 synodum
741 1509 1180 1565 convocavimus.
1244 1506 1355 1560 Illic
1410 1521 1441 1559 a
1507 1506 1646 1559 Con-

88 1603 280 1655 chensis
336 1601 657 1655 monasterii
706 1599 968 1654 fratribus
1013 1597 1322 1652 reverenda:
1372 1595 1645 1649 memoria:

86 1693 185 1747 CG.
214 1690 297 1745 \‘ll
338 1691 441 1746 PP.
487 1691 684 1746 littera:
719 1697 1055 1758 prassentata:
1083 1695 1240 1749 sunt,
1278 1684 1643 1767 praecipientis

1235 329 1587 386 EPISTULA)
1632 326 1715 380 ΕΤ
1760 326 2163 409 Ριιιγιιδιςωικ.

1663 445 1708 502 Α

3209 325 3313 381 670

2467 444 2567 494 (an
3308 482 3309 485 η

1790 531 1947 585 Bulla
1978 529 2174 583 Urbani
2202 529 2263 584 ΙΙ
2294 547 2442 599 papa:
2464 547 2558 597 pro
2596 529 2655 582 S.
2683 526 2916 583 Martini)
2945 535 3007 584 de
3031 528 3264 597 Campis.
3308 590 3311 591 ν

2303 620 2499 689 (Anno
2548 620 2745 689 1096.)

1738 729 2075 801 [FEt.tBIEN,
2126 728 2359 784 Histoire
2392 732 2456 783 de
2508 730 2682 801 Paris,
2727 728 2979 794 Preuves,
3026 741 3169 783 tome
3212 727 3320 800 Ill,

2409 817 2462 870 p.
2518 800 2603 853 12.
2636 799 2652 870 ¹Ι

1811 892 2065 948 Unnsxes
2102 892 2409 960 episcopus,
2460 906 2650 945 servus
2680 905 2974 944 servorum.
3006 890 3119 953 Dei,
3152 905 3317 944 vene-

1740 984 1892 1039 rabili
1928 984 2079 1037 fratri
2116 984 2344 1044 llL‘GONI,
2376 982 2717 1037 Cluniacensi
2751 982 2965 1045 abbati,
2998 982 3222 1036 salutem
3265 990 3321 1034 et

1739 1075 2089 1146 apostolicam
2126 1074 2574 1127 la‘ucdietinneut.

1812 1166 1920 1220 Piie
1975 1165 2266 1233 postulatio
2320 1164 2615 1217 voluntatis
2674 1161 2870 1216 effectu
2921 1162 3080 1217 debet
3136 1150 3324 1232 prose;

1741 1268 1939 1326 quentc
1979 1256 2263 1326 compleri,
2308 1266 2576 1325 quatenus
2606 1266 2658 1308 et
2691 1254 2995 1308 devotionis
3037 1253 3327 1307 sinceritas

1742 1349 2087 1404 laudabiliter
2114 1350 2400 1406 enitescat,
2435 1356 2486 1398 et
2521 1346 2725 1397 utilitas
2751 1344 3018 1413 postulata
3059 1344 3202 1397 vires
3244 1343 3327 1395 iu-

1744 1441 2058 1493 duhitanter
2090 1448 2353 1493 assumat.
2394 1436 2522 1490 'l'uae
2568 1436 2731 1505 igitur
2776 1434 3036 1488 voluntati
3085 1443 3137 1486 et
3177 1449 3326 1485 eont-

1746 1531 1923 1584 munis
1952 1529 2042 1582 ﬁlii
2079 1528 2323 1584 Ursiouis
2361 1527 2559 1595 prioris
2592 1525 3042 1595 postulationibus
3083 1540 3327 1576 annuen—

1749 1630 1847 1683 tes,
1903 1621 2042 1674 beati
2098 1618 2313 1673 Martini
2374 1618 2761 1671 monasterium
2813 1621 2953 1684 quod
2993 1615 3060 1667 de
3110 1614 3327 1681 Campis

1747 1711 1943 1765 dicitur
1973 1710 2025 1763 iu
2074 1709 2366 1763 Parisieusi
2400 1708 2653 1778 paroebia
2688 1707 2870 1768 situm,
2928 1704 3210 1774 praesentis
3236 1703 3328 1754 de—

90 1783 382 1850 l‘igiacense
428 1781 739 1835 emnobium
772 1780 1095 1869 ‘Conchensi
1159 1777 1407 1833 cmuobio
1461 1776 1645 1831 unicu-

1764 1804 1880 1857 :reti
1910 1803 2237 1856 auctoritate
2260 1803 2626 1862 munimus,ul
2655 1798 3105 1869 quemadmodum
3134 1806 3329 1848 castora

90 1844 219 1925 duin.
251 1872 312 1924 Et
337 1872 462 1940 quia
496 1887 596 1939 per
628 1844 1009 1940 idem‘empus
1031 1870 1247 1938 utrique
1277 1868 1395 1922 loco
1421 1868 1646 1921 abhates

91 1964 269 2033 proprii
309 1962 714 2032 praesidebant,
773 1962 1034 2016 alterutro
1076 1962 1331 2017 defuncto
1381 1975 1505 2013 eum
1556 1958 1643 2027 qui

91 2064 337 2119 superstes
375 2062 547 2117 esset,
590 2053 805 2121 utrique
864 2054 1194 2107 monasterio
1232 2050 1644 2121 prieferendum.

91 2138 397 2199 (Emit-hensis
429 2146 615 2214 itaque
654 2146 886 2199 coenohii
943 2144 1130 2205 abbas,
1178 2143 1302 2213 quia
1347 2151 1535 2197 contra
1568 2141 1652 2195 lit-

94 2248 306 2292 terarum
359 2239 606 2306 ipsarum
660 2248 900 2294 tenorem
957 2238 1283 2293 substitutus
1338 2236 1542 2301 fuerat,
1597 2235 1648 2287 in

94 2330 260 2383 eodem
306 2331 542 2387 concilio
585 2331 889 2401 depositus,
950 2340 1003 2385 et
1044 2329 1399 2399 Figiacensis,
1432 2328 1521 2396 qui
1562 2342 1650 2380 su-

94 2425 376 2491 pervixerat
400 2467 415 2491 ,
462 2427 688 2497 utrique
722 2426 840 2501 loco
871 2426 1127 2496 praalatus
1153 2433 1254 2479 est.
1304 2423 1482 2491 Ctt‘pil
1523 2437 1652 2492 ergo

97 2514 218 2567 inter
254 2524 546 2584 utrumque
597 2518 982 2569 monasterium
1026 2515 1294 2570 discordia
1340 2524 1486 2569 tanta
1525 2530 1650 2568 ver-

96 2602 185 2655 sari
208 2643 222 2667 ,
270 2611 403 2657 utet
438 2605 585 2658 bona
614 2605 842 2673 plurima
872 2604 1329 2669 distraherentur,
1355 2613 1409 2658 et
1448 2603 1652 2657 anima-

99 2712 199 2749 rum
254 2697 395 2751 salus
453 2698 804 2753 detrimentis
881 2696 1132 2750 maximis
1190 2697 1649 2766 pessuuularotur.

98 2784 334 2842 Prmterea
366 2804 489 2842 cum
529 2789 607 2841 ad
631 2804 791 2842 aures
824 2787 1194 2842 Cluniacensis
1219 2787 1428 2840 abbatis
1474 2785 1655 2853 hujus-

99 2878 221 2930 modi
281 2879 604 2933 constitutio
677 2879 1053 2949 pervenisset,
1107 2879 1271 2947 empit
1317 2877 1656 2946 supradictas

99 2965 196 3019 GG.
227 2966 324 3019 PP.
364 2968 578 3023 litteras
622 2978 880 3036 tanquam
921 2968 1271 3035 subreptitias
1311 2969 1652 3031 calumniari,

102 3064 147 3109 et
169 3055 528 3112 deﬁnitionem
575 3058 813 3126 ejusdem
851 3059 1050 3129 negotii
1100 3073 1156 3111 se
1189 3068 1452 3127 praesente
1497 3058 1657 3113 aliter

102 3155 430 3214 perpetratam
517 3149 702 3203 testari
764 3162 780 3200 :
855 3149 1290 3218 quandoquidem
1348 3150 1415 3203 ah
1465 3151 1653 3204 eodem

103 3239 329 3304 pontiﬁce
368 3240 714 3311 Figiaceusis
747 3240 896 3294 locus
934 3240 1278 3294 Cluniacensi
1327 3240 1658 3294 monasterio

104 3343 185 3395 per
214 3332 551 3402 privilegium
594 3330 760 3385 fuerit
784 3332 1157 3386 conﬁrmatus.
1189 3332 1356 3403 Igitur
1387 3348 1509 3386 eum
1554 3332 1657 3385 lar-

104 3420 259 3486 giente
288 3423 519 3477 Domino
553 3424 710 3478 tertia
744 3438 840 3492 per
879 3424 1190 3477 instantiam
1237 3434 1476 3478 ucstram
1519 3424 1658 3491 apud

106 3510 400 3568 Neuiausmn
448 3518 697 3586 synodus
748 3516 1138 3578 convenisset,
1203 3517 1367 3585 carpit
1418 3515 1656 3584 ejusdem

107 3606 277 3673 negotii
314 3608 544 3674 qnmstio
583 3608 826 3677 graviter
852 3607 1067 3675 agitari.
1106 3606 1234 3662 Post
1272 3608 1486 3675 longum
1532 3623 1661 3661 vero

109 3709 249 3763 super
291 3698 386 3751 hac
417 3716 472 3754 re
510 3700 887 3769 episcoporum
934 3701 1304 3769 abhatumque
1346 3710 1657 3765 tractatum,

110 3783 286 3845 placuit
323 3804 442 3843 cum
472 3805 578 3859 pro
615 3792 894 3859 apostolici
919 3792 1185 3862 privilegii
1227 3794 1655 3857 conservatione,

112 3884 207 3929 tum
231 3894 319 3947 pro
341 3883 617 3936 communi
658 3885 1113 3939 monasteriorum
1140 3884 1330 3945 salute,
1358 3896 1416 3940 ut
1447 3888 1662 3956 utrique

111 3964 228 4031 loco,
255 3974 387 4026 sicut
425 3983 590 4027 antea
628 3974 822 4040 fuerat,
862 3977 1031 4030 abbas
1068 3977 1365 4033 cardinalis
1412 3981 1663 4035 restitue-

114 4065 277 4120 retur,
322 4071 375 4114 et
428 4062 783 4132 Figiaccnscs
838 4066 1082 4121 monachi
1140 4068 1240 4121 sub
1293 4069 1662 4126 Cluniaecusis

113 4146 296 4203 ahhatis
341 4166 468 4206 cura
523 4154 776 4224 deinceps
832 4165 888 4209 ct
934 4160 1659 4228 provisione-persistercnt.

114 4230 167 4283 Et
210 4252 297 4291 nos
341 4240 511 4309 igitur
558 4257 843 4298 cominune
888 4248 1100 4302 concilii
1145 4251 1417 4304 decretum
1452 4264 1665 4319 aposto-

115 4320 214 4377 licm
240 4332 578 4387 auctoritatis
621 4335 857 4401 pondere
886 4336 1295 4405 eouﬁrmantcs,
1336 4341 1664 4396 deﬁnitionis

1686 3134 1729 3192 C

1749 1895 2124 1950 (lluniaeensis
2158 1894 2392 1948 cuinohii
2434 1895 2673 1946 iueinhra
2728 1904 2942 1956 semper
2970 1888 3070 1940 sub
3113 1895 3329 1953 aposto—

1752 1985 1868 2039 lica:
1888 1985 2032 2039 sedis
2062 1984 2226 2038 tutela
2258 1991 2596 2051 permaneat,
2621 1990 2675 2035 et
2699 1991 2892 2033 cuneta
2922 1992 3039 2046 qua:
3062 1977 3131 2030 ad
3154 1975 3328 2029 locum

1753 2075 1926 2144 ipsmn
1952 2076 2021 2127 im
2047 2074 2455 2143 prieseutiarum
2483 2072 2756 2141 pertint-re
2781 2069 3057 2129 vit-lentur;
3088 2066 3332 2120 ecclesia:

1752 2166 2002 2220 videlicet
2033 2165 2099 2218 de
2124 2164 2426 2234 Agonvilla,
2458 2164 2522 2217 de
2552 2162 2697 2215 Nova
2732 2160 2886 2223 Villa,
2920 2159 2987 2213 de
3011 2157 3237 2221 Marcio,
3265 2156 3333 2210 de

1754 2256 2281 2327 ll'loute—lllartyrum,
2311 2256 2377 2310 de
2410 2255 2674 2318 Loveriis,
2727 2253 2792 2305 de
2830 2251 3103 2316 Castenio,
3130 2250 3197 2304 de
3220 2248 3331 2304 Non

1756 2350 1940 2405 Sancti
1968 2349 2217 2420 Remigii,
2248 2350 2314 2404 de
2338 2348 2448 2402 'Soa
2478 2347 2661 2401 Sancti
2686 2346 2923 2409 Martini,
2947 2347 3014 2399 de
3043 2343 3332 2411 Reitzegio,

1754 2443 1820 2499 de
1849 2442 2150 2507 Bolbiueio,
2183 2444 2248 2496 de
2278 2434 2487 2503 Caleio,
2522 2442 2588 2495 de
2615 2437 2976 2499 Couﬁueutia,
3003 2436 3070 2491 de
3098 2436 3332 2505 Copeyo,

1755 2534 1822 2589 de
1868 2532 2149 2595 Fontanis,
2205 2532 2271 2585 de
2326 2528 2982 2598 Flamma-Regia-Villa;
3031 2528 3097 2580 de
3155 2525 3333 2579 Valle-

1758 2625 1994 2689 Villaris,
2049 2625 2113 2677 de
2154 2622 2465 2687 Moueiaeo,
2520 2622 2644 2676 villa
2676 2637 2794 2690 qua:
2840 2621 3037 2673 dicitur
3082 2619 3335 2677 liouzeia,

1758 2719 2016 2774 Nuccium
2056 2733 2330 2788 magnum,
2371 2716 2627 2771 Nuceiuut
2663 2716 2861 2776 minus,
2890 2714 3144 2772 Anetum,
3175 2711 3337 2778 Majo-

1759 2810 1947 2873 riolas,
1997 2809 2196 2862 Sancta
2242 2808 2487 2869 Gemma,
2534 2805 2891 2867 Ilodanivilla,
2943 2801 3335 2866 Ursiouisvilla,

1757 2902 2102 2963 Clamardum
2130 2942 2143 2963 ,
2199 2899 2494 2954 Sorvillare
2519 2936 2533 2963 ,
2586 2898 2870 2953 Pcutinnm
2898 2938 2911 2960 ,
2970 2898 3337 2955 (Ir-urennum,

1761 2995 1994 3047 Sanetus
2041 2992 2279 3046 llilat'ius
2316 3007 2437 3046 cum
2484 2990 2729 3044 ecclesiis
2770 2998 2824 3042 et
2870 2987 3208 3057 pertinentiis
3248 3002 3340 3037 ea—

1763 3100 1904 3147 rum,
1932 3083 2161 3136 ecclesia
2189 3082 2352 3134 etiam
2379 3082 2446 3135 de
2474 3080 2641 3143 Cona,
2694 3081 2759 3133 de
2790 3078 3030 3138 Bonella,
3077 3078 3143 3130 de
3182 3076 3341 3129 Prin-

1761 3176 1900 3245 geio.
1955 3173 2223 3240 Quidquid
2275 3180 2534 3241 pra-terea
2599 3171 2738 3225 idem
2790 3170 2940 3223 locus
2996 3168 3153 3222 hodie
3196 3167 3347 3233 justo

1761 3265 2000 3335 possidet
2070 3264 2154 3316 vel
2219 3263 2507 3317 collatione
2574 3263 2727 3315 bonne
2783 3262 3053 3314 memoria:
3124 3257 3344 3311 llenric'r

1763 3356 2091 3409 Francorum
2123 3354 2286 3423 regis,
2317 3353 2410 3422 qui
2432 3352 2671 3420 ejusdem
2705 3352 2806 3405 loci
2839 3352 3091 3404 {tundatur
3112 3348 3337 3411 exstitit,

1763 3446 1841 3499 vel
1892 3445 1984 3498 ﬁlii
2028 3444 2147 3511 ejus
2176 3444 2429 3514 Philippi.
2464 3442 2619 3511 crius
2659 3443 2948 3496 donatione
2992 3439 3121 3495 cella
3151 3440 3347 3491 eadem

1763 3540 1828 3592 ad
1861 3539 2086 3591 vestium
2126 3537 2430 3591 emnohium
2479 3535 2719 3588 noscitur
2749 3533 3047 3600 pertinere;
3082 3529 3359 3598 quidquitk

1763 3645 1791 3681 a
1824 3628 2153 3697 quibuslibet
2190 3627 2437 3680 ﬁdelibus
2468 3628 2533 3678 de
2573 3641 2669 3679 suo
2692 3626 2810 3695 jure
2838 3625 3011 3678 eidem
3054 3623 3171 3677 loco
3228 3622 3342 3676 eol-

1763 3719 1930 3773 latum
1975 3731 2077 3782 est,
2109 3719 2188 3771 vel
2234 3719 2286 3772 iu
2313 3720 2554 3771 futurum
2583 3717 2816 3771 conferri
2843 3717 3148 3785 contigerit,
3185 3718 3339 3768 lirma

1764 3822 1975 3876 semper
2014 3816 2069 3861 et
2099 3806 2304 3861 illibata
2341 3815 2730 3874 permaneant,
2765 3814 2872 3857 tant
2907 3822 2935 3857 a
2984 3814 3034 3859 te
3066 3821 3228 3872 (piam
3275 3805 3343 3857 ah

1767 3897 1850 3950 his
1891 3896 1980 3965 qui
2010 3913 2105 3966 per
2132 3906 2183 3951 te
2210 3895 2289 3950 vel
2320 3910 2666 3950 successores
2698 3905 2819 3948 tuos
2846 3895 3019 3949 eidem
3064 3896 3180 3951 loco
3206 3911 3345 3965 pra:-

1764 3991 1922 4060 positi
1955 3990 2174 4051 fuerint,
2200 3999 2461 4060 perpetuo
2490 3989 2834 4059 possidenda,
2865 3989 3097 4058 regenda
3142 4004 3204 4043 ac
3232 3988 3342 4042 dis-

1764 4079 2033 4151 potienda.

1838 4168 2188 4224 Decernimus
2223 4182 2353 4239 ergo
2379 4176 2438 4221 ut
2461 4166 2589 4222 nulli
2628 4168 2850 4220 omnino
2883 4167 3156 4220 hominum
3187 4165 3344 4220 liceat

1767 4262 1907 4316 idem
1935 4260 2241 4315 coenobium
2289 4269 2492 4314 temere
2525 4260 2844 4328 perturbare
2868 4297 2882 4319 ,
2936 4266 3030 4310 aut
3065 4257 3181 4325 ejus
3220 4249 3342 4324 pos—

1768 4354 2037 4408 sessiones
2086 4352 2322 4417 auferre,
2379 4352 2464 4406 vel
2510 4350 2718 4406 ablatas
2785 4352 3037 4414 retinere,
3077 4350 3340 4415 minuere,

114 4411 253 4485 ¹¹¹¹1¹¹8
287 4423 532 4478 Ol‘dillem
587 4436 846 4495 perpetuo
893 4444 1305 4497 permansurum
1352 4434 1519 4486 nostri
1570 4450 1654 4488 uo-

1770 4444 1852 4497 vel
1887 4444 2195 4498 temerariis
2224 4443 2605 4497 vexatiouibus
2642 4442 2901 4513 fatigare;
2938 4443 3030 4497 sed
3063 4443 3240 4497 ontuia
3271 4444 3348 4495 in-

118 4506 258 4563 minis
295 4512 489 4581 litteris
520 4519 793 4578 adnotari,
826 4529 877 4572 ct
908 4521 1068 4590 sigilli
1103 4522 1272 4576 nostri
1314 4524 1666 4593 prmeepimus

118 4596 442 4667 impressione
478 4609 705 4661 ﬁrmari.
746 4608 802 4662 Si
848 4611 969 4679 quis
999 4622 1177 4664 autem
1211 4612 1433 4681 hujusce
1478 4614 1668 4668 deﬁui~

118 4684 258 4742 tionis
294 4702 530 4751 tenorem
581 4700 872 4752 temerario
913 4716 1044 4755 ausu
1093 4701 1255 4756 fuerit
1301 4712 1531 4759 conatus
1580 4704 1666 4758 in-

118 4774 348 4849 fri“gt‘re,
376 4790 509 4842 sciat
541 4805 600 4844 se
643 4791 952 4860 apostolica:
985 4794 1371 4864 indignationis
1409 4796 1665 4849 ultionem

120 4865 387 4966 incurrere,
436 4888 490 4933 et
543 4881 930 4935 detrimentum
987 4883 1070 4936 sui
1120 4882 1325 4938 ordinis
1374 4883 1455 4938 vel
1508 4883 1667 4938 ollicii

120 4966 351 5020 un'euire.

178 5075 351 5132 Actum
393 5082 443 5135 in
485 5085 715 5140 concilio
763 5087 903 5155 apud
955 5088 1277 5142 Nemausum
1334 5088 1385 5141 in
1438 5089 1667 5145 ecclesia

121 5157 308 5220 Sancta‘
352 5169 529 5226 Maria)
578 5191 652 5228 vn
696 5176 771 5228 ld.
819 5176 967 5241 Julii,
998 5195 1139 5232 anno
1168 5179 1458 5233 Dominieze
1491 5181 1670 5235 lucar-

122 5253 328 5311 uatiouis
381 5261 664 5337 1096[leg.
716 5267 924 5337 l096],
977 5269 1164 5323 indiet.
1223 5287 1303 5336 tv,
1355 5288 1497 5327 anno
1543 5289 1668 5327 vero

123 5344 438 5405 pontiﬁcatus
468 5355 644 5408 domui
681 5357 884 5411 Urbani
926 5356 963 5410 ΙΙ
1002 5358 1101 5412 l‘l’.
1138 5377 1213 5414 Ix.

184 5429 358 5491 Datum
415 5444 551 5511 apud
604 5444 807 5500 Vallem
855 5448 1165 5504 Flavianum
1223 5453 1273 5506 in
1341 5454 1669 5508 tnonasterio

126 5512 285 5577 Sancti
313 5526 497 5597 Egidii,
530 5534 599 5589 Id.
634 5534 778 5591 Julii.

1771 4542 1916 4603 tcgra
1942 4543 2332 4589 conserventur
2358 4547 2544 4588 eorum
2572 4550 2668 4604 pro
2697 4550 2925 4602 quorum
2953 4534 3343 4589 sustentationo

1769 4640 1833 4678 ac
1871 4624 2261 4692 gubernatione
2301 4639 2559 4679 concessa
2617 4636 2743 4680 sunt
2788 4626 2975 4680 usibus
3021 4622 3346 4678 omnimodis

1771 4715 2072 4784 profutura.
2104 4714 2158 4770 Si
2189 4731 2292 4784 qua
2323 4716 2489 4787 igitur
2530 4718 2582 4770 in
2613 4719 2935 4780 crastinum,
2977 4716 3343 4771 ecclesiastica

1769 4802 2114 4857 Seecularisve
2162 4820 2391 4873 persona
2432 4807 2590 4875 hujus
2628 4807 2829 4860 decreti
2876 4805 3125 4874 paginam
3169 4805 3346 4858 sciens

1770 4905 1956 4948 contra
1995 4910 2112 4964 eam
2146 4906 2350 4949 temere
2376 4898 2559 4951 venire
2604 4897 2911 4960 tentaverit,
2961 4896 3347 4949 secundoter-

1772 4985 1913 5061 tiove
1934 4987 2285 5048 commonita,
2313 4985 2355 5039 si
2379 5002 2483 5039 non
2505 4985 2872 5040 satisfactione
2894 4999 3128 5048 congrua
3155 4990 3347 5038 omen-4

1770 5078 2001 5139 daverit,
2030 5078 2314 5145 potestatis
2355 5078 2687 5145 honorisque
2715 5076 2798 5132 sui
2838 5075 3096 5144 dignitate
3139 5083 3343 5138 careat,

1772 5181 2028 5235 reamqne
2080 5166 2261 5222 divino
2307 5166 2510 5234 judicio
2540 5182 2599 5221 se
2645 5167 2880 5221 existere
2921 5166 2987 5219 de
3038 5175 3349 5241 perpetrata

1774 5258 2064 5327 iniquitate
2092 5267 2405 5327 cognoscat,
2445 5267 2501 5311 et
2549 5259 2712 5313 etiam
2752 5272 2782 5310 a
2825 5256 3194 5313 sacratissimo
3226 5272 3351 5313 cor-

1770 5364 1900 5418 pore
1948 5363 2012 5403 ac
2081 5348 2340 5417 sanguine
2407 5349 2497 5403 Dei
2564 5357 2619 5402 el
2686 5348 2893 5403 Domini
2968 5347 3353 5417 Redemptoris

1772 5437 1938 5491 nostri
1979 5434 2106 5489 .lesu
2154 5435 2351 5489 Chriin
2397 5436 2570 5490 aliena
2614 5438 2746 5500 ﬁat,
2796 5446 2957 5506 atque
2996 5437 3048 5489 iu
3102 5445 3352 5492 extremo

1773 5526 2023 5579 examine
2060 5509 2319 5580 districtm
2346 5526 2534 5580 ultioni
2582 5526 2882 5595 subjaeeat.
2914 5528 3137 5585 Cunctis
3165 5537 3347 5583 autem

1773 5617 1944 5670 eidem
1979 5616 2094 5668 loco
2115 5616 2260 5684 jusla
2293 5620 2635 5673 servantibus
2684 5622 2753 5674 sit
2788 5638 2887 5690 pax
2935 5622 3143 5675 Domini
3176 5622 3353 5677 nostri

1777 5710 1832 5765 le
1868 5727 1897 5762 u
1922 5709 2144 5773 tibi-isti,
2182 5720 2448 5783 quatenus
2477 5720 2528 5767 et
2563 5714 2647 5767 hic
2681 5714 2910 5767 l'rttt'lutu
2944 5716 3093 5766 bona:
3119 5710 3354 5767 actionis
