3888 6322
608 295 666 346 7t
1888 290 1948 342 Β.
1995 286 2152 343 litin:

2285 287 2321 341 ιι
2352 289 2548 344 ruunt:
3668 305 3735 364 4;,

572 402 909 473 percipiant.
982 410 1039 454 et
1091 402 1232 470 apud
1283 401 1588 455 districtum
1635 399 1872 472 judicent
1928 413 2147 468 pncnna
2182 402 2226 459 Α
2257 407 2363 464 tus,
2396 406 2462 456 ad
2495 406 2793 458 Auecnsem
2848 405 2930 459 sui
2973 405 3114 474 juris
3167 407 3465 477 proprietas
3499 425 3733 470 revertatur.

573 503 787 547 uterum
818 491 971 560 pacis
1002 491 1297 545 inveniant.
1323 491 1517 553 Amen,
1550 505 1730 555 amen,
1759 504 1936 544 amen.

643 582 831 636 Datum
862 580 1114 635 Nemausi
1146 596 1244 649 per
1278 598 1496 637 manum
1539 580 1782 642 Joannis,
1815 590 2015 634 sanetae
2038 579 2146 639 lto-

571 687 742 732 mauze
767 670 1021 725 Ecclesia:
1062 671 1274 725 diaconi
1316 671 1643 736 cardinalis,
1672 688 1707 726 ιι
1745 671 1867 725 ldus
1896 670 2037 733 Julii,
2069 671 2149 723 iu—

569 762 804 818 dictione
855 777 941 827 Iv,
991 763 1385 816 lncarnationis
1444 763 1733 817 Domintezc
1787 778 1938 820 anno.
1972 763 2148 825 l097,

568 852 912 931 pontificatus
960 862 1139 911 autem
1170 851 1353 906 domui
1388 851 1588 908 Urbani
1621 853 1847 909 secundi
1886 869 2035 923 papae
2071 870 2144 911 ix.

1300 962 1424 1018 CCL

564 1052 811 1109 Urbanus
862 1053 1185 1123 Buri/ensem,
1234 1054 1520 1110 Ecclesium
1557 1057 1805 1113 ﬂuuiana?
1851 1056 2149 1112 immediate

634 1125 893 1255 Sigbgt'il,.
918 1126 1069 1183 illam,
1102 1127 1165 1177 ab
1212 1126 1438 1179 aliarum
1484 1128 1847 1195 metropofeou.
1880 1127 2148 1179 absolvens

637 1212 666 1251 0
702 1213 727 1249 ε
769 1206 946 1251 tentia.

637 1210 946 1251 cumrerum.

1163 1286 1341 1349 (Amm
1380 1288 1560 1354 I096.)

744 1375 999 1447 [Ειοιιιςῑ.
1044 1377 1264 1447 li'spaftu
1303 1379 1571 1449 Sagrarfa,
1604 1380 1790 1451 XXVI,
1821 1383 1976 1456 464.)

641 1466 892 1526 υιιιιιικυε
919 1468 1227 1539 episcOpus,
1258 1484 1450 1526 servus
1478 1487 1756 1532 servorum
1793 1475 1909 1529 Dei.

637 1555 928 1623 Postquam
976 1558 1116 1627 apud
1164 1558 1489 1616 Nemausum
1540 1562 1954 1630 pnesidcntibus
1994 1566 2151 1619 nobis

567 1660 666 1719 per
700 1647 1087 1716 omnipotentis
1115 1649 1205 1704 Dei
1238 1651 1467 1719 gratiam
1507 1652 1746 1722 plenaria
1779 1655 1967 1709 fuisset
1992 1671 2149 1726 syno-

568 1739 670 1793 dus
699 1738 989 1800 celebrata.
1038 1739 1283 1801 Toletani
1322 1743 1714 1814 archiepiscopi
1764 1744 2023 1800 Bernardi
2081 1748 2147 1801 ad
2183 1734 2225 1794 Β

566 1831 903 1895 audientiam
941 1842 1182 1888 nostram
1215 1835 1433 1903 querela
1471 1835 1673 1904 perlata
1718 1846 1829 1901 est,
1862 1838 2149 1909 liurgensis

564 1924 800 1992 cpiscopi
835 1933 1089 1994 tanquam
1137 1926 1468 1998 sum-agauei
1535 1932 1735 1999 proprii
1785 1930 2149 1987 obedientiam

565 2016 914 2089 requirentis,
959 2018 1113 2086 quasi
1147 2019 1197 2073 in
1230 2019 1436 2075 Oxinim
1467 2023 1719 2091 parechia
1752 2023 1959 2093 Burgos
2004 2033 2151 2079 esset

563 2106 827 2160 :edifieala
860 2125 873 2159 :
907 2106 1097 2162 Oxima
1155 2110 1300 2163 enim
1360 2127 1485 2179 pars
1532 2110 1809 2167 Toletanze
1860 2114 2150 2184 provinciali

566 2214 673 2252 non
698 2200 901 2255 incerta
926 2203 1305 2272 cognoscitur.
1323 2204 1414 2257 Ille
1441 2221 1565 2259 vero
1588 2208 1654 2260 ad
1681 2206 2149 2262 'I‘arraeonensem

562 2291 751 2367 potius
798 2293 1139 2363 metropolim
1192 2310 1344 2349 suam
1381 2296 1680 2352 Ecclesium
1714 2302 1987 2367 pertinere
2022 2315 2147 2370 ιιι-ος

484 2406 485 2409 η
568 2383 909 2449 testabatur;
965 2401 1126 2454 quam
1162 2388 1377 2455 quidem
1434 2403 1530 2441 nos
1583 2389 1913 2459 liurgensem
1952 2392 2143 2446 urbem

563 2474 728 2537 Aucte
756 2473 1170 2538 decreveramus
1208 2476 1393 2540 haberi
1430 2480 1691 2533 vicariam
1723 2522 1738 2546 ,
1774 2496 1929 2550 quae,
1967 2490 2027 2536 ut
2068 2481 2150 2536 ιΙῐρ

565 2567 737 2633 citur,
757 2569 1055 2638 antiquitus
1091 2569 1483 2625 Tarraconensi
1517 2571 1694 2626 fuerat
1729 2574 2149 2643 metropolitano

561 2659 683 2728 jure
713 2659 974 2729 subjecta.
1007 2662 1272 2718 (iacterum
1305 2663 1588 2728 Alfonsus,
1620 2664 1893 2734 Hispania:
1922 2664 2150 2721 Citerioa

566 2752 642 2805 ris
669 2767 782 2816 rex,
814 2752 1146 2824 Burgcusem
1177 2755 1489 2826 episcOpum
1516 2756 1905 2812 Tarraconensi
1950 2768 2149 2812 metro-

566 2840 808 2919 politam)
840 2858 1182 2912 nequaquam
1230 2846 1538 2915 patiebatur
1563 2860 1683 2902 esse
1723 2845 2045 2916 subjectum,
2080 2861 2144 2902 ca

568 2930 636 2989 de
668 2947 829 2987 causa
859 2933 1002 3002 quod
1052 2934 1187 2988 infra
1236 2937 1381 3006 regni
1411 2936 1493 2990 sui
1526 2937 1791 2991 terminos
1822 2936 2030 3004 Burgus
2057 2938 2150 3002 sit,
2215 2940 2222 2945 '

566 3020 1067 3087 Tarraconantcm,
1090 3025 1141 3078 in
1176 3025 1592 3087 Barcinonensis
1621 3028 1839 3081 comitis
1861 3038 2147 3096 potestate.
2183 3024 2203 3096 ,'

568 3112 665 3169 llis
691 3128 822 3184 ergo
851 3114 916 3167 de
944 3116 1123 3170 causis
1155 3125 1355 3175 nostrre
1388 3127 1444 3171 et
1479 3118 1705 3177 fratrum
1746 3121 1838 3187 qui
1873 3120 2151 3175 nobiseum

568 3206 797 3269 aderant
824 3207 1136 3273 discretioni
1168 3210 1341 3263 visum
1393 3219 1478 3265 est
1523 3211 1590 3264 ad
1624 3210 1987 3265 Ecclesiarum
2033 3211 2150 3265 illa-

565 3314 684 3353 tum
718 3300 952 3357 sedanda
980 3320 1009 3351 ιι
1054 3301 1411 3371 seditionem,
1457 3310 1514 3355 ιιι
1565 3301 1856 3371 Burgensis
1896 3300 2152 3372 deinceps

565 3391 850 3461 cpiscOpus
877 3407 1038 3447 manu
1069 3400 1272 3447 tantum
1304 3393 1531 3451 Romani
1555 3392 1828 3463 pontificis
1853 3403 2154 3463 regeretur,

565 3494 618 3545 et
662 3485 903 3540 Ecclesia
950 3485 1037 3541 illa
1072 3500 1291 3541 suormn
1326 3486 1633 3540 antistitqu
1686 3486 2151 3540 consecrationem

568 3574 637 3636 ab
667 3574 959 3642 apostolica
1006 3574 1132 3631 sede
1188 3575 1519 3645 perciperet,
1570 3575 1673 3637 nisi
1716 3575 2155 3645 archiepisc0pus

571 3664 687 3730 ipsa
718 3678 839 3716 eum
875 3664 941 3717 ad
973 3680 1031 3717 se
1063 3665 1330 3733 pertinere
1365 3666 1677 3720 authentica
1718 3673 1905 3734 posset
1948 3664 2155 3723 ratione

573 3760 899 3803 monstrare.
953 3751 1169 3804 Interim
1227 3768 1349 3807 eum
1390 3754 1458 3808 ab
1509 3754 1791 3826 utriusque
1843 3753 2155 3823 metropolis

573 3838 879 3900 obedientia
910 3850 963 3894 et
992 3841 1328 3911 subiectione
1352 3843 1702 3899 absolvimus.

581 3965 583 3968 ι
647 3930 776 3987 Post
813 3930 929 3985 hmo
965 3931 1255 4003 Burgensis
1299 3935 1584 4005 episcopus
1626 3935 1852 3991 Gomizo
1898 3938 2157 3995 adversus

574 4019 825 4081 eumdem
864 4022 1330 4092 archiepiscopum
1371 4026 1648 4094 querelam
1688 4029 1968 4095 exercuit,
2013 4028 2155 4098 quod

580 4121 703 4179 post
727 4111 956 4181 primam
988 4112 1346 4173 Massiliensis
1387 4116 1601 4170 abbatis
1628 4115 2029 4180 definitionem,
2064 4116 2153 4187 qui

572 4214 672 4267 per
700 4200 750 4253 id
794 4210 1005 4269 tempus
1037 4203 1353 4272 apostolica:
1371 4203 1515 4259 sedis
1542 4203 1660 4261 vice
1687 4203 1791 4260 illis
1820 4204 1871 4259 in
1905 4204 2156 4274 partibus

574 4292 791 4353 functus
834 4292 1028 4358 fuerat,
1075 4303 1286 4363 partem
1314 4296 1604 4363 quamdam
1653 4295 1943 4365 Burgensis
1998 4309 2155 4365 paro-

2258 491 2426 547 I’nrro
2460 496 2730 564 parochiae
2757 506 2986 564 partem,
3028 513 3192 567 quam
3234 498 3515 569 Bnrgcnsis
3536 504 3737 578 episcopos

2252 590 2372 651 post
2437 582 2597 653 legati
2636 584 3007 640 drfinitionem
3055 588 3157 641 sibi
3195 588 3517 645 subtractam
3557 598 3737 653 recinus.

2252 672 2364 735 bat,
2398 672 2538 726 idem
2568 675 3013 745 archiepiscOpus
3042 679 3325 732 asserebat
3351 681 3417 735 ab
3441 681 3543 751 ipso
3564 686 3738 757 episcopo

2253 761 2304 814 in
2334 778 2548 819 manum
2586 780 2739 823 suam
2770 774 2958 835 sponte
2985 776 3039 821 ct
3064 769 3441 837 episcoporum
3461 773 3632 841 judicio
3649 778 3741 832 reie-

2253 863 2441 908 tatam.
2471 857 2604 910 Cum
2634 872 2763 911 vero
2789 858 3077 928 episcopus
3100 870 3387 929 gravatum
3424 878 3480 917 se
3502 874 3549 918 et
3570 879 3741 925 coactum

2251 944 2304 1000 in
2326 961 2391 999 eo
2416 948 2629 1017 negotio
2645 949 3015 1018 responderet,
3038 949 3147 1009 Nos
3173 959 3377 1016 tamen,
3406 967 3469 1007 ne
3490 955 3742 1012 coniuncta

2250 1048 2496 1091 nostrum
2562 1038 2904 1094 Bernardum
2982 1040 3456 1112 archiepiscopum
3525 1045 3745 1103 videremur

2252 1132 2621 1188 vehementius
2647 1149 2965 1204 aggravare,
2994 1150 3215 1190 causam
3250 1138 3395 1193 hanc
3430 1139 3557 1192 sicut
3577 1146 3746 1205 erat,sic

2250 1238 2369 1278 esse
2398 1224 2766 1292 permisimus,
2809 1226 2983 1281 donec
3017 1224 3405 1281 refutationem
3447 1228 3596 1296 ipsam
3618 1242 3747 1299 sponte

2251 1324 2304 1368 et
2324 1314 2614 1383 judiciario
2636 1318 2826 1371 ordine
2863 1329 3232 1389 perpetratum
3268 1319 3477 1374 idoneis
3506 1324 3687 1378 testibus
3713 1326 3744 1377 in

2253 1418 2437 1467 nostra
2480 1420 2666 1479 posset
2703 1412 2977 1466 audientia
3011 1413 3395 1482 comprobare.

2322 1500 2514 1555 Datum
2545 1503 2685 1573 apud
2716 1502 2922 1557 Vallem
2967 1504 3291 1559 Flavianum
3336 1505 3390 1560 in
3423 1507 3745 1562 monasteries.

2253 1590 2424 1661 Egidii
2461 1592 2584 1647 ldus
2621 1592 2770 1658 Julii,
2809 1594 3102 1649 indictione
3148 1609 3223 1659 IV,
3257 1608 3406 1649 anno
3433 1595 3676 1649 Dominica:
3694 1595 3747 1649 ln-

2251 1685 2584 1738 carnationis
2623 1684 2782 1750 1097,
2826 1686 3174 1755 pontificatus
3198 1693 3388 1740 autem
3420 1687 3585 1741 domui
3612 1687 3748 1743 Urbani

2254 1793 2406 1847 papae
2436 1778 2476 1831 ll
2505 1794 2649 1832 anno
2679 1794 2757 1843 Ix,
2786 1794 2883 1849 per
2916 1766 3135 1833 manum
3169 1777 3399 1834 Joannis
3433 1777 3488 1833 S.
3527 1779 3584 1832 li.
3608 1778 3750 1833 Edit-

2250 1869 2369 1923 coni
2401 1868 2715 1923 cardinalis.

2959 1961 3109 2018 CCII.

2253 2049 2497 2106 Urbanus
2529 2049 2590 2104 11
2624 2068 2761 2121 papa
2793 2053 3067 2119 conﬁrmat
3103 2053 3236 2106 bona
3270 2052 3560 2107 monasterii
3590 2050 3747 2117 [ἐὴ-ἱροί-

2321 2123 2500 2183 lamis.
2553 2124 2639 2175 cui
2684 2123 2936 2175 nonnulla
2979 2123 3338 2177 immanitatis
3390 2140 3451 2177 uc
3499 2123 3749 2189 exempturus

2322 2192 2594 2263 privilegia
2621 2193 3001 2246 conceduntur.

2839 2281 3022 2351 (Anno
3064 2280 3247 2352 1096.)

2712 2372 3122 2446 [Cocouectscs,
3152 2372 3193 2428 ll
3212 2415 3226 2437 ,
3262 2371 3383 2442 90.]

2324 2462 2576 2518 Uuaasus
2600 2462 2905 2533 cpiscopus,
2948 2477 3140 2518 servus
3179 2478 3463 2518 servorum
3494 2462 3594 2526 Dei,
3620 2460 3749 2515 dilecto

2252 2556 2361 2611 filio
2392 2554 2706 2620 Bcusanuo,
2754 2554 2936 2608 abbati
2986 2555 3322 2610 venerabilis
3352 2554 3635 2610 monasterii
3658 2552 3748 2607 San-

2251 2655 2352 2700 ctm
2400 2644 2581 2699 Maria:
2629 2644 2772 2713 quod
2823 2644 3186 2715 Rivipollense
3230 2646 3451 2711 dicitur,
3490 2648 3535 2699 in
3566 2644 3747 2700 ('Otltilzdu

2252 2737 2559 2793 Ausoncnsi
2609 2737 2752 2792 inter
2794 2738 2901 2791 dno
2933 2737 3152 2793 flumina
3195 2740 3563 2799 constitutum,
3596 2733 3748 2804 ejusque

2252 2831 2655 2889 successoribus
2684 2829 3002 2901 regulariter
3018 2830 3173 2885 subst
3197 2831 3413 2886 tuendis
3436 2831 3745 2901 inperpetuum.

2323 2919 2648 2990 Apostoliea:
2685 2920 2832 2974 sedis
2875 2921 3213 2975 auctoritate
3244 2922 3527 2991 debitaque
3552 2915 3747 2985 compelli-

2257 3027 2380 3066 mur
2420 3027 2518 3081 pro
2551 3012 2930 3066 universarum
2966 3013 3328 3067 ecclesiarum
3375 3022 3511 3067 statu
3557 3019 3745 3077 satagere,

2255 3110 2309 3157 et
2348 3118 2535 3157 earum
2581 3103 2750 3173 quieti
2796 3103 3091 3158 auxiliante
3141 3105 3372 3158 Domino
3412 3104 3665 3175 providere.
3703 3098 3746 3150 Ea

2256 3203 2478 3264 propter
2510 3193 2861 3262 petitionibus
2907 3193 3035 3258 tuis,
3070 3193 3143 3247 fili
3188 3194 3239 3248 in
3271 3194 3488 3248 Christo
3514 3189 3745 3247 charissim

2256 3284 2552 3348 Bernarde,
2588 3300 2693 3339 non
2744 3285 3020 3339 immerito
3065 3285 3417 3340 annuendum
3442 3298 3564 3339 esse
3600 3277 3744 3335 censui-

2258 3392 2399 3443 mus,
2438 3387 2495 3431 ut
2532 3376 2901 3447 Rivipellense
2929 3379 3349 3443 monasterium,
3373 3379 3453 3433 cui
3487 3378 3577 3430 Deo
3600 3381 3744 3426 auctore

2257 3469 2538 3538 przesidcs,
2580 3468 2644 3521 ad
2694 3469 3153 3537 prredecessorum
3202 3480 3506 3525 nostrorum
3549 3462 3680 3533 Sergii
3709 3470 3742 3513 ει

2257 3561 2465 3631 Agapiti
2497 3561 2776 3631 exentplur
2801 3561 3111 3631 apostolicze
3127 3561 3274 3617 sedis
3299 3560 3565 3632 privilegio
3584 3554 3741 3613 muniaL

2258 3636 2395 3708 mus.
2418 3654 2519 3707 Per
2538 3656 2820 3723 praesentis
2845 3654 3006 3723 igitur
3035 3655 3233 3709 decreti
3264 3655 3507 3725 paginam
3533 3646 3742 3721 apostolica

2259 3746 2585 3801 auctoritate
2645 3748 2935 3800 statuimus
2996 3756 3055 3800 ut
3093 3762 3429 3817 qmecunque
3474 3742 3610 3799 bulie
3646 3738 3733 3791 idem

2259 3837 2562 3891 emnobium
2601 3834 2746 3903 juste
2775 3837 3036 3906 possidet,
3073 3837 3187 3891 sive
3234 3837 3287 3890 in
3339 3838 3561 3890 futurum
3591 3838 3740 3885 cancer

2259 3929 2411 3983 sione
2440 3928 2779 3996 pontificum,
2829 3927 3157 3982 liberalitate
3200 3928 3515 3999 principum,
3558 3920 3622 3975 vel
3649 3914 3740 3970 οΜθ·

2260 4021 2403 4075 tione
2435 4020 2670 4075 fidelium
2690 4018 2837 4087 juste
2864 4027 3027 4090 atque
3054 4020 3318 4075 canonice
3358 4016 3539 4090 poterit
3572 4004 3740 4078 adipisci.

2262 4112 2415 4164 firma
2446 4111 2541 4165 tibi
2592 4114 2803 4180 tuisque
2833 4110 3242 4165 successoribus
3289 4120 3345 4163 et
3385 4107 3569 4163 illibata
3597 4110 3740 4172 peruu-

2261 4212 2454 4269 neant;
2514 4203 2565 4257 in
2601 4203 2799 4272 quibus
2831 4203 2946 4258 haec
2969 4202 3203 4271 propriis
3254 4201 3498 4256 duximus
3522 4188 3741 4251 nominibus

2259 4295 2565 4349 adnotanda
2593 4312 2606 4348 :
2635 4294 2921 4351 ecclesiam
2965 4294 3151 4349 Sancti
3180 4293 3324 4348 Petri
3355 4293 3518 4348 eidem
3546 4290 3737 4341 nionasle-

574 4381 711 4447 ollim
734 4390 1078 4451 usurpasset.
1097 4382 1425 4438 Nominatim
1439 4401 1566 4439 vero
1589 4385 1877 4456 Bnrgrnsis
1904 4386 2155 4441 Ecclcsfa:
2188 4421 2237 4482 υ
2266 4384 2345 4438 rio
2373 4370 2712 4454 adiacentem
2749 4398 2871 4437 cum
2907 4384 3122 4439 caneris
3157 4384 3204 4438 ei
3246 4382 3499 4451 subjectis
3533 4371 3737 4482 ecclesiis:

570 4475 963 4546 proprietatem
1003 4490 1067 4537 ac
1111 4476 1406 4535 dominium
1451 4487 1742 4548 occuparet
1783 4478 1994 4538 villam,
2036 4492 2157 4547 quae

572 4564 913 4634 Eenicularis
960 4565 1195 4630 dicitur,
1247 4565 1661 4623 Valeranicense
1720 4566 2109 4628 monasterium
2139 4610 2152 4633 ,

573 4659 762 4715 cellam
815 4658 873 4713 S.
923 4657 1105 4713 Maria:
1130 4657 1200 4712 de
1242 4657 1576 4723 Ravenaria.
1617 4659 1792 4729 Super
1840 4661 1925 4716 his
1985 4660 2156 4714 tribus

571 4751 715 4820 quod
766 4750 1023 4804 Ecclesiae
1071 4749 1364 4821 But-gensis
1417 4765 1511 4805 seu
1554 4751 1816 4809 Auccnsis
1857 4751 2157 4821 proprietas

570 4849 739 4907 esset,
769 4842 1214 4913 archiepiscopus
1261 4844 1376 4913 ipse
1413 4845 1702 4909 concessit,
1747 4855 1805 4899 et
1840 4844 2153 4913 episcopum

573 4934 627 4988 in
651 4936 1155 5005 nostraprazsentia,
1176 4936 1472 4991 revesﬁvit.
1502 4935 1707 5006 Rogato
1735 4945 1911 4990 tamen
1942 4949 2163 5004 nos:r't

572 5026 949 5083 consentiente
989 5027 1265 5098 episcopo,
1303 5028 1717 5089 Valeranicense
1765 5028 2153 5083 monasterium

573 5128 747 5183 usque
790 5116 875 5189 ad.
902 5132 1073 5180 annos
1109 5126 1226 5176 tres
1273 5118 1446 5171 cidem
1493 5116 1904 5186 tnetropolitaao
1955 5116 2156 5171 habere

574 5204 944 5278 permisimus.
993 5208 1190 5265 Villam
1223 5223 1353 5264 vero
1404 5207 1807 5270 Feuicularem.
1860 5216 1916 5267 ct
1963 5208 2164 5269 cellam,

576 5296 638 5353 S.
666 5294 945 5352 Mariaede
965 5296 1267 5369 Ravenaria
1302 5300 1484 5363 tandiu
1518 5307 1714 5369 teneat,
1744 5298 1981 5369 quandiu
2013 5297 2154 5354 Oxo-

575 5399 818 5442 mensem
852 5386 905 5441 in
940 5402 1099 5455 manu
1129 5405 1226 5444 sua
1256 5391 1551 5459 Ecclesium
1580 5390 1901 5463 retinuerit,
1919 5390 1972 5444 in
2002 5389 2163 5458 cujus

574 5477 833 5550 parochia
860 5478 1051 5534 eadem
1074 5479 1190 5536 loca
1216 5483 1315 5536 sita
1340 5491 1485 5548 sunt,
1513 5483 1607 5540 sed
1632 5483 1865 5539 Aucensi
1898 5483 2155 5543 Ecclesia:

575 5571 628 5625 in
666 5569 1054 5639 proprietatem
1105 5574 1387 5641 praeceptis
1423 5574 1703 5629 attributa.
1746 5574 1902 5643 Quod
1933 5574 1976 5629 si
2013 5574 2155 5630 Oxo-

572 5660 747 5723 mensi
774 5658 1028 5731 Ecclesiae
1056 5659 1347 5733 cardinalis
1389 5662 1550 5727 fuerit
1590 5664 1877 5748 episcopus
1929 5665 2150 5733 restitu-

2264 4477 2315 4532 iu
2349 4485 2530 4533 castro
2563 4475 2835 4532 Cervariae
2862 4476 3150 4530 ecclesiam
3184 4474 3371 4529 Sancti
3401 4468 3608 4531 Martini,
3628 4458 3725 4530 capti

2260 4567 2366 4622 iam
2396 4566 2577 4622 Sancti
2606 4566 2838 4632 Nicolai,
2861 4565 3051 4620 cellam
3081 4564 3267 4620 Sancti
3298 4564 3443 4619 Petri
3464 4550 3733 4615 cuutecclcsit

2260 4660 2426 4715 castri
2479 4660 2544 4715 de
2588 4659 2766 4715 atoma
2816 4658 3041 4720 Palatii,
3095 4658 3289 4713 cellam
3341 4653 3513 4711 Sancti
3548 4640 3735 4737 Ουῖξιιίιξέο

2260 4750 2650 4804 monasterium
2689 4748 2905 4804 Sanctae
2947 4747 3130 4802 Mariae
3168 4747 3309 4817 quod
3339 4734 3733 4823 dicitur-tinahcrit.

2261 4842 2450 4897 Sancti
2499 4841 2733 4896 Andreae
2779 4841 2921 4895 inter
2965 4840 3265 4903 Pontouos,
3318 4818 3735 4894 Sauctmtlariade

2259 4932 2560 4999 Panizaris,
2595 4931 2811 4986 Sancte
2843 4931 3027 4986 Maria:
3070 4929 3138 4982 de
3179 4930 3362 4984 Monte
3394 4926 3601 4982 Serrato,
3624 4909 3730 4969 ccdt“

2259 5029 2395 5083 siam
2428 5027 2613 5082 Sancti
2658 5025 2920 5094 Stephani
2962 5023 3030 5079 de
3058 5021 3454 5080 Granuolariis,
3486 5002 3731 5102 Sancti

2258 5119 2421 5190 phani
2472 5119 2537 5172 de
2591 5117 2723 5185 Ripa
2772 5130 2895 5169 cum
2947 5114 3141 5168 alodiis
3186 5109 3445 5167 Bernardi
3476 5099 3729 5158 vicecomitts,

2258 5225 2378 5280 qua:
2402 5208 2650 5269 coenobio
2675 5206 2973 5277 delegavit;
3033 5204 3259 5260 mercati
3310 5217 3435 5258 vero
3463 5194 3582 5269 quod
3625 5192 3730 5257 ικηὸ

2260 5300 2403 5369 idem
2428 5298 2816 5354 monasterium
2855 5296 2969 5351 fieri
2998 5297 3304 5360 consuevit,
3333 5295 3567 5350 telouenm
3589 5290 3629 5338 et
3655 5288 3727 5330 θ’θ’

2259 5406 2383 5447 nem
2419 5388 2685 5459 justitiam
2726 5388 2819 5447 tibi
2853 5388 3071 5458 tuisque
3107 5387 3501 5442 successoribus
3534 5371 3727 5470 confudit:

2258 5498 2423 5538 mus:
2463 5490 2701 5537 castrum
2751 5492 2969 5555 quoque
3035 5477 3258 5533 Menslei
3309 5492 3425 5533 cum
3475 5460 3663 5562 terminis
3692 5459 3723 5562 ti

2258 5575 2599 5649 pertinenti-is
2627 5575 2760 5636 suis,
2790 5554 3028 5627 Castrum
3062 5573 3128 5628 de
3159 5572 3328 5628 Torsa
3361 5585 3470 5626 cunt
3497 5553 3721 5649 ecclesiae!

2258 5643 2688 5734 dominieaturis,
2730 5672 2781 5721 et
2818 5662 3063 5749 portibus
3103 5663 3307 5735 maris,
3338 5643 3711 5735 piscatieuilittst‘l
