3888 6322
102 372 193 429 47⁸5

1184 336 1538 399 EPISTOLA'J
1569 333 1652 388 ET
1694 323 2099 385 l’lthlLEGlA.

3234 292 3339 349 474

99 481 337 536 munibus
388 475 488 529 sibi
541 466 967 539 pertinentibus;
1021 458 1347 531 piscationes
1399 465 1658 521 aquarum
1690 452 1733 505 Α
1757 451 1898 512 iusta
1927 434 2271 494 servantthtts
2298 432 2367 487 sit
2401 444 2503 498 pax
2530 421 2741 480 Domini
2775 418 2941 473 nostri
2970 415 3093 471 Jcstt
3116 413 3341 475 Christi,

2106 537 2113 539 _
2171 525 2183 539 .
2213 525 2223 535 .
2309 520 2538 539 ιι,,,,.----.
2574 516 2726 539 1.,ηηη
2759 507 2984 539 ..ιιήιηιέο
3022 503 3317 539 nni-ninia“!

97 580 158 631 de
186 573 352 626 'l‘czcr
378 585 407 621 a
458 567 585 632 [ipa
628 559 765 614 mala
799 570 972 624 usque
1017 552 1083 606 ad
1114 552 1358 619 Spatam,
1388 556 1444 598 rt
1469 544 1535 597 de
1564 542 1664 594 litt-

101 670 234 723 nine
260 660 496 718 Freverii
535 674 563 710 a
602 663 765 726 ponte
810 653 932 706 Cori
958 665 986 702 a
1013 662 1184 715 usque
1215 644 1384 697 Tezer
1408 657 1422 694 :
1446 652 1661 693 omnem

99 761 249 813 etiam
278 752 754 809 dominicaturam,
782 759 943 814 quam
969 738 1281 795 Bernartius
1305 732 1662 788 ltisuldttneno

99 853 169 907 sis
210 848 389 901 Beata}
433 840 612 896 Mariae
650 836 874 891 tradidit
908 844 1016 888 tam
1055 835 1106 885 in
1144 822 1493 897 llivipollensi
1531 818 1667 873 valle

97 954 248 1013 quam
294 938 348 991 itt
380 933 503 987 aliis
528 930 679 984 locis.
732 923 1003 995 Quidquid
1062 929 1321 993 praeterea
1371 908 1669 983 possessio-

100 1046 239 1093 num,
270 1026 540 1088 villarum,
579 1023 691 1076 sive
723 1017 1100 1079 ecclesiarum,
1133 1026 1254 1067 cum
1287 1004 1529 1065 decimis,
1561 999 1671 1071 pri-

101 1121 282 1185 tuitiis,
313 1116 399 1172 vel
441 1112 809 1171 oblationibus
838 1109 948 1163 suis
989 1120 1086 1175 per
1123 1110 1523 1156 antecesserunt
1576 1107 1673 1147 uo-

98 1182 326 1269 stroru—m
371 1204 653 1278 privilegia
693 1203 747 1256 itt
800 1195 1128 1270 quibuslibet
1161 1189 1471 1262 regionibus
1504 1182 1674 1255 possi-

100 1302 260 1365 detis;
308 1274 587 1367 quidquid
616 1288 946 1346 authentieis
974 1283 1288 1357 pontificum
1326 1276 1563 1345 scriptis,
1593 1274 1673 1326 vel

101 1392 418 1463 principum,
454 1385 540 1440 vel
565 1394 905 1453 quorumque
933 1376 1169 1431 tldeliutn
1191 1372 1334 1441 juste
1361 1378 1413 1422 et
1434 1366 1679 1435 legaliter

102 1483 176 1537 vel
211 1482 262 1537 in
288 1477 546 1551 praesenti
581 1474 809 1533 habetis,
847 1469 925 1525 vel
960 1470 1010 1522 itt
1041 1467 1278 1520 futurum
1316 1459 1544 1513 Domino
1570 1455 1680 1509 lar-

104 1578 271 1646 giente
299 1569 541 1627 habituri
573 1566 725 1633 estis,
760 1577 902 1634 saepe
932 1561 1042 1615 fato
1074 1559 1251 1613 Beatte
1283 1552 1464 1608 Mariae
1497 1564 1679 1603 mona-

103 1667 258 1725 sterio
280 1663 697 1719 conﬁrmamus.

170 1754 523 1812 Decernimus
550 1756 765 1820 ergout
798 1744 927 1802 nulli
954 1742 1177 1798 omnino
1207 1733 1486 1794 hominum
1520 1732 1687 1786 liceat

1765 542 2031 604 quatenus
2068 537 2123 578 et
2171 525 2260 577 hic
2308 520 2542 575 fructum
2574 516 2727 569 bona:
2758 507 2987 564 actionis
3022 503 3341 574 percipiant,

1764 637 1819 680 et
1871 623 2009 692 apud
2062 616 2368 672 districtum
2412 609 2651 679 judicent
2701 601 2921 674 pra'mia
2954 608 3167 653 aeterna:
3197 593 3345 665 pacis

1769 717 2063 773 inveniant.
2102 710 2293 761 Atttctt.

1843 811 2032 863 Datum
2086 804 2139 857 in
2179 793 2510 853 monasterio
2544 787 2728 844 Sancti
2761 784 2964 853 [Egidii
3006 796 3102 850 per
3130 790 3346 832 manum

1770 901 2013 959 Joauris,
2031 903 2230 949 sancta:
2254 890 2508 943 Romana:
2526 880 2780 938 Ecclesia:
2800 875 3010 931 diaconi
3036 869 3348 933 cardinalis,

1776 1014 1882 1049 μνη
1936 993 2205 1046 Kalendas
2241 980 2488 1050 Augusti,
2526 973 2818 1031 indictione
2854 986 2928 1031 tv,
2961 959 3352 1021 lucaruationis

1775 1084 2068 1141 Dominicze
2108 1091 2251 1131 anno
2301 1072 2465 1132 1096,
2522 1064 2870 1137 pontiﬁcatus
2925 1066 3101 1113 autem
3151 1050 3351 1108 domini

1778 1177 1978 1236 Urbani
2012 1169 2232 1229 secundi
2267 1179 2429 1220 nono.

2443 1276 2567 1329 CCII
2602 1275 2699 1327 bis.

1882 1384 2082 1440 Urlmut'
2126 1378 2185 1435 H
2238 1367 2757 1447 pttj.‘m_privilegium
2810 1377 2902 1432 pro
2953 1352 3267 1410 monasterio

2386 1437 2739 1496 Balneolettsi.

2375 1536 2555 1603 (Anno
2607 1527 2786 1592 {0963

1821 1643 2232 1716 [Cococsuxss.
2265 1601 2467 1684 Butler.
2496 1624 2647 1677 Rom.
2679 1626 2822 1690 pont.
2857 1612 3095 1671 Collert.,
3120 1608 3183 1671 ll,
3219 1601 3334 1675 9L]

1862 1732 2109 1788 URBANUS
2140 1723 2446 1794 cpisc0pus,
2484 1728 2670 1770 servus
2710 1720 2988 1762 servorum
3023 1700 3136 1762 Dei,
3175 1696 3370 1751 dilecto

171 1786 323 1812 υῦιζῦι
337 1786 523 1809 llllllua
550 1786 682 1820 ιιδυ
707 1786 765 1802 ιιι
798 1786 927 1802 ιιι-ιι.
956 1786 1174 1798 υ..........
1210 1786 1463 1794 .-νηημηρ
1874 1786 1885 1788 ἡ

108 1856 237 1909 idem
261 1848 577 1905 emnobium
607 1855 809 1901 temere
832 1840 1147 1912 perturbare
1171 1845 1264 1891 aut
1291 1831 1406 1900 ejus
1438 1828 1684 1886 subditos
1719 1804 1760 1859 Β
1793 1826 1901 1881 tilio
1937 1824 2264 1876 BENEDICTO,
2297 1809 2475 1866 abbati
2506 1801 2829 1860 venerabilis
2855 1791 3168 1851 monasterii
3196 1786 3369 1842 sancti

2167 1908 2178 1912 -
2241 1906 2270 1912 -
2372 1904 2384 1912 -
2486 1900 2497 1910 -
2688 1894 2700 1912 I
2742 1893 2897 1912 Δειη-ω
2930 1895 3004 1912 ..-ι
3039 1885 3090 1912 ε..
3123 1882 3239 1912 hum
3279 1880 3369 1912 nn:

111 1955 296 2015 praeter
325 1939 547 1995 abbatis
591 1946 647 1991 ct
686 1936 914 1989 fratrum
956 1931 1285 1987 voluntatem
1322 1921 1564 1979 sreculari
1600 1918 1685 1985 ju-

112 2038 239 2091 dicio
267 2033 349 2089 vel
384 2038 660 2102 potestate
690 2026 1087 2095 constringere,
1120 2028 1215 2074 aut.
1236 2018 1351 2088 ejus
1388 2012 1685 2084 possessio-

113 2148 200 2188 nes
224 2127 461 2192 auferre,
492 2124 577 2179 vel
601 2122 813 2177 ablatas
845 2118 1100 2179 retinere,
1131 2114 1395 2174 minuere,
1421 2109 1502 2163 vel
1527 2118 1693 2162 teme-

115 2224 260 2279 ratiis
321 2217 707 2276 vexatiouibus
776 2212 1030 2283 fatigare;
1096 2208 1190 2261 sed
1249 2203 1428 2258 omnia
1484 2201 1692 2268 integra

120 2320 503 2369 conserventur
542 2322 753 2379 eorum,
808 2319 907 2374 pro
937 2315 1164 2371 quorum
1197 2294 1592 2353 sustentatione
1616 2305 1695 2354 ac

120 2402 500 2474 gubernatione
530 2411 790 2453 concessa
819 2402 963 2453 sunt,
1000 2391 1187 2445 usibus
1215 2383 1540 2442 omnimodis
1567 2394 1692 2450 pro-

124 2506 304 2560 futura.
342 2502 599 2558 Dbeuntc
644 2509 696 2553 te
738 2510 882 2550 nunc
928 2492 1168 2560 ejusdem
1219 2486 1316 2541 loci
1362 2484 1576 2546 abbate,
1612 2478 1695 2535 vel

124 2606 321 2649 tuorum
363 2591 613 2660 quolibet
657 2597 1064 2641 successorum,
1110 2576 1286 2632 nullus
1342 2573 1412 2627 ibi
1460 2570 1701 2640 qualibet

126 2684 477 2755 Sttbt‘cpllnllis
523 2680 741 2741 astutia,
799 2674 881 2728 vel
920 2670 1175 2727 violentia
1208 2672 1563 2737 proponatur,
1598 2659 1700 2714 nisi

126 2795 269 2849 qttem
302 2777 501 2830 fratres
557 2768 826 2827 conttuutti
874 2779 1117 2827 assensu,
1176 2758 1260 2812 vcl
1310 2758 1536 2810 fratrum
1577 2766 1704 2822 pars

129 2870 318 2927 ('Onsiiii
352 2866 595 2923 senioris
635 2844 930 2917 secundum
993 2854 1084 2909 Dei
1129 2853 1399 2913 timorem,
1430 2856 1484 2901 et
1511 2845 1570 2899 Β.
1598 2843 1704 2896 Be-

131 2961 308 3016 t.cdicti
345 2958 590 3029 regulam
622 2952 907 3023 elegerint.
934 2940 1399 3005 Chrisma,olcum
1435 2945 1702 3001 sanetum,

131 3053 564 3110 tonsecrationes
589 3046 842 3101 altarium
874 3041 987 3096 sive
1015 3034 1386 3097 basilicarum,
1410 3028 1708 3085 ordinatio-

135 3160 220 3200 nes
246 3143 570 3197 clericorum
615 3134 785 3206 ipsius
816 3131 917 3187 loci
962 3125 1153 3193 vestri,
1194 3139 1287 3180 seu
1318 3120 1705 3176 monachorum

138 3236 217 3307 qui
244 3235 306 3288 ad
331 3245 526 3287 sacros
549 3226 769 3282 ordines
793 3221 992 3278 fuerint
1019 3213 1392 3287 promovendi,
1420 3228 1447 3264 a
1471 3225 1710 3280 quocun-

138 3343 230 3395 que
261 3325 541 3381 volueritis
573 3320 838 3377 catholico
868 3314 1149 3385 accipietis
1180 3311 1450 3380 episcopo.
1488 3306 1568 3359 Ad
1599 3306 1715 3359 haec

140 3421 422 3489 atljicimus,
448 3426 516 3471 ut
536 3416 913 3486 episcoporum
944 3407 1171 3480 quilibet
1202 3409 1494 3457 claustrum
1516 3400 1713 3469 ipsum,

142 3523 192 3566 et
228 3512 331 3566 illic
370 3508 606 3565 Domino
644 3505 964 3565 servientes,
1008 3496 1299 3553 temerario
1338 3508 1470 3545 ausu
1499 3504 1717 3543 excom—

146 3602 425 3663 municare,
478 3597 575 3652 sed
608 3608 785 3663 neque
824 3588 1057 3660 capellas
1102 3599 1222 3655 quae
1264 3584 1407 3635 t-it't‘a
1456 3578 1715 3630 ambitum

146 3691 440 3747 monasterii
487 3689 609 3743 sitae
656 3693 806 3748 sunt,
868 3682 984 3734 sine
1032 3673 1261 3731 Romani
1322 3667 1591 3740 pontilicis
1640 3664 1719 3717 vel

149 3781 289 3852 legati
331 3779 446 3847 ejus
479 3774 757 3831 audientia
787 3770 1115 3825 interdicere
1144 3764 1224 3816 ve?
1250 3755 1721 3815 excmnmuuicare

152 3892 244 3929 non
292 3876 517 3936 debeat;
571 3883 745 3938 neque
793 3863 1006 3920 cazteris
1052 3859 1117 3912 ad
1178 3871 1273 3909 vos
1326 3847 1723 3921 pertinentibus

150 3964 271 4021 locis
299 3967 413 4020 sine
463 3962 634 4018 certis
675 3956 858 4015 causis
900 3948 1271 4023 pra‘judicium
1320 3940 1593 3994 canonicze
1646 3935 1725 3989 ul-

155 4057 301 4113 tionis
351 4054 576 4113 inferre.
614 4047 962 4119 Sepnlutram
1011 4054 1142 4093 sane
1192 4034 1430 4105 ejusdem
1472 4028 1572 4083 loci
1609 4043 1727 4077 om-

156 4147 270 4202 uino
298 4146 526 4201 liberam
557 4154 679 4195 esse
712 4132 1089 4195 decernimus,
1142 4136 1199 4181 ttt
1227 4138 1437 4183 eorum,
1484 4118 1574 4187 qui
1619 4116 1727 4169 illic

156 4236 355 4305 sepeliri
389 4228 829 4289 deliberaverint-
853 4218 1149 4279 devotioni.
1185 4225 1240 4269 et
1266 4222 1505 4269 externa:
1535 4206 1726 4259 volun-

160 4329 264 4389 tati,
292 4327 393 4382 nisi
430 4326 573 4381 forte
614 4309 1067 4376 cxcommunicati
1110 4309 1236 4365 sint,
1273 4302 1449 4357 nullus
1476 4298 1724 4352 obsistat.

164 4419 339 4478 Missas
381 4430 602 4487 quoque
640 4411 885 4483 publicas
915 4412 1113 4477 praster
1142 4396 1355 4452 abbatis
1400 4401 1455 4447 et
1504 4391 1729 4443 fratrum

165 4511 479 4565 voluntatem
526 4507 576 4559 itt
621 4503 810 4557 eodem
844 4491 1172 4551 monasterio
1199 4489 1266 4541 ab
1293 4484 1546 4553 episcopo
1591 4476 1730 4532 ct-le-
1764 4503 1809 4562 ο
1837 4479 1962 4541 mis,

168 4602 319 4669 ιιι·Ὠί,
360 4600 444 4655 vel
492 4596 754 4652 stationes
804 4587 920 4642 ﬁeri
972 4582 1340 4655 prohibemus,
1394 4589 1460 4626 ne
1497 4570 1636 4625 forte
1680 4567 1733 4619 itt

168 4705 427 4744 servorum
477 4684 571 4741 Dei
620 4679 949 4739 recessibus,
980 4669 1327 4744 popularibus
1357 4661 1572 4717 occasio
1601 4672 1739 4728 prte—

170 4782 345 4835 beatur
372 4780 477 4836 ulla
509 4772 884 4833 conventibus.
923 4767 981 4823 Si
1011 4763 1132 4835 quis
1155 4763 1205 4815 in
1238 4756 1537 4814 crastinum
1565 4750 1741 4804 archi-

172 4874 441 4943 episcopus
478 4878 572 4923 aut
610 4866 917 4936 cpiscopus,
955 4861 1251 4927 imperator
1296 4858 1391 4903 aut
1428 4863 1544 4910 rex,
1596 4844 1741 4914 prin-

174 4980 288 5032 ccps
315 4974 405 5017 aut
430 4963 558 5025 dux,
584 4973 788 5019 comes,
817 4955 1139 5011 vicecoutes,
1166 4946 1328 5017 judex
1362 4951 1455 4995 attt
1485 4936 1743 4994 ecclesia-

176 5057 297 5111 stica
338 5054 588 5123 qttzrlibet
637 5045 980 5104 ssccttlarisve
1012 5054 1271 5112 persona,
1330 5035 1488 5103 hujus
1541 5027 1740 5083 decreti

179 5148 413 5214 paginam
440 5144 637 5207 sciens,
672 5148 859 5195 contra
888 5136 1006 5189 eain
1042 5142 1245 5185 temere
1278 5126 1463 5179 venire
1497 5127 1740 5174 teatave-

184 5236 265 5297 rit,
282 5236 511 5289 secundo
525 5230 792 5298 tertioque
809 5220 1238 5281 commonitus,si
1256 5233 1359 5271 non
1375 5211 1746 5269 satisfactione

182 5343 405 5397 congrua
460 5320 863 5381 emendaverit,
929 5311 1214 5384 potestatis
1274 5305 1604 5371 honorisque
1664 5300 1745 5355 sui

186 5417 430 5485 dignitate
460 5424 668 5480 careat,
699 5424 957 5479 rettmqtte
990 5420 1047 5459 se
1078 5397 1483 5469 divinojudicio
1514 5395 1757 5449 existere

190 5510 247 5562 tle
271 5518 565 5580 perpetrata
597 5507 880 5576 iniquitate
908 5504 1219 5568 cognoscat,
1244 5502 1297 5546 et
1323 5508 1352 5545 a
1379 5486 1757 5545 sacratissimo
1853 5474 2277 5540 Barcltiuoneusi
2346 5485 2450 5525 mm

1633 5578 1647 5580 μ
1853 5574 1899 5580 --
2059 5568 2112 5580 η.
2193 5565 2203 5577 .
2268 5563 2280 5580 .
2354 5560 2442 5580 ...__

192 5616 402 5669 corpore
450 5618 512 5655 ac
568 5597 829 5668 sanguine
878 5593 969 5647 Dei
1023 5599 1079 5645 et
1126 5586 1335 5641 Domini
1397 5583 1565 5636 nostri
1624 5578 1748 5633 Jcsu

196 5691 391 5745 Christi.
419 5692 622 5745 alienus
653 5690 765 5750 liat,
794 5696 957 5754 atque
1006 5683 1058 5735 itt
1113 5690 1356 5733 extremo
1383 5673 1631 5729 examine
1673 5669 1751 5722 di-

200 5780 913 5848 ειῖιυιωιιὶιίυιιῑηδυὶῲωςεη.
962 5771 1184 5829 Cunctis
1227 5777 1405 5823 autem
1436 5764 1606 5819 cilcztt
1636 5762 1752 5815 loco

1793 1908 2211 1987 protomartyris
2238 1900 2525 1971 Stephani,
2563 1894 2701 1964 quod
2738 1893 2899 1947 situm
2928 1895 3011 1939 est
3039 1885 3091 1937 in
3123 1882 3239 1934 luco
3279 1880 3370 1947 qui

1792 2003 2060 2064 Balneolis
2086 1999 2303 2059 dicitur,
2338 1994 2389 2046 in
2428 1989 2686 2045 comitatu
2712 1976 3116 2037 Bisuldttnensi.
3147 1973 3371 2041 ejusque

1794 2093 2200 2155 successoribus
2254 2083 2577 2157 regulariter
2628 2071 3025 2133 subStitucndis
3077 2068 3129 2121 itt
3185 2079 3376 2135 perpe-

1799 2201 1973 2247 lunm.

1869 2276 2193 2349 Apostoliczc
2259 2270 2405 2327 sedis
2471 2263 2796 2319 auctoritate
2867 2256 3155 2320 debitaque
3227 2262 3381 2303 coms

1801 2375 2050 2449 pellimur
2090 2385 2187 2438 pro
2241 2366 2615 2418 univerSarum
2654 2353 3011 2409 ecclesiarum
3049 2353 3193 2400 statu
3234 2351 3379 2396 sata.

1802 2482 1949 2538 gere,
1980 2472 2035 2519 et
2061 2473 2248 2515 earum
2273 2454 2439 2525 quieti
2478 2448 2772 2504 auxiliante
2801 2440 3032 2496 Dmuiuo
3067 2432 3373 2505 providere.

1803 2561 1876 2615 Ea
1907 2564 2127 2627 propter
2164 2545 2512 2621 petitionibus
2547 2540 2671 2603 tuis,
2710 2536 2781 2591 liii
2813 2535 2864 2588 itt
2886 2531 3102 2585 Christo
3132 2522 3386 2580 charissi-

1804 2608 1876 2615 _“
1910 2608 1957 2627 r'
2010 2608 2033 2627 Γ
2167 2608 2178 2621 ι

1804 2664 1890 2705 me
1919 2642 2227 2700 Benedicto,
2258 2631 2652 2691 nonimmerito
2676 2623 3021 2679 annuendunt
3050 2608 3384 2671 censuimus.

1804 2752 1865 2797 ttt
1896 2735 2254 2793 Balueolense
2298 2723 2716 2784 monasterium,
2740 2717 2824 2771 cui
2857 2717 2965 2769 Deo
3002 2718 3223 2764 auctore
3257 2719 3389 2775 prte-

1806 2834 1971 2896 sitles,
2005 2825 2312 2899 apostolicae
2354 2819 2500 2875 sedis
2554 2810 2834 2879 rrivilcgio
2891 2804 3246 2860 muniretnus.
3281 2796 3388 2850 Per

1806 2921 2089 2997 praesentis
2121 2931 2250 2985 ergo
2290 2907 2554 2983 privilegii
2588 2904 2835 2975 paginam
2867 2892 3161 2964 apostolica
3198 2895 3389 2942 aucto-

1809 2976 1883 2997 τη
2185 2976 2214 2985 ..
2292 2976 2303 2983 .
2493 2976 2507 2978 _

1809 3016 1970 3070 ritate
1999 3009 2288 3066 statuimus
2331 3012 2387 3059 ttt
2433 3009 2770 3070 quaecunque
2809 2988 2974 3045 hodie
3024 2976 3163 3039 idem
3200 2992 3390 3034 emno-

1813 3109 1962 3163 hittm
1994 3104 2138 3173 justo
2161 3097 2395 3171 possidet
2426 3094 2577 3147 firma
2614 3087 2708 3141 tibi
2744 3084 2958 3150 tuisque
2989 3072 3396 3132 successoribus

1816 3209 1869 3255 et
1909 3199 2108 3252 illibata
2151 3193 2543 3263 permaneant:
2592 3175 2851 3249 parochia
2881 3168 3133 3224 videlicet
3175 3164 3240 3216 de
3270 3162 3384 3229 ipsa

1814 3290 1953 3343 valle
1983 3282 2245 3341 Balneoli.
2278 3274 2506 3333 ecclesia
2556 3266 2741 3325 Sancti
2794 3256 3068 3316 Benedicti
3113 3263 3168 3305 et
3205 3248 3391 3306 Sancti

1817 3380 1960 3437 I’t'lri
1990 3376 2054 3430 de
2092 3368 2331 3439 Agemal.
2362 3362 2547 3420 Sancti
2575 3354 2799 3413 Romani
2831 3352 2895 3404 tle
2921 3343 3242 3401 Millanicas,
3266 3353 3390 3389 eum

1818 3466 2133 3528 catttteterio
2173 3478 2293 3521 suo,
2318 3453 2502 3509 Sancti
2525 3441 2924 3515 Christophori,
2972 3433 3156 3490 Sancti
3204 3426 3388 3484 Jacobi

1820 3578 1942 3619 cum
1966 3556 2189 3613 decimis
2215 3561 2267 3605 et
2292 3545 2545 3619 primitiis
2571 3540 2711 3602 suis,
2746 3546 2797 3591 et
2830 3548 2951 3586 cum
2984 3526 3272 3582 medietate
3306 3520 3397 3570 de-

1820 3669 1905 3707 em
1929 3663 2116 3701 "arum
2156 3659 2249 3697 seu
2277 3635 2638 3707 pritnitiarum
2676 3631 2741 3683 de
2788 3625 2911 3679 villa
2953 3616 3211 3687 Figerttlis
3246 3621 3302 3666 et
3332 3613 3398 3663 de

1824 3737 2172 3799 Eremitauis,
2201 3729 2427 3787 ecclesia
2456 3724 2671 3778 Sancta?
2692 3716 2896 3781 Maria‘,
2922 3708 3106 3764 Sancti
3130 3699 3405 3760 Laurentii

1823 3853 1945 3892 cum
1976 3827 2257 3884 cimetet-io
2282 3824 2346 3877 de
2393 3814 2659 3877 Porcarii,
2690 3808 2918 3866 ecc'esia
2952 3802 3136 3858 Sancti
3173 3794 3406 3852 .‘lauritii

1826 3890 1890 3980 tie
1917 3923 2114 3982 (Zalvis,
2150 3913 2336 3971 Sancti
2366 3908 2593 3979 Quirici,
2629 3901 2812 3958 Sancti
2860 3894 3074 3957 Martini
3108 3893 3173 3946 tle
3206 3890 3411 3955 Campo

1828 4014 2018 4080 majori
2055 4013 2106 4064 itt
2150 4007 2285 4061 valle
2312 4004 2378 4057 de
2430 3996 2717 4058 Milliariis,
2747 3989 2977 4045 ecclesia
3007 3982 3192 4039 Sancti
3245 3978 3416 4044 l‘ctri,

1830 4105 2014 4161 Sancti
2063 4097 2292 4157 Androm
2347 4095 2413 4150 de
2471 4088 2691 4149 Ritnlis,
2750 4080 2939 4137 Sancti
3011 4071 3288 4128 Vincentii
3348 4069 3425 4121 de.

1831 4201 2094 4261 Saliente,
2161 4189 2348 4247 Sancti
2413 4181 2612 4240 Juliani
2675 4179 2743 4233 de
2800 4169 3121 4241 Augustino,
3195 4164 3412 4217 Sanctse

1832 4292 2012 4347 Mariae
2048 4288 2113 4341 de
2139 4283 2263 4338 villa
2295 4281 2478 4339 Azert,
2528 4269 2712 4326 Sancti
2761 4261 3024 4319 Martialis
3052 4258 3117 4311 de
3160 4253 3421 4317 Qnaran-.

1835 4387 1961 4449 tela,
1993 4380 2126 4436 cella
2164 4377 2377 4430 Sanctae
2405 4367 2586 4423 Mariae
2613 4364 2679 4417 de
2704 4361 2841 4414 Divo
2871 4356 3086 4413 tl‘Azar,
3117 4362 3238 4402 ettm
3271 4343 3417 4397 deci-

2007 4468 2391 4528 oblationihus,
2442 4476 2505 4514 ac
2545 4454 2759 4513 caeteris
2797 4442 3139 4521 pertinentiis
3196 4438 3328 4493 suis.
3359 4435 3425 4488 In

1838 4570 2094 4627 comitatu
2125 4554 2480 4618 Petralatensi
2504 4547 2732 4607 ecclesia
2758 4541 2942 4599 Sancti
2970 4532 3202 4594 Martini,
3232 4526 3418 4583 Sancti

1840 4659 2127 4737 Sylvestri.
2172 4655 2228 4709 In
2279 4649 2415 4705 valle
2461 4644 2624 4710 mala,
2671 4637 2806 4693 cella
2852 4630 3036 4688 Sancti
3079 4622 3305 4681 Joannis
3356 4619 3431 4671 de.

2565 4736 2571 4737 '
2645 4733 2656 4737 ‘
2739 4729 2796 4737 “·
2880 4734 2889 4737 -
3020 4736 3027 4737 κ
3092 4733 3121 4737 η
3192 4711 3395 4737 [ηιξκιζι-

1841 4711 2054 4737 ημη-
2095 4711 2101 4712 ,

1840 4753 2046 4819 Crosis,
2094 4745 2280 4804 Sancti
2320 4736 2575 4813 Cypriani
2626 4733 2694 4787 de
2739 4729 2953 4788 Pineta,
3006 4733 3127 4774 cum
3173 4711 3428 4773 decimis,

1842 4842 2224 4902 oblationibus,
2284 4844 2339 4889 et
2400 4828 2612 4886 caeteris
2676 4833 2865 4877 earum
2936 4805 3315 4883 pertinentiis;
3370 4801 3421 4855 itt

1843 4938 2101 4997 comitatu
2184 4918 2665 4996 Etnpuritanensi,
2723 4911 2859 4968 cella
2922 4907 3137 4960 Sanctae
3201 4895 3421 4957 Crueis,

1846 5029 2030 5087 Sancti
2078 5020 2285 5080 Nicolai
2331 5030 2453 5073 cum
2484 5004 2810 5067 cmmeleriis
2850 5008 2904 5054 et
2948 4993 3137 5050 alodiis
3193 4988 3325 5048 suis,
3370 4992 3426 5038 es

1846 5130 2081 5180 castrum
2105 5109 2451 5182 Colcpodium
2476 5117 2596 5159 cum
2619 5089 2954 5168 pertinentiis
2982 5085 3114 5140 suis.
3166 5081 3219 5134 lu
3259 5075 3427 5132 cumi-

1851 5226 1963 5270 tattt
2017 5202 2380 5267 Gerundensi,
2430 5192 2657 5251 ecclesia
2687 5188 2901 5242 Sancta:
2939 5174 3122 5234 Marite
3147 5172 3214 5225 de
3258 5170 3422 5224 Fene-

1849 5303 2000 5365 stris,
2029 5295 2215 5354 Sancti
2242 5288 2437 5346 Felicis
2467 5286 2531 5338 de
2561 5276 2740 5335 Buada
2763 5289 2885 5329 cum
2912 5266 3159 5326 decimis,
3195 5257 3429 5314 oblatio-

1852 5394 2032 5453 nibus,
2078 5398 2133 5441 et
2166 5380 2379 5440 caeteris
2426 5386 2612 5431 earum
2665 5358 3026 5439 pertinentiis.
3063 5357 3120 5410 In
3171 5352 3428 5406 comitatu

2457 5462 2734 5522 tastcrium
2792 5453 2974 5511 Sancti
3041 5443 3301 5504 Martialis
3365 5438 3429 5491 de

1853 5574 2033 5629 Monte
2058 5565 2237 5635 Signi;
2268 5563 2322 5616 itt
2354 5560 2612 5614 Tanilano
2658 5550 2887 5610 ccelesia
2942 5540 3127 5598 Sancti
3182 5534 3429 5590 Snlvato-
3506 5574 3512 5589 ,

1858 5666 1968 5718 ris:
2000 5655 2223 5715 mercati
2260 5665 2475 5722 quoque
2500 5646 2640 5715 quod
2665 5661 2827 5711 penes
2846 5647 3088 5695 vestrum
3119 5624 3423 5682 ctenuhiuut

1860 5756 1975 5818 licrft
2010 5754 2166 5816 solet,
2208 5747 2477 5811 telottcum
2522 5748 2568 5796 cl
2607 5751 2818 5792 omnem
2846 5731 3130 5800 justitiam,
3175 5719 3266 5775 tibi
3303 5714 3429 5769 tuis-
