3888 6322
145 318 204 373 η
1163 311 1516 367 ΙίΓΙὸἸὈίπΕ
1544 311 1627 365 ΕΤ
1660 309 2067 370 νιιινιιλςίλιλ.

3259 316 3379 377 ‘78~

115 432 377 493 τειῖηθτε»
433 428 695 489 militio”.
733 426 816 479 Vel
858 424 1164 480 lenterariis
1201 426 1576 481 vexattombus
1608 426 1688 476 la-
1721 426 1762 479 Α
1865 426 2019 482 Sicut
2065 428 2262 497 injusta
2311 432 2654 500 poscentibus
2708 431 2885 485 nullus
2934 440 3011 485 est
3053 431 3368 490 trilmenduo

113 526 292 595 ligare.
330 521 428 576 sed
456 519 634 575 omnia
667 520 874 589 integra
917 527 1332 579 conservantur,
1368 534 1557 573 earum
1584 534 1681 586 pro

112 631 331 683 quarum
350 612 743 668 sustentatione
760 626 823 664 ac
851 611 1243 677 gubernatione
1259 626 1515 663 concessa
1534 620 1651 681 Stlltl
1664 648 1679 674 ,

113 707 289 760 usibus
310 704 639 759 omnimodis
660 701 963 772 profutura,
978 702 1122 755 salva
1143 700 1482 756 Trevirensis
1500 698 1681 754 Eccle-

113 801 199 853 sia:
220 796 484 851 canonica
513 794 833 848 reverentia.
859 792 1104 848 Obeunle
1133 802 1216 856 te,
1248 807 1390 844 nunc
1429 788 1546 863 ejus
1578 790 1679 844 loci

112 889 399 950 abbatissa,
424 887 506 941 vel
532 902 718 940 earum
748 899 1083 956 qiizecnuque
1125 895 1245 954 post
1275 894 1326 937 te
1360 883 1411 937 in
1443 882 1681 949 ejusdem

112 982 204 1036 loei
252 980 510 1049 regimine
552 978 932 1039 successerint.
968 977 1113 1031 nulla
1163 977 1234 1031 ibi
1276 975 1528 1046 qumlibet
1559 978 1685 1029 sub-

113 1072 363 1142 reptlonis
431 1070 631 1125 astutia
690 1069 774 1123 vel
838 1068 1091 1122 violentia
1159 1077 1533 1138 praeponatur,
1591 1066 1685 1120 sed

112 1182 260 1237 quant
289 1178 509 1225 sorores
532 1163 804 1218 communi
833 1176 1124 1224 consensu,
1159 1159 1238 1214 vel
1281 1174 1529 1214 sororum
1563 1173 1687 1227 pars

115 1260 313 1317 consilii
348 1258 587 1313 sanioris
614 1256 910 1311 secundum
945 1254 1111 1308 Deum
1136 1261 1191 1306 et
1224 1252 1368 1307 beati
1411 1248 1684 1305 Benedicti

117 1352 337 1423 regulam
365 1348 703 1419 providerint
740 1346 1067 1416 eligendam.
1096 1344 1340 1396 adhibito
1362 1342 1526 1395 etiam
1552 1341 1689 1394 diae-

114 1442 280 1497 cvsani
308 1440 550 1510 episcopi
587 1438 843 1499 consilio,
876 1436 919 1490 si
955 1434 1259 1490 catholicus
1295 1432 1690 1501 religiosnsquc

116 1531 395 1593 exstiterit,
424 1528 613 1598 utjam
641 1526 867 1581 omnino
900 1540 1003 1577 non
1042 1524 1203 1579 liccat
1231 1521 1372 1577 infra
1415 1520 1687 1574 abhatiam

118 1623 273 1689 ipsam
324 1620 534 1687 aliquid
588 1616 858 1672 violentiae
918 1614 998 1667 \el
1048 1628 1228 1683 prava:
1282 1609 1690 1665 consuetudinis

118 1711 396 1775 vindicare,
448 1719 543 1764 aut
579 1709 912 1781 gravaminis
947 1709 1265 1779 quidquam,
1299 1705 1442 1775 quod
1470 1704 1689 1760 aucilla—
1717 1714 1723 1719 ‘

1784 520 2028 583 effectus,
2047 522 2124 576 sic
2149 521 2381 592 legitima
2405 523 2828 577 desiderantium
2851 538 2953 577 non
2968 532 3049 577 est
3073 522 3365 580 dim-renda

1785 610 1991 678 petitio.
2010 609 2216 667 Comes
2246 613 2497 665 nimirum
2535 612 2744 667 Tolosa:
2768 629 2923 667 orum
2956 628 3018 665 ac
3056 613 3370 669 tluthenen-

1785 702 1949 765 siam,
1978 713 2034 756 et
2063 702 2305 756 marchio
2333 703 2647 763 Provincizr.
2685 703 3037 773 llainmmlus,
3067 714 3373 777 potentatus

1786 793 1868 848 sui
1906 801 2111 861 partem
2155 808 2184 845 a
2239 792 2480 845 Romana
2528 794 2763 847 l’cclesia
2807 796 3088 862 detinens,
3141 796 3373 849 honores

1785 899 1974 938 omnes
2002 885 2068 937 ad
2099 884 2315 939 beatum
2349 884 2623 952 Egidium
2658 887 2990 952 pertinentes
3024 896 3129 939 tam
3158 887 3209 939 in
3235 885 3374 939 valle

1788 975 2101 1031 Flaviniana
2136 992 2298 1044 quam
2328 977 2691 1039 extrinsecus,
2730 977 3374 1047 quidquidjustesivcitt-

1780 1065 1927 1134 juste
1980 1067 2265 1120 videbatur
2314 1080 2516 1131 tenere,
2565 1084 2755 1121 munes
2800 1079 2975 1123 rectas
3022 1072 3134 1122 sive
3180 1085 3375 1137 pravas

1788 1161 2248 1223 consuetudines,
2305 1176 2443 1229 quas
2498 1162 2663 1229 ipsius
2711 1172 3083 1215 antecessores
3125 1171 3214 1214 aut
3266 1164 3377 1229 ipse

1789 1252 2112 1314 habuerant,
2138 1254 2206 1305 oh
2234 1253 2491 1307 honorem
2525 1254 2614 1307 Dei
2648 1262 2702 1305 et
2732 1254 2871 1307 I:eati
2897 1252 3095 1320 {Egidii
3124 1268 3377 1306 reveren-

1792 1349 1921 1403 tiam
1974 1346 2283 1414 dereliquit.
2333 1344 2501 1411 Quam
2555 1346 2809 1399 \idelicct
2856 1346 3189 1411 missionem,
3239 1345 3377 1413 apud

1793 1439 2160 1493 Nemausense
2187 1440 2472 1493 concilimn
2500 1438 2692 1507 jurmis
2724 1438 2774 1489 in
2810 1453 2969 1490 mantt
3009 1444 3211 1496 nostra,
3249 1435 3380 1490 Odi-

1792 1532 1898 1587 loni
1929 1532 2134 1596 abbati,
2167 1541 2222 1584 et
2254 1530 2371 1597 ejus
2414 1530 2674 1584 fratribus
2706 1530 2860 1593 fecit,
2895 1530 2946 1582 in
2996 1527 3383 1598 llierosolymi-

1796 1632 1977 1676 lanam
2003 1623 2408 1692 expeditionem
2441 1624 2633 1685 iturus,
2663 1636 2828 1687 seque
2856 1630 2909 1673 et
2945 1620 3224 1673 universos
3258 1633 3382 1670 suc-

1794 1729 1858 1766 cc
1890 1728 2043 1767 sores
2091 1729 2241 1779 suos,
2281 1714 2323 1767 si
2374 1713 2511 1766 forte
2556 1712 2656 1765 hoc
2698 1710 2895 1764 donum
2944 1710 3155 1763 irritum
3206 1709 3385 1763 facere

120 1821 225 1860 rum
254 1803 463 1857 Domini
496 1802 588 1858 Dei
620 1803 786 1870 quieti
813 1802 1071 1872 impediat
1091 1842 1103 1860 .
1140 1801 1405 1869 irrogare.
1440 1798 1689 1853 Advoca-

1807 1813 2189 1873 pertentarenl,
2217 1804 2359 1872 quod
2388 1803 2453 1855 ad
2478 1820 2534 1856 se
2563 1811 2706 1865 erat,
2741 1802 3087 1855 damnatione
3123 1808 3177 1852 et
3214 1800 3384 1853 male-

119 1905 221 1948 tum
244 1908 459 1963 quoque
489 1893 732 1963 ejusdem
762 1893 861 1946 loci
898 1908 1002 1946 non
1029 1892 1194 1945 alimn
1232 1892 1348 1944 fore
1377 1890 1687 1952 statuimus,

120 1987 210 2040 nisi
254 2000 410 2054 quem
452 1983 788 2039 monasterio
834 1984 1019 2037 utilem
1066 1982 1343 2035 abbatissa
1393 1996 1515 2034 cum
1561 1980 1692 2033 reli-

122 2076 376 2146 giosarum
428 2090 654 2128 suarum
701 2073 981 2127 voluntate
1028 2070 1357 2141 poposcerit.
1416 2068 1523 2124 Nec
1583 2068 1683 2136 ipsi

121 2166 540 2230 aut'abbatissze,
572 2180 671 2219 nec
706 2164 865 2219 alicui
904 2163 1005 2217 loci
1041 2163 1210 2232 ipsius
1238 2160 1490 2215 ministro
1524 2159 1693 2214 facul-

124 2267 198 2311 tas
220 2258 285 2312 sit
308 2257 555 2312 ecclesize
575 2256 713 2310 bona
745 2255 827 2310 vel
856 2255 908 2310 in
948 2254 1165 2309 feudum
1196 2252 1442 2321 personis
1468 2251 1695 2305 szecula-

125 2350 258 2407 ribus
284 2350 433 2411 dare,
464 2348 555 2403 vel
586 2349 687 2403 sub
715 2362 937 2402 censum
970 2348 1239 2414 redigere,
1269 2345 1351 2398 vel
1375 2344 1551 2397 modis
1576 2343 1698 2411 qni-

125 2442 336 2497 buslibct
356 2442 625 2497 alienare.
660 2440 873 2495 Nullum
908 2449 1168 2508 prteterea
1211 2437 1467 2493 clericum
1496 2437 1549 2489 in
1585 2450 1692 2489 mo-

128 2532 345 2586 nasterio
374 2540 564 2586 vestro
595 2530 905 2585 ministrare
932 2530 1329 2599 permittimus,
1370 2525 1472 2580 nisi
1508 2528 1575 2579 de
1607 2539 1694 2577 rc-

126 2622 435 2689 gulariornm
488 2621 880 2676 eanonicorum
921 2635 1145 2674 numero
1192 2632 1331 2686 quos
1374 2616 1514 2685 apud
1556 2614 1697 2669 beati

132 2714 346 2768 Montani
382 2713 499 2785 (46)
531 2712 820 2767 ecclesiam
860 2710 1137 2778 religionis
1168 2716 1364 2761 vestrae
1396 2706 1700 2759 sollicitudo

130 2806 414 2870 constituit,
448 2805 653 2875 quibus
692 2803 998 2873 delegatum
1026 2819 1091 2856 ex
1126 2813 1431 2857 vestrarum
1462 2798 1687 2853 faculta-

137 2907 234 2955 tum
275 2896 618 2967 portioaibns
662 2896 862 2959 victum
887 2936 901 2955 .
934 2911 1127 2964 nequa
1171 2894 1223 2947 in
1261 2903 1538 2962 posterum
1580 2906 1704 2961 pcr-

134 3002 247 3041 soua
277 2988 600 3041 subtrahere
630 2986 850 3051 audeat,
890 2985 1293 3039 interdicimus.
1330 2984 1410 3037 Ad
1442 2982 1701 3036 imlicimn

135 3088 294 3133 autem
320 3088 589 3149 percepta:
611 3094 639 3131 a
668 3078 912 3133 Romana
939 3075 1183 3130 Ecclesia
1204 3073 1488 3133 libertatis.
1514 3071 1705 3127 Virdo-

136 3168 299 3221 nensis
324 3178 558 3223 monete
586 3182 678 3222 sex
708 3178 999 3237 argenteos
1025 3165 1319 3235 quotannis
1344 3163 1701 3222 Lateranensi

137 3262 315 3331 palatio
342 3261 686 3332 persolvetis.

200 3353 378 3424 Siqua
416 3355 588 3425 igitur
624 3353 675 3407 in
710 3352 1009 3407 crastinum
1054 3350 1425 3405 ecclesiastica
1470 3364 1700 3418 persona

140 3448 461 3502 secularisve
514 3446 672 3513 lmjus
712 3445 917 3499 decreti
965 3445 1213 3514 paginam
1256 3445 1465 3509 sciens,
1515 3451 1707 3497 contra

140 3552 243 3589 eam
294 3547 502 3591 temere
550 3535 737 3589 venire
795 3534 1128 3596 tentaverit,
1180 3533 1419 3586 secundo
1477 3532 1709 3585 tertiove

142 3628 468 3691 commonita,
505 3627 549 3681 si
578 3642 682 3679 non
710 3624 1084 3679 satisfactione
1118 3638 1355 3692 congrum
1388 3623 1712 3676 emendave-

143 3716 224 3779 rit,
246 3717 529 3785 potestatis
562 3715 891 3784 houorisque
912 3716 994 3769 sui
1018 3715 1282 3784 dignitate
1304 3722 1509 3777 careat,
1536 3728 1712 3766 reamv

146 3823 237 3873 que
261 3824 316 3863 se
344 3810 534 3863 divino
567 3808 775 3876 judicio
803 3806 1040 3861 existere
1070 3808 1136 3859 de
1168 3815 1473 3875 perpetrata
1510 3805 1711 3872 iniqui-

146 3908 242 3954 tate
266 3910 575 3970 cognoscat,
600 3910 655 3954 et
681 3917 709 3954 a
735 3900 1082 3955 sanctissimo
1109 3914 1338 3967 corpore
1362 3908 1415 3950 et
1447 3898 1711 3966 sanguine

148 3987 228 4044 Dei
253 4000 301 4045 ct
326 3990 536 4046 Domini
564 3989 944 4059 Redemptoris
962 3990 1130 4044 nostri
1153 3987 1280 4041 .lesn
1312 3988 1513 4042 Christi
1539 3988 1711 4042 aliena

148 4081 246 4142 ﬁat,
269 4093 423 4153 atque
448 4085 506 4137 in
538 4093 785 4137 extremo
810 4082 1062 4144 examine
1090 4081 1351 4133 districta:
1381 4078 1567 4132 ultioni
1590 4078 1719 4132 suh-

144 4172 323 4245 jaceat.
355 4175 584 4231 Cunctis
616 4183 796 4228 autem
829 4173 1019 4226 eodem
1050 4170 1333 4238 locojnsta
1368 4168 1716 4224 servantibus

150 4262 211 4315 sit
237 4279 329 4333 pax
359 4264 572 4317 Domini
611 4261 781 4317 nostri
811 4260 936 4315 Jesn
979 4260 1179 4315 Christi
1206 4300 1219 4324 ,
1251 4267 1519 4329 quatenus
1549 4266 1604 4311 et
1630 4257 1717 4311 hic

152 4355 361 4412 fructum
385 4360 543 4414 boum
569 4358 802 4411 actionis
830 4357 1133 4427 percipiant
1154 4367 1210 4411 et
1251 4357 1389 4425 apud
1413 4355 1714 4409 districtum

1732 3130 1780 3193 C

1795 1900 2035 1953 dictione
2096 1903 2363 1952 multavit.
2401 1896 2552 1963 Quod
2598 1896 2762 1965 igitur
2796 1904 3118 1964 suggerente
3149 1895 3292 1961 ipso,
3331 1901 3386 1946 et

1797 1989 2078 2045 monachis
2119 1988 2491 2046 exorantibus.
2543 1988 2594 2040 in
2638 1986 2800 2039 totius
2837 1984 3050 2038 concilii
3094 1992 3382 2052 conspectu

1797 2086 2154 2148 ﬁrmavimus,
2182 2100 2388 2138 necnon
2407 2093 2459 2137 et
2481 2099 2575 2152 per
2596 2079 2933 2135 auctoritatis
2957 2090 3152 2133 nostra:
3181 2079 3387 2131 litteras

1796 2178 2123 2231 stabilimus.
2177 2177 2232 2230 Si
2290 2178 2412 2246 quis
2455 2191 2584 2245 ergo
2630 2174 2991 2228 eeelesiastiea
3047 2169 3387 2224 sa’Clllttl'isVE

1797 2282 2033 2336 persona
2068 2267 2208 2322 hanc
2243 2266 2539 2334 supradicti
2573 2266 2786 2319 comitis
2819 2263 3153 2327 missionem,
3196 2268 3249 2311 ct
3288 2274 3386 2311 no-

1797 2368 1968 2411 stram
1994 2367 2158 2427 atque
2184 2359 2350 2413 totius
2375 2357 2589 2411 concilii
2625 2354 3097 2409 conﬁrmationem
3126 2361 3391 2402 evacuare

1799 2463 1893 2505 aut
1922 2462 2239 2522 pervertere
2276 2450 2713 2522 praesumpserit,
2748 2459 3029 2516 usquequo
3068 2442 3388 2505 satisfaciat,

1803 2543 2353 2597 excommunicationi
2394 2538 2835 2606 anathematique
2870 2538 3154 2599 subdatur,
3196 2544 3249 2588 et
3295 2534 3392 2586 ho-

1803 2633 1955 2686 noris
1977 2642 2140 2702 atque
2165 2632 2322 2687 ollicii
2346 2632 2428 2685 sui
2452 2632 2806 2685 evacuatioue
2833 2629 3121 2697 plectatur.

1879 2724 2007 2776 l‘ost
2041 2725 2154 2777 !i:ec
2184 2724 2376 2776 divina:
2408 2722 2699 2775 voluntatis
2727 2720 3077 2788 dispositione
3105 2725 3281 2769 aetum
3313 2720 3396 2765 est

1804 2826 1856 2867 u‘
1885 2814 2025 2882 apud
2049 2812 2110 2866 Β.
2137 2811 2336 2881 [Εείἀίἰ
2366 2811 2777 2876 monasterium,
2804 2807 3039 2861 basilicae
3064 2820 3214 2858 novre
3241 2816 3392 2855 aram

1805 2904 2163 2972 omnipotenti
2198 2904 2306 2957 Deo
2338 2902 2538 2957 nostris
2566 2901 2814 2955 manibus
2842 2901 3166 2953 dicaremus.
3198 2891 3397 2948 Sanxi-

1808 3013 1927 3051 mus
1964 2997 2127 3065 igitur
2155 3004 2209 3050 et
2241 2996 2548 3056 sancimus,
2578 3004 2633 3047 et
2670 2993 2736 3046 ad
2771 3001 3044 3061 posterum
3078 2984 3394 3042 memoriam

1808 3088 2004 3143 litteris
2034 3089 2401 3159 designanms,
2446 3102 2512 3141 ne
2549 3087 2671 3157 quis
2700 3084 2923 3138 ulterius
2959 3081 3398 3150 archiepiscopus

1809 3189 1903 3236 aut
1950 3181 2265 3251 cpiscOpus.
2299 3180 2559 3232 adversus
2594 3178 2839 3230 eamdem
2882 3173 3169 3228 ecclesiam
3207 3169 3401 3222 audeat

1808 3270 2391 3328 excommunicationis
2421 3279 2514 3323 ant
2556 3267 2953 3322 interdictionis
2993 3263 3237 3333 proferre
3271 3277 3401 3314 sen-

1812 3364 2078 3421 tentiam.
2135 3372 2402 3432 quatenus
2461 3361 2600 3413 idem
2663 3356 3050 3412 monasterium
3110 3368 3175 3404 ex
3232 3352 3401 3420 ipsius

1810 3457 1870 3511 Β.
1900 3455 2100 3525 ,λεεωίί
2140 3452 2434 3508 traditione
2478 3458 2677 3504 sancta:
2710 3449 2967 3501 Romanae
3001 3443 3254 3497 Ecclesia:
3288 3439 3396 3509 jnri

1812 3547 2033 3617 proprio
2059 3544 2364 3601 subditum.
2403 3541 2658 3595 Romanae
2691 3552 2905 3606 semper
2940 3534 3206 3588 libertatis
3232 3532 3399 3602 gratia

1812 3634 2145 3705 perfruatur.
2193 3632 2250 3687 Si
2302 3631 2425 3699 quis
2472 3637 2688 3693 autem,
2747 3626 2946 3679 decreti
3000 3623 3160 3697 hujus
3220 3632 3402 3675 tenore

1812 3728 2051 3797 cognito,
2081 3724 2295 3779 obviam
2325 3722 2511 3777 venire
2546 3717 2857 3782 teutaverit,
2900 3717 3123 3770 honoris
3154 3724 3209 3767 et
3236 3711 3399 3765 ollicii

1814 3819 1895 3872 sui
1933 3815 2318 3871 detrimentum
2356 3812 2609 3882 patiatur,
2640 3817 2803 3877 atque
2834 3824 2861 3858 a
2893 3804 3263 3860 sacratissimo
3284 3816 3404 3855 cor-

1815 3925 1945 3978 pore
1997 3918 2052 3962 et
2082 3906 2344 3975 sanguine
2375 3904 2465 3959 Dei
2499 3918 2564 3956 ac
2598 3900 2806 3955 Domini
2836 3895 3212 3963 Redemptoris
3235 3891 3405 3945 nostri

1814 4000 1940 4055 Jesu
1974 3999 2176 4054 Christi
2211 3998 2421 4052 alienus
2453 3994 2568 4060 ﬁat,
2602 4000 2763 4061 atque
2796 3991 2849 4045 in
2881 3998 3126 4043 extremo
3154 3984 3407 4040 examina

1817 4093 2084 4146 districta:
2136 4090 2326 4143 ultioni
2378 4087 2677 4157 suhjaceat.
2725 4082 2946 4137 Cttnctis
2997 4088 3175 4132 autem
3231 4077 3404 4129 eidem

1816 4185 1939 4238 loco
1957 4182 2114 4251 juxta
2145 4180 2493 4236 servantibus
2519 4194 2621 4248 pax
2648 4184 2700 4231 et
2732 4171 3103 4229 misericordia
3134 4187 3162 4222 a
3206 4169 3314 4221 Deo
3352 4175 3401 4219 et

1820 4273 1978 4327 Patre
2011 4282 2194 4326 nostro
2221 4282 2275 4325 et
2309 4270 2537 4326 Domino
2558 4265 2685 4320 Jcsu
2716 4263 2931 4317 Christo
2961 4258 3316 4331 pratscntibus
3344 4271 3406 4309 ac

1818 4366 2019 4421 futuris
2047 4364 2259 4420 szeeulis
2289 4370 2660 4417 conservetur.
2694 4358 2886 4419 Amen,
2913 4367 3089 4413 amen,
3122 4364 3301 4402 amen.

148 4442 363 4513 indicem
422 4448 647 4517 prwmia
703 4456 920 4501 tetertire
965 4447 1117 4517 pacis
1169 4445 1467 4501 inveniant.
1518 4444 1712 4507 Amen,
1745 4476 1793 4535 Β
1895 4460 2087 4513 nam",
2120 4471 2218 4527 Per
2244 4469 2463 4509 manu,“
2487 4449 2733 4511 mannis,
2759 4447 2817 4500 δ,
2856 4446 2918 4500 ῃ,
2952 4445 3013 4498 ις,
3044 4441 3253 4496 dinam;
3284 4453 3405 4491 car-

153 4554 291 4593 amen
308 4583 321 4602 .
352 4558 527 4597 amen.

215 4626 395 4685 Datum
424 4634 480 4686 in
511 4632 840 4688 monasterio
867 4629 924 4686 S.
956 4631 1176 4701 .ﬁgidii,
1208 4630 1349 4701 apud
1377 4628 1568 4683 vallem
1597 4628 1715 4681 Fla-

155 4718 428 4787 viuianam,
452 4739 551 4793 per
570 4739 785 4776 manum
807 4720 1034 4777 Joannis
1051 4764 1065 4787 ,
1095 4722 1152 4773 S.
1172 4721 1427 4774 Romtmze
1456 4718 1715 4773 Ecclesiae

159 4807 346 4865 diaconi
370 4813 693 4875 cardiualis,
726 4828 815 4866 xw
847 4810 962 4865 Kal.
1004 4812 1160 4879 Aug..
1188 4810 1380 4863 indiet.
1416 4825 1501 4871 tv,
1536 4808 1716 4863 lucar-

162 4900 374 4956 natiouis
416 4902 709 4957 Dominicaz
750 4918 894 4955 anno
938 4902 1100 4963 1096,
1148 4892 1497 4969 pontiﬁcatus
1536 4910 1715 4952 autem

163 4991 341 5051 domini
370 4993 568 5049 Urbani
594 4993 629 5047 ll
659 5009 806 5065 papae
839 5010 910 5046 tx.

840 5085 1017 5141 CCIV.

360 5176 689 5246 Piirilcgfum
719 5193 813 5245 pro
841 5176 1156 5229 ntenusm'io
1190 5174 1244 5226 S.
1284 5173 1509 5228 .Euidii.

738 5270 917 5338 (Auno
960 5267 1134 5333 I096.)

551 5361 766 5431 (illam,
793 5360 994 5413 Coucil.
1027 5359 1142 5422 XX,
1174 5357 1322 5427 938.]

235 5448 467 5509 [annos
496 5456 800 5523 episcopus,
838 5469 1026 5506 seruis
1056 5468 1335 5505 sertorum
1378 5451 1483 5505 llci.

1820 4551 2021 4607 tiinalis
2062 4564 2126 4602 ac
2175 4543 2598 4603 bibliothecarii,
2646 4540 2785 4608 apud
2834 4535 3165 4592 Avcnioneln
3206 4532 3260 4585 in
3290 4544 3407 4583 ηιθ-

1822 4640 2064 4697 nasterio
2081 4638 2140 4694 S.
2167 4637 2415 4699 Audrete,
2441 4651 2490 4689 χι
2522 4633 2789 4687 Kalendas
2829 4626 3075 4696 Augusti,
3118 4622 3409 4676 indictione

1824 4747 2038 4807 quarta,
2085 4732 2484 4788 lncarnationis
2525 4727 2818 4783 Dominiea:
2862 4723 3017 4786 1096,
3065 4718 3409 4789 pontiﬁcatus

1828 4841 2007 4883 autem
2032 4824 2234 4881 domini
2276 4820 2476 4878 Urbani
2510 4819 2547 4872 ll
2575 4833 2725 4887 papa:
2768 4830 2842 4868 Ix.

2539 4951 2691 5007 CCV.

1928 5072 1931 5077 ’
1977 5075 2129 5131 Bu'lu
2159 5091 2252 5144 pro
2278 5071 2490 5125 calcsia
2527 5066 2708 5121 Sancti
2742 5062 3016 5115 Saturnini
3051 5058 3279 5113 Teleste.

2429 5164 2605 5227 (Anno
2644 5156 2818 5221 1096.)

2230 5254 2469 5325 Histri“,
2519 5247 2737 5301 Misce”.
2780 5245 2839 5306 Il,
2883 5240 3023 5313 I711]

1914 5354 2162 5408 l'ttnucs
2202 5352 2504 5413 cpt-cimus.
2543 5356 2732 5391 servus
2764 5352 3041 5389 St'l'uil'tllll
3082 5332 3171 5387 llei
3207 5329 3419 5384 dilectis

1839 5447 1890 5500 in
1919 5444 2135 5499 Christo
2170 5439 2291 5491 liliis
2315 5432 2591 5490 canonicis
2624 5429 2673 5484 in
2702 5429 2846 5483 cccle
2881 5427 2926 5481 ia
2958 5425 3100 5479 Beati
3134 5416 3410 5478 Saturnini

240 5652 341 5715 Hb)
379 5653 625 5721 Superest
656 5653 794 5705 haud
830 5651 1013 5721 procul
1046 5669 1072 5703 a
1098 5650 1382 5705 .luviniacu
1409 5649 1633 5705 ccclesia
1662 5650 1716 5703 S.
1766 5646 2028 5710 Montani,
2068 5642 2155 5713 qui
2268 5634 2493 5704 lictttigii
2524 5642 2700 5686 mlum
2740 5628 3063 5699 [tt'zeilixet‘at
3083 5664 3097 5689 ,
3124 5622 3174 5676 td
3201 5621 3214 5677 ’.
3241 5619 3357 5673 ύὶωι

179 5726 394 5779 εῐοηιιιδε
426 5726 613 5795 degunt
641 5724 738 5781 sub
767 5724 1010 5780 (lantcla
1042 5722 1375 5784 tnonastetii.
