3888 6322
456 316 561 370 479

1784 308 1841 361 Β.
1892 308 2025 365 [fill

2137 309 2141 359 ι
2178 306 2214 360 ιι
2250 295 2446 360 tmte
3624 307 3712 360 6‘33

459 427 761 499 regularem
806 427 971 479 vitam
1007 424 1284 493 professis,
1323 433 1377 477 et
1418 438 1605 476 eorum
1642 429 2046 476 successoribus
2080 430 2118 478 Α
2153 431 2205 473 ιιι
2234 422 2607 489 nullaeiserga
2630 419 2973 488 pra-positum
2992 433 3149 470 suum
3170 418 3551 471 inobedientm
3566 433 3709 472 caua

458 523 513 576 in
539 523 725 574 eadem
756 520 1007 588 rel'gioue
1046 518 1269 572 victur's
1298 518 1347 570 in
1384 527 1571 586 pet-pel
1613 532 1724 570 um.

530 613 683 667 Sicut
731 610 925 677 iniusta
968 611 1318 679 poscentibus
1369 610 1551 663 nullus
1596 618 1675 661 est
1728 607 2043 662 tribuendus

453 702 695 769 rﬂ‘ectus,
714 705 784 755 ita
803 702 1036 769 legitima
1063 702 1483 754 desiderantium
1509 717 1613 754 non
1641 709 1724 754 est
1749 700 2041 752 t‘ill'crcnda

457 797 668 866 petitio.
711 796 940 861 Quercla
985 796 1248 863 siquidem
1283 795 1370 846 illa
1407 809 1527 862 qua:
1555 794 1697 845 inter
1734 808 1826 846 vos
1855 802 1910 845 et
1937 791 2042 845 fra-

456 900 589 941 trent
639 898 884 941 nostrum
930 887 1195 941 lsarnunt.
1229 886 1555 939 Tolosanum
1598 885 1937 953 episcopum,
1977 884 2042 937 de

456 978 791 1031 oblatimunn
823 977 1011 1030 altaris
1045 986 1095 1031 el
1142 976 1383 1031 ecclesiae
1415 984 1570 1044 parte
1600 983 1791 1043 quarta
1818 973 2041 1042 prolixis

452 1067 786 1135 temporibus
827 1068 1088 1135 agebatur
1118 1082 1214 1134 per
1250 1066 1640 1133 omnipotentis
1681 1063 1769 1116 Dei
1810 1064 2037 1131 gratiam

451 1156 710 1223 prmsrnti
753 1170 816 1207 ns
864 1154 1018 1208 nobis
1045 1154 1173 1223 ’(47)
1221 1154 1521 1224 synodique
1563 1162 1639 1206 ist
1676 1151 1879 1220 judicio
1914 1167 2038 1219 per-

449 1255 679 1299 tractata
736 1254 791 1299 et
846 1246 1204 1313 legitimorum
1262 1244 1478 1298 testium
1517 1244 1605 1312 qui
1658 1243 1939 1296 audierant
1984 1250 2039 1294 et

448 1338 703 1391 viderant
731 1336 1085 1406 jurejurando
1115 1337 1264 1391 finita
1286 1346 1389 1390 est.
1423 1336 1601 1389 l’atuit
1629 1336 1773 1388 enim
1811 1334 2039 1387 clericos

446 1427 742 1495 quomlam,
774 1429 863 1497 qui
911 1429 1051 1498 apud
1102 1427 1243 1482 beati
1281 1426 1558 1481 Satttrnini
1594 1424 1878 1478 ecclesiam
1910 1436 2037 1478 ante

445 1527 625 1571 vestra
655 1529 890 1589 tempora
910 1520 1043 1573 citra
1062 1518 1376 1572 canonicam
1403 1517 1741 1585 disciplinam
1768 1516 2034 1579 vixerant,

446 1608 781 1663 oblationum
809 1610 995 1664 altaris
1018 1626 1112 1664 seu
1136 1610 1379 1664 ccclesia'
1404 1621 1452 1663 et
1472 1619 1719 1678 quartatu
1741 1617 1789 1663 et
1811 1618 2036 1660 c:rtcras

446 1698 724 1767 portiones
749 1699 985 1769 integras
1012 1700 1271 1754 tenuisse.
1297 1701 1447 1764 Quod
1475 1700 1721 1753 videlicet
1748 1708 1873 1752 tunc
1902 1709 2036 1751 tcut~

444 1790 597 1858 poris
649 1791 718 1844 ita
774 1800 953 1845 actum
1004 1793 1166 1847 etiam
1216 1800 1340 1846 ante
1392 1793 1607 1848 testium
1657 1792 2031 1862 probationem

452 1879 684 1947 ipsemet
714 1881 999 1949 episcopus
1042 1882 1333 1937 fatebatur.
1365 1882 1629 1948 Quoniam
1662 1894 1785 1936 ante
1813 1882 2031 1936 Petrum

446 1968 671 2038 llogeri,
699 1969 1026 2026 Tolosanum
1056 1974 1388 2043 episcopum,
1413 1976 1503 2042 qui
1524 1972 1823 2028 oblationes
1845 1987 2033 2028 omnes

442 2073 609 2113 causa
656 2061 1175 2116 :edilicandteinovze
1226 2064 1464 2118 basilica:
1513 2064 1792 2133 recollegit
1830 2063 1882 2117 in
1921 2064 2033 2118 suis

443 2149 695 2208 domibus
749 2154 994 2208 viventes
1074 2156 1255 2211 clerici
1320 2155 1487 2209 libere
1533 2156 1686 2211 Beati
1753 2156 2028 2210 Saturnini

445 2244 815 2300 oblationibus
859 2246 1198 2301 fruebantur.
1232 2248 1478 2316 Iniquum
1520 2248 1704 2317 itaque
1745 2248 1919 2302 visum
1949 2256 2031 2301 est

442 2347 502 2388 ut
531 2339 671 2402 quod
701 2337 1054 2392 saecularibus
1082 2339 1296 2393 clericis
1318 2340 1619 2394 anteriores
1649 2339 1882 2410 episcopi
1908 2354 2031 2409 per-

442 2426 711 2482 miserant
739 2429 892 2484 vobis
918 2430 1030 2497 jam
1062 2445 1157 2498 per
1198 2431 1291 2484 Dei
1332 2431 1561 2500 gratiam
1591 2431 1951 2485 communiter
1976 2438 2032 2485 et

442 2519 545 2573 sub
579 2520 808 2589 regulari
850 2520 1131 2590 disciplina
1172 2521 1477 2575 viventibus
1505 2520 1833 2575 auferretur.
1878 2520 2030 2576 Unde

442 2609 608 2664 etiam
659 2611 800 2665 idem
846 2610 1017 2667 frater
1057 2619 1243 2666 uoster
1287 2610 1506 2666 lsarnus
1556 2613 1607 2667 iu
1652 2611 1925 2682 praepositi
1976 2620 2030 2667 et

442 2702 801 2772 quorumdu’n
831 2704 896 2758 de
920 2714 1099 2759 vestro
1126 2705 1352 2775 collegio
1374 2713 1620 2774 quartam
1646 2714 1853 2774 partem
1881 2703 2028 2759 illam

441 2808 605 2862 quam
658 2795 873 2849 tenebat
924 2796 977 2847 in
1029 2806 1320 2864 consprctn
1362 2806 1549 2852 nostro
1580 2804 1634 2849 et
1676 2794 1903 2850 fratrum
1935 2795 2026 2864 qui

441 2883 721 2937 nobiscum
756 2885 985 2939 aderant
1026 2886 1304 2951 refutavit,
1341 2896 1503 2953 atque
1531 2898 1587 2940 ut
1618 2886 1669 2940 id
1700 2897 1886 2941 nostro
1914 2887 2026 2956 pri-

439 2974 637 3045 \ilc.gio
689 2976 1001 3029 firmaretur
1044 2977 1358 3046 suppliciter
1404 2978 1668 3032 exoravit.
1717 2978 2025 3033 Secundum

2146 522 2194 564 ct
2242 511 2506 579 Superbia:
2535 510 2888 578 relinqcatur.
2928 508 3099 562 Porro
3137 510 3533 579 praepositum,
3571 513 3711 563 deca-

2147 606 2270 669 uizc,
2293 590 2577 670 sacristiae,
2602 606 2948 674 capitiscolze,
2974 616 3027 659 et
3050 613 3245 659 cretera
3273 605 3521 659 ecclesia:
3540 620 3714 661 vestra

2146 697 2285 749 bona
2317 697 2496 749 omnia
2529 695 2685 750 vobis
2732 697 3036 764 vestrisque
3078 695 3495 751 ςιιιιορθωτίιιιιε
3535 698 3712 750 οοηιὶτο

2146 803 2376 841 manuus.
2408 788 2887 841 Archidiaconatus
2911 789 3071 840 etiam
3095 788 3410 856 dignitatem
3437 796 3496 841 et
3525 804 3711 840 create-

2147 882 2371 943 tcriam,
2418 883 2555 934 sicut
2607 883 2658 935 in
2711 881 2948 951 episcopi
2996 891 3051 935 et
3097 883 3489 936 canonicornm
3545 882 3710 936 Sancti

2145 972 2404 1040 Stephani
2442 973 2807 1041 chirographo
2835 974 3164 1026 continetur.
3208 972 3477 1026 Candelas
3516 990 3711 1040 quoque

2143 1080 2352 1127 cereas,
2410 1080 2545 1132 quas
2600 1065 2739 1118 filius
2789 1076 2973 1119 noster
3018 1064 3377 1125 Raimttndus.
3430 1065 3713 1119 Talus-anns

2142 1170 2344 1218 cntncs,
2390 1154 2441 1207 in
2487 1154 2730 1209 ecclesire
2781 1155 3117 1208 dedicatione
3166 1156 3320 1208 nobis
3372 1157 3709 1222 pnescntibus

2140 1244 2432 1308 abdicavit,
2473 1261 2539 1299 ne
2570 1245 2693 1312 quis
2734 1245 2960 1298 ulterius
3005 1245 3221 1313 exigere
3262 1246 3462 1297 amicat
3506 1245 3709 1297 intenti-

2140 1337 2330 1391 cimus.
2376 1337 2731 1391 Probibeuuts
2757 1338 2919 1391 etiam
2964 1353 3031 1391 tte
3061 1338 3182 1405 quis
3206 1337 3457 1406 ejusdem
3489 1336 3709 1405 ecclpsix

2138 1426 2436 1481 claustrum
2478 1427 2744 1482 violenter
2783 1428 3009 1489 insilire,
3049 1439 3143 1480 attt
3191 1428 3327 1480 infra
3384 1428 3437 1481 id
3488 1429 3708 1495 rapinam

2139 1527 2233 1570 aut
2289 1517 2540 1586 injuriam
2596 1517 2795 1571 audeat
2839 1519 3098 1589 irrogare.
3158 1520 3238 1571 Ad
3290 1519 3410 1572 haec
3472 1520 3709 1573 ecclesias

2138 1608 2286 1662 Beati
2336 1608 2479 1661 Petri
2521 1610 2588 1662 de
2618 1607 2849 1662 Valeriis
2899 1619 2955 1662 et
2999 1611 3063 1662 de
3114 1609 3395 1663 Artaxcna
3424 1650 3439 1671 ,
3490 1611 3690 1663 abbati:

2140 1714 2356 1766 quoque
2411 1698 2598 1752 Sancti
2646 1698 2828 1761 Aviti,
2887 1700 3073 1753 Sancti
3122 1700 3417 1769 Cypriani,
3475 1700 3687 1753 ecclesia

2140 1787 2323 1841 Sancti
2350 1787 2496 1841 Petri
2528 1789 2593 1842 de
2634 1788 2884 1842 Slaniaco
2911 1799 2963 1843 et
2999 1791 3064 1842 de
3094 1789 3435 1849 Mascaram,
3471 1791 3713 1857 quidquid

2137 1888 2398 1947 pra-terea
2429 1877 2617 1930 eadem
2647 1878 2873 1931 ecclesia
2907 1877 3055 1945 jnste
3082 1878 3318 1947 possidet
3349 1881 3469 1933 sive
3496 1882 3553 1933 iu
3587 1881 3712 1933 futu-

2138 1984 2253 2021 rum
2301 1978 2446 2036 piste
2494 1978 2656 2037 atque
2700 1970 2965 2023 canonice
3018 1971 3220 2039 poterit
3262 1972 3531 2039 adipisci,
3582 1972 3715 2025 vobis

2135 2060 2441 2127 vestrisque
2473 2061 2883 2116 successoribus
2911 2061 3233 2130 regulariter
3263 2062 3576 2115 viventibus
3601 2078 3715 2115 con-

2135 2152 2433 2206 firmamus.
2466 2153 2521 2206 Si
2551 2154 2673 2221 quis
2697 2154 2859 2223 igitur
2887 2154 2936 2206 in
2960 2153 3256 2207 crastinum
3285 2154 3717 2221 archiepiscopus

2133 2252 2227 2295 aut
2251 2244 2537 2311 episcopus
2555 2284 2569 2306 ,
2604 2244 2900 2313 imperator
2923 2254 3015 2296 aut
3041 2259 3156 2306 rex.
3182 2243 3441 2312 princeps
3468 2254 3566 2293 aut
3601 2244 3714 2300 dux.

2133 2346 2337 2400 comes,
2363 2335 2685 2399 viceeomes,
2711 2334 2902 2402 iudex,
2940 2344 3033 2387 aut
3060 2334 3444 2388 ecclesiastica
3478 2335 3717 2401 quaelibet

2135 2426 2479 2480 smenlarisve
2521 2442 2749 2496 persona
2794 2428 2953 2497 lmjns
2992 2427 3196 2481 decreti
3237 2427 3495 2496 paginam
3536 2426 3714 2488 sciens,

2134 2519 2274 2575 citra
2305 2535 2424 2575 eam
2460 2530 2663 2574 temere
2682 2520 2868 2573 venire
2894 2520 3207 2583 tentaverit,
3230 2519 3478 2573 secundo
3508 2520 3715 2572 tertiove

2133 2616 2520 2682 commonitus,
2552 2616 2596 2669 si
2640 2631 2745 2669 non
2788 2615 3161 2669 satisfactione
3201 2630 3446 2684 congrua
3479 2614 3715 2667 emcnda-

2130 2709 2286 2771 verit,
2333 2709 2621 2778 potestatis
2663 2708 2995 2774 honorisque
3050 2707 3132 2762 sui
3188 2705 3459 2777 dignitate
3516 2715 3711 2765 careat,

2132 2818 2394 2871 renmque
2447 2817 2507 2854 se
2555 2801 2736 2854 divino
2779 2800 2985 2870 judicio
3026 2799 3265 2853 existere
3308 2798 3377 2851 de
3419 2807 3709 2867 perpetrata

2134 2892 2420 2961 ittiquitate
2458 2899 2774 2959 cognoscat,
2814 2900 2868 2941 et
2911 2909 2936 2940 a
2985 2887 3361 2943 sacratissimo
3397 2901 3627 2954 certiore
3657 2900 3709 2937 ac

2133 2984 2398 3051 sanguine
2451 2983 2541 3035 Dei
2590 2998 2654 3036 ac
2701 2980 2914 3035 Domini
2956 2980 3337 3048 Redemptoris
3386 2978 3558 3031 nostri
3600 2976 3703 3030 Jcsn

438 3064 608 3131 ipsius
638 3079 768 3134 ergo
797 3075 850 3119 et
878 3077 1113 3120 vestram
1142 3067 1477 3136 petitionem,
1513 3078 1565 3122 et
1595 3078 1848 3137 quartam
1878 3070 2022 3123 illam
2053 3100 2093 3156 ρ
2128 3075 2329 3131 Clu-isti
2372 3076 2581 3128 alienus
2615 3075 2727 3138 ﬁat,
2789 3083 2952 3142 atque
2996 3072 3047 3125 in
3079 3081 3328 3125 extremo
3350 3070 3604 3123 examine
3641 3068 3703 3118 tli-

438 3164 493 3210 et
521 3168 751 3212 creteras
781 3158 1116 3213 oblationum
1147 3160 1335 3216 altaris
1362 3162 1445 3215 vel
1479 3163 1723 3218 ecclesiae
1750 3164 2026 3233 portiones

438 3249 492 3301 in
529 3251 795 3318 integrum
828 3260 1012 3307 vestro
1050 3262 1467 3322 vestrorumque
1499 3270 1872 3309 successorum
1907 3256 2022 3307 usui

436 3356 533 3410 per
556 3343 836 3410 praesentis
866 3343 1067 3398 decreti
1096 3346 1349 3416 paginam
1381 3349 1679 3417 apostolica
1706 3351 2026 3405 auctoritate

434 3440 696 3499 perpetuo
740 3434 1153 3502 confirmamus,
1208 3444 1262 3491 et
1310 3453 1379 3492 ne
1430 3441 1554 3505 quis
1598 3441 1881 3509 episcopus
1932 3458 2025 3497 cas

434 3512 694 3592 deinceps
752 3527 974 3597 exigere
1035 3529 1233 3585 debeat
1290 3531 1684 3587 interdicimus.
1757 3533 2023 3590 l’rmtcrea

434 3619 693 3681 quoniam
723 3617 983 3686 largiente
1015 3620 1241 3675 Domino
1263 3621 1413 3674 Beati
1439 3622 1714 3677 Saturnini
1736 3624 2021 3678 ecclesiam

437 3709 639 3761 nostris
666 3709 914 3763 manibus
935 3714 1398 3780 consecravimus,
1427 3724 1481 3769 et
1512 3718 1791 3772 sumimus
1816 3728 1870 3771 et
1898 3734 2023 3772 san-

434 3796 612 3850 cimus
664 3815 730 3851 ne
777 3802 897 3867 quis
939 3803 1222 3872 episcopus
1271 3817 1364 3859 aut
1414 3808 1853 3877 archiepiscmms
1904 3825 2023 3863 sine

438 3896 624 3942 nostra
660 3889 745 3943 vel
776 3890 937 3961 lcgdi
983 3895 1152 3947 nostri
1190 3896 1463 3951 audientia
1509 3900 1904 3954 iutcrdictionis
1939 3901 2021 3954 vel

436 3981 1019 4037 excoutmnnicatiouis
1067 3986 1119 4037 in
1172 3985 1345 4041 locum
1387 3989 1580 4042 amicat
1624 3990 1866 4057 proferre
1903 4007 2021 4046 sen-

434 4074 684 4138 tentiam,
712 4090 808 4128 nec
830 4076 988 4130 alicui
1016 4076 1174 4132 liceat
1196 4095 1319 4133 eum
1343 4081 1435 4149 qui
1472 4081 1579 4135 illic
1608 4083 1767 4137 ltodie
1794 4084 2023 4138 habetur

436 4174 638 4219 Slttlttttt
682 4167 893 4221 ordinis
927 4179 1290 4235 cmunnttare;
1332 4187 1430 4225 nec
1463 4181 1584 4241 post.
1623 4175 2017 4241 possessionem

434 4258 822 4313 t':monic0rtnn
874 4260 1127 4328 cuiquam
1190 4259 1419 4314 facultas
1475 4262 1547 4316 sit
1597 4273 1690 4316 aut
1745 4266 2016 4332 proprium

433 4346 632 4399 habere
664 4358 757 4401 aut
785 4348 902 4401 sine
933 4352 1204 4417 prmpositi
1232 4351 1310 4405 vel
1339 4354 1773 4422 congregationis
1799 4356 2014 4409 licentia

430 4441 498 4494 de
524 4440 763 4493 claustro
811 4440 1109 4495 discedere.
1143 4444 1294 4508 Quod
1333 4445 1377 4499 si
1408 4446 1750 4509 discesserit,
1781 4456 1830 4500 cl
1864 4462 2015 4500 εςιιιιο
2047 4440 2095 4494 .9

433 4530 675 4583 monitus
716 4529 893 4584 redire
938 4534 1344 4602 contempserit,
1379 4535 1648 4603 praepositi
1700 4536 1929 4600 intersit,
1972 4539 2014 4591 si

428 4630 789 4688 opportunum
837 4621 1069 4689 viderit,
1124 4639 1246 4676 eum
1299 4626 1525 4679 ubilibet
1577 4642 1605 4681 a
1656 4628 1777 4682 suis
1828 4624 2017 4681 υιιιιιιη

429 4709 774 4765 interdicere.
809 4711 1158 4768 luterdictnm
1188 4730 1317 4768 vero
1342 4715 1720 4786 episcoporum
1750 4717 1831 4772 vel
1854 4720 2018 4771 abba-

431 4812 540 4853 ttun
571 4805 686 4856 sine
709 4805 877 4874 ipsius
906 4805 1266 4873 permissione
1284 4807 1462 4860 nullus
1482 4808 1748 4863 absolvat.
1773 4808 2018 4865 Obettnte

431 4890 671 4956 ejusdem
699 4895 798 4949 loci
827 4898 1135 4965 prtrposito,
1166 4897 1341 4951 nullus
1365 4899 1434 4951 ibi
1459 4899 2017 4970 qualibctsulu'eptio-

430 4983 514 5043 nis
567 4989 761 5040 astutia
817 4988 894 5042 vel
957 4991 1211 5044 violentia
1264 5004 1653 5060 pra‘pouatur,
1703 4994 1802 5048 nisi
1853 5011 2013 5063 quem

432 5074 630 5129 fratres
690 5079 962 5146 rtgularcs
1012 5082 1282 5133 connuuui
1340 5098 1608 5136 consensu
1656 5082 1736 5137 vel
1785 5083 2011 5137 fratrtun

427 5180 558 5232 pars
577 5168 786 5221 consilii
816 5172 1046 5225 sanioris
1078 5174 1372 5228 secundum
1421 5173 1510 5227 Dei
1545 5176 1792 5229 timorem
1830 5179 2013 5246 provi-

429 5257 610 5312 derint
638 5260 956 5331 rcgularitcr
975 5264 1299 5335 eligendum.
1323 5266 1380 5321 Si
1409 5266 1498 5336 qui
1523 5281 1653 5321 sane
1681 5267 1857 5321 clerici
1889 5286 2010 5322 t‘tt.tt

425 5350 808 5418 episcoporum
862 5370 1083 5410 suorum
1137 5357 1355 5413 licentia
1411 5359 1781 5414 conversionis
1840 5361 2008 5428 gratia

425 5443 601 5499 locum
634 5446 804 5514 ipsum
843 5448 1095 5516 adierint,
1126 5455 1416 5523 pra-posito
1446 5454 1671 5509 liberum
1709 5457 1774 5510 sit
1813 5466 2010 5523 pt'aztcr

424 5554 639 5591 onmem
668 5539 902 5610 episcopi
928 5540 1173 5598 Tolosani
1201 5549 1686 5603 contradictionem
1710 5547 2006 5619 suscipere,

493 5688 607 5762 (47)
638 5690 902 5749 Nimirum
933 5695 984 5749 in
1018 5697 1243 5753 concilio
1276 5698 1645 5756 Nemausensi.

2130 3166 2334 3219 strictae
2362 3164 2547 3217 ultioni
2586 3163 2882 3232 subjaeeal.
2915 3161 3139 3216 Cunctis
3174 3172 3356 3214 autem
3400 3161 3576 3214 eidem
3602 3158 3703 3209 lacu

2122 3257 2268 3327 jus:a
2305 3256 2648 3311 servantibus
2680 3255 2747 3308 sit
2775 3271 2877 3324 pax
2903 3253 3113 3307 Domini
3142 3256 3311 3307 nostri
3337 3252 3465 3306 Jesu
3497 3250 3697 3307 Christi,

2127 3359 2393 3418 quatenus
2427 3359 2481 3401 et
2519 3349 2608 3401 hic
2648 3346 2881 3401 fructum
2921 3349 3074 3401 bona:
3115 3348 3347 3400 actionis
3386 3347 3698 3415 petripiztnl,

2127 3451 2180 3495 et
2218 3441 2357 3508 apud
2400 3440 2707 3493 districutm
2745 3440 2985 3510 judicent
3045 3440 3266 3509 prtemia
3309 3452 3531 3492 a-tertur
3572 3438 3699 3507 pacis

2127 3531 2422 3584 inveniant.
2455 3532 2623 3584 Amen

2199 3621 2392 3675 Datum
2448 3621 2588 3688 apud
2651 3619 2886 3672 Montem
2946 3618 3222 3671 Audaonis
3280 3619 3332 3670 in
3384 3618 3695 3669 tuo'iasteriu

2127 3714 2312 3769 Sancti
2338 3714 2567 3767 Andron:
2590 3730 2690 3782 per
2721 3729 2935 3764 tnantun
2960 3712 3207 3776 Joannis,
3237 3714 3295 3766 ὃ.
3327 3714 3389 3764 lt.
3420 3714 3477 3767 Ε.
3504 3713 3692 3764 diaconi

2126 3802 2451 3864 cardinalis,
2487 3818 2539 3854 XI
2573 3801 2692 3857 Kal.
2724 3802 2972 3869 Augusti,
3010 3801 3305 3855 indictione
3347 3819 3430 3860 ιν.
3465 3802 3694 3855 Ιιιυςιτιιςιο

2129 3893 2293 3947 tionis
2348 3892 2644 3945 Dominica:
2695 3907 2840 3945 anno
2900 3891 3077 3957 f097,
3130 3895 3477 3961 pontificatus
3534 3902 3692 3945 autem

2124 3985 2306 4039 domui
2342 3983 2547 4043 Urbani
2583 3983 2623 4038 ll
2656 3999 2807 4053 papa:
2838 3999 2919 4037 ix.

2822 4111 2997 4166 CCVI.

2124 4211 2141 4224 ⁶
2174 4204 2415 4259 Urbanus
2444 4208 2747 4260 monasterii
2768 4203 2826 4260 S.
2852 4205 3075 4258 Autlretr
3105 4204 3477 4259 Areuioumsis
3506 4205 3689 4275 prii-ile-

2473 4278 2556 4345 gin
2587 4289 2631 4329 cl
2671 4278 3022 4341 possessiones
3054 4277 3353 4345 conﬁrmat.

2711 4370 2727 4437 (
2760 4369 2911 4421 Anno
2948 4367 3127 4436 was.)

2404 4460 2421 4532 Ῐ
2449 4460 2717 4525 ῐίιῖικιιιτ,
2766 4459 2883 4512 Vim
2918 4459 3140 4523 Urbani,
3173 4477 3226 4529 p.
3260 4461 3383 4515 270.
3416 4460 3429 4530 ]

2818 4573 3017 4627 CCVII.

2122 4685 2358 4751 Epistula
2400 4684 2597 4739 Urbani
2636 4703 2786 4754 νίψαι
2813 4685 2876 4739 ΙΙ
2916 4688 2984 4738 nd
3022 4686 3371 4739 Colomtmum
3423 4684 3681 4752 Ηιειιξιιιιὲιε

2193 4772 2387 4824 regam,
2434 4758 2681 4817 mlrcrsus
2723 4754 3029 4809 (iuibcrlam
3088 4758 3416 4826 ιιιιιίμιιιίιειιέ.
3467 4759 3541 4809 ιιι
3586 4754 3660 4807 (ξιτ

2188 4838 2405 4880 mculcm
2442 4826 2463 4878 Ι
2474 4826 2497 4878 Ι
2508 4826 2556 4879 1.

2707 4920 2723 4988 (
2753 4921 2907 4972 Auno
2955 4918 3145 4988 11196.)

2121 5030 2137 5102 [_
2169 5031 2414 5098 .‘lltﬁxaan,
2466 5030 2701 5102 Histoire,
2739 5033 2802 5102 de
2853 5031 3058 5091 A't‘mcs,
3096 5031 3275 5102 Paris,
3334 5031 3490 5096 l750,
3538 5027 3679 5088 ιιι-1ο.

2621 5112 2657 5153 ι.
2694 5101 2742 5160 Ι,
2786 5101 3042 5161 i’rctttcs,

2122 5184 2127 5188 ’
2192 5193 2444 5248 l'ttutxus
2471 5195 2781 5262 cpiscopus,
2815 5209 3006 5246 servus
3053 5210 3332 5245 servorum
3366 5194 3477 5252 Dei,
3507 5191 3676 5243 tliicrit)

2117 5287 2166 5339 in
2199 5288 2417 5339 tLhristo
2460 5287 2567 5338 lilio
2621 5287 2968 5347 COLUMANNO,
3020 5286 3305 5353 magnifico
3372 5285 3671 5355 Uttgatonmt

2116 5376 2245 5445 regi,
2274 5378 2500 5428 salttlt'm
2528 5383 2579 5429 ct
2621 5375 2968 5444 apostolicam
3013 5375 3463 5428 benedictionem.

2184 5466 2477 5519 Audientes
2521 5466 2980 5534 nmgnilicentiam
3012 5477 3158 5517 tuam
3191 5463 3566 5534 omnipotentis
3590 5457 3661 5511 lbi

2112 5555 2471 5625 dispositione
2520 5558 2586 5613 ad
2620 5556 2872 5626 Ungarici
2930 5558 3077 5625 regni
3130 5559 3368 5627 regimen
3410 5571 3519 5610 esse
3559 5564 3659 5621 pto-
