3888 6322
617 375 721 429 £87

1923 376 1981 430 Β.
2025 371 2277 429 ΙΞΙὶΒᾹΝΙ
2321 373 2357 427 ll
2402 374 2600 431 ΡΑΡᾸΞ

3253 439 3274 462 ,
3686 403 3747 454 ιιι

617 496 814 539 statem
851 482 1143 547 commisit,
1183 484 1409 538 ecclesia
1460 495 1638 538 vestra
1682 495 1738 540 et
1784 485 1882 553 ipsi
1937 493 2186 539 mouactn
2220 491 2264 545 Λ
2299 495 2367 537 rit
2398 501 2688 558 episcopus
2731 490 3048 547 advocetur.
3100 494 3362 552 Fratterea
3409 501 3749 568 eoatituitnnsu

617 573 986 628 absolvantur.
1043 575 1110 628 Et
1159 573 1207 628 is
1233 575 1546 644 quicunque
1588 577 1679 640 sit,
1737 576 1827 645 qui
1879 576 2188 646 apostolica:

617 664 762 717 sedis
783 662 947 716 lilium
974 661 1164 732 ligare,
1187 663 1303 718 sive
1335 665 1656 720 maledicere
1692 675 1879 719 contra
1912 667 2187 720 decretum

615 763 856 808 nostrum
905 753 1161 821 voluerit,
1226 755 1606 810 maledictioue
1660 766 1914 826 perpetua
1971 756 2184 826 ligetur,

611 848 1127 910 anathematizetur,
1175 848 1593 909 condemnetur.
1640 849 1695 902 Si
1735 864 1838 917 qua
1867 864 1997 903 vero
2039 864 2188 903 com-

613 948 801 1008 petens
844 939 985 993 ratio
1038 939 1300 993 adversus
1328 939 1619 1008 quidquam
1679 941 1945 1004 moverit,
1991 950 2046 996 et
2086 941 2187 997 hoc

613 1031 772 1084 aliter
807 1030 1157 1083 determinari
1189 1030 1270 1083 vel
1294 1028 1509 1085 difﬁniri
1555 1031 1877 1101 nequiverit,
1917 1031 2185 1100 judicium

611 1119 990 1188 apostoiicum,
1048 1121 1192 1188 quod
1250 1121 1380 1174 nulli
1431 1120 1802 1191 przejudieium
1853 1124 2187 1192 praetendere

613 1210 839 1278 patitur,
871 1223 1033 1277 super
1066 1210 1166 1264 hoc
1198 1210 1468 1280 patienter
1495 1210 1853 1280 praestoletur,
1886 1223 1939 1265 et
1975 1213 2189 1266 humili-

615 1312 700 1354 ter
727 1301 1055 1368 requiratur.
1083 1299 1267 1354 Liceat
1297 1316 1515 1371 quoque
1539 1302 1692 1356 vobis
1725 1319 1818 1358 seu
1847 1304 2104 1358 fratribus
2134 1304 2184 1358 iu

610 1391 862 1444 ecclesiis
910 1390 1104 1443 vestris
1143 1392 1487 1462 presbyteros
1527 1393 1746 1462 eligere,
1793 1394 1871 1472 ita
1909 1405 2085 1448 tamen
2130 1401 2189 1447 ut

613 1484 682 1536 ab
712 1481 998 1552 episcopis,
1029 1482 1112 1539 vel
1141 1489 1206 1538 ab
1237 1485 1612 1554 episcoporum
1639 1472 2185 1540 vicariifauimarum

612 1587 800 1627 curam
841 1574 1045 1644 absque
1083 1573 1375 1628 venalitate
1427 1575 1744 1645 suscipiant,
1789 1591 1924 1644 quas
1955 1575 1998 1630 si
2038 1591 2188 1630 com-

613 1664 830 1717 mittere
859 1664 953 1726 illi,
979 1665 1122 1736 quod
1155 1665 1315 1728 absit,
1348 1681 1410 1718 ex
1445 1667 1711 1734 pravitate
1742 1666 2036 1731 noluerint,
2062 1675 2188 1720 tunc

612 1756 909 1824 presbyteri
959 1770 1022 1808 ex
1087 1755 1396 1824 apostolica.-
1451 1758 1596 1810 sedis
1646 1757 1975 1826 benignitate
2013 1757 2185 1812 ollicia

2294 582 2424 634 tmlli
2467 586 2690 638 onmiuo
2744 586 3022 643 hominum
3077 589 3232 646 liceat
3281 605 3502 652 vestrum
3539 609 3753 666 reneth

2292 672 2600 726 cmnobiuut
2641 682 2694 728 et
2735 675 2850 730 loca
2896 680 2945 732 ei
2997 681 3216 736 subdita
3271 691 3465 740 temere
3507 696 3754 763 perturbate,

2293 762 2389 816 sed
2435 778 2623 818 eorum
2663 768 2932 834 ecclesiae,
2964 771 3209 837 decimae,
3239 777 3579 843 possessiones
3597 794 3638 837 et
3668 762 3755 844 Ιιιιιιι

2292 863 2508 920 czetera,
2537 872 2660 926 qua:
2690 876 2788 929 pro
2819 863 3125 917 auitnartnn
3153 865 3327 921 salute
3349 865 3454 936 jam
3479 872 3638 928 thinata
3662 889 3754 943 sunt,

2293 944 2376 999 vel
2407 945 2459 998 in
2502 946 2764 1014 futurum,
2797 951 3023 1006 Domino
3063 955 3379 1022 miserante,
3409 959 3572 1016 donari
3595 967 3756 1035 conlige

2292 1037 2382 1102 rit,
2408 1037 2561 1092 firma
2595 1041 2750 1096 vobis
2783 1045 3086 1116 vestrisque
3111 1051 3510 1108 successoribus
3545 1064 3592 1108 et
3622 1056 3755 1111 iliilnn

2292 1140 2667 1198 permaneant.
2702 1133 2760 1186 Si
2803 1149 2909 1204 qua
2944 1138 3109 1207 igitur
3129 1139 3490 1198 ecclesiastica
3515 1146 3757 1203 srccularisie

2292 1234 2519 1289 persona
2551 1221 2690 1276 hanc
2717 1236 2958 1280 nostram
2984 1230 3427 1285 constitutionem
3453 1234 3620 1298 sciens,
3639 1249 3758 1292 contra

2293 1323 2412 1362 eaut
2471 1318 2673 1366 temere
2727 1316 2911 1369 \enire
2973 1320 3285 1385 tentaverit,
3347 1324 3564 1378 secundo
3609 1328 3758 1382 tertiove

2293 1401 2642 1463 commonita,
2670 1402 2714 1456 si
2747 1420 2852 1458 non
2878 1405 3251 1464 satisfactione
3283 1427 3511 1483 congrua
3530 1416 3760 1470 emendare-

2294 1490 2404 1555 rit,
2471 1494 2756 1560 potestatis
2808 1495 3141 1566 honorisque
3197 1500 3280 1554 sui
3333 1502 3570 1571 dignitate
3611 1514 3758 1564 careat.

2296 1596 2550 1651 rratnque
2593 1599 2651 1638 se
2687 1585 2871 1641 divino
2915 1586 3122 1654 judicio
3161 1591 3400 1646 existere
3444 1594 3504 1646 de
3545 1603 3760 1663 perpetrata

2295 1671 2584 1740 iniquitate
2634 1688 2950 1745 cignoscat,
2987 1691 3041 1732 et
3087 1696 3115 1733 a
3165 1684 3507 1736 sanctissimo
3537 1697 3760 1754 corporeet

2293 1761 2556 1828 sanguine
2597 1763 2708 1826 Dei,
2742 1775 2798 1817 et
2849 1766 3060 1820 Domini
3090 1767 3469 1840 Redemptoris
3515 1774 3650 1826 nostri
3684 1773 3764 1828 lea

609 1845 916 1899 celebrandi
943 1845 1216 1900 licentiam
1238 1856 1621 1914 asscquautur.
1649 1847 2009 1901 Ecclesiarnm
2035 1863 2187 1914 vero,
2223 1826 2496 1904 BCitt'isti
2558 1852 2734 1907 aliena
2795 1855 2925 1921 fiat,
2989 1868 3154 1927 atque
3205 1860 3260 1915 in
3317 1872 3550 1916 extremo
3599 1865 3764 1918 examine

609 1952 702 1991 seu
739 1937 991 1991 altarium
1017 1939 1463 1993 consecratioues
1491 1940 1558 1993 ab
1582 1941 1851 2010 episcOpis
1879 1939 1930 1992 in
1958 1955 2186 2009 quorum

607 2028 934 2084 dimeesibus
971 2038 1117 2092 sunt,
1157 2029 1397 2083 locorum
1451 2041 1756 2086 vestrorum
1808 2031 2007 2086 fratres
2046 2034 2189 2087 acci-

611 2119 798 2187 piant;
851 2119 1118 2186 siquidem
1153 2121 1324 2187 gratis
1355 2136 1418 2174 ac
1463 2121 1581 2176 sine
1618 2124 1883 2192 pravitate
1921 2125 2190 2180 voluerint

605 2209 884 2263 exhibere.
938 2198 1192 2276 Alioquin
1233 2226 1261 2262 a
1301 2211 1598 2275 catholico,
1652 2229 1812 2282 quem
1862 2217 2182 2283 malueritis,

607 2299 860 2366 episcopo
887 2298 1355 2352 consecraliontttn
1396 2301 1634 2370 ipsarunt
1681 2315 2022 2359 saet‘atttenta
2067 2321 2186 2361 sus-

605 2388 829 2456 cipiaut.

683 2477 1032 2532 Deceruimus
1067 2479 1230 2532 etiam
1271 2478 1415 2534 illius
1449 2479 1602 2548 cujus
1630 2481 1764 2543 vice,
1809 2484 2056 2553 quamvis
2102 2485 2186 2540 in-

605 2567 779 2639 digni,
809 2568 1107 2637 fungimur,
1145 2579 1199 2623 et
1249 2572 1578 2626 auctoritate
1621 2575 1917 2640 sancimus,
1948 2585 2006 2630 ιιι
2041 2578 2180 2632 idem

605 2663 758 2719 locus
822 2673 878 2720 et
944 2665 1060 2720 loca
1114 2665 1162 2721 ei
1233 2668 1448 2722 subdita
1509 2672 1763 2725 omnibus
1809 2674 1878 2726 ob
1951 2673 2180 2729 salutem

605 2757 1046 2826 confugientibus
1080 2757 1192 2813 sint
1241 2761 1629 2818 misericordiae
1667 2763 1842 2830 sinus,
1885 2766 1990 2821 siut
2023 2767 2183 2823 totius

605 2850 825 2918 pietatis
870 2861 928 2905 et
981 2850 1173 2908 salutis
1219 2866 1438 2923 portus;
1485 2855 1728 2910 obtineat
1781 2857 1832 2910 in
1885 2858 1952 2912 iis
2005 2859 2181 2913 locum

602 2941 814 3010 justus,
867 2957 968 2996 nec
1016 2944 1310 3012 repellatur
1362 2948 1626 3016 poenitere
1681 2949 1869 3004 volens
1924 2948 2181 3018 iujustns;

608 3032 918 3101 praebeatur
949 3033 1328 3092 innocentibus
1369 3039 1611 3094 charitas
1644 3051 1843 3095 mutua:
1875 3043 2184 3098 fraternita-

609 3123 700 3188 tis,
746 3139 852 3177 non
885 3134 1112 3194 negetur
1149 3125 1370 3183 offcnsis
1399 3146 1522 3200 spes
1552 3132 1740 3188 salutis
1769 3145 1822 3187 et
1847 3133 2176 3205 indulgentia
2211 3165 2253 3221 ο

606 3210 847 3279 pietatis.
890 3211 957 3266 Et
993 3213 1037 3268 si
1064 3213 1263 3285 aliquis
1300 3219 1464 3272 etiam
1506 3219 1875 3292 cujuscunque
1910 3225 2183 3296 obligatus

607 3302 960 3357 anathemate
1012 3306 1261 3360 eumdem
1323 3306 1496 3364 locum
1561 3311 1644 3365 vel
1701 3311 1816 3368 loca
1871 3315 1920 3369 ei
1968 3316 2182 3371 subdita

602 3392 910 3462 expetierit,
939 3393 1055 3448 sive
1085 3410 1186 3465 pro
1209 3401 1458 3469 corporis
1497 3403 1797 3472 sepultura,
1829 3421 1922 3458 seu
1959 3406 2184 3462 alterius

602 3483 854 3540 utilitatis
881 3500 945 3540 ac
968 3485 1163 3541 salutis
1192 3490 1386 3558 gratia,
1418 3491 1640 3547 minime
1663 3509 1692 3546 a
1727 3495 1878 3548 venia
1905 3505 1960 3550 et
1998 3505 2179 3566 optata

603 3574 976 3630 misericordia
1037 3579 1405 3648 excludatur,
1475 3583 1568 3638 sed
1624 3584 1745 3638 oleo
1801 3588 2182 3642 medicamenti

603 3663 1174 3722 salutaris’i'uvendus
1225 3671 1532 3738 benigniter
1595 3673 1900 3746 obligetur,
1952 3679 2077 3746 quia
2129 3687 2183 3732 et

598 3753 803 3821 justum
835 3757 914 3812 sic
939 3771 1042 3825 est,
1073 3772 1134 3814 ιιι
1161 3761 1213 3814 in
1241 3761 1400 3816 domo
1425 3766 1643 3832 pietatis
1669 3775 1723 3820 et
1755 3767 1902 3837 justo
1933 3770 2147 3838 praebea
2167 3799 2180 3810 ο

609 3854 695 3898 tur
757 3846 976 3902 dilectio
1031 3859 1233 3903 sancta:
1281 3851 1672 3919 fraternitatis,
1730 3867 1782 3910 et
1841 3859 1906 3911 ad
1967 3860 2177 3912 veniam

605 3935 935 4004 confugienti
985 3942 1255 4009 peccatori
1305 3959 1410 3997 non
1461 3955 1686 4015 negetur
1724 3949 2180 4005 medicamentum

607 4026 954 4098 indulgentia:
1017 4039 1073 4086 et
1143 4032 1354 4088 salutis.
1413 4033 1498 4089 Sit
1546 4048 1728 4092 autem
1791 4041 2045 4095 omnibus
2108 4044 2180 4096 ibi

603 4119 1019 4177 advenientibus
1064 4137 1224 4178 causa
1269 4126 1461 4181 salutis
1512 4128 1598 4183 hic
1639 4139 1695 4184 et
1742 4130 1793 4185 in
1839 4147 2180 4202 perpetmnu,

602 4207 802 4262 divina:
840 4209 1205 4266 miserationis
1231 4224 1282 4268 et
1315 4215 1534 4284 pietatis
1558 4215 1845 4289 refugium,
1885 4237 1941 4274 et
1967 4234 2182 4291 aposto-

603 4299 721 4355 lica:
750 4301 1145 4359 benedictionis
1167 4315 1222 4359 et
1256 4307 1609 4364 absolutionis
1655 4311 1986 4380 przesidium.
2031 4315 2180 4369 lianc

602 4392 768 4446 etiam
806 4394 960 4448 vobis
1004 4399 1418 4468 prterogativam
1455 4403 1802 4458 concedimus
1833 4414 1892 4458 ιιι
1931 4408 2181 4476 quisquis

2292 1940 2552 1996 districta:
2602 1945 2794 1999 ttltioni
2851 1949 3152 2018 suhjaceat.
3211 1951 3438 2009 Cunctis
3482 1953 3606 2022 justa
3652 1957 3763 2009 eidem

2290 2035 2542 2088 emuobio
2588 2037 2808 2106 suisque
2841 2038 2975 2094 locis
3017 2045 3366 2099 servantibus
3400 2047 3470 2100 sit
3502 2063 3590 2115 pax
3627 2047 3763 2100 Domini

2292 2125 2465 2178 nostri
2513 2125 2640 2180 Jesn
2689 2127 2924 2192 Christi,
2967 2141 3239 2200 quatenus
3291 2135 3381 2190 hic
3438 2135 3633 2190 fructum
3673 2138 3765 2189 illa:

2290 2215 2521 2269 actionis
2575 2218 2912 2286 percipiant,
2972 2229 3026 2274 et
3081 2222 3222 2290 apud
3285 2223 3574 2279 districtum
3610 2225 3764 2292 judicm

2288 2306 2508 2374 prannia
2540 2316 2754 2360 aeterna:
2783 2309 2933 2376 pacis
2962 2311 3264 2366 inveniant.
3297 2317 3487 2368 Amen.
3659 2305 3666 2312 ’

2359 2393 2549 2448 Datum
2578 2395 2826 2452 Laterani
2861 2415 2887 2453 v
2914 2401 3036 2454 ldus
3063 2401 3336 2470 Januarii,
3368 2400 3688 2458 indictiunc'i'.

2981 2513 3188 2568 CCXV.

2231 2656 2240 2663 κ
2289 2598 2488 2654 Urbani
2511 2599 2571 2653 Il
2595 2619 2744 2671 νημαι
2769 2601 2985 2670 cpistola
3027 2607 3096 2656 ad
3139 2606 3343 2659 clerum
3383 2616 3430 2659 el
3457 2605 3662 2674 lepidum
3686 2601 3765 2653 Tr:-

2850 2675 3021 2727 ncnst's
3041 2676 3316 2730 Ecclesiae.

2885 2767 3067 2835 (Auno
3092 2767 3276 2838 1097.)

2544 2853 2697 2927 [Acta
2733 2867 3060 2921 sanctorum,
3087 2866 3126 2911 t.
3157 2857 3175 2910 Ι
3204 2857 3361 2925 Jttn.,
3394 2875 3444 2930 p.
3474 2857 3606 2928 259.}

2364 2947 2609 3003 CRBANUS
2632 2949 2940 3018 episcopus,
2969 2963 3160 3004 servus
3187 2966 3472 3005 servorum
3503 2951 3599 3012 Dei,
3618 2949 3767 3002 demet

2285 3039 2485 3106 ordini,
2519 3039 2792 3094 nubilibus
2819 3049 2872 3093 ct
2903 3040 3044 3110 plebi
3091 3041 3258 3096 Traui
3303 3041 3689 3100 consistentibus,
3715 3053 3768 3089 sa-

2289 3131 2455 3186 lutem
2486 3139 2540 3185 et
2567 3131 2921 3201 apostolicam
2953 3132 3418 3188 benedictionem.

2359 3223 2490 3280 Cum
2525 3223 2793 3294 largiente
2823 3223 3050 3279 Domino
3077 3241 3249 3296 nuper
3276 3242 3402 3279 cum
3435 3238 3603 3293 magna
3627 3221 3764 3290 cpisco-

2286 3329 2479 3383 porutu
2533 3315 2897 3383 abbatumque
2943 3313 3245 3384 frequentia
3283 3315 3538 3382 synodale
3569 3309 3764 3367 concilium

2285 3421 2571 3476 ageremus
2593 3447 2608 3472 ,
2641 3405 2968 3460 venerabilis
3012 3405 3182 3461 frater
3214 3417 3402 3461 noster
3444 3403 3679 3460 Bisantius.
3712 3412 3766 3450 te-

2285 3507 2412 3550 stra:
2438 3494 2678 3550 civitatis
2709 3495 3170 3566 arcb‘episcopus,
3190 3496 3518 3551 venerabilis
3534 3493 3614 3549 viri
3637 3488 3765 3543 Νἰωιιὶ

2287 3586 2398 3656 (qui
2429 3585 2570 3655 apud
2599 3600 2695 3638 vos
2727 3584 3057 3654 Peregrinus
3084 3586 3426 3653 nominatur)
3463 3581 3673 3638 nonnulla
3705 3576 3765 3676 mi-

2289 3676 2467 3730 raettla
2501 3692 2682 3730 coram
2709 3677 2966 3731 universo
3013 3677 3247 3732 concilio
3298 3679 3499 3747 scripto
3538 3676 3651 3730 edita
3685 3684 3765 3722 rett-

2289 3768 2443 3830 tavit,
2470 3778 2525 3821 et
2549 3768 2798 3821 eumdem
2831 3768 2920 3822 Dei
2966 3768 3268 3832 hominem,
3315 3767 3614 3823 auctoritate
3635 3771 3763 3818 nostri.

2288 3860 2340 3912 in
2368 3869 2676 3913 sanctorum
2707 3860 2953 3930 catalogo
2975 3862 3326 3914 annumerari
3354 3859 3687 3914 instantissime
3713 3865 3764 3919 ιν

2286 3951 2525 4005 stulavit.
2557 3950 2665 4006 Nos
2693 3951 2858 4019 igitur
2888 3967 3108 4005 causam
3141 3953 3316 4021 ipsatn
3352 3954 3519 4006 eidem
3557 3946 3676 4000 fratri
3710 3955 3763 3993 ur

2286 4054 2401 4098 stro
2437 4044 2831 4106 commisimus,
2887 4043 2953 4096 de
3004 4042 3121 4111 ejus
3169 4043 3430 4096 nimirum
3483 4042 3696 4111 probitate
3728 4045 3762 4082 ιε

2286 4134 2510 4189 scientia
2542 4133 2677 4187 nihil
2725 4133 3058 4196 inusitautes,
3097 4141 3156 4187 ιιι
3199 4136 3345 4201 quod
3382 4135 3431 4187 ei
3463 4130 3684 4186 revelaute
3702 4121 3764 4173 Do-

2287 4227 2435 4282 mino
2465 4228 2638 4280 visum
2685 4226 2865 4293 luerit,
2921 4226 3202 4280 maturiori
3246 4226 3612 4281 deliberatione
3635 4226 3764 4273 consu-

2289 4330 2436 4385 tttat;
2481 4323 2546 4372 ad
2580 4321 2790 4374 laudent
2821 4333 2872 4374 et
2905 4319 3131 4387 gloriam
3177 4318 3320 4372 illius
3367 4321 3456 4388 qui
3496 4315 3680 4385 gratuita
3703 4306 3763 4358 mi-

2289 4412 2580 4466 sericordia
2637 4412 2868 4466 famulos
2913 4426 3040 4466 suos
3097 4411 3325 4465 mirifice
3382 4411 3652 4481 gratidcm
3687 4413 3764 4452 me

601 4483 670 4536 ad
704 4497 804 4537 vos
851 4483 1010 4538 alieni
1045 4488 1363 4542 monasterii
1396 4491 1692 4547 monachus
1718 4508 1815 4563 pro
1841 4495 1962 4549 vita:
1990 4497 2178 4551 melio-
2215 4541 2262 4599 υ
2291 4504 2483 4557 suevit.

601 4578 813 4631 ratione
881 4579 1204 4647 transierit,
1274 4581 1500 4638 licenter
1563 4586 1901 4656 recipiatur,
1961 4590 2183 4644 remotis

599 4671 801 4739 prioris
851 4671 950 4726 loci
1000 4674 1400 4742 querimoniis,
1454 4684 1549 4744 ut,
1598 4679 1862 4750 largiente
1913 4684 2182 4750 Domino,

597 4763 791 4818 salutis
841 4780 1002 4833 quam
1054 4780 1303 4835 qnazrere
1352 4769 1565 4823 videtur
1612 4774 1752 4842 apud
1797 4787 1891 4828 vos
1943 4776 2184 4842 potiatur

606 4851 820 4907 rtfcctu.
853 4855 1096 4911 Clericos
1126 4873 1342 4927 quoque
1382 4860 1680 4929 regulares,
1716 4880 1854 4934 quos
1888 4868 2182 4924 canonicos

607 4953 822 5010 vocant,
869 4947 960 5016 qui
996 4948 1076 5002 vel
1115 4950 1166 5002 in
1216 4949 1350 5005 locis
1378 4951 1493 5005 suis
1533 4953 1732 5007 salvari
1783 4970 1889 5010 non
1933 4971 2179 5026 possunt,

607 5033 686 5085 Vel
730 5050 828 5104 pro
879 5040 1299 5093 necessitatibus
1339 5041 1406 5093 ad
1452 5040 1569 5095 loca
1615 5052 1798 5096 vestra
1837 5045 2177 5116 confugiunt,

605 5125 950 5193 suscipiomli,
989 5140 1046 5183 et
1085 5142 1323 5184 vestruut
1364 5133 1700 5200 propositum
1748 5135 2065 5191 admitteudi
2117 5139 2183 5191 li-

604 5215 838 5270 centiam
870 5221 1234 5290 impertimur.
1266 5225 1622 5280 Decentio-us
1653 5237 1937 5296 prieterea,
1971 5239 2024 5284 et
2059 5246 2178 5283 om-

609 5311 740 5364 nino
769 5314 1169 5384 constituimus,
1196 5326 1255 5372 ut
1291 5320 1535 5389 praedicti
1563 5319 1664 5374 loci
1703 5320 1936 5378 obeunte
1962 5323 2178 5388 abbate,

602 5417 710 5455 non
745 5402 814 5456 ibi
849 5404 1291 5479 alicujuseuoque
1321 5425 1568 5479 personae
1597 5413 1849 5468 violentia
1881 5416 2181 5470 constitua-

605 5506 693 5548 tur
746 5496 1105 5560 ordinandus,
1154 5500 1246 5554 sed
1305 5503 1372 5556 ab
1427 5505 1540 5572 ipsa
1593 5506 2021 5576 congregatione
2075 5507 2176 5562 loci

605 5588 902 5642 secundum
943 5589 1189 5645 timorem
1216 5591 1308 5646 Dei
1339 5604 1394 5647 et
1429 5596 1821 5652 institutionem
1854 5598 2180 5668 legislatoris

601 5678 906 5745 Benedicti,
944 5681 1109 5736 Pater
1149 5685 1240 5754 qui
1275 5685 1371 5738 sibi
1415 5701 1648 5754 pra-esse
1675 5687 1892 5754 debeat,
1925 5689 2175 5760 eligatur.

602 5789 766 5848 atque
788 5781 855 5836 ad
876 5795 997 5834 ettm
1036 5780 1390 5834 ordinamlum
1416 5781 1806 5854 qualiscunque
1837 5786 1940 5840 illis
1964 5786 2179 5856 pineae,

3055 4617 3190 4671 XVI.

2288 4709 2487 4764 Urbani
2553 4708 2610 4762 Η
2664 4708 2888 4779 epistola
2954 4617 3050 4762 (Sic
3083 4709 3354 4778 "agonem
3421 4701 3760 4771 archiepixopl'

2863 4778 3282 4849 Lugdunensem.

2882 4874 3058 4942 (Anno
3092 4873 3275 4940 i097.)

2524 4965 2768 5037 [Βλιυιη
2803 4965 3024 5020 Miscell.
3051 4966 3182 5019 edit.
3210 4965 3342 5019 Luc.
3375 4965 3436 5029 ll,
3474 4957 3600 5021 l80-i

2359 5058 2613 5113 Uness‘us
2641 5059 2959 5128 episcopus,
3005 5073 3195 5112 servus
3230 5073 3504 5112 servorum
3543 5053 3634 5111 llri.

2285 5151 2439 5204 rabili
2480 5151 2631 5204 fratri
2669 5160 2722 5205 et
2758 5150 3079 5220 coepiscopo
3112 5149 3339 5214 Ilucom,
3372 5147 3642 5217 :postolira:
3672 5134 3758 5190 se"

2284 5243 2484 5311 legato,
2509 5243 2734 5296 salutem
2767 5253 2820 5296 et
2847 5243 3194 5311 apostolicam
3227 5243 3635 5296 beuetliczimtettt-

2355 5334 2506 5402 Quod
2532 5339 2596 5388 de
2617 5335 2939 5403 Guapicensi
2965 5350 3056 5387 seu
3083 5335 3260 5390 Diensi
3277 5333 3586 5402 coepiscopis
3602 5321 3756 5397 prmi?"

2285 5428 2414 5481 tiam
2441 5435 2583 5478 tuam
2607 5426 2783 5495 egisse
2805 5425 3120 5496 significasti
3155 5425 3306 5480 nobis
3327 5423 3592 5478 admodum
3613 5419 3753 5485 [nam

2281 5530 2387 5582 est,
2413 5529 2469 5573 et
2497 5519 2540 5572 si
2567 5519 2679 5589 jam
2709 5520 2938 5587 amplius
2967 5528 3145 5572 actum
3174 5528 3339 5580 esset,
3373 5517 3561 5591 gratius
3600 5507 3754 5600 balistis

2283 5626 2425 5671 mus,
2463 5617 2522 5662 ut
2554 5620 2609 5661 et
2651 5607 2952 5676 quzeusis
2987 5609 3056 5662 ab
3091 5608 3391 5662 incttbautis
3420 5603 3553 5676 porci
3587 5594 3754 5652 ίέειιιιίιιτε

2281 5712 2584 5763 eruerctor,
2603 5710 2658 5753 et
2689 5699 2898 5754 Diensis
2921 5709 3134 5770 pastore
3153 5715 3308 5768 quem
3325 5698 3516 5769 appetit
3544 5691 3750 5746 interemi

2283 5793 2337 5846 ln
2373 5791 2610 5856 Ecclesia
2647 5790 3015 5845 Lemoviceusi
3056 5790 3128 5845 nil
3163 5792 3435 5860 potestatis
3460 5777 3668 5838 contratri
3690 5785 3750 5824 tit?
