3888 6322
55 397 170 450 489

1276 395 1631 450 EI’ISTOLrE
1656 393 1739 448 ET
1782 394 2190 450 PRIVILEGIA.

3213 399 3318 454 490

56 527 181 571 stro
218 517 285 570 A.
332 529 430 570 uos
468 514 682 569 dedisse
720 527 1034 585 cognoscas,
1083 513 1182 566 nisi
1225 513 1365 582 quod
1418 527 1537 565 cum
1579 513 1645 564 ah
1675 515 1719 570 Α
1751 512 2067 577 perveniens
2095 510 2478 563 monasterium
2519 511 2659 579 quod
2689 510 3081 566 Glaunafolintn
3121 514 3320 570 dicitur

55 609 183 676 ipso
212 624 314 678 pro
343 608 532 663 eadem
568 606 808 662 Ecclesia
841 621 1184 677 rogarentur,
1219 616 1275 660 ιιι
1310 605 1446 674 apud
1474 606 1640 660 comi-

57 711 174 753 tem
200 700 541 755 Lemovieem
563 698 868 753 consuleret
889 712 985 768 pro
1005 697 1249 767 ampliori
1275 697 1643 752 familiaritate

57 789 432 860 pnecipimus.
475 789 801 843 Electionetn
837 788 999 858 igitur
1027 790 1140 843 sive
1179 789 1641 844 consecrationem

53 879 172 931 illic
209 889 315 933 non
355 878 479 946 jure
507 877 704 933 factam
738 893 836 932 nos
875 878 1089 947 quidem
1123 877 1329 933 irritam
1363 879 1640 942 habemus,

52 971 156 1024 sed
204 972 384 1025 adhuc
434 971 756 1024 sententiam
809 985 905 1039 pro
956 985 1060 1024 non
1114 970 1415 1038 spernenda
1462 971 1641 1024 domui

58 1062 240 1130 patris
265 1061 435 1116 nostri
460 1060 836 1116 Cluniacensis
865 1059 1072 1114 abbatis
1093 1059 1454 1130 postulatione
1478 1060 1644 1112 distu-

53 1153 251 1208 limus.
281 1153 608 1224 Suppliciter
629 1153 771 1208 enim
797 1153 1040 1207 exoravit
1066 1169 1132 1206 ne
1161 1152 1212 1206 in
1245 1151 1462 1208 fratrem
1495 1152 1640 1207 illntn

52 1244 414 1313 impatienter
437 1259 739 1316 ageremus.
768 1243 877 1300 Nos
907 1251 1088 1299 autem
1113 1244 1166 1298 in
1200 1245 1344 1298 nullo
1366 1245 1644 1313 legationis

49 1346 168 1390 tere
186 1335 280 1404 jus
306 1349 566 1406 operante
588 1336 814 1392 Domino
839 1337 1163 1403 minuemus,
1189 1344 1242 1390 et
1267 1351 1386 1406 qum
1409 1338 1645 1391 dictante

43 1425 264 1494 iustitia
293 1428 405 1482 oris
442 1442 784 1498 nequaquam
815 1443 914 1497 per
957 1443 1055 1482 nos
1096 1441 1194 1482 suo
1235 1428 1425 1482 robore
1463 1442 1644 1482 cessa~

47 1519 214 1572 bunt.
249 1519 326 1574 De
354 1519 727 1574 Anrelianensi
771 1520 912 1588 quod
953 1519 1188 1574 statuisti
1217 1528 1270 1574 et
1309 1535 1407 1573 nos
1452 1520 1644 1574 statui-

57 1625 210 1674 mus,
239 1611 507 1680 siquidem
536 1626 656 1681 qua:
685 1610 752 1665 de
781 1625 846 1666 eo
877 1620 982 1664 tam
1017 1611 1154 1680 apud
1195 1627 1289 1665 nos
1317 1626 1477 1680 quam
1504 1614 1643 1680 apud

48 1710 104 1754 te
145 1701 378 1772 allegata
417 1711 545 1757 sunt
576 1717 702 1757 vera
745 1718 869 1757 esse
904 1703 1229 1757 constiterit.
1274 1703 1424 1770 Quod
1463 1714 1640 1757 autem

51 1795 125 1846 de
167 1793 578 1849 Senonensibus
614 1795 827 1851 clericis
869 1795 1152 1866 postulasti
1193 1795 1448 1850 libentius
1488 1809 1644 1850 exse-

1746 601 1798 654 in
1849 600 2316 655 Andecavensiuut
2370 601 2611 668 dioecesi,
2675 602 2854 657 divina
2908 606 3081 677 gratia
3125 624 3316 678 prose-

1746 703 1968 762 quente,
2027 691 2350 757 construxit,
2381 692 2522 762 quod
2553 692 2830 748 Casinensi
2863 697 3133 762 coenobio,
3179 701 3318 755 unde

1744 784 2039 853 prodierat,
2074 783 2362 849 commisit,
2390 785 2478 838 ubi
2514 800 2634 839 cum
2676 785 2920 855 plurimis
2949 790 3204 844 virtutum
3239 793 3318 846 iu-

1745 875 2008 945 sigttibus,
2048 885 2372 945 cooperante
2401 877 2646 942 Domino,
2680 877 2990 946 efl'ulsisset,
3017 880 3314 938 Bertulfutu

1745 966 2066 1036 discipulum
2119 982 2272 1022 suum
2332 967 2579 1022 abbatem
2633 968 2986 1038 substituens,
3040 975 3316 1030 monachis

1747 1053 2123 1112 Casinensibns
2182 1059 2270 1126 qui
2309 1073 2412 1112 una
2465 1074 2648 1113 secum
2695 1071 2950 1115 venerant
2986 1079 3147 1134 super
3193 1080 3313 1120 eum

1746 1147 2028 1202 sollicitius
2053 1149 2336 1218 invigilare
2369 1151 2642 1220 prazcepit,
2682 1167 2749 1205 ne
2790 1151 2840 1206 in
2873 1154 3052 1222 aliquo
3085 1172 3116 1208 a
3156 1157 3318 1210 recti-

1749 1239 1932 1293 tudine
1962 1238 2222 1314 regularis
2248 1241 2481 1297 tramitis
2508 1243 2771 1310 deviaret,
2800 1245 2984 1316 sicque
3009 1250 3316 1318 temporalis

1747 1332 1869 1388 vitae
1898 1333 2061 1387 linem
2091 1334 2315 1389 sortitus
2345 1345 2448 1404 est,
2480 1351 2544 1391 ac
2584 1338 2842 1407 sepultus.
2892 1340 3017 1395 Post
3067 1345 3316 1400 nonnulla

1747 1421 1913 1496 igitur
1934 1438 2197 1479 annorum
2225 1426 2516 1491 curricula,
2544 1429 2777 1497 peccatis
2799 1431 3157 1502 exigentibus,
3180 1435 3316 1490 idem

1746 1516 2135 1571 monasterium
2181 1532 2209 1571 a
2239 1516 2494 1574 Gaidulfo
2521 1521 2789 1588 quondam
2819 1522 3171 1592 destructum,
3223 1527 3317 1582 sed

1746 1605 2085 1674 postmodum
2130 1607 2503 1678 religiosorum
2559 1609 2795 1664 virorum
2858 1614 3037 1670 studio
3101 1631 3319 1686 repara-

1749 1704 1878 1750 tum.
1913 1697 1988 1750 Eo
2013 1698 2191 1767 itaque
2220 1707 2458 1770 tempore
2481 1703 2799 1757 venerandae
2833 1707 3103 1760 memoriae
3127 1709 3316 1763 Adria-

1748 1801 1851 1840 nus
1876 1801 2009 1858 papa
2029 1788 2185 1842 simul
2213 1803 2333 1844 cum
2357 1790 2570 1857 Carolo,
2592 1808 2714 1862 rege
2731 1791 3060 1850 Francorum
3085 1801 3317 1868 etpatri-

52 1901 317 1956 quemur,
362 1891 404 1943 si
435 1889 617 1943 clerici
650 1891 746 1959 ipsi
779 1905 876 1960 pro
918 1890 1072 1945 electi
1112 1891 1194 1944 sui
1241 1907 1399 1945 causa
1443 1891 1506 1944 ad
1547 1906 1643 1945 nos

1750 1875 1822 1930 tio
1869 1876 2256 1944 Romanorum,
2283 1881 2564 1950 praefatum
2617 1886 3003 1940 monasterium
3028 1886 3318 1945 Glanuafo-

54 1982 204 2035 forte
244 1985 611 2050 pervenerint.
657 1983 729 2036 De
759 1981 1068 2037 Belvacensi
1111 1984 1274 2037 etiam
1315 1983 1454 2052 quod
1487 1984 1640 2052 egisti

51 2073 221 2127 nobis
247 2074 472 2127 omnino
499 2088 602 2128 non
631 2073 897 2144 displicet,
929 2074 1053 2144 quia
1083 2089 1180 2142 pro
1212 2073 1455 2143 personis
1487 2073 1643 2128 nullis

52 2173 286 2217 sanctos
315 2179 549 2218 canones
582 2164 828 2219 volumus
856 2175 949 2218 aut
981 2166 1198 2234 impune
1223 2175 1511 2234 priestante
1548 2166 1645 2220 Do-

52 2257 216 2310 mino
252 2256 487 2325 patimur
533 2257 864 2311 conculcari.
913 2256 1014 2310 Pro
1064 2273 1223 2311 causa
1272 2257 1644 2312 Cluniacensis

55 2348 382 2401 monasterii
428 2349 805 2403 strenuitatem
856 2359 999 2402 tuam
1048 2349 1333 2403 sollicitam
1375 2349 1639 2412 volumus,

58 2448 118 2492 ut
152 2454 281 2494 cum
311 2454 341 2492 a
373 2440 592 2496 domino
623 2442 817 2496 abbate
859 2441 1150 2512 rcqnisilus
1189 2441 1374 2510 fueris,
1415 2442 1479 2497 de
1510 2442 1644 2497 duce

59 2528 425 2599 Bnrgttndize,
454 2532 518 2585 de
547 2532 776 2587 Aimone
810 2532 1168 2598 Borbonensi,
1201 2533 1290 2602 qui
1321 2549 1414 2589 eos
1443 2535 1645 2588 acriter

55 2620 376 2686 molestam,
393 2624 1050 2694 congruentemjustitiam
1066 2627 1400 2696 exsequaris.
1417 2627 1488 2681 De
1502 2637 1641 2681 Statu

56 2720 248 2765 nostro
303 2711 583 2766 nobiscum
634 2714 744 2770 Deo
789 2715 991 2784 gratias
1033 2731 1156 2784 age,
1191 2717 1316 2785 quia
1372 2733 1539 2787 usque
1579 2717 1643 2770 ad

58 2798 266 2853 Urbem
320 2817 444 2857 cum
497 2801 648 2856 Com.
706 2803 776 2857 Μ.
843 2804 1068 2872 pacifice
1123 2806 1404 2870 venimus,
1458 2806 1643 2862 urbem

58 2890 452 2948 honestissime
516 2911 636 2951 eum
701 2898 1111 2966 procedentium
1179 2897 1468 2968 stipatione
1541 2897 1646 2955 fre-

57 2984 424 3049 quentissima
467 2987 828 3044 introivimus.
867 2989 1066 3044 Urbem
1107 2990 1277 3058 ipsam
1315 2989 1502 3058 majori
1527 2989 1642 3060 jam

57 3089 126 3127 ex
181 3085 341 3142 parte
392 3077 671 3132 habemus.
729 3078 1004 3148 Synodnm
1046 3079 1294 3135 Laterani
1333 3081 1645 3136 solemniter

1746 1966 1913 2022 liense
1973 1971 2267 2026 venerabili
2339 1972 2729 2028 Theodemario
2796 1975 3076 2032 Lasinensi
3135 1979 3314 2036 abbati

1746 2073 1909 2128 super
1939 2060 2039 2115 hac
2071 2077 2128 2116 re
2158 2063 2553 2132 querimoniam
2583 2066 2820 2134 facienti,
2846 2071 3059 2139 cognita
3104 2074 3316 2128 ratione

1747 2151 2002 2218 restituit,
2053 2161 2216 2223 atque
2247 2155 2567 2210 auctoritate
2612 2157 2904 2227 apostolica
2951 2161 3312 2218 confirmavit.

1747 2239 1944 2294 Verum
1989 2242 2116 2310 quia
2144 2243 2234 2298 Dei
2259 2243 2462 2313 judicia
2497 2247 2722 2317 abyssus
2754 2249 2936 2316 multa,
2973 2251 3084 2320 jant
3115 2254 3316 2309 dictqu

1745 2332 2050 2386 cmuobi‘um
2086 2333 2436 2388 barbarorum
2476 2336 2691 2392 incursu
2728 2350 2993 2396 vastatum
3025 2344 3218 2400 iterum
3263 2358 3317 2402 et

1747 2423 2078 2479 destructtuu
2110 2427 2392 2481 asset-itur.
2425 2428 2858 2498 Depopulationis
2883 2449 3011 2504 ergo
3035 2435 3174 2492 illius
3196 2438 3318 2493 bar-

1747 2511 1942 2568 barica:
1971 2513 2256 2570 solitudine
2291 2529 2662 2586 permanente,
2693 2518 3311 2598 illustt°ittm-ptirtcipttitt

1747 2606 1923 2660 studio
1949 2608 2222 2676 provisum
2253 2609 2351 2663 fuit
2378 2620 2644 2679 quatenus
2671 2612 3123 2673 Glannafoliensis
3145 2620 3312 2685 locus,

1748 2700 2078 2754 monachicae
2135 2710 2263 2754 tunc
2306 2702 2471 2770 quieti
2505 2703 2852 2773 incongruus,
2885 2721 2982 2776 per
3027 2710 3314 2764 Fossaten-

1748 2802 1836 2843 ses
1867 2791 2161 2845 menachos
2187 2791 2594 2861 disponeretur;
2644 2810 2762 2864 qua:
2788 2797 3003 2867 quidem
3037 2800 3316 2870 dispositio

1749 2895 1917 2948 usque
1973 2883 2039 2934 ad
2089 2891 2330 2952 tempora
2384 2895 2566 2940 nostra
2612 2885 2958 2944 immobiliter
2988 2893 3314 2960 perduravit.

1748 2971 2013 3026 Caeterum
2046 2988 2169 3026 cum
2198 2972 2536 3031 Fossatensis
2565 2978 2728 3031 etiam
2776 2978 2924 3034 locus
2971 2982 3038 3034 ab
3065 2984 3319 3038 obserVa-

1751 3063 1896 3116 tione
1949 3062 2226 3133 religionis
2274 3065 2542 3130 desiisset,
2591 3066 3045 3125 Glannafoliensis
3089 3075 3317 3129 ecclesia

58 3182 106 3218 cc
128 3165 485 3221 lebravimns.
515 3169 670 3224 Cives
702 3170 857 3223 nobis
891 3178 945 3223 et
973 3170 1218 3240 regiones
1241 3185 1431 3227 omnes
1465 3185 1644 3226 saera-

1750 3169 1845 3223 per
1873 3155 1974 3210 loci
2002 3155 2167 3226 ipsius
2195 3158 2523 3226 praepositos
2550 3174 2654 3213 non
2689 3168 2800 3214 tam
2846 3161 3105 3234 disposita
3152 3180 3314 3235 quam

59 3255 268 3308 utentis
319 3257 692 3325 astringimus.
744 3257 960 3313 Gratias
1014 3259 1146 3325 Deo,
1204 3261 1457 3328 honeste,
1507 3270 1638 3327 tute,

57 3344 323 3400 alacriter
361 3361 568 3402 sumus.
599 3345 705 3402 Vos
731 3349 1010 3404 nobiscum
1036 3351 1144 3405 Deo
1174 3351 1376 3421 gratias
1406 3353 1566 3422 agite,
1590 3361 1644 3408 et

55 3452 162 3505 pro
198 3439 358 3493 nobis
395 3438 509 3507 ejus
546 3439 975 3496 miscricordiam
1011 3453 1256 3508 exorate,
1297 3459 1468 3515 neque
1505 3447 1646 3501 inter

58 3527 179 3580 hch
201 3529 362 3582 matri
385 3537 576 3584 vestrae
601 3529 859 3586 Romanae
883 3530 1136 3587 Ecclesia:
1161 3534 1446 3589 subvenire
1470 3544 1644 3590 atten-

55 3619 167 3672 tius
197 3619 504 3689 negligatis.

737 3775 987 3832 CCXVII.

52 3888 70 3906 '
113 3884 372 3960 Urbanus
413 3886 566 3960 Petro
605 3888 1024 3957 Aragonensinm
1067 3899 1116 3944 et
1160 3889 1645 3960 Pampilonensinm

133 3957 244 4028 regi
279 3958 582 4026 ra'terisque
604 3976 785 4012 eorum
822 3961 1088 4028 regionum
1119 3957 1355 4016 ﬁdelibas
1376 3964 1645 4017 ecclesiam

132 4025 592 4096 Pampilonenscm
625 4025 970 4083 commendat.

665 4119 841 4188 (Anno
868 4121 1047 4192 1097.)

381 4208 671 4280 [Romanu
716 4210 832 4264 Vita
861 4209 1081 4279 Urbani,
1106 4229 1159 4286 p.
1188 4213 1338 4269 28‘2.1

723 4321 995 4379 CCXVIII.

52 4414 314 4469 Urbanus
354 4413 616 4483 Oderisio,
649 4417 906 4471 cardinnli
931 4415 1182 4471 Ecclesia:
1213 4417 1462 4474 Romana:
1483 4430 1528 4472 et
1556 4421 1648 4474 ab-

129 4487 242 4538 bati
275 4486 580 4538 monasterii
611 4485 932 4553 Casinensis,
971 4505 1002 4540 a
1041 4504 1149 4541 sese
1176 4501 1502 4552 consecrato,
1535 4507 1648 4542 mo-

130 4557 426 4629 nasterium
456 4554 903 4629 Glannafoliense,
947 4559 1214 4611 monachis
1244 4557 1644 4612 Fussalensibus
1674 4572 1722 4629 ι)

129 4624 507 4694 adjudicatunt
536 4628 781 4680 restituit.

673 4716 850 4787 (Anno
881 4717 1060 4787 1097.)

459 4803 674 4875 [Μυκη
715 4805 915 4859 Concil.
953 4805 1074 4873 XX,
1107 4805 1256 4878 928.]

131 4891 396 4949 URBANUS
422 4895 729 4965 episcopus,
774 4910 967 4951 servus
1016 4911 1297 4952 servorum
1329 4897 1444 4964 Det“,
1498 4912 1648 4953 reve-

50 4985 382 5040 rentissimo
427 4995 482 5040 et
533 4989 854 5044 charissimo
901 4989 1055 5044 fratri
1105 4989 1383 5057 ODEBISIO,
1445 4993 1646 5046 nostris

54 5089 159 5143 per
201 5075 297 5129 Dei
329 5077 558 5146 gratiam
589 5079 841 5134 manibus
867 5088 923 5134 et
968 5081 1021 5134 in
1073 5081 1405 5136 eardinaletn
1446 5090 1648 5136 sancta:

53 5165 327 5220 Romana:
363 5167 618 5222 Ecclesia:
675 5170 963 5233 sacerdoti,
1009 5179 1066 5224 et
1109 5171 1161 5225 in
1207 5172 1456 5226 abbatem
1501 5171 1649 5228 Casi-

53 5257 256 5310 nensis
316 5259 626 5312 monasterii
679 5268 1020 5321 consecrato,
1065 5258 1287 5329 ejusque
1315 5263 1648 5316 successori-

53 5348 162 5402 bus
186 5349 516 5417 regulariter
553 5351 944 5405 substituendis
975 5353 1027 5405 in
1054 5361 1398 5422 perpetuum.

131 5438 304 5492 Pater
334 5448 390 5492 et
427 5441 679 5511 princeps
710 5442 1041 5497 monachicae
1073 5443 1445 5510 institutionis,
1475 5446 1646 5514 gratia

1751 3247 2008 3317 dissipata
2034 3247 2239 3302 diutius
2265 3249 2567 3303 videbatur.
2609 3248 2848 3323 Contigit
2897 3263 3073 3308 autem
3125 3257 3320 3312 divina:

1751 3338 2101 3407 dispositione
2128 3339 2584 3403 clementize,cum
2611 3356 2709 3410 pro
2737 3344 3121 3401 ecclesiasticis
3140 3353 3320 3406 causis

1751 3429 1802 3483 in
1824 3427 2021 3484 Gallias
2052 3429 2432 3484 transissemus
2456 3445 2553 3484 nos
2581 3430 2754 3485 locum
2781 3432 2929 3485 illum
2959 3449 3079 3488 cum
3109 3436 3322 3489 confrao

1754 3517 1924 3572 tribus
1950 3518 2146 3571 nostris
2168 3517 2435 3587 episcopis
2460 3528 2514 3572 et
2558 3519 2812 3574 Romanae
2841 3520 3094 3577 Ecclesia:
3145 3525 3321 3579 eardio

1788 3607 1962 3664 aIibus
1990 3609 2261 3665 visitasse.
2315 3609 2567 3664 Fratrum
2614 3610 2779 3681 igitur
2818 3613 2927 3667 Deo
2971 3613 3318 3670 servientium

1751 3701 1860 3781 .tlic
1897 3709 1951 3756 et
1998 3703 2203 3756 circum
2250 3701 2608 3757 habitantium
2637 3701 2894 3757 nobilium
2937 3704 3172 3760 virorum
3220 3723 3322 3762 nos

1753 3794 1907 3849 turba
1964 3793 2327 3848 circumstetit
2379 3808 2544 3862 super
2593 3781 2949 3863 'dissipatione
3005 3795 3320 3853 multimoda

1750 3885 2198 3955 conquerentium
2227 3900 2349 3955 qua:
2374 3885 2441 3940 ab
2471 3885 2556 3942 bis
2584 3883 2936 3957 inferebatur,
2972 3903 3199 3959 quorum
3230 3908 3323 3948 eos

1749 3986 2063 4048 oportuerat
2112 3978 2378 4033 industria
2426 3979 2747 4049 gubernari;
2795 3982 3019 4051 adjectae
3074 3984 3157 4040 his
3198 3997 3322 4041 sunt

1751 4071 2054 4126 communis
2086 4069 2180 4125 filii
2211 4071 2381 4126 nostri
2420 4070 2666 4136 Joannis,
2691 4070 2749 4127 S.
2780 4072 3038 4129 Romanae
3069 4075 3326 4131 Ecclesiae

1751 4162 1963 4217 diaconi
1987 4161 2304 4227 eardinalis,
2337 4170 2392 4216 et
2411 4163 2574 4218 vestri
2600 4161 2913 4220 Casinensis
2936 4165 3171 4220 eamobii
3201 4181 3322 4219 mo-

1753 4254 1936 4320 nachi,
1972 4271 2071 4324 pro
2101 4263 2256 4324 parte
2300 4262 2390 4308 tua
2446 4263 2502 4309 et
2537 4256 2862 4311 venerabilis
2914 4256 3099 4313 fratris
3151 4259 3323 4314 nostri

1751 4347 2403 4402 GolfridiAndeeavensis
2434 4346 2692 4416 episcopi,
2728 4355 2784 4402 et
2833 4348 2928 4404 lilii
2978 4351 3150 4405 nostri
3196 4349 3322 4404 Ful-

1751 4437 1904 4492 conis
1939 4437 2343 4492 Andecavensis
2373 4436 2588 4490 comitis
2638 4452 2848 4506 preces,
2898 4439 3170 4508 proprium
3219 4438 3322 4496 loci

1752 4527 1828 4582 illi
1856 4526 2108 4582 abbatem
2136 4527 2237 4581 sub
2261 4526 2518 4581 ditionem
2547 4526 2857 4582 Casinensis
2877 4528 3118 4583 ecclesia:
3139 4541 3324 4583 aucto-

1751 4618 1910 4672 ritate
1963 4617 2108 4673 sedis
2157 4617 2464 4688 apostolicae
2516 4619 2726 4673 restitui
2768 4619 3174 4688 postulantium,
3222 4635 3322 4675 nec

1748 4722 1939 4776 parum
1978 4707 2032 4762 in
2082 4707 2236 4763 brevi
2280 4709 2582 4778 profectum
2633 4711 2753 4766 loco
2784 4720 3101 4766 eventurum
3137 4724 3322 4778 spera-

1749 4801 1898 4867 bant,
1922 4810 1978 4856 et
2008 4801 2074 4856 de
2096 4801 2392 4868 tricesitno,
2417 4803 2508 4871 qui
2541 4818 2684 4857 nunc
2711 4803 2906 4868 inerat,
2935 4801 3323 4856 monachorum

1749 4907 1995 4955 numero,
2035 4901 2254 4962 repente
2298 4894 2614 4962 ampliorem
2659 4893 2921 4956 futurum,
2975 4892 3240 4962 siquidem
3289 4910 3320 4945 ει

1750 4982 2152 5040 Fossateusium
2180 4984 2352 5053 erepti
2377 4985 2663 5056 tyrannide
2692 4983 2903 5037 abbatis
2945 4985 3148 5054 proprii
3182 4987 3322 5056 regi-

1751 5075 1896 5130 mine
1925 5075 2257 5132 fruerentur.
2304 5074 2536 5131 Proinde
2583 5074 2995 5130 Fossatensibus
3039 5079 3322 5130 monachis

1750 5167 1893 5222 diem
1925 5177 2130 5223 certum
2155 5167 2465 5232 statuimus,
2492 5181 2599 5236 quo
2623 5179 2681 5220 se
2709 5175 2905 5220 nostra:
2929 5167 3240 5235 audientiae,
3274 5170 3320 5224 si

1751 5261 2011 5317 habentes
2042 5260 2334 5332 privilegiis
2353 5271 2761 5332 przescntarent.

1817 5353 2234 5408 Considcutibus
2255 5367 2383 5423 ergo
2400 5352 2674 5406 nobiscum
2695 5352 2745 5406 in
2762 5353 3060 5410 'I'uronensi
3089 5355 3318 5411 ecclesia

1752 5445 2195 5514 archiepiscopis,
2220 5443 2490 5514 episcopis
2512 5453 2568 5498 et
2591 5444 2896 5510 abbatibus,
2923 5461 3146 5502 numero
3185 5462 3318 5518 qua-

51 5537 113 5582 et
150 5529 382 5582 nomine
428 5528 783 5596 Benedictus,
828 5531 1148 5601 diseipulnm
1194 5547 1349 5587 suum
1399 5533 1651 5589 beatissi-

55 5637 218 5675 mum
253 5620 500 5676 Maurum
530 5624 599 5678 ob
637 5624 918 5694 religionis
970 5625 1207 5680 studium
1258 5627 1560 5681 docendum
1593 5636 1650 5680 et

53 5712 380 5782 augendum
408 5714 460 5768 in
483 5714 684 5770 Gallias
727 5717 1038 5780 destinavit,
1070 5717 1214 5773 sicut
1254 5717 1308 5771 in
1339 5730 1528 5773 eorum
1558 5733 1650 5788 ge-
1750 5723 2165 5788 praesentarunt,
2192 5718 2345 5787 quasi
2378 5719 2600 5774 [toutani
2633 5719 2902 5788 pontificis
2923 5719 3168 5782 Adriani,
3199 5735 3319 5788 quae

53 5808 158 5860 stis
201 5805 332 5860 luce
375 5805 574 5861 clarius
628 5808 946 5878 reperimus,
976 5809 1069 5864 oui
1116 5810 1182 5865 ad
1234 5809 1349 5865 loca
1379 5811 1645 5866 destinata
1749 5807 1970 5864 omnino
1993 5808 2126 5863 falsa
2150 5809 2448 5867 manifestis
2475 5820 2558 5867 est
2583 5811 2794 5868 indiciis
2814 5813 3179 5881 comprobata.
3199 5810 3318 5864 Pla-

473 5922 742 5984 Parnm.
786 5920 936 5983 CLI.
1990 6007 2008 6021 ﬂ
2932 5922 3005 5982 16

1750 5537 1996 5606 draginta
2027 5546 2281 5605 quatuor,
2325 5536 2466 5590 facta
2499 5539 2565 5591 de
2601 5537 2701 5592 hoc
2744 5539 2955 5608 negotio
2999 5539 3316 5608 quaestione,

1749 5628 1992 5682 chartam
2021 5629 2175 5682 nobis
2196 5628 2437 5698 praedicti
2459 5629 2655 5683 fratres
2680 5629 2731 5683 iu
2757 5631 3025 5685 communi
3049 5631 3318 5686 audientia
