3888 6322
507 381 606 443 491

1827 381 1884 434 Β.
1930 380 2097 437 URBA

2209 378 2247 433 ll
2286 376 2486 432 PAl’x’E
3249 410 3254 412 -
3678 384 3761 439 692

513 505 626 558 cuit
648 505 825 571 itaque
851 500 1060 554 cunctis
1106 498 1156 552 itt
1189 512 1475 552 cornmune
1509 495 1772 551 fratribus
1813 497 1902 565 qui
1955 512 2086 549 cou-
2121 501 2164 556 Α
2195 502 2320 548 stat.
2357 493 2413 546 Si
2453 507 2556 560 qua
2602 505 2731 546 sane
2765 490 2816 544 in
2845 487 3145 544 crastinum
3175 490 3572 559 ecclesiasuea,
3621 512 3760 552 sxw-

510 596 782 658 sederant,
835 590 1270 662 quandoquidem
1307 591 1358 644 itt
1398 589 1707 644 Fossatensi
1754 588 2088 643 monasterio

510 683 784 754 religionis
825 681 1172 736 observantia
1223 681 1335 750 jam
1391 695 1485 750 per
1538 687 1780 748 tempora
1826 677 1944 732 loca
1997 676 2090 747 [f.,

509 776 692 848 longa]
720 765 1018 839 defecerat,
1051 785 1108 828 et
1147 771 1610 828 Glannal‘oliensis
1655 770 1804 824 locus
1860 783 1955 839 per
1998 784 2094 822 cos

508 883 612 922 non
645 865 1029 931 meliorationi,
1057 864 1151 920 sed
1183 861 1587 918 deteriorationi
1614 861 1895 915 videbatur
1936 875 2094 929 expo-

507 963 665 1026 situs,
719 967 970 1014 cessante.
1016 972 1182 1012 causa
1240 958 1402 1011 etiam
1453 962 1696 1010 cessaret
1745 951 1990 1016 effectus,
2041 961 2095 1005 et

506 1051 1045 1107 Glanual‘oliensibus
1091 1049 1375 1105 monachis
1418 1047 1630 1104 abbatis
1679 1045 1973 1101 cardinalis
2005 1060 2095 1099 so-

508 1144 700 1197 latium
733 1142 1076 1198 redderetur.
1117 1141 1182 1195 Et
1211 1149 1339 1194 tunc
1384 1154 1514 1208 ergo
1551 1139 1826 1193 communi
1876 1137 2095 1192 decreto

508 1235 810 1299 sancimus,
837 1245 890 1289 et
923 1249 1066 1288 nunc
1104 1249 1200 1302 per
1228 1231 1510 1302 praesentis
1538 1229 1805 1300 privilegii
1846 1228 2094 1298 paginam

511 1328 811 1398 legitimum
855 1326 1242 1395 sempiternum
1282 1324 1576 1394 apostolica
1608 1323 1934 1378 auctoritate
1987 1331 2097 1375 sta-

512 1421 731 1482 tuimus,
766 1429 824 1474 ut
861 1419 910 1472 in
942 1419 1058 1472 loco
1097 1418 1188 1472 illo
1226 1416 1517 1472 venerabili
1560 1430 1702 1486 saepe
1730 1414 1978 1484 superius
2001 1429 2097 1467 n0—

510 1513 716 1566 miuato
745 1510 1042 1566 cardinalis
1073 1511 1244 1565 abbas
1277 1509 1556 1580 perpetuis
1609 1507 1948 1578 temporibus
1995 1506 2094 1560 ha-

511 1605 720 1670 beatur,
752 1602 899 1658 salva
944 1617 1040 1673 per
1083 1601 1265 1656 omnia
1314 1599 1638 1664 reverentia,
1692 1608 1748 1654 et
1787 1597 2096 1653 obedientia

511 1698 703 1752 matris
768 1711 879 1751 suae
936 1695 1182 1751 ecclesiae
1233 1693 1564 1750 Casinensis.
1626 1691 2096 1746 Praedecessornm

513 1800 819 1846 nostrorum
855 1805 983 1861 ergo
1030 1789 1400 1843 Romanorum
1447 1784 1760 1856 pontiﬁcum
1790 1782 2012 1838 Adriani
2041 1789 2097 1836 et

509 1881 717 1936 Nicolai
750 1881 974 1952 vestigia
1000 1879 1345 1945 comitantes,
1379 1877 1829 1946 praenominatum
1859 1873 2088 1929 Glanna-
2123 1850 2168 1909 Β
2198 1872 2335 1928 latii.

512 1973 738 2029 foliense
779 1972 1084 2028 emnobium
1132 1985 1252 2027 cum
1295 1968 1547 2025 omnibus
1575 1967 1916 2038 pertinentiis
1960 1967 2094 2026 suis,

511 2068 657 2121 salva
691 2067 945 2122 libertate
967 2074 1022 2121 et
1047 2065 1309 2136 dignitate
1333 2061 1572 2131 ejusdem
1603 2061 1730 2128 loci,
1766 2060 1858 2116 tibi
1897 2070 2098 2130 tuoque

516 2159 800 2214 Casinensi
861 2157 1194 2212 monasterio
1251 2155 1535 2226 praesentis
1589 2153 1758 2209 nostri
1829 2151 2094 2224 privilegii

513 2251 712 2320 pagina
751 2265 875 2303 cum
900 2248 1151 2303 omnibus
1177 2245 1613 2317 possessionibus
1656 2245 1769 2300 suis
1810 2244 2099 2301 conﬁrma-

515 2357 654 2393 mus.
684 2339 738 2392 ιιι
785 2339 982 2408 quibus
1028 2339 1143 2392 haec
1197 2337 1432 2407 propriis
1487 2335 1737 2390 du‘ximus
1787 2335 2099 2390 nominibus

518 2431 844 2484 adnotanda.
877 2431 930 2484 ln
980 2430 1170 2499 primis
1215 2429 1340 2483 villa
1385 2427 1743 2492 Blazou,etc.
1799 2427 2099 2484 Statuimus

527 2522 690 2575 ctiam
739 2531 796 2574 ιιι
823 2521 1058 2575 obcunte
1099 2520 1326 2575 Girartlo
1363 2535 1505 2572 nunc
1553 2517 1670 2587 ejus
1718 2518 1820 2574 loci
1881 2520 2094 2585 abbate,

515 2613 696 2667 nullus
723 2613 795 2668 ibi
842 2612 1209 2684 subreptionis
1250 2613 1448 2668 astutia
1466 2610 1557 2687 vel
1589 2611 1844 2667 violentia
1883 2627 2096 2682 pracpo-

487 2707 696 2769 ‘natur,
747 2706 850 2760 nisi
899 2693 1059 2776 quem
1112 2705 1314 2761 fratres
1343 2705 1622 2761 communi
1670 2720 1960 2768 consensu,
2013 2707 2096 2760 vel

514 2797 740 2849 fratrum
779 2813 907 2866 pars
947 2797 1158 2852 consilii
1201 2797 1434 2851 sanioris
1471 2796 1764 2852 secundum
1815 2795 1873 2849 Β.
1929 2796 2100 2852 Bene-

513 2890 643 2946 dicti
687 2891 928 2961 rcgulam
970 2891 1254 2960 elegerint,
1295 2890 1436 2959 apud
1485 2888 1739 2944 Casinum
1796 2891 2094 2945 secundum

514 2991 757 3036 tenorem
790 2981 1192 3052 privilegiorum
1229 2993 1449 3034 suorum
1480 2979 2096 3048 benedicendum.Quod

513 3075 559 3129 si
591 3073 750 3138 forte,
784 3073 928 3144 quod
960 3073 1177 3128 evenire
1202 3074 1288 3127 vix
1316 3072 1608 3138 credimus,
1640 3072 1693 3126 in
1725 3073 1839 3142 ipsa
1871 3089 2095 3146 congre-

514 3166 729 3236 gatione
748 3165 944 3235 aliquis
966 3165 1034 3220 ad
1064 3164 1167 3220 hoc
1190 3163 1424 3219 ofﬁcium
1455 3163 1681 3220 idoneus
1734 3179 1840 3219 non
1893 3167 2097 3235 reperi-

515 3269 622 3325 tur,
652 3258 718 3314 de
740 3258 1023 3314 Casinensi
1067 3257 1319 3314 etenobio
1348 3257 1596 3312 abbatem
1627 3258 1728 3312 sibi
1761 3258 1960 3327 eligant
1993 3259 2099 3314 ibi-

513 3351 634 3403 dem
667 3348 920 3405 similiter
949 3348 1407 3414 benedicendum,
1457 3347 1644 3418 sicque
1686 3348 2098 3417 praepositurum

513 3440 860 3496 (Iasinensem
909 3449 966 3495 et
1009 3438 1335 3494 vicariatum
1376 3437 1623 3508 ejusdem
1661 3437 1977 3494 Casinensis
2014 3439 2102 3494 ab-

512 3532 652 3586 batis
681 3546 782 3600 per
805 3538 975 3585 totam
1007 3528 1233 3584 Galliam
1249 3526 1522 3599 accipiens
1535 3525 1602 3581 ad
1621 3541 1777 3581 suum
1792 3526 2099 3582 cmnobium

513 3626 724 3677 redeat.
757 3622 1022 3680 Omnibus
1072 3633 1253 3677 autem
1305 3621 1545 3691 quinque
1582 3619 1742 3675 annis
1795 3619 1979 3675 limina
2036 3621 2097 3676 Β.

514 3717 793 3772 Benedicti
819 3717 1130 3772 Casinensis
1159 3715 1358 3777 visitet,
1408 3715 1461 3769 in
1503 3713 1676 3769 Mauri
1707 3713 1828 3769 loco
1866 3715 2102 3770 resideat

517 3808 570 3860 in
595 3807 815 3871 Casino,
838 3815 893 3861 et
920 3807 972 3861 in
996 3806 1246 3860 omnibus
1276 3797 1426 3860 cellis
1446 3803 1562 3876 ejus
1584 3819 1746 3875 super
1765 3819 1890 3860 eum
1922 3805 2102 3862 nullus

519 3898 687 3953 abbas
723 3899 928 3964 sedeat,
977 3907 1031 3950 et
1078 3897 1209 3951 nulli
1245 3896 1350 3950 alio
1377 3895 1518 3961 loco,
1562 3896 1668 3952 nisi
1701 3905 1911 3952 tantum
1951 3896 2102 3953 Casi-

517 3989 705 4045 nensis
736 3989 1021 4043 subdatur.
1057 3987 1113 4042 Si
1146 3986 1275 4056 quid
1299 4001 1428 4040 vero
1456 3987 1521 4041 de
1561 3987 1754 4042 ordine
1800 3988 2102 4042 monastico

519 4082 856 4137 tractandum
894 4079 1056 4136 fuerit
1075 4077 1302 4134 arbitrio
1324 4087 1432 4132 tam
1456 4079 1728 4148 praepositi
1753 4077 2062 4134 Casinensis
2084 4123 2098 4147 ,

515 4189 677 4244 quam
704 4182 760 4229 et
784 4173 1000 4228 abbatis
1031 4172 1090 4226 Β.
1115 4170 1284 4226 Mauri
1309 4169 1648 4240 disponatur.
1673 4171 1896 4243 Insuper
1922 4181 2099 4227 autent

515 4265 769 4337 praesenti
809 4264 1097 4335 privilegio
1144 4262 1517 4332 supradictum
1572 4264 1748 4319 locum
1800 4279 1905 4318 una
1977 4280 2099 4318 cuin

515 4355 769 4421 omnibus
797 4355 910 4408 suis
938 4351 1358 4424 pertinentibus,
1405 4353 1651 4409 ecclesiis
1697 4363 1756 4408 et
1795 4357 2100 4424 possessio-

515 4447 676 4503 nibus
701 4463 798 4518 per
825 4455 997 4502 letum
1027 4445 1214 4500 orbem
1245 4444 1583 4512 roboramus,
1618 4454 1782 4516 atque
1818 4457 1878 4502 ut
1902 4447 2100 4504 nullius

515 4539 741 4594 alterius
781 4538 1051 4601 ecclesiae,
1087 4536 1174 4592 vel
1215 4535 1474 4607 episcopi,
1527 4538 1629 4593 nisi
1660 4538 1973 4596 Casinensis
2009 4557 2100 4596 ec-

515 4632 696 4686 clesiae
731 4629 1031 4686 ditionibus
1061 4627 1432 4695 submittatur,
1457 4631 1779 4686 auctoritate
1807 4632 2097 4702 apostolica

515 4723 920 4780 interdicimus.
957 4721 1305 4793 Quaecunque
1335 4735 1600 4795 praeterea
1632 4725 1686 4779 in
1719 4725 1958 4781 futurum
1985 4728 2098 4782 sive

513 4816 866 4872 concessione
894 4816 1236 4887 pontiﬁcum,
1272 4819 1388 4874 sive
1419 4819 1745 4875 liberalitate
1789 4821 2096 4890 principum

513 4909 597 4961 vel
624 4909 899 4965 oblatione
939 4910 1176 4964 ﬁdelium
1195 4910 1341 4979 juste
1373 4920 1535 4981 atque
1562 4911 1824 4966 canonice
1853 4913 2099 4980 poteritis

513 4999 761 5071 adipisci,
795 5002 949 5057 ﬁrma
983 5003 1158 5059 eidem
1206 5004 1325 5060 loco
1377 5012 1432 5059 et
1469 5003 1675 5059 illibata
1719 5015 2113 5075 permaneant.-

515 5091 867 5148 Decernimus
892 5109 1022 5165 ergo
1054 5103 1114 5150 ut
1165 5095 1296 5150 nulli
1337 5096 1561 5151 omnino
1605 5097 1884 5151 hominum
1938 5098 2100 5154 liceat

517 5181 658 5236 idem
680 5187 987 5242 coenobium
1018 5198 1222 5245 temere
1253 5189 1596 5258 perturbare,
1626 5199 1719 5244 aut
1741 5191 1857 5259 ejus
1885 5207 2096 5261 posst-s-

516 5271 697 5326 siones
743 5275 959 5330 auferre
1011 5279 1092 5333 vel
1144 5279 1353 5334 ablatas
1413 5281 1671 5344 retinere,
1725 5281 1970 5336 minuere
2016 5284 2100 5338 vel

519 5363 823 5417 temerariis
848 5367 1222 5424 vexationibus
1247 5369 1510 5441 fatigare;
1543 5371 1637 5425 sed
1664 5372 1847 5425 omnia
1887 5372 2098 5444 integra

516 5462 913 5506 conserventur
955 5471 1142 5511 eorum
1185 5475 1285 5529 pro
1334 5475 1565 5529 quorum
1595 5460 1995 5518 sustentatione
2035 5479 2116 5518 ac:

516 5541 911 5613 gubernatione
950 5560 1208 5603 concessa
1250 5559 1376 5604 sunt
1406 5551 1593 5606 usibus
1637 5551 1893 5606 omnibus
1923 5555 2098 5609 modis

515 5630 828 5702 profutura;
862 5637 1194 5704 sepulturam
1227 5655 1440 5710 quoque
1467 5641 1708 5710 ejusdem
1742 5643 1842 5697 loci
1875 5643 2096 5699 liberam

516 5741 639 5781 esse
670 5725 920 5792 facimus,
954 5738 1013 5783 ut
1047 5744 1235 5784 eorum
1274 5732 1364 5800 qui
1412 5733 1521 5789 illic
1570 5735 1786 5804 sepeliri
1833 5734 2097 5791 delibera-

519 5816 697 5872 verint
727 5818 998 5876 devotioni
1047 5829 1100 5874 et
1147 5831 1403 5876 extremae
1434 5825 1695 5880 voluntati
1732 5825 1908 5882 nullus
1947 5827 2094 5882 obsi.

2125 3218 2172 3281 C

2198 584 2394 638 larisve
2424 597 2655 652 persona
2683 581 2822 636 hanc
2864 589 3066 635 nostrae
3093 583 3510 640 constitutionis
3540 589 3763 658 paginam

2197 677 2395 742 sciens,
2422 684 2610 730 contra
2633 690 2753 730 eam
2779 683 2982 730 temere
3006 675 3196 730 venire
3225 659 3544 745 tentaverit,
3561 684 3766 736 secundo

2201 768 2429 823 tertiove
2463 769 2817 844 commonita,
2860 771 2906 824 si
2961 785 3067 824 non
3123 769 3509 826 satisfactione
3562 788 3768 845 congrua

2197 863 2618 929 emendaverit,
2677 863 2968 931 potestatis
3021 863 3355 934 honorisque
3398 865 3486 920 sui
3542 865 3770 936 dignitate

2197 964 2404 1017 careat,
2433 970 2691 1024 reamquc
2721 971 2780 1010 se
2806 957 3047 1012 existere
3071 958 3257 1013 divino
3275 956 3491 1027 judicio
3515 958 3586 1011 de
3613 973 3770 1030 perpe-

2200 1055 2343 1100 trata
2374 1047 2660 1116 iniquitate
2688 1056 3005 1117 cognoscat,
3039 1057 3094 1104 et
3139 1064 3170 1103 a
3215 1048 3585 1104 sanctissimo
3626 1059 3674 1103 et
3710 1066 3771 1104 sa-

2198 1139 2507 1194 cratissimo
2528 1154 2756 1208 corpore
2787 1149 2843 1194 et
2889 1141 3159 1210 sanguine
3191 1141 3288 1196 Dei
3331 1150 3393 1195 et
3437 1141 3658 1196 Domini
3693 1142 3772 1197 Re-

2197 1232 2500 1302 demptoris
2527 1232 2652 1287 Jesu
2682 1231 2884 1288 Christi
2918 1234 3096 1290 aliena
3126 1234 3242 1302 ﬁat,
3269 1244 3445 1306 atque
3472 1235 3534 1290 in
3567 1246 3776 1291 extraho

2197 1323 2450 1378 examine
2477 1324 2743 1380 dislrictae
2771 1324 2962 1380 ultioni
3011 1326 3314 1394 subiaceat.
3357 1327 3601 1383 Cunctis
3629 1340 3774 1382 autem

2199 1415 2374 1470 eidem
2407 1425 2699 1486 vestroque
2727 1418 2982 1472 emnobio
3003 1417 3151 1486 justa
3183 1419 3550 1474 servantibus
3597 1421 3664 1475 sit
3697 1435 3774 1490 par

2201 1505 2413 1562 Domini
2441 1507 2614 1562 nostri
2639 1507 2764 1563 Jesu
2797 1507 3024 1575 Christi,
3059 1519 3331 1579 quatenus
3353 1521 3415 1566 et
3447 1511 3544 1566 hic
3573 1511 3775 1567 fructum

2199 1600 2355 1655 bona:
2386 1600 2621 1656 actionis
2657 1601 2966 1671 percipiant
3014 1613 3070 1657 et
3106 1603 3251 1672 apud
3299 1603 3633 1659 districtum
3667 1604 3778 1672 jud-

2200 1705 2318 1746 ccm
2345 1691 2567 1761 praemia
2595 1700 2813 1747 aeternae
2846 1694 2998 1763 pacis
3027 1693 3342 1759 inveniant;
3388 1711 3588 1762 amen,
3631 1712 3776 1752 antea.

2273 1782 2548 1854 Scriptum
2594 1798 2691 1853 per
2732 1799 2955 1841 manum
2980 1784 3160 1856 .Petri,
3205 1786 3497 1843 scriniarii
3548 1791 3685 1844 sacri
3716 1807 3780 1860 pa-

2270 1967 2402 2020 Data
2443 1967 2586 2037 apud
2617 1966 2976 2023 Tarracinam
3028 1983 3126 2038 per
3165 1983 3392 2024 manum
3445 1967 3694 2035 Joannis,
3734 1971 3778 2024 5.

2197 2059 2265 2114 R.
2311 2059 2372 2113 E.
2426 2059 2641 2114 diaconi
2692 2061 3007 2126 cardinalis,
3067 2077 3142 2115 xu
3200 2061 3322 2116 Kal.
3373 2063 3617 2133 Aprilis,
3670 2063 3781 2117 indi-

2206 2154 2384 2209 ctione
2410 2169 2466 2220 v,
2493 2169 2638 2209 anno
2665 2155 2965 2210 Dominica:
3000 2155 3404 2211 lncarnationis
3459 2157 3631 2222 {097,
3666 2172 3779 2210 anne

2201 2254 2382 2299 autem
2411 2245 2762 2316 pontiﬁcatus
2787 2246 2970 2301 domni
3005 2261 3157 2316 papae
3191 2246 3408 2303 Urbani
3449 2249 3684 2303 secundi
3710 2265 3752 2302 ι.

2885 2336 3114 2394 CCXIX.

2203 2426 2448 2504 Urbanus
2482 2427 2553 2504 11Δ
2576 2447 2713 2500 papa
2745 2429 3281 2504 s_acrttanosinense
3329 2435 3633 2488 cwnobium
3661 2437 3778 2504 eju-

2272 2499 2489 2561 demque
2537 2499 2670 2572 bono
2722 2501 2787 2554 ob
2838 2503 2981 2572 omni
3021 2502 3402 2572 jurisdiclione
3453 2499 3776 2558 liberum'ub

2215 2633 2220 2638 λ
2270 2581 2468 2644 sanctae
2523 2569 2778 2644 Romano:
2836 2569 3084 2644 Ecclesia:
3132 2575 3464 2641 profectione
3507 2577 3776 2644 conﬁrma.

2271 2641 2574 2764 cwlerjsqre
2593 2657 2686 2708 per
2701 2641 3035 2696 Occidentem
3059 2645 3397 2698 monasterii:
3417 2662 3528 2714 pm
3539 2641 3778 2714 ferendas:

2271 2727 2380 2764 esse
2447 2727 2502 2764 ec
2527 2722 2663 2764 arat.
2949 2729 2952 2732 ί

2270 2727 2380 2764 8888
2409 2722 2663 2765 declarat.
2949 2729 2952 2732 ί

2809 2803 2986 2875 (Λιιιιο
3017 2805 3196 2875 1097.)

2343 2891 2697 2964 [Mancarunn
2735 2891 2943 2947 Bullar.
2998 2893 3200 2960 Casin.,
3242 2905 3284 2949 t.
3325 2876 3394 2962 ll,
3428 2915 3483 2969 p.
3517 2898 3660 2970 £19.]

2274 2983 2522 3040 URDANUS
2549 2984 2854 3055 episcOpus,
2879 3001 3068 3040 servus
3090 3001 3378 3042 servorum
3409 2990 3530 3055 Dei,
3560 3005 3774 3045 reveren-

2205 3076 2413 3130 tissimo
2437 3093 2498 3131 ac
2522 3077 2846 3132 cbarissimo
2873 3077 3027 3131 fratri
3053 3077 3338 3145 ODEBISIO,
3371 3083 3579 3136 nostris
3597 3082 3768 3151 pe.de

2202 3169 2430 3237 gratiam
2463 3169 2735 3235 manibus,
2779 3179 2834 3224 et
2869 3169 2924 3223 in
2950 3171 3282 3226 cardinalem
3311 3185 3526 3229 sanctae
3552 3174 3770 3230 Bootae:

2203 3257 2457 3312 Ecclesiae
2501 3269 2556 3313 et
2606 3259 2966 3324 sacerdotem,
3016 3271 3070 3316 et
3115 3262 3170 3316 in
3199 3262 3459 3319 abbatem
3494 3265 3769 3320 Casinensis

2202 3350 2519 3405 monasterii
2563 3361 2888 3408 consecrato
2944 3352 3171 3423 ejusque
3197 3357 3620 3412 successoribus
3643 3373 3771 3424 regu-

2203 3439 2391 3495 lariter
2424 3441 2815 3500 substituendis
2844 3444 2897 3498 in
2927 3455 3272 3514 perpetuum.

2273 3530 2478 3586 Praeter
2499 3531 2752 3602 generale
2799 3534 3086 3591 charitatis
3135 3537 3420 3603 debitum,
3466 3553 3664 3610 praeter
3681 3541 3768 3595 siu-

2203 3620 2443 3691 gularetn
2511 3624 2678 3678 vestri
2741 3625 2976 3680 cmttobii
3041 3631 3463 3698 praerogativam
3494 3671 3514 3698 ,
3570 3647 3680 3702 qua
3729 3633 3772 3682 in

2203 3712 2518 3768 monasticae
2549 3713 2682 3785 legis
2709 3714 2937 3782 latione,
2963 3727 3018 3772 et
3047 3718 3218 3774 latore
3253 3721 3613 3778 sanctissimo
3638 3723 3774 3776 Bene

2203 3805 2366 3871 dicto,
2403 3805 2781 3860 universorum
2810 3823 2910 3877 per
2937 3808 3286 3865 Occidentem
3339 3816 3771 3869 monasteriorum

2203 3908 2366 3967 caput
2390 3913 2420 3951 a
2449 3898 2680 3953 Domino
2711 3899 3017 3956 institutum
3047 3913 3165 3968 est;
3201 3904 3288 3958 illa
3328 3915 3380 3960 et
3393 3907 3506 3961 iam
3562 3908 3776 3976 benigni-

2207 3987 2333 4042 tatis
2367 3988 2791 4055 magniﬁceutia,
2816 4005 2936 4059 quae
2960 4006 3090 4061 sem,
3112 4009 3194 4054 er.
3219 4002 3274 4048 et
3302 3996 3515 4050 nostris
3544 3999 3777 4066 praeripi:

2207 4080 2566 4150 temporibus,
2633 4085 2982 4155 congregatio
3035 4094 3253 4150 vestra,
3309 4098 3523 4143 sancta:
3556 4090 3780 4144 “0mer

2204 4170 2454 4226 subvenit
2504 4171 2792 4241 Ecclesiae,
2851 4175 3076 4231 multum
3122 4193 3220 4232 nos
3269 4178 3456 4232 eidem
3516 4181 3637 4236 loco
3688 4179 3782 4232 fere

2203 4263 2474 4331 compellit
2502 4265 2789 4322 obnoxios.
2823 4269 2870 4322 ls
2900 4268 3044 4323 enim
3101 4268 3270 4333 locus,
3322 4282 3645 4326 nostrorum
3674 4289 3784 4341 pau-

2204 4369 2391 4423 perum
2445 4356 2738 4424 relcvatio,
2797 4359 3116 4429 fugientium
3175 4359 3487 4432 refugium,
3539 4363 3782 4418 fesson

2204 4448 2347 4502 sedis
2374 4449 2682 4518 apostolicae
2732 4451 2964 4533 ﬁliorum
2989 4453 3205 4521 requies
3253 4454 3534 4511 indefessa
3562 4474 3783 4528 perann-

2204 4539 2275 4592 sit
2327 4549 2382 4594 et
2425 4551 2725 4610 permanet.
2755 4542 2822 4596 Et
2851 4558 2950 4599 nos
2992 4559 3122 4615 ergo
3169 4547 3508 4605 tamdivinae
3535 4551 3778 4604 constitu—

2205 4631 2394 4694 tionis,
2447 4649 2607 4702 quam
2666 4644 2723 4687 et
2789 4633 3048 4688 fraternae
3095 4637 3457 4706 benignitatis
3525 4641 3776 4695 dulcedini

2202 4725 2620 4792 respondentes,
2667 4725 2841 4780 locum
2891 4726 3100 4796 ipsum,
3143 4735 3198 4781 et
3243 4730 3506 4784 universa
3561 4733 3628 4786 ad
3673 4746 3777 4784 eum

2201 4817 2549 4884 pertinentia,
2580 4817 2758 4886 quieta
2792 4834 3022 4888 seraper,
3056 4821 3299 4874 omnium
3327 4823 3646 4876 mortalium
3664 4822 3778 4890 jugo

2201 4905 2369 4959 libera
2417 4911 2754 4975 permanere,
2818 4917 2873 4961 et
2929 4911 3030 4961 sub
3081 4909 3248 4963 solius
3295 4922 3508 4966 sancta:
3542 4912 3778 4966 Bonnam

2201 4995 2458 5052 Ecclesiae
2481 4999 2602 5067 jure
2635 5014 2700 5053 ac
2731 4998 3043 5054 defensione
3093 5012 3349 5070 perpetua
3383 5003 3579 5057 haberi
3612 5006 3782 5057 decer-

2202 5087 2400 5142 nimus.
2451 5088 2559 5142 Sed
2615 5090 3076 5158 prwdecessorum
3124 5101 3440 5147 nostrorum
3490 5096 3774 5148 munimim

2201 5180 2480 5236 Casinensi
2497 5183 2748 5238 coenobio
2767 5183 3272 5255 collata,proprium
3304 5187 3473 5242 robur
3491 5189 3776 5242 obtineant.

2201 5273 2524 5328 Eorumdem
2582 5283 2638 5330 et
2683 5291 2780 5330 nos
2827 5277 3070 5345 vestigiis
3127 5278 3471 5346 insistentes,
3498 5281 3777 5337 Casinensc

2201 5369 2508 5424 cmnobium
2556 5371 2768 5424 caeteris
2816 5385 2912 5441 per
2967 5371 3314 5427 Occidentem
3369 5375 3635 5430 coenobiis
3655 5387 3776 5444 patr-

2201 5460 2483 5517 fercndum
2539 5463 2852 5530 asserimus,
2910 5473 2966 5518 et
3006 5474 3112 5518 tam
3161 5474 3213 5519 te
3242 5479 3408 5533 quam
3444 5476 3771 5522 successores.

2203 5565 2320 5608 tuos
2357 5554 2408 5607 in
2431 5554 2576 5608 omni
2604 5565 2871 5610 conventu
2895 5555 3295 5625 episcoporum,
3332 5573 3430 5612 seu
3458 5557 3766 5627 principum.

2201 5645 2536 5714 superiorem
2566 5645 2817 5700 omnibus
2845 5644 3136 5702 abbatibus
3168 5650 3490 5713 consedere,
3534 5660 3690 5717 atque
3717 5644 3764 5696 in

2202 5736 2452 5792 omnibus
2473 5734 2695 5803 judiciis
2735 5737 2970 5805 priorem
3025 5736 3238 5793 caeteris
3286 5741 3363 5793 ιιιί
3395 5740 3601 5796 ordinis
3641 5736 3767 5806 juris

2205 5826 2486 5881 scientiam
2510 5826 2755 5896 proferre
2809 5827 3104 5883 sancimus.
3163 5829 3218 5885 Si
3247 5832 3367 5900 quis
3390 5847 3522 5887 sane
3550 5833 3599 5885 in
3627 5843 3762 5884 cras-
