3888 6322
102 384 239 441 495
1252 387 1610 446 EPISTULA}
1634 385 1707 443 E'I

1829 385 2165 443 llVILEGIA.
3314 398 3421 455 494

96 499 312 554 tinum
354 499 798 571 archiepiscopus
832 511 924 557 aut
947 502 1253 575 episcopus,
1299 505 1594 575 imperator
1640 510 1734 555 aut
1767 510 1805 562 Α
1837 502 2139 572 episcopus,
2170 502 2249 557 vel
2301 505 2673 576 episcoporum
2706 508 2975 574 minister,
3005 526 3163 581 super
3191 512 3275 568 his
3303 530 3419 568 mo-

92 605 248 657 rex,
295 592 552 663 princeps
580 593 664 648 vel
688 594 819 659 dux,
847 609 1054 661 eomes,
1080 598 1406 663 vicecomes,
1442 598 1607 667 judex
1640 605 1734 650 aut
1836 594 2047 648 lestiam
2104 597 2256 651 vobis
2308 598 2572 668 ingerere,
2624 609 2675 655 et
2722 602 2921 658 nostris
2946 605 3421 673 constitutionibus

93 681 513 737 ecclesiastica
546 698 640 738 seu
688 684 965 740 saecularis
1026 700 1288 755 persona,
1340 688 1482 743 hanc
1532 697 1735 744 nostrae
1835 686 2047 739 obviam
2077 685 2154 741 ire
2189 689 2623 758 przesutnpserit,
2643 706 2740 760 pro
2775 693 2919 748 sedis
2950 696 3257 764 apostolicae
3286 712 3418 753 con-

100 771 555 828 oonstitutionis
606 774 857 844 paginam
902 776 1101 841 sciens,
1150 786 1336 833 centra
1360 793 1481 833 eam
1533 787 1731 834 temere
1835 783 2382 850 temptu,secundum
2406 785 2548 840 beati
2576 785 2777 844 Gelasii
2814 792 3160 861 sententiam,
3206 795 3289 849 sui
3317 797 3423 850 erit

96 865 417 919 contraire
431 868 737 931 tentaverit,
760 874 999 923 secundo
1022 870 1249 925 tertiove
1270 872 1594 926 commonita
1610 872 1653 927 si
1672 888 1732 927 se
1832 870 2040 926 ordinis
2067 881 2121 926 et
2144 871 2367 929 honoris
2398 874 2581 931 elisor.
2846 868 2849 869 ⁷

102 969 238 1009 non
265 955 894 1030 satisfactio’necongrua
916 961 1629 1023 emendaverit,hon0rissui
1653 963 1731 1018 di-
1904 964 2181 1039 Scriptum
2234 982 2333 1036 per
2382 984 2577 1026 manus
2633 969 2950 1040 Lanfranci,
3019 981 3210 1033 notarii
3273 982 3416 1035 sacri

99 1046 346 1117 gnitate
390 1058 605 1116 careat,
652 1066 915 1121 reamque
947 1067 1007 1107 se
1053 1052 1466 1122 divinojudicio
1497 1053 1731 1109 existere
1831 1056 2036 1125 palatii.
2800 1092 2801 1095 η
3340 1114 3343 1117 .

98 1141 183 1192 de
216 1150 537 1210 perpetrata
567 1142 854 1212 iniquitate
879 1152 1190 1213 cognoscat,
1223 1153 1276 1200 et
1302 1145 1729 1207 a,sacratissimo
1905 1150 2096 1207 Datum
2136 1152 2389 1210 Laterani
2421 1167 2517 1223 per
2543 1170 2761 1209 manum
2793 1155 3037 1220 Joannis,
3080 1170 3279 1214 sancta:
3314 1170 3419 1215 tto-

98 1246 387 1301 corpore,
426 1243 484 1289 et
544 1236 810 1305 sanguine
859 1235 952 1292 Dei
993 1246 1048 1292 et
1086 1237 1297 1292 Domini
1347 1237 1731 1309 Redemptoris
1834 1255 2006 1295 mana:
2058 1241 2313 1301 Ecclesia:
2371 1242 2586 1304 diaconi
2637 1246 2959 1311 cardinalis,
3027 1263 3095 1301 xv
3153 1248 3420 1304 Kalendas

101 1326 303 1381 nostri
340 1325 468 1382 .Iesu
518 1328 719 1383 Christi
764 1328 940 1384 aliena
986 1329 1107 1396 fiat;
1158 1341 1322 1401 atque
1371 1330 1426 1387 in
1484 1341 1729 1387 extremo
1830 1329 1986 1395 Maii,
2041 1333 2335 1390 indictione
2379 1351 2441 1404 v,
2496 1353 2641 1395 anno
2687 1336 2983 1397 Dominis-12
3031 1337 3421 1393 lncarnationis

100 1417 385 1473 examine
418 1418 676 1475 districta;
702 1419 893 1475 ultioni
927 1419 1222 1489 subiaceat.
1272 1420 1501 1477 Cunctis
1547 1432 1727 1478 autem
1833 1421 2352 1493 lO97,pontificatus
2379 1437 2560 1486 autem
2587 1431 2996 1491 domniUrhani
3021 1443 3177 1506 papa:
3198 1430 3418 1484 secundi

99 1505 305 1561 eidem
349 1507 466 1563 loco
500 1509 645 1579 justa
673 1509 1035 1575 servantibus,
1074 1511 1143 1565 sit
1179 1525 1282 1581 pax
1304 1510 1519 1566 Domini
1558 1514 1727 1567 nostri
1830 1525 1970 1567 anno
2002 1513 2231 1597 decimo.
2570 1528 2574 1532 ‘
2630 1530 2635 1533 '

101 1597 252 1654 Jesn
287 1598 511 1664 Christi,
551 1610 820 1671 quatenus
848 1609 905 1656 et
929 1602 1019 1657 hic
1054 1601 1289 1658 fructum
1321 1603 1476 1658 bona:
1499 1604 1727 1659 actionis

102 1686 434 1759 percipiant
458 1696 515 1743 et
543 1690 684 1759 apud
712 1689 1016 1745 districtum
1042 1690 1280 1781 iudicem
1308 1692 1531 1763 praemia
1568 1702 1727 1748 mter-

2508 1611 2737 1672 CCXXI.

2508 1614 2643 1669 CCX
2697 1616 2737 1672 I.
2942 1643 2949 1647 ·

1838 1696 1851 1714 ‘
1896 1694 2138 1781 Urbanus
2175 1698 2239 1756 11
2280 1701 2531 1783 Ecclesia:
2553 1614 2893 1765 Awfmemis
2917 1711 3195 1783 privilegia
3220 1725 3268 1769 et
3296 1731 3415 1783 pas-

103 1793 205 1831 ιιω
239 1778 394 1847 pacis
425 1779 723 1836 inveniant.
746 1781 944 1848 Amen,
978 1796 1156 1838 amen.

192 1867 473 1941 Scriptum
513 1884 609 1941 per
654 1886 878 1928 manum
926 1872 1070 1929 Petri
1127 1874 1398 1930 scriniarii
1448 1877 1587 1932 sacri
1634 1892 1723 1949 pa-
1754 1880 1797 1939 Il

106 1956 260 2014 Ialii.
714 1974 717 1983 ‘

194 2052 395 2108 Datum
433 2054 688 2112 Laterani
716 2071 814 2128 per
847 2047 1065 2115 marium
1092 2056 1336 2124 Joannis,
1378 2070 1579 2116 sanctae
1609 2062 1688 2117 Ito

108 2159 303 2199 mana:
359 2144 615 2203 Ecclesia:
669 2149 881 2205 diaconi
947 2151 1269 2217 cardinalis,
1340 2168 1392 2206 tv
1450 2152 1719 2213 Kalendas

115 2233 351 2303 Aprilis,
401 2250 545 2293 anno
600 2237 894 2295 Dominica:
942 2242 1332 2297 lncarnationis
1368 2242 1528 2308 1097,
1578 2259 1719 2300 anno

112 2332 309 2378 autem
335 2326 677 2394 pontificatus
703 2330 886 2387 domni
915 2331 1120 2388 Urbani
1150 2348 1299 2402 papa:
1322 2332 1364 2386 ll
1391 2333 1619 2389 decimo.

822 2465 1027 2520 CCXX.

112 2548 716 2643 Priuilegiuntlljrbani
763 2556 827 2611 ΙΙ
847 2575 1015 2643 Inepte
1059 2560 1129 2613 ad
1165 2559 1244 2641 .S.
1295 2559 1714 2643 Iluypnemnpro

186 2625 521 2697 immunitate
563 2626 813 2680 cellarum
842 2625 1265 2683 Clu'uiacensium
1314 2640 1362 2684 et
1389 2625 1713 2697 'interdic'to,

188 2710 253 2771 pc
285 2693 520 2771 libertate
548 2699 870 2771 convocandi
894 2700 1038 2771 apud
1071 2697 1383 2771 Cluniacttm
1426 2717 1578 2771 quem
1629 2693 1715 2757 tto;

185 2762 662 2838 (uerituantistitem
692 2768 762 2822 ad
791 2762 1019 2823 chrisma
1049 2762 1503 2838 conﬁciendum.“
1542 2771 1711 2826 oleum

187 2833 618 2891 benedicendum.

719 2932 900 3001 (Anno
932 2932 1117 3004 1097.)

574 3020 807 3094 [Bullar.
838 3022 1107 3089 Cluniac.,
1135 3022 1254 3093 28.]

190 3113 444 3170 Uanssus
497 3116 803 3185 episc0pus,
842 3131 1033 3171 servus
1080 3131 1358 3171 servorum
1394 3117 1508 3181 Dei,
1557 3133 1709 3174 reve-

110 3204 427 3259 rentissimo
453 3204 606 3260 fratri
643 3206 852 3262 IIUGON!
882 3208 1085 3273 abbati,
1116 3218 1169 3263 et
1196 3208 1466 3265 universis
1494 3209 1710 3265 Clunia-

111 3296 298 3350 censis
345 3298 575 3353 ctenobii
620 3297 910 3363 fratribus,
970 3300 1198 3355 salutem
1246 3309 1300 3356 et
1358 3302 1708 3372 apostolicam

114 3386 573 3442 benedictionem.

192 3472 453 3539 Quoniam
482 3475 790 3531 abundante
821 3477 1108 3547 iniquitate
1136 3481 1441 3552 refrigescit
1471 3484 1712 3540 charitas

112 3564 435 3631 multorum,
466 3576 680 3636 oportet
704 3584 801 3625 nos
841 3585 939 3641 pro
972 3570 1071 3627 loci
1095 3572 1254 3629 nobis
1283 3574 1540 3631 divinitus
1565 3591 1713 3631 com-

111 3656 275 3713 missi
299 3658 557 3729 regimine
583 3674 900 3730 paucorum,
933 3662 984 3717 id
1015 3671 1099 3719 est
1124 3679 1404 3722 servorum
1446 3665 1539 3722 Dei
1585 3667 1713 3724 reli-

112 3748 274 3820 gioni
315 3752 570 3807 attentius
624 3754 927 3824 providere.
974 3755 1080 3813 Per
1121 3758 1239 3814 illos
1268 3759 1412 3815 enim
1440 3758 1712 3832 plerisque

109 3839 178 3895 in
203 3838 332 3896 locis
359 3841 499 3897 servi
525 3842 618 3899 Dei
649 3854 705 3899 et
729 3834 981 3902 monachi
1008 3848 1421 3918 perturbantur,
1458 3865 1555 3920 per
1574 3865 1710 3920 quos

111 3928 455 3999 potissimum
486 3946 582 3988 eos
640 3932 809 3991 foveri
856 3951 920 3993 ac
968 3939 1179 4011 protegi
1223 3940 1522 4011 expediret.
1579 3942 1709 4010 Quae

112 4022 373 4080 nimirum
401 4025 556 4098 culpa
586 4027 872 4085 nonnullos
910 4031 1080 4085 nostri
1138 4032 1395 4100 temporis
1425 4032 1709 4105 episcopos

116 4116 364 4186 respicit,
396 4119 488 4183 qui
521 4120 650 4175 dum
680 4121 911 4178 terrenis
945 4122 1175 4189 inhiant,
1218 4138 1311 4180 eos
1360 4124 1452 4195 qui
1495 4134 1707 4183 terrena

111 4206 370 4262 videntur
418 4210 727 4278 despexisse
773 4214 1110 4282 perturbant.
1178 4213 1417 4282 Quorum
1466 4217 1711 4286 profecto

114 4300 380 4355 molestiis
419 4317 516 4371 per
541 4302 850 4372 apostolicae
884 4306 1029 4360 sedis
1065 4306 1521 4375 dispensationem
1555 4310 1712 4365 duxi-

114 4406 241 4445 mus
271 4389 623 4459 obviandum;
657 4402 925 4464 quatenus
958 4396 1255 4466 opitulante
1277 4396 1388 4453 Deo
1424 4414 1454 4453 a
1485 4402 1710 4456 saecula-

115 4485 271 4538 ribus
303 4484 621 4540 tumultibus
645 4485 822 4552 liberi,
867 4496 973 4541 tam
1004 4503 1100 4557 pro
1126 4490 1302 4557 nobis,
1346 4506 1508 4561 quam
1536 4503 1590 4548 et
1613 4510 1709 4563 pro

1900 1771 2154 1852 sessiones
2178 1774 2508 1852 fon/irruat,
2546 1795 2565 1828 ι
2598 1782 2883 1851 statuitque
2917 1771 2988 1837 ἰιι
3023 1771 3135 1852 ε’Ῑυῖ
3169 1771 3415 1839 Ετειὲδίιυ

1898 1839 2117 1919 antistes
2167 1842 2227 1919 in
2279 1839 2609 1919 ordinatione
2652 1839 3413 1919 metropolitaniBituriceusis

1899 1909 2129 1976 primum
2159 1911 2332 1966 locum
2361 1914 2609 1971 obtineat.
2652 1914 2671 1971 δ

2425 2007 2606 2078 (Anno
2636 2009 2820 2081 1097.)

2129 2090 2424 2163 [Romanu
2469 2095 2584 2153 Vita
2617 2097 2838 2163 Urbani,
2872 2118 2923 2172 p.
2954 2103 3106 2177 285.}

2493 2189 2742 2246 CCXXII.

1828 2268 2295 2350 Urbanilfpapa:
2323 2280 2542 2348 epistola
2581 2284 2650 2335 ad
2681 2282 3032 2342 Raimundum
3076 2291 3407 2350 Ausciensem

1895 2344 2458 2430 archiepiseppumEI—f
2488 2352 2748 2430 {adversus
2787 2357 3021 2425 clericos,
3051 2344 3139 2430 qui

1897 2415 2029 2467 rium
2069 2415 2125 2469 S.
2159 2416 2382 2472 Orientii
2408 2421 2743 2481 violaverant.

2420 2513 2600 2582 (Anno
2634 2515 2817 2588 1097.)

1944 2599 2122 2671 Ῐῡοιιι
2158 2604 2437 2672 Bouousr,
2479 2606 2723 2676 Recueil,
2765 2620 2802 2665 t.
2838 2611 2974 2681 XIV,
3009 2630 3063 2685 p.
3095 2617 3245 2691 725.]

1894 2687 2143 2746 Unsuus
2180 2694 2490 2766 episcopus,
2521 2711 2710 2755 servus
2735 2716 3009 2759 servorum
3058 2708 3171 2773 Dei,
3208 2687 3405 2769 dilecto

1823 2778 1975 2834 fratri
2004 2781 2068 2835 R.
2097 2782 2461 2859 [RAIMUNDO],
2490 2787 2753 2847 Auxiensi
2800 2794 3230 2870 archiepiscopo,
3264 2803 3407 2857 salu-

1822 2880 1926 2926 tem
1960 2882 2014 2928 et
2044 2877 2394 2945 apostolicam
2417 2880 2866 2953 benedictionem.
3190 2934 3193 2935 ν

1888 2959 2019 3016 Cum
2058 2962 2111 3018 in
2141 2965 2399 3023 Auxiensi
2431 2973 2713 3041 metropoli
2759 2990 2854 3045 per
2890 2976 3186 3036 Romanam
3216 2982 3405 3039 Eccle-

1818 3050 1953 3106 siam
1982 3054 2190 3109 noviter
2214 3057 2289 3112 sis
2316 3060 2616 3127 ordinatus,
2665 3064 2812 3120 sedis
2838 3069 3148 3137 apostolica:
3171 3072 3406 3131 decretis

1818 3143 2040 3200 obedire
2075 3154 2124 3201 te
2171 3147 2620 3221 irrcfragabiliter
2664 3164 2897 3229 oportet.
2931 3158 3248 3219 Mandamus
3277 3182 3405 3236 ergo

1738 3248 1784 3311 (ς
1815 3232 2145 3293 fraternitati
2179 3247 2281 3295 tute
2309 3251 2369 3296 ut
2398 3243 2464 3298 de
2489 3243 2702 3302 clericis
2732 3249 2876 3305 sedis
2908 3259 3033 3318 tum,
3070 3254 3160 3324 qui
3203 3232 3405 3314 cmme—

1814 3328 2008 3382 terittm
2060 3331 2203 3400 quod
2254 3333 2396 3388 beati
2448 3350 2600 3407 papae
2642 3334 2846 3395 Leonis
2873 3351 2928 3397 et
2978 3354 3165 3400 nostro
3184 3328 3404 3404 decreto

1812 3418 2055 3474 ecclesiae
2076 3420 2226 3477 Beati
2255 3422 2481 3480 Orientii
2509 3426 2780 3483 firmatum
2817 3431 3014 3499 fuerat,
3043 3436 3399 3505 violaverunt,

1807 3507 2076 3578 justitiam
2136 3514 2312 3572 facere
2371 3520 2634 3576 canonica
2682 3524 2937 3592 aequitate
2988 3543 3267 3595 procures.
3326 3534 3403 3590 Da

1813 3610 2010 3658 caetero
2038 3614 2091 3660 et
2120 3606 2348 3677 teipsum
2378 3620 2432 3662 et
2460 3618 2562 3665 tute
2591 3614 2733 3670 sedis
2755 3615 2980 3673 clericos
3004 3619 3077 3675 ita
3104 3626 3399 3694 custodias,

1813 3700 1871 3746 ut
1902 3692 2160 3751 Romana:
2189 3698 2441 3757 Ecclesiae
2480 3703 2697 3761 decreta
2742 3707 3054 3767 inconvulsa
3100 3716 3241 3785 apud
3280 3692 3398 3786 vos,

1816 3783 2043 3843 Domino
2066 3788 2352 3862 largiente,
2379 3807 2769 3854 conserventur
2790 3808 2843 3855 et
2869 3800 3098 3873 integra.

1888 3875 2020 3930 Data
2048 3878 2253 3948 Roma},
2281 3897 2339 3937 ιιι
2369 3882 2641 3942 Kalendas
2667 3887 2810 3944 Maii.

2473 3974 2744 4034 CCXXIII.

1931 4057 2245 4117 Salmoriaci
2287 4081 2454 4136 pagus
2496 4066 2744 4153 Ecclesia:
2788 4070 3294 4148 Cratianopolitame

2474 4150 2658 4193 asserit
2664 4158 2745 4194 ur.

2410 4226 2588 4297 (Anno
2616 4232 2797 4302 1097.)

2093 4312 2391 4386 [Burman
2434 4316 2549 4373 Vita
2579 4318 2799 4390 Urbani,
2841 4325 2930 4393 III,
2958 4328 3111 4404 566.}

1883 4399 2136 4458 URBANUS
2161 4405 2466 4475 episcopus,
2515 4423 2705 4466 servus
2758 4427 3035 4472 servorum
3082 4399 3197 4486 Dei,
3236 4438 3392 4480 reve-

1816 4496 2126 4549 rentissimo
2173 4496 2325 4551 fratri
2377 4510 2429 4553 et
2479 4503 2800 4575 coepiscopo
2826 4506 3053 4574 IIUGONI,
3084 4516 3394 4583 apostolicm

116 4573 273 4642 ipsis,
296 4567 348 4628 et
375 4568 643 4629 universis
674 4575 875 4631 Christi
906 4576 1151 4632 fidelibus
1179 4594 1405 4637 exorare
1428 4582 1710 4641 sollicitius
1742 4600 1786 4658 υ
1813 4582 1957 4637 sedis
1993 4583 2218 4650 vicario,
2270 4585 2498 4643 salutem
2542 4601 2597 4644 et
2658 4597 3010 4663 apostolicam
3058 4567 3393 4670 benedictio:

116 4665 361 4720 valeatis.
391 4665 651 4721 Praesenti
687 4667 850 4737 igitur
889 4669 1275 4727 constitutione
1316 4673 1612 4742 sancimus,
1638 4693 1705 4733 nc

117 4755 371 4809 cellarum
402 4765 704 4810 vestrarum
760 4757 986 4813 ubilibet
1028 4761 1326 4829 positarum
1379 4763 1575 4821 fratres
1608 4783 1706 4837 pro

117 4846 412 4901 vicinarum
446 4847 741 4902 ditecesum
785 4848 1191 4915 interdictione,
1215 4851 1297 4906 vel
1329 4858 1703 4911 excommuni-

120 4938 329 4993 catione
346 4939 650 4993 divinorum
669 4938 965 4994 ofﬁciorum
988 4930 1702 5015 suspenSioncm'patiantur,

118 5027 214 5081 sed
244 5035 346 5080 tam
403 5028 653 5084 monachi
698 5028 822 5098 ipsi,
856 5045 1018 5100 quam
1049 5039 1104 5085 et
1137 5030 1321 5087 famuli
1370 5047 1580 5100 eorum,
1612 5038 1704 5105 qui

118 5115 365 5171 videlicet
399 5118 711 5174 monasticre
742 5135 799 5174 se
828 5120 1151 5190 professioni
1183 5123 1532 5189 devoverant,
1559 5126 1704 5180 elau-

121 5210 197 5263 sis
242 5208 592 5265 ecclesiarum
632 5212 837 5283 januis,
894 5229 1001 5269 non
1058 5215 1309 5271 admissis
1359 5218 1701 5286 diceeesanis,

120 5299 313 5353 divina:
370 5302 650 5357 servitutis
708 5303 908 5358 oﬂicia-
944 5304 1256 5371 celebrent,
1314 5315 1368 5362 et
1416 5309 1703 5379 sepulturae

118 5390 297 5444 debita
344 5394 793 5462 peragant.Vobis
819 5405 1102 5465 prmterea,
1144 5399 1235 5468 qui
1261 5398 1313 5451 in
1345 5400 1460 5468 ipso
1482 5401 1701 5456 Clunia-

118 5480 267 5534 censi
296 5484 545 5538 caznobio
567 5486 1000 5551 commoramini,
1046 5488 1321 5543 licentiam
1364 5489 1701 5560 indulgemus

122 5578 181 5623 ut
209 5570 275 5623 ad
306 5572 542 5628 chrisma
572 5576 987 5641 conficiendum,
1020 5577 1135 5633 sive
1164 5577 1342 5633 oleum
1378 5580 1701 5637 benedicen-

122 5661 247 5715 dum
273 5664 469 5721 vestris
506 5676 917 5739 vestrorumque
960 5669 1168 5738 usibus,
1216 5686 1373 5741 quem
1401 5673 1700 5730 malueritis

120 5750 443 5809 catholicum
473 5757 783 5828 episcopum
827 5761 1123 5829 advocetis,
1178 5763 1270 5833 qui
1319 5773 1500 5820 nostra
1531 5766 1699 5821 fultus

121 5842 435 5901 auctoritate
481 5862 601 5917 quae
652 5849 927 5917 postulant
979 5852 1272 5925 indulgeat.
1313 5853 1369 5909 Si
1402 5857 1523 5926 quis
1569 5873 1698 5915 vero

1810 4692 1928 4732 nem
1940 4718 1951 4732 .

1878 4769 2050 4836 Quam
2072 4781 2409 4841 arroganter,
2437 4788 2597 4844 quam
2627 4777 2845 4850 indigne
2878 4782 3137 4839 adversus
3190 4801 3290 4842 nos
3336 4798 3391 4843 et

1807 4870 2049 4916 sanctam
2107 4861 2403 4918 Romanam
2459 4866 2755 4923 Ecclesiam
2795 4870 2962 4926 frater
3016 4884 3198 4929 noster
3229 4875 3393 4932 Vien-

1807 4953 1991 5006 nensis
2022 4954 2464 5026 archiepiscopus
2501 4957 2676 5015 Guido
2721 4976 2778 5015 se
2806 4961 3079 5031 habuerit,
3107 4966 3387 5022 scientiam

1805 5048 2041 5094 vestram
2071 5056 2416 5112 nequaquam
2442 5046 2604 5112 latet;
2641 5059 2838 5118 przeter
2866 5062 3061 5107 ctetera
3102 5069 3231 5110 vero
3271 5073 3390 5112 cer-

1804 5134 1976 5186 vicem
2025 5148 2175 5187 suam
2227 5135 2487 5191 adversus
2537 5139 2896 5194 humilitatem
2959 5152 3200 5198 nosuam
3251 5149 3388 5202 adeo

1805 5224 2042 5291 sustulit,
2066 5236 2122 5280 ut
2147 5236 2200 5281 et
2226 5227 2617 5285 Romanensem
2645 5232 2917 5288 abbatiam
2974 5249 3003 5289 a
3040 5237 3196 5293 nobis
3220 5239 3387 5295 inter-

1805 5316 2001 5370 dictam
2033 5317 2391 5382 reinvaderet,
2420 5329 2475 5375 et
2502 5320 2653 5376 fratri
2677 5333 2862 5379 nostro
2883 5325 3385 5398 Gratianopolitano

1804 5408 2058 5476 episcopo
2097 5409 2357 5464 ecclesias
2397 5426 2534 5481 quas
2579 5413 2858 5470 nobiscum
2912 5416 3027 5487 ipse
3073 5420 3385 5479 restituerat

1804 5496 1923 5551 sine
1965 5496 2169 5565 judicio
2219 5500 2539 5556 reauferret.
2579 5501 2747 5559 Tuam
2804 5520 2933 5578 ergo
2984 5508 3383 5567 fraternitatem

1803 5602 1902 5656 pro
1933 5588 2087 5643 nobis
2115 5590 2334 5646 omnino
2373 5593 2439 5647 ad
2464 5592 2730 5661 justitiam
2768 5600 2990 5654 excitari
3019 5603 3382 5672 praecipimus.

1805 5678 2012 5733 Sentiat
2044 5688 2100 5733 ut
2126 5681 2468 5739 adatnanlcm
2519 5694 2576 5741 et
2617 5688 2822 5744 silicem
2865 5678 3055 5745 faciem
3096 5702 3265 5756 tuam,
3298 5707 3382 5747 re-

1802 5778 2055 5840 motaque
2114 5774 2399 5842 praeterita}
2463 5776 2705 5835 lenitatis
2766 5782 3100 5842 reverentia.
3158 5783 3382 5839 omnino

1804 5863 2097 5918 secundum
2122 5861 2392 5935 justitiam
2421 5867 2935 5941 Gratianopolitanze
2982 5872 3234 5929 Ecclesiae
3280 5888 3378 5929 sua
