3888 6322
458 361 567 422 495

1721 363 1785 419 Β.
1827 364 2080 421 URBANI
2120 366 2162 421 Il
2198 363 2399 422 PAPE

3614 377 3717 434 £96

454 488 576 556 jura
606 483 876 548 restituas,
928 491 981 536 et
1029 481 1336 552 apostolicae
1369 479 1512 536 sedis
1545 478 1768 549 injurias
1803 481 2030 536 ulclsca-
2063 485 2107 543 Α
2139 486 2502 552 apostolorum
2535 483 2800 548 omnium,
2833 486 2884 540 in
2913 486 3052 541 festo
3075 486 3134 544 Β.
3171 487 3413 555 Martini,
3442 492 3499 546 in
3523 494 3715 552 solem.

460 583 561 647 ris,
608 580 661 633 in
714 575 1088 646 episcoporum
1146 573 1538 629 mutationibus
1596 574 1854 629 hactenus
1876 574 2038 628 nimis

459 672 595 727 lenis
623 682 720 740 pro
749 665 1056 750 apostolicae
1079 665 1509 721 mansuetudinis
1537 664 1708 736 gratia
1733 665 2038 722 Gallicano-

456 777 578 816 rum
625 758 981 831 petitionibus
1020 757 1529 824 condescendimus,
1575 756 1828 826 deinceps
1856 767 2034 812 autem

457 854 509 908 id
540 852 754 923 penitus
775 850 1066 920 praecaveri
1101 850 1468 920 praecipimus,
1502 864 1677 919 neque
1701 850 1843 905 enim
1866 849 2034 905 Nicae-

456 959 542 998 nae
568 943 783 1015 synodi,
816 957 979 1012 quam
1005 957 1158 1012 teque
1185 950 1243 997 ut
1276 953 1523 996 sanctum
1567 942 1916 1013 Evangelium
1945 959 2037 996 vc-

457 1053 734 1102 neramur,
761 1037 1140 1092 auctoritatem
1170 1035 1477 1107 huiusmodi
1507 1037 1880 1092 occasionibus
1910 1051 2036 1090 eva-

457 1128 607 1181 cuari
637 1125 865 1182 ulterius
891 1125 1181 1196 patiemur.

528 1219 665 1272 Data
687 1217 970 1272 Lateranis
1001 1232 1041 1271 II
1061 1215 1242 1272 Nonas
1263 1213 1435 1271 Junii.

1104 1345 1387 1403 CCXXIV.

464 1459 663 1516 Urbani
713 1461 775 1514 11
823 1476 974 1530 papa:
1037 1458 1256 1530 epistola
1301 1458 1370 1513 ad
1408 1457 1769 1530 patrandum
1828 1457 2038 1512 Narbo-

531 1549 738 1586 nensem
788 1527 1252 1598 archiepiscopum.
1301 1557 1370 1569 -—
1396 1527 1647 1583 Ecclesia:
1678 1527 2036 1583 Narbonensis

531 1601 801 1672 priuilegia
831 1600 1157 1655 corroborat.

1058 1688 1236 1757 (Anno
1262 1687 1444 1757 1097.)

681 1779 768 1850 [D.
796 1777 1074 1842 Βουρυετ,
1101 1776 1329 1839 Recucil,
1353 1786 1391 1830 t.
1427 1776 1562 1841 XIV,
1595 1793 1648 1847 p.
1677 1776 1827 1848 727.]

539 1873 787 1928 Unnaa'us
829 1873 1134 1942 episcopus,
1167 1885 1354 1925 servus
1382 1885 1661 1926 servorum
1705 1869 1821 1934 Dei,
1845 1870 2037 1926 dilecto

461 1967 513 2020 in
544 1965 761 2019 Christo
803 1962 958 2016 fratri
1005 1962 1352 2027 Bsmasnoo,
1401 1960 1742 2017 Narbonensi
1772 1962 2039 2030 archiepi-

460 2071 644 2128 scopo,
674 2064 991 2126 perpetuam
1027 2054 1255 2109 salutem
1285 2054 1340 2108 in
1384 2053 1629 2108 Domino.

529 2152 856 2206 Potestatem
904 2149 1106 2219 ligandi
1157 2160 1320 2219 atque
1353 2149 1595 2204 solvendi
1625 2149 1677 2204 itt
1723 2149 1877 2206 caelis
1905 2160 1959 2204 et
1986 2151 2036 2205 in

461 2251 606 2296 terra
638 2242 698 2296 Β.
726 2242 886 2296 Petro
916 2239 1139 2309 ejusque
1187 2242 1616 2303 successoribus,
1656 2251 1878 2297 auctore
1910 2243 2038 2307 Deo,

465 2333 838 2404 principaliter
871 2332 1123 2386 traditam
1167 2331 1272 2386 illis
1294 2332 1534 2387 Ecclesia
1567 2332 1746 2387 verbis
1775 2334 2039 2403 agnoscit,

460 2423 658 2492 quibus
696 2421 915 2476 Petrum
946 2429 1031 2476 est
1077 2421 1338 2475 Dominus
1361 2421 1626 2478 allocutus
1661 2442 1673 2476 :
1706 2424 2042 2495 Quaecunque

460 2512 704 2584 ligaveris
756 2527 911 2581 super
949 2521 1163 2577 terram,
1222 2523 1374 2566 eruat
1418 2512 1579 2584 ligata
1627 2524 1672 2567 et
1703 2515 1760 2568 in
1802 2514 1961 2580 cazlis,
1992 2526 2040 2570 et

458 2620 781 2674 quaecunque
828 2602 1042 2658 solveris
1089 2620 1247 2674 super
1278 2615 1493 2670 terram,
1515 2616 1666 2659 erant
1707 2605 1879 2662 soluta
1909 2618 1955 2662 et
1985 2609 2040 2662 in

461 2695 601 2750 ralis
629 2694 844 2765 (Matth.
896 2711 1052 2759 xvttt,
1084 2696 1160 2768 8).
1211 2695 1316 2767 1ρεί
1349 2712 1563 2767 quoque
1602 2707 1656 2752 et
1685 2700 1916 2769 propria:
1949 2704 2040 2754 lir-

460 2788 622 2842 mitas
651 2797 702 2841 et
747 2786 937 2847 alienae
989 2786 1111 2842 ﬁdei
1157 2787 1521 2854 conﬁrmatio,
1571 2791 1763 2844 eodem
1810 2791 2037 2846 Domino

459 2883 705 2938 auctore,
756 2883 1067 2945 priestatur,
1114 2892 1238 2930 cum
1276 2877 1344 2931 ad
1386 2893 1509 2932 eum
1566 2878 1767 2933 dicitur
1799 2898 1812 2934 ε
1843 2879 2038 2951 Rogavi

456 2983 553 3035 pro
577 2976 644 3028 te,
673 2977 726 3020 ut
751 2984 852 3020 non
881 2967 1088 3036 deﬁciat
1116 2968 1247 3036 ﬁdes
1277 2977 1390 3022 tua.
1427 2969 1495 3022 Et
1517 2978 1572 3022 tu
1603 2964 1887 3040 aliquando
1921 2989 2039 3026 con-

455 3073 635 3110 versus
663 3057 916 3126 conﬁrma
946 3058 1138 3126 fratres
1175 3069 1292 3113 tuos
1323 3059 1476 3130 (Luc.
1501 3076 1637 3124 xxn,
1667 3060 1778 3132 3'2).
1811 3061 2037 3132 Oportet

457 3164 588 3218 ergo
617 3165 735 3216 nos,
763 3150 875 3219 qui,
923 3150 1051 3206 licet
1108 3151 1338 3222 indigni,
1374 3153 1517 3207 Petri
1556 3151 1740 3208 sedem
1787 3155 2034 3212 videmus

459 3240 682 3306 habere,
708 3256 873 3310 prava
916 3244 1225 3314 corrigere,
1269 3255 1416 3300 recta
1456 3245 1694 3313 ﬁrmare,
1716 3257 1770 3303 et
1800 3247 1856 3303 in
1887 3251 2034 3305 omni

457 3329 701 3387 Ecclesia
732 3332 820 3386 ad'
845 3333 1036 3387 :etcrni
1069 3335 1358 3390 arbitrium
1382 3335 1582 3405 judicis
1603 3339 1684 3394 sic
1705 3341 2035 3410 disponenda

457 3421 770 3490 disponere,
799 3431 857 3476 ttt
895 3422 962 3478 de
997 3423 1147 3478 vultu
1180 3425 1296 3495 ejus
1337 3425 1604 3494 judicium
1647 3440 1890 3485 nostrum
1917 3447 2038 3502 pro-

458 3508 604 3573 deat,
628 3518 685 3564 et
710 3511 852 3565 oculi
873 3512 1048 3567 nostri
1065 3511 1282 3568 videant
1299 3516 1636 3586 aequitatem.
1653 3518 2036 3576 Fraternitatis

458 3598 623 3668 igitur
673 3609 777 3653 tute
817 3599 982 3670 justis
1036 3602 1393 3672 petitionibus
1451 3621 1740 3675 annuens,
1792 3619 2036 3667 sanctam

457 3686 864 3744 Narbonensem
915 3690 1235 3759 Ecclesiam,
1261 3694 1350 3749 cui
1398 3694 1580 3750 divina
1618 3697 1887 3768 largiente
1927 3700 2036 3756 cle-

459 3778 660 3831 mentia
699 3779 972 3848 praesides,
1023 3781 1425 3850 possidendam,
1476 3788 1788 3857 regendam,
1839 3804 1904 3844 ac
1926 3789 2036 3845 dis-

461 3867 765 3936 ponendam
813 3869 1097 3938 praesentis
1128 3871 1222 3927 tibi
1282 3872 1484 3930 decreti
1517 3877 1713 3948 pagina
1743 3877 2036 3934 conﬁrma-

359 3955 362 3958 ’
457 3972 598 4011 ntus.
627 3956 736 4012 Nos
758 3958 901 4012 enim
926 3968 978 4014 te
1001 3960 1054 4014 in
1083 3959 1436 4019 Nemausensi
1463 3965 1702 4021 Ecclesia
1727 3969 2034 4038 episcopum

455 4049 915 4115 consecravimus,
952 4061 1032 4116 et,
1057 4052 1306 4123 exigente
1336 4057 1679 4122 necessitate,
1715 4057 1781 4111 ad
1816 4068 1957 4113 tuam
1985 4069 2036 4114 te

455 4135 741 4193 transferri
765 4140 1106 4211 metropolim
1125 4157 1221 4211 per
1238 4143 1699 4215 sulfragaueorum
1715 4147 2034 4205 electionem

454 4228 801 4310 auctoritatis
852 4240 1052 4286 nostras
1083 4234 1304 4305 scriptis
1331 4237 1712 4307 permisimus;
1733 4244 1874 4310 quod
1905 4243 2034 4296 nulli

455 4307 714 4386 deinceps
775 4321 1124 4378 concedimus
1190 4325 1637 4394 permittendum.
1700 4307 1809 4383 llas
1873 4329 2036 4398 igitur

453 4406 705 4466 civitates
757 4409 931 4464 eidem
963 4410 1215 4468 Ecclesiae
1249 4423 1352 4470 tuze
1389 4413 1715 4472 fraternitati
1757 4421 2033 4475 sancimus

2137 571 2399 627 nitatibus
2428 572 2487 626 S.
2527 584 2825 646 martyrum
2878 574 3017 632 Justi
3063 590 3120 633 et
3170 579 3442 647 Pastoris,
3475 599 3544 639 ac
3575 585 3716 642 Pauli

2136 663 2489 730 confessoris,
2525 667 2577 721 in
2611 670 3022 725 consecratione
3052 673 3434 742 episcoponttn
3465 687 3526 730 et
3550 679 3717 734 ecelco

2137 757 2340 812 siarum
2370 800 2384 824 ,
2444 758 2498 812 in
2549 761 2891 817 ordinatione
2937 763 3287 819 clericorum.
3333 765 3394 820 In
3448 783 3563 836 quo
3604 772 3721 838 quid

2136 850 2398 918 ponderis
2423 851 2518 906 tibi
2550 867 2614 907 ac
2636 853 3016 911 sollicitudinis
3052 856 3356 928 injungitur
3380 861 3721 915 considerare

2139 946 2191 993 te
2215 937 2632 1008 diligentissime
2679 944 2952 999 convenit.
3007 944 3177 1014 Ilujus
3227 948 3379 1002 enim
3425 949 3722 1004 indumenti

2137 1026 2311 1083 honor
2340 1029 2618 1086 humilitas
2647 1041 2810 1102 atque
2843 1031 3051 1102 justitia
3085 1044 3191 1101 est,
3217 1049 3328 1093 etc.

2207 1119 2483 1192 Scriptum
2525 1137 2625 1192 per
2657 1140 2880 1180 manum
2923 1125 3093 1191 Petri,
3137 1130 3424 1185 scriniarii
3465 1134 3612 1186 sacri
3640 1151 3722 1203 pa-

2137 1210 2271 1267 latii.

2209 1305 2402 1360 Datum
2429 1306 2703 1373 Laterani,
2737 1325 2833 1364 vnt
2871 1310 2995 1366 Idus
3021 1311 3371 1378 Novembris,
3411 1331 3520 1385 per
3543 1333 3723 1371 manus

2140 1395 2449 1463 Lanfranci,
2472 1399 2644 1454 vicem
2671 1402 2882 1471 agentis
2905 1402 3236 1470 cattcellarii,
3263 1421 3416 1462 anno
3439 1407 3723 1461 Dominira:

2139 1489 2538 1545 lncarnationis
2559 1491 2720 1558 1097,
2745 1492 3040 1548 indictione
3068 1510 3139 1560 vt,
3162 1495 3531 1564 pontificatus
3556 1510 3723 1551 autem

2140 1582 2321 1638 domui
2357 1582 2558 1639 Urbani
2590 1584 2631 1638 ll
2655 1599 2805 1654 papae
2833 1600 2978 1640 anno
3001 1602 3056 1640 κ.

2799 1675 3057 1732 CCXXV.

2142 1763 2346 1820 Urbani
2373 1764 2435 1820 II
2458 1783 2609 1840 papaf
2633 1767 2855 1836 epistola
2889 1769 2958 1820 ad
3003 1767 3216 1840 Petrum
3247 1769 3503 1840 ϐοαὶ-(όὶ
3534 1774 3726 1840 Aque»-

2070 1841 2112 1894 B
2207 1853 2314 1891 sem
2379 1837 2849 1906 archiepisco’mm.
2910 1867 2979 1878 —-
3007 1838 3230 1894 Mando!
3271 1837 3360 1895 ut"
3394 1837 3724 1896 Narbonensi

2209 1907 2617 1978 archiepiscopo,
2651 1918 2905 1977 tanquam
2933 1910 3169 1978 primali,
3202 1913 3559 1966 reverentiam
3587 1914 3724 1966 ubi.

2211 1977 2346 2030 beat.

2731 2070 2910 2138 (Anno
2939 2070 3122 2141 l097.)

2353 2160 2438 2232 [D.
2469 2160 2746 2227 Bououer,
2772 2162 3002 2228 Recueil,
3037 2174 3074 2218 t.
3104 2164 3246 2229 XIV,
3279 2182 3331 2236 p.
3365 2167 3528 2239 7.3.8.3

2212 2247 2462 2308 Unnasus
2487 2256 2791 2325 episcopus,
2826 2271 3017 2311 servus
3055 2272 3340 2311 servorum
3393 2259 3515 2321 Dei,
3543 2259 3725 2313 dilecto

2140 2343 2297 2397 fratri
2321 2345 2556 2414 Aquensi
2583 2346 3020 2417 archiepiscopo,
3047 2348 3278 2402 salutem
3303 2358 3360 2403 et
3377 2351 3720 2419 apostolicam

2141 2433 2590 2488 benedictionem.

2212 2525 2403 2581 Frater
2471 2534 2657 2581 noster
2694 2526 3060 2585 Natbonensis
3117 2530 3575 2602 archiepiscopus
3602 2546 3717 2586 eon-

2140 2628 2363 2688 questus
2407 2628 2488 2674 est
2537 2635 2701 2690 super
2747 2629 2822 2685 te,
2871 2623 3012 2691 quod
3044 2623 3094 2676 ei
3130 2621 3256 2691 jure
3295 2625 3572 2693 primatus
3607 2627 3716 2678 obe-

2147 2710 2263 2765 dire
2323 2719 2660 2766 contemnas.
2731 2713 3093 2769 Praesentibus
3156 2716 3324 2786 igitur
3376 2716 3576 2771 litteris
3630 2727 3719 2768 tuae

2141 2799 2414 2854 dilectioni
2466 2801 2785 2856 mandamus
2839 2812 2893 2856 ut
2946 2802 3286 2860 Narbonensi
3327 2806 3591 2862 Ecclesia
3640 2824 3712 2861 re-

2143 2893 2438 2946 verentiam
2499 2894 2735 2948 debitam
2795 2895 3070 2962 exsolvas;
3141 2896 3412 2966 alioquin,
3475 2910 3709 2968 tanquam

2140 2983 2453 3053 apostoticze
2478 2984 2624 3039 sedis
2638 2990 3334 3059 contetnptor,apostolicae
3363 2992 3513 3046 sedis
3525 2992 3708 3059 judicio

2137 3073 2461 3145 subjacebis.

2795 3193 3072 3250 CCXXVI.

2141 3279 2343 3359 Urbani
2375 3282 2436 3336 11
2465 3283 2696 3359 epistola
2710 3289 2778 3340 ad
2798 3286 3092 3359 llugonem
3128 3287 3530 3359 Lugdunensem
3554 3295 3701 3344 archi-

2208 3355 2620 3431 episcopum._:—
2648 3354 2720 3431 Ut
2772 3354 3059 3431 Aquértseru
3114 3354 3565 3430 archiepiscopum
3609 3370 3701 3431 pri-

2210 3425 2339 3544 ηιῖἰὶ
2381 3440 2476 3476 suo
2518 3424 2853 3483 Narbonensi
2905 3424 3307 3500 archiepiscoP-o—
3345 3424 3553 3486 obedire
3581 3424 3696 3484 ea..-

2210 3508 2272 3544 ne
2314 3503 2388 3544 at.

2207 3503 2388 3560 peltat.

2733 3590 2914 3660 (Anno
2942 3591 3126 3661 1097.)

2350 3679 2437 3751 [D.
2469 3679 2743 3749 BOUQUET,
2773 3682 3004 3747 Recueil,
3035 3694 3074 3738 t.
3103 3683 3238 3750 XIV,
3272 3701 3330 3756 p.
3358 3687 3514 3761 728.]

2207 3769 2459 3826 URBANUS
2472 3772 2776 3842 episcopus,
2793 3787 2984 3828 servus
2996 3789 3275 3830 servorum
3298 3778 3418 3845 Dei,
3432 3778 3694 3834 venerabili

2139 3861 2368 3930 HUGONI,
2397 3864 2708 3934 apostolicae
2735 3864 2878 3920 sedis
2909 3866 3116 3921 vicario
3169 3868 3403 3924 salutem
3432 3879 3487 3925 et
3513 3880 3695 3942 aposto-

2137 3953 2297 4011 licatn
2326 3955 2780 4011 benedictionem.

2207 4050 2399 4107 Frater
2452 4061 2636 4107 noster
2672 4050 3040 4108 Narbonensis
3088 4057 3536 4128 archiepiscopus
3584 4077 3696 4116 con-

2135 4151 2359 4212 questus
2380 4151 2464 4197 est
2487 4157 2649 4212 super
2660 4144 2897 4212 Aquensi
2924 4144 3351 4215 archiepiscopo,
3366 4150 3514 4218 quod
3537 4149 3700 4218 cijnre

2139 4235 2403 4302 primatus
2438 4233 2659 4288 obedire
2690 4243 3022 4290 contemnat.
3067 4235 3220 4292 Unde
3252 4237 3585 4294 fraternitati
3613 4253 3700 4294 tu:

2137 4326 2423 4395 praesentia
2447 4327 2648 4396 scripta
2671 4329 2972 4399 dirigimus,
2989 4331 3368 4400 przecipientes
3395 4344 3451 4386 ut
3472 4337 3696 4388 eumdem

2136 4412 2448 4481 Aquensetn
2497 4416 2969 4486 archiepiscopum
3011 4417 3166 4486 juxta
3215 4422 3363 4476 sedis
3413 4422 3696 4492 apostolica

453 4511 575 4554 esse
619 4497 917 4567 subiectas,
958 4502 1232 4571 Tolosam,
1260 4505 1676 4576 Carcassonam,
1704 4509 1914 4576 Elxam,
1945 4511 2033 4565 Βῆ.
2060 4549 2110 4608 D
2139 4502 2388 4558 instituta
2416 4505 2635 4559 orintati
2668 4515 2762 4562 tuo
2786 4509 3009 4564 obedire
3033 4511 3352 4565 comoellas.
3382 4511 3533 4567 Vale.

455 4589 666 4654 terrim,
711 4589 942 4660 Aydatn,
990 4593 1342 4666 Magalonam,
1407 4598 1752 4666 Nemausam,
1797 4602 2028 4670 Uticem,

453 4676 779 4749 Lugdevem,
819 4683 969 4738 salvo
993 4693 1168 4742 tamen
1201 4691 1254 4743 itt
1281 4694 1532 4747 omnibus
1556 4697 1700 4750 sedis
1726 4700 2034 4767 apostolicze

448 4767 593 4836 jure.
624 4769 896 4829 Praeterea
923 4776 1216 4844 primatum
1253 4781 1522 4851 Aquensis
1553 4788 1885 4859 tnetr0polis,
1917 4808 2035 4861 qua:

453 4871 538 4916 est
569 4863 938 4935 Narbonensis
967 4873 1227 4940 secunda,
1259 4882 1312 4928 et
1336 4876 1596 4946 quidquid
1643 4880 1921 4952 dignitatis
1952 4888 2033 4942 vel

456 4954 679 5011 honoris
700 4960 948 5015 eamdem
984 4960 1388 5021 Narbonensem
1418 4966 1712 5026 Ecclesium
1735 4975 2033 5046 antiquitus

448 5043 571 5112 jure
615 5049 865 5107 habuisse
913 5053 1264 5123 constiterit,
1320 5073 1421 5114 nos
1477 5075 1691 5134 quoque
1749 5043 2032 5135 praesentis

454 5137 657 5192 decreti
706 5143 895 5213 pagina
927 5145 1303 5203 inconcussum
1332 5159 1386 5222 et
1408 5152 1716 5212 inviolabile
1754 5172 2014 5230 perpetuo

455 5241 676 5282 manere
696 5230 1058 5292 decernimus.
1091 5239 1319 5296 Pallium
1350 5255 1532 5300 autem
1561 5245 1886 5305 fraternitati
1929 5262 2031 5310 tme

455 5317 520 5370 ad
543 5318 830 5377 missarum
881 5336 1085 5383 tantum
1119 5334 1382 5389 solemnia
1433 5337 1753 5394 celebranda
1782 5358 1846 5396 ex
1881 5361 2031 5401 more

453 5407 847 5481 concedimus,
905 5431 1014 5486 quo
1072 5419 1123 5473 in
1171 5425 1493 5495 subscriptis
1541 5427 1636 5482 tibi
1693 5423 2030 5489 solummodo

455 5497 640 5553 licebit
671 5501 749 5555 uti
771 5503 980 5571 diebus,
1011 5509 1063 5561 itt
1086 5511 1392 5582 cpiphania,
1411 5517 1460 5576 in
1485 5520 1736 5577 omnibus
1761 5521 1817 5577 Β.
1846 5524 2028 5581 Mariae

451 5586 864 5661 festivitatibus,
922 5596 973 5650 in
1025 5613 1181 5655 caena
1229 5603 1594 5675 Domini,'in'
1633 5595 2028 5671 resurrectione

454 5680 665 5771 Domini
694 5685 902 5742 duobus
951 5688 1161 5757 diebus,
1204 5694 1255 5748 in
1305 5697 1636 5758 Ascensione
1687 5703 1920 5771 Domini,
1972 5709 2024 5762 in

454 5770 790 5844 Pentecoste,
837 5778 891 5834 in
930 5779 1213 5836 ttativilate
1251 5784 1310 5838 B.
1360 5785 1602 5846 Joannis.
1661 5792 1713 5846 itt
1767 5770 2027 5852 natalitiis

2776 4620 3076 4677 CCXXVII.

2383 4707 2721 4780 Privilegium
2767 4727 2864 4780 pro
2895 4709 3133 4769 Ecclesia
3172 4714 3443 4772 Verulana

2750 4801 2908 4857 Anno
2931 4803 3115 4875 1097.)

2416 4889 2702 4962 [υοιιιειιι,
2745 4893 2909 4950 Italia
2951 4895 3140 4962 Sacra,
3177 4897 3216 4964 l,
3251 4899 3439 4975 l590.]

2208 4981 2459 5038 Uneauus
2490 4985 2792 5055 episc0pus,
2839 5003 3029 5042 servus
3058 5006 3341 5047 servorum
3372 4993 3487 5058 Dei,
3519 4995 3685 5049 dilecto

2133 5073 2288 5127 lratri
2313 5075 2589 5140 ALBERTO,
2624 5077 2906 5134 Verulensi
2942 5080 3216 5152 episcopo,
3247 5083 3474 5153 ejusque
3497 5098 3685 5139 succes-

2134 5165 2350 5219 soribus
2380 5166 2642 5220 canonice
2668 5167 3060 5226 substituendis
3091 5172 3144 5226 in
3173 5184 3494 5244 perpetuum

2201 5252 2371 5309 Justis
2415 5257 2553 5310 votis
2585 5272 2863 5312 assensmn
2894 5261 3155 5329 praebere,
3188 5260 3462 5334 justisque
3493 5263 3680 5335 petitio-

2131 5345 2291 5420 nibus
2342 5362 2503 5403 aures
2534 5350 2946 5407 accommodare
2996 5368 3093 5407 nos
3129 5356 3405 5421 convenit,
3431 5358 3542 5427 qui,
3579 5356 3676 5408 licet

2130 5438 2360 5508 indigni,
2381 5439 2606 5508 justitize
2636 5443 2889 5497 custodes
2927 5454 3088 5512 atque
3111 5459 3389 5512 praecones
3418 5449 3469 5500 iu
3493 5445 3672 5502 excelsa

2130 5527 2495 5598 apostolorum
2544 5530 2805 5601 principis
2837 5531 2982 5586 Petri
3011 5542 3064 5586 et
3100 5533 3252 5588 Pauli
3276 5535 3489 5605 specula
3517 5531 3667 5602 positi.

2130 5617 2362 5682 Domino
2417 5620 2740 5689 disponente
2773 5623 3018 5678 videntur
3063 5625 3320 5680 existere.
3364 5624 3489 5679 Tuis
3517 5624 3662 5694 igitr.

2129 5708 2301 5767 frater
2325 5713 2375 5765 in
2425 5713 2644 5769 Christo
2672 5715 2993 5770 charissime
3039 5716 3278 5781 Alberte,
3296 5717 3456 5784 justis
3484 5713 3659 5786 petitio

2129 5804 2290 5860 nibus
2319 5815 2642 5873 annuentes,
2685 5806 2742 5862 S.
2779 5806 3099 5864 Verulanatn
3131 5808 3448 5870 Ecclesium.
3473 5807 3548 5862 cui
3583 5818 3654 5854 au-
