3888 6322
122 362 256 417 £97
1333 349 1687 406 EPISTOLA'Z
1731 351 1754 403 Ε

1865 346 2267 402 PlilVlLEGlA.
3326 350 3429 408 £93

128 488 329 532 ctore
376 474 486 529 Deo
538 470 817 543 praesides,
874 469 1185 539 apostolica!
1236 467 1379 521 sedis
1420 465 1742 521 auctoritate
1772 473 1816 529 Α
1850 478 2075 531 rumque
2122 475 2475 530 personarum
2505 502 2520 521 ,
2580 463 2719 516 hanc
2774 473 2973 517 nostrm
3023 464 3428 520 constitutionis

120 569 460 623 munimus.
518 564 821 619 Statuimus
882 562 1026 615 enim
1079 570 1138 615 ut
1195 573 1528 629 quaecunque
1572 558 1746 612 eidem
1851 553 2101 622 paginam
2135 554 2342 616 sciens,
2372 562 2561 607 contra
2587 570 2706 608 eam
2741 564 2943 609 temere
2969 556 3153 610 venire
3175 572 3432 625 przesum-

120 656 463 713 venerabili
498 655 615 709 loco
655 669 685 707 a
723 651 1057 722 quibuslibet
1089 651 1399 705 hominibus
1429 649 1496 703 de
1524 647 1747 719 proprio
1850 643 2043 711 pserit,
2094 643 2380 712 potestatis
2436 643 2765 715 honorisque
2814 646 2895 699 sui
2935 645 3196 716 dignitate
3224 658 3429 713 careat,

114 751 277 817 jure
326 748 438 817 jam
495 747 691 801 donata
738 751 883 808 sunt,
911 743 993 796 vel
1023 744 1075 796 in
1103 742 1341 796 futurum
1389 740 1747 795 concessione
1850 749 2110 803 reumque
2152 747 2211 789 se
2247 733 2438 789 divino
2475 732 2681 802 judicio
2731 737 2965 791 existere
3011 738 3076 790 de
3127 748 3431 808 perpetrata

120 845 523 913 pontificum,
579 840 904 896 liberalitate
955 838 1306 910 principum,
1349 835 1431 891 vel
1475 835 1747 890 oblatione
1852 825 2137 894 iniquitate
2193 835 2508 896 cognoscat,
2557 835 2613 881 et
2660 828 2762 882 nisi
2812 844 2874 882 ea
2908 844 3027 898 qua).
3074 829 3141 882 ab
3192 828 3279 882 illo
3308 838 3429 883 sunt

126 936 426 998 ﬁdelium,
482 934 590 988 Deo
620 933 933 999 miserante,
964 930 1159 985 collata
1213 927 1436 992 fuerint,
1465 929 1618 980 tirma
1652 926 1745 980 tibi
1849 916 1988 971 male
2012 917 2213 983 ablata,
2242 918 2562 981 restituerit,
2595 919 2677 972 vel
2710 920 2869 990 digna
2900 920 3215 990 ptenitentia
3243 921 3432 976 illicita

127 1028 383 1098 unisque
409 1024 818 1081 successoribus
862 1032 918 1078 et
945 1022 1150 1077 illibata
1180 1027 1553 1091 permaneant.
1582 1017 1746 1072 Vallis
1848 1018 1970 1064 acta
2010 1009 2308 1076 defleverit,
2343 1027 2372 1063 a
2397 1010 2768 1066 sacratissimo
2796 1026 3023 1079 corpore
3083 1021 3136 1066 et
3172 1013 3433 1082 sanguine

122 1117 373 1173 scilicet
420 1116 485 1170 de
533 1114 785 1168 Literana
819 1128 943 1168 cum
986 1110 1234 1166 afﬁnibus
1259 1109 1402 1174 suis;
1438 1107 1585 1163 lacus
1622 1122 1743 1163 cum
1852 1103 1943 1158 Dei
1967 1119 2032 1159 ac
2056 1103 2269 1159 Domini
2296 1104 2656 1174 redemptoris
2675 1105 2845 1159 nostri
2866 1103 3431 1160 Jesutjhristialienus

124 1208 504 1279 pertinentiis
527 1206 661 1272 suis,
695 1204 1000 1268 Astianum,
1044 1203 1291 1265 Pattena,
1325 1199 1743 1265 Mundezanum,
1851 1194 1982 1261 fiat,
2041 1206 2205 1265 atque
2261 1196 2314 1250 in
2361 1206 2608 1251 extremo
2657 1196 2909 1251 examine
2936 1196 3193 1250 districta:
3241 1196 3429 1251 ultioni

127 1302 475 1361 Paternum,
503 1297 703 1364 casale,
734 1296 933 1366 Criptaz
982 1294 1242 1358 Anselmi,
1275 1293 1592 1347 Cassianum
1620 1308 1743 1347 cm
1847 1288 2145 1358 subjaceat.
2184 1289 2409 1345 Cunctis
2437 1299 2615 1344 autem
2660 1290 2834 1344 eidem
2882 1288 2999 1344 loco
3026 1285 3171 1356 justa
3203 1303 3430 1343 servan-

128 1409 353 1449 eorum
412 1390 786 1463 pertinentiis;
842 1388 1071 1451 ecclesia
1117 1386 1174 1443 S.
1207 1385 1421 1450 Crucis,
1451 1383 1510 1440 8.
1541 1383 1743 1449 Mariae,
1848 1380 2011 1447 tibus,
2041 1382 2114 1437 sit
2143 1397 2245 1451 pax
2274 1382 2335 1437 Ι).
2385 1381 2449 1436 Ν.
2481 1381 2530 1437 J.
2563 1383 2650 1446 (3.,
2682 1389 2946 1450 quatenus
2975 1390 3029 1434 et
3063 1380 3152 1434 hic
3194 1379 3430 1435 fructum

128 1503 281 1558 qum
313 1485 515 1540 dicitur
562 1483 836 1546 Rotunda,
883 1481 941 1537 S.
991 1479 1338 1550 Archangeli,
1382 1478 1441 1534 8.
1470 1478 1652 1532 Maria:
1675 1480 1743 1532 de
1848 1473 2002 1529 bona:
2047 1475 2277 1529 actionis
2304 1474 2626 1543 percipiant,
2670 1483 2724 1527 et
2760 1474 2900 1543 apud
2942 1473 3249 1528 districtum
3290 1472 3433 1541 judi-

132 1577 375 1632 Paretis
397 1592 521 1631 cum
543 1574 891 1646 pertinentiis
916 1573 1049 1635 suis,
1078 1572 1459 1633 Molendinum,
1492 1570 1635 1640 quod
1663 1578 1746 1623 est
1845 1581 1964 1620 cem
1992 1567 2212 1635 pnemia
2244 1575 2462 1622 atoma:
2503 1566 2653 1634 pacis
2681 1564 2977 1620 inveniant.
3008 1564 3202 1629 Amen,
3251 1578 3430 1628 amen,

134 1671 201 1723 in
262 1668 506 1734 Masena,
553 1683 679 1723 eum
708 1665 1054 1737 pertinentiis
1097 1665 1232 1729 suis,
1273 1662 1503 1718 ecclesia
1532 1662 1589 1716 S.
1624 1660 1746 1716 Ste-
1845 1671 2025 1711 amen.

134 1760 350 1830 phani,
382 1768 435 1815 et
467 1758 523 1813 S.
556 1757 662 1812 Viti
714 1773 838 1812 cum
896 1755 1238 1826 pertinentiis
1277 1770 1484 1819 earnm,
1511 1752 1741 1808 ecclesia
1779 1825 1812 1830 ῃ
1920 1748 2200 1817 Scriptum
2226 1747 2445 1813 Albani,
2474 1755 2530 1802 et
2561 1749 2745 1804 datum
2772 1761 2870 1817 per
2901 1760 3118 1801 manum
3143 1743 3433 1798 Lanfranci

137 1825 261 1905 SS,
299 1852 511 1906 Cosmm
558 1859 612 1904 ει
643 1825 913 1915 Damiani;
960 1864 1082 1904 cum
1120 1847 1462 1918 pel-[inaniis
1492 1847 1626 1909 suis,
1656 1862 1744 1901 ec-
1778 1825 1819 1883 li
1850 1839 1999 1893 vices
2031 1836 2269 1907 gerentis
2302 1838 2634 1903 cancellarii,
2671 1852 2815 1890 anno
2869 1836 3078 1891 Domini
3115 1833 3268 1899 i097,
3298 1833 3433 1888 indi-

136 1943 323 1997 clesia
350 1942 410 1997 S.
449 1940 637 2012 Angeli
663 1942 729 1997 de
758 1939 967 2011 Forgna
1011 1955 1135 1996 cum
1160 1939 1306 1995 silvis
1361 1949 1416 1993 et
1443 1938 1734 1992 territoriis
1846 1929 2025 1983 ctione
2060 1936 2236 1993 sexta,
2266 1928 2469 1984 domini
2503 1927 2709 1984 Urbani
2737 1927 2779 1981 ll
2808 1942 2959 1997 papae
2988 1939 3132 1980 anno
3161 1942 3215 1979 χ.

139 2035 295 2097 suis,
326 2032 558 2088 ecclesia
616 2032 676 2087 8.
725 2031 953 2086 Joannis
1012 2031 1066 2085 in
1097 2031 1374 2085 territorio
1400 2028 1743 2093 Frusinonis,

141 2140 283 2193 qua:
310 2124 413 2178 sita
445 2132 530 2178 est
564 2121 721 2192 juxta
754 2121 953 2177 ﬂumen
1012 2137 1194 2176 casam
1235 2136 1356 2175 cum
1396 2120 1648 2177 omnibus
1679 2121 1743 2173 ad

147 2216 340 2285 ipsum
370 2215 787 2285 pertinentibus.
814 2212 991 2268 Lacus
1017 2212 1084 2267 de
1108 2211 1746 2282 Masciano,etquidquid

154 2306 215 2357 in
241 2305 517 2360 territorio
569 2304 807 2359 Surricis
837 2319 934 2374 per
959 2303 1267 2357 authentica
1292 2303 1603 2359 chartarum
1633 2318 1748 2357 mo-

157 2404 424 2448 numenta
472 2394 649 2449 eidem
711 2393 996 2449 Verulana!
1038 2393 1293 2449 Ecclesiae
1339 2393 1610 2464 pertinere
1652 2408 1748 2448 co-

149 2486 459 2554 gnoscitur.
516 2486 623 2541 Per
671 2486 843 2556 ipsam
898 2487 1084 2555 itaque
1138 2495 1248 2540 tam
1292 2487 1411 2551 tibi,
1448 2502 1610 2557 quam
1643 2489 1750 2543 tuis

149 2578 573 2633 successoribus
624 2578 916 2648 episeOpali
943 2578 1065 2649 jure
1106 2579 1340 2650 regenda
1369 2588 1648 2650 perpetuo,
1685 2596 1749 2636 ac

149 2667 499 2736 disponenda
551 2669 923 2736 concedimus,
987 2679 1152 2740 atque
1204 2673 1483 2727 firmamus
1528 2672 1751 2729 civitate

154 2757 453 2811 Verulana:
496 2774 616 2812 cum
666 2760 920 2817 omnibus
964 2762 1339 2831 adjacentibus
1390 2764 1539 2819 Eccl.
1584 2764 1749 2831 intus,

153 2849 245 2901 vel
301 2849 435 2903 foris
481 2850 862 2918 Frusinonem,
897 2869 1021 2908 cum
1063 2856 1318 2910 omnibus
1376 2857 1509 2912 suis.
1543 2858 1748 2928 Oppida

154 2940 432 3004 Turricis,
467 2940 747 3010 Larnaria,
790 2944 1013 3015 Paphen
1046 2962 1169 3003 cum
1206 2948 1456 3005 ecclesiis
1488 2951 1546 3005 S.
1582 2952 1750 3019 Petri,

153 3042 212 3084 et
242 3031 304 3085 S.
338 3029 634 3097 Columbae,
671 3036 1063 3109 monasterium
1106 3036 1162 3091 S.
1218 3036 1505 3112 Sylvestri.
1563 3040 1749 3110 Ripas,

155 3123 440 3187 Castrmn,
477 3132 655 3180 monte
684 3124 929 3196 Nigrum,
968 3127 1343 3184 Fabrateriam
1395 3146 1517 3185 cum
1551 3132 1748 3189 finibus

158 3223 217 3267 et
279 3216 624 3282 pertinentiis
679 3230 901 3282 earum,
952 3218 1361 3287 Ceperannum,
1419 3221 1749 3288 Cannetum,

158 3307 465 3361 Castellum
514 3324 711 3363 novum
744 3351 759 3375 ,
820 3308 1311 3381 Slrangulagallum
1344 3356 1358 3379 ,
1414 3312 1748 3384 Carpenum,

164 3399 407 3455 Montem
443 3398 500 3455 S.
532 3399 776 3467 Joannis,
825 3418 948 3456 cum
999 3404 1239 3474 ejusdem
1282 3407 1519 3461 nominis
1560 3422 1752 3461 mona-

164 3492 360 3546 sterio.
391 3492 628 3547 Ecclesia
654 3492 710 3548 S.
736 3493 880 3548 Petri
909 3494 975 3550 de
1001 3496 1259 3563 Arenula,
1295 3497 1352 3551 S.
1386 3496 1750 3567 Pudentiame,

166 3580 445 3635 Babucum
513 3597 636 3636 cum
689 3582 944 3638 omnibus
993 3583 1243 3639 ecclesiis
1301 3586 1477 3641 eidem
1531 3586 1755 3642 castello

144 3668 563 3731 adiacentibus.
581 3670 697 3725 Duo
713 3681 976 3740 praaterea
993 3673 1383 3728 cauonicorum
1402 3677 1753 3742 monasteria;

172 3776 344 3814 unum
374 3761 622 3816 videlicet
678 3761 736 3817 8.
772 3762 1106 3831 Palerniani,
1163 3765 1393 3819 alterum
1434 3765 1491 3821 S.
1523 3766 1666 3821 Petri
1690 3769 1757 3822 de

164 3846 435 3903 Canneto.
466 3849 703 3906 Ecclesia
717 3851 774 3908 S.
792 3851 1014 3909 Joannis
1043 3854 1097 3908 in
1118 3852 1555 3925 Ceperano,etS.
1579 3856 1753 3926 Magni

167 3954 292 3993 cum
334 3942 590 3997 omnibus
623 3944 763 3999 aliis.
795 3944 1037 4000 Ecclesia
1076 3946 1134 4001 S.
1180 3948 1460 4003 Benedicti
1489 3949 1630 4004 inter
1656 3950 1756 4004 Ca-

166 4040 369 4097 strum,
397 4041 452 4086 et
478 4043 713 4090 montem
762 4035 986 4106 Nigrum
1038 4039 1139 4093 sita
1176 4054 1297 4093 cum
1351 4042 1464 4094 suis
1502 4041 1755 4097 omnibus

177 4123 547 4192 perlinentiis.
588 4126 829 4182 Ecclesia
878 4128 936 4183 S.
968 4128 1157 4200 Angeli
1207 4131 1271 4185 de
1302 4130 1582 4199 Meruleta,
1612 4143 1664 4189 et
1696 4134 1752 4187 S.

168 4213 436 4284 Stephani
479 4232 604 4271 cum
630 4218 883 4273 omnibus
913 4218 1055 4285 aliis,
1107 4228 1232 4286 tuze,
1268 4229 1591 4292 tuorumque
1638 4239 1757 4279 suc-

168 4322 451 4361 cessorum
506 4308 846 4379 dispositioni
894 4320 1159 4382 perpetuo
1188 4314 1412 4369 subesse
1458 4317 1752 4370 sancimus.

166 4398 224 4451 In
256 4399 589 4455 monasterio
618 4401 1030 4467 monachorum,
1065 4405 1208 4473 quod
1238 4405 1437 4459 dicitur
1457 4405 1557 4461 SS.
1593 4404 1756 4461 Joan-

2473 2057 2797 2115 CCXXVlll.

1851 2172 2092 2227 Urbanus
2122 2172 2151 2226 Ι
2160 2172 2183 2226 1
2213 2172 2443 2229 ecclesia,
2492 2172 2549 2227 S.
2598 2172 2783 2226 Maria:
2812 2170 3134 2225 Buronensis
3155 2172 3433 2239 protectio-

1922 2260 2036 2296 nem
2060 2245 2309 2312 suscipit;
2357 2244 2490 2297 bona
2517 2243 2815 2311 conﬁrmat,
2848 2241 3116 2309 privilegia
3145 2242 3429 2301 constituit,

1921 2314 2163 2383 imposito
2190 2314 2446 2383 fratribus
2476 2312 2692 2366 bizantii
2724 2313 2871 2365 aurei
2889 2326 3046 2364 censu
3073 2326 3272 2364 annuo.

2443 2403 2618 2474 (Anno
2658 2401 2843 2469 1097.)

1853 2498 2115 2570 lPsraus,
2163 2495 2364 2570 Sucvie
2383 2496 2778 2570 Δεζεεζεδὶᾳιιξίσιι.
2815 2498 3071 2570 augusta:
3107 2504 3161 2551 et
3191 2493 3431 2562 Dilling:e

2305 2566 2466 2632 1699,
2504 2567 2710 2631 in-fol.,
2754 2565 2986 2637 p.212.]

1928 2660 2179 2716 Uumaus
2207 2659 2512 2729 episc0pus,
2554 2673 2743 2713 servus
2779 2672 3058 2712 servormu
3089 2655 3206 2719 Dei,
3239 2656 3434 2711 dilecto

1855 2753 1965 2808 filio
1995 2753 2320 2809 Benrnoeno
2352 2752 2663 2822 pra‘posito,
2694 2749 2918 2819 ejusque
2964 2749 3224 2804 fratribus
3255 2749 3305 2803 in
3337 2764 3430 2803 ec-

1854 2844 2021 2898 clesia
2068 2843 2156 2899 cui
2210 2841 2532 2898 vocabulum
2592 2850 2672 2897 est
2723 2840 2784 2895 B.
2815 2840 3055 2906 Martini,
3095 2855 3216 2910 qua:
3242 2854 3437 2894 conse-

1855 2936 2056 2990 cranda
2088 2944 2174 2990 est
2220 2935 2272 2988 in
2317 2935 2578 2989 honorem
2626 2933 2685 2988 Β.
2727 2933 2910 2989 Mai-im
2954 2933 3206 3005 Virginis,
3239 2934 3289 2987 in
3321 2933 3436 2987 loco

1855 3028 1947 3095 qui
1973 3026 2153 3081 Buron
2196 3026 2414 3093 dicitur,
2463 3025 2605 3081 inter
2628 3026 2761 3080 duos
2798 3034 3027 3089 montes,
3061 3040 3221 3095 super
3261 3025 3433 3094 ripam

1864 3119 2105 3173 fhnninis
2162 3119 2414 3185 Danubii,
2449 3118 2503 3172 in
2539 3118 2813 3172 territorio
2834 3117 3255 3183 Constantiensi,
3280 3131 3437 3171 cano-

1781 3183 1824 3243 C
1858 3212 2035 3266 nicam
2086 3211 2255 3265 vitam
2308 3210 2589 3280 professis,
2621 3224 2920 3280 eorumque
2951 3210 3357 3265 successoribus
3382 3209 3434 3263 in

1856 3309 2197 3370 perpetuum.

1930 3392 2084 3448 Sicut
2138 3392 2533 3447 irrationabilia
2584 3390 2930 3461 poscentibus
2956 3388 3139 3459 negari
3168 3388 3328 3442 debet
3351 3402 3438 3441 as-

1858 3503 2071 3553 sensus,
2103 3487 2344 3556 sicjusta
2381 3484 2679 3554 petentium
2730 3482 2868 3537 votis
2922 3480 3152 3550 benigna
3196 3478 3438 3534 assensio

1859 3566 2206 3632 concurrere.
2258 3574 2388 3629 Tuis
2442 3574 2625 3645 igitur,
2683 3572 2757 3627 fili
2802 3570 3095 3627 Bertholde
3134 3570 3186 3624 in
3219 3569 3436 3624 Christo

1857 3667 2198 3730 charissime,
2230 3665 2393 3736 justis
2422 3663 2776 3735 petitionibus
2801 3669 3124 3729 aunuentes,
3151 3659 3437 3716 ecclesiam

1861 3759 1953 3813 Dei
1984 3756 2276 3812 Genitricis
2299 3765 2353 3810 et
2379 3769 2592 3823 semper
2619 3752 2853 3829 Virginis
2877 3750 3255 3820 Marim,quam
3290 3749 3437 3803 filius

1860 3862 2044 3907 noster
2073 3850 2400 3922 Peregrinus
2428 3849 2481 3902 in
2534 3847 2753 3918 preprip
2776 3838 2943 3901 fundo
2981 3854 3349 3901 constructam
3377 3843 3436 3897 Β.

1858 3942 2021 3997 Petro
2053 3941 2275 4011 ejusque
2297 3954 2469 3994 sacrm
2516 3937 2775 3993 Romana:
2808 3935 3063 3991 Ecclesia:
3089 3936 3141 3990 in
3174 3935 3433 3990 allodium

1859 4031 2135 4103 proprium
2196 4029 2418 4095 obtulit,
2476 4029 2563 4083 cui
2609 4036 2831 4084 auctore
2885 4026 2996 4081 Deo
3026 4026 3306 4097 praesides,
3337 4027 3438 4079 sub

1861 4123 2173 4194 apostolica:
2217 4123 2359 4178 sedis
2388 4120 2724 4193 protectione
2765 4118 3076 4189 specialiter
3136 4117 3436 4172 confoven-

1860 4216 2005 4282 dani,
2065 4224 2324 4286 tanquam
2350 4213 2440 4282 jus
2464 4213 2741 4285 proprium
2778 4209 3127 4280 suscipimus,
3162 4216 3219 4262 et
3248 4218 3437 4262 contra

1859 4322 2149 4376 pravorum
2194 4307 2436 4361 omnium
2496 4304 2798 4375 nequitiam
2853 4301 3199 4358 auctoritatis
3233 4298 3349 4369 ejus
3384 4310 3439 4353 et

1860 4406 2059 4453 nostra:
2087 4397 2368 4468 privilegio
2395 4395 2814 4452 communimus.
2846 4392 3103 4447 Prmsenti
3128 4392 3312 4461 itaque
3349 4390 3441 4443 de-

170 4492 256 4548 nis
295 4500 352 4546 et
371 4492 817 4563 Pauli,quidquid
844 4496 911 4549 ad
929 4495 1210 4566 antiquum
1235 4494 1487 4551 Verulani
1513 4497 1752 4568 episcopi

1865 4497 2015 4543 creto
2046 4488 2335 4543 statuimus
2361 4495 2420 4541 ut
2444 4497 2782 4556 quaecunque
2821 4483 2981 4538 hodie
3000 4491 3181 4537 vestra
3207 4479 3438 4535 ecclesia

165 4585 259 4655 jus
284 4584 544 4638 canonice
573 4585 829 4654 pertinet,
862 4584 1132 4655 integrum
1164 4586 1316 4641 vobis
1349 4598 1611 4657 perpetuo
1635 4604 1750 4643 ser-

170 4677 288 4730 vari
322 4691 629 4743 censemus,
656 4676 804 4732 salva
829 4678 1085 4733 nimirum
1111 4687 1310 4735 nostra:
1335 4680 1392 4734 S.
1417 4680 1484 4737 li.
1503 4681 1757 4737 Ecclesia:

172 4769 502 4825 reverentia.
532 4769 613 4824 Ad
632 4770 750 4825 hanc
776 4784 872 4841 per
899 4772 1181 4841 prmsentis
1196 4772 1462 4844 privilegii
1486 4774 1754 4844 paginam,

173 4860 470 4930 apostolica
522 4860 847 4915 auctoritate
878 4861 1241 4928 decernimus,
1290 4869 1351 4918 ut
1381 4863 1509 4917 nulli
1538 4865 1759 4919 omnino

176 4952 456 5007 hominum
489 4950 652 5005 liceat
689 4952 935 5007 eamdem
987 4952 1285 5007 Ecclesiam
1316 4962 1519 5008 temere
1555 4966 1762 5023 pertur-

176 5045 330 5109 bare,
358 5054 451 5097 aut
475 5044 592 5114 ejus
617 5045 1022 5114 possessionem
1070 5045 1306 5110 auferre,
1338 5054 1431 5100 aut
1454 5045 1553 5101 sub
1581 5048 1760 5115 cujus-

179 5137 310 5191 libet
353 5150 530 5190 causae
571 5136 945 5192 occasionisve
989 5137 1174 5206 specie
1221 5137 1482 5201 minuere,
1507 5137 1619 5193 sive
1648 5140 1762 5195 suis

180 5226 365 5283 usibus
404 5227 699 5296 applicare,
728 5226 815 5282 vel
871 5228 992 5281 aliis
1022 5228 1178 5298 quasi
1209 5227 1313 5298 piis
1366 5227 1433 5284 de
1461 5229 1640 5285 causis
1663 5245 1762 5300 pro

181 5334 290 5373 sua:
328 5319 571 5375 avaritia:
632 5320 986 5375 excusatione
1039 5320 1366 5386 concedere;
1430 5321 1525 5378 sed
1580 5323 1761 5378 omnia

182 5414 386 5481 integre
430 5420 843 5477 conserventur,
872 5421 980 5467 tam
1022 5413 1219 5467 vestris
1245 5430 1408 5484 quam
1439 5414 1761 5470 clericorum

183 5498 248 5558 ac
271 5518 567 5573 pauperum
619 5503 808 5559 usibus
852 5504 1181 5559 omnimodis
1222 5504 1528 5575 profutura.
1552 5505 1609 5561 Si
1643 5506 1763 5576 quis

182 5594 345 5665 igitur
372 5596 718 5651 sacerdotum
745 5605 841 5651 aut
877 5595 1222 5661 clericorum,
1248 5597 1632 5666 imperatorum
1671 5603 1765 5649 aut

185 5699 387 5754 regum,
438 5687 739 5757 principum
771 5697 864 5741 aut
912 5689 1131 5757 ducum,
1159 5688 1444 5753 comitum,
1477 5687 1766 5743 vicecomi-

192 5787 315 5843 tum,
368 5776 630 5848 judicum,
672 5778 753 5833 vcl
806 5778 1173 5849 quarumlibet
1220 5794 1536 5850 magnarum
1570 5792 1765 5849 parva-

1859 4578 2005 4648 juste
2037 4577 2299 4650 possidet,
2340 4577 2454 4632 sive
2501 4575 2556 4629 in
2585 4574 2821 4628 futurum
2846 4569 3198 4627 concessione
3225 4567 3438 4638 pontiﬁ-

1858 4688 2003 4737 cum,
2063 4671 2385 4726 liberalitate
2412 4668 2716 4740 principum
2759 4664 2843 4720 vel
2874 4663 3145 4718 oblatione
3174 4659 3436 4723 fidelium.

1859 4764 2007 4835 jnste
2062 4774 2225 4833 atque
2275 4762 2543 4818 canonice
2571 4759 2769 4832 peterit
2810 4756 3058 4828 adipisci,
3104 4755 3259 4811 ﬁrma
3284 4753 3437 4807 vobis

1860 4858 2164 4928 vestrisque
2199 4855 2610 4912 successoribus
2649 4862 2703 4907 et
2748 4850 2953 4905 illibata
2993 4849 3092 4904 sub
3131 4844 3442 4918 apostolicae

1862 4948 2006 5004 sedis
2032 4964 2244 5019 semper
2274 4947 2436 5002 tutela
2477 4952 2860 5017 permaneant;
2886 4940 2951 4995 ad
2985 4940 3099 4995 haec
3118 4937 3439 5007 adjicientes

1863 5039 2139 5115 sancimus
2192 5048 2249 5093 ut
2280 5039 2486 5094 nemini
2528 5037 2670 5091 inter
2701 5050 2799 5089 vos
2829 5031 3169 5103 professione
3197 5028 3438 5083 exhibita

1865 5130 2139 5199 proprium
2171 5130 2298 5201 quid
2329 5129 2551 5190 habere,
2609 5141 2710 5182 nec
2738 5125 2855 5179 sine
2885 5131 2997 5187 tua,
3022 5120 3093 5175 fili
3116 5119 3439 5175 charissime

1864 5222 2170 5287 Bertholde,
2198 5221 2283 5277 vel
2307 5236 2494 5277 eorum
2513 5220 2603 5290 qui
2637 5224 2906 5288 potestate
2928 5215 2979 5268 in
3008 5211 3196 5268 eodem
3225 5213 3441 5280 regimi-

1867 5333 1932 5373 ne
1964 5315 2346 5382 successerint,
2385 5313 2628 5368 autsine
2679 5305 2953 5365 communi
2998 5305 3440 5376 congregationis

1866 5409 2082 5463 licentia
2132 5406 2198 5460 de
2229 5405 2467 5460 claustro
2499 5401 2780 5458 discedere
2814 5399 3044 5455 liberum
3092 5397 3190 5464 sit;
3216 5396 3359 5467 quod
3394 5398 3441 5449 si

1865 5499 2200 5563 discesserit,
2226 5506 2283 5551 et
2307 5495 2671 5552 commonitus
2695 5492 2871 5547 redire
2901 5487 3308 5558 contempserit,
3344 5486 3440 5541 tibi

1868 5592 2078 5662 tuisque
2109 5588 2516 5645 successoribus
2542 5585 2771 5642 facultas
2801 5583 2871 5638 sit
2916 5580 3177 5651 ejusmodi
3217 5579 3440 5634 ubilibet

1866 5698 1893 5734 a
1927 5683 2040 5736 suis
2068 5678 2257 5734 ofﬁciis
2300 5678 2660 5744 interdicere;
2700 5673 3047 5730 interdictum
3078 5684 3208 5723 vero
3244 5668 3440 5722 nullius

1867 5775 2243 5848 episcoporum
2304 5773 2628 5828 abbatumve
2671 5784 2764 5826 seu
2819 5761 3228 5838 praepositorum
3271 5760 3442 5814 susciv
