3888 6322
474 312 577 369 499

1785 319 1845 375 Β.
1879 319 2020 378 URB.

2164 323 2203 378 II
2242 323 2439 378 ΡΑΡᾹΞ
3644 338 3734 396 Σιῡθ

472 426 608 496 piat.
633 426 878 484 Obeunte
899 443 1026 483 vero
1056 440 1126 495 te,
1166 444 1306 484 nunc
1333 429 1575 501 ejusdem
1611 432 1711 487 loci
1737 436 2049 506 praeposito,
2082 437 2124 496 Α
2155 434 2356 504 pimus,
2395 444 2449 490 et
2491 436 2607 491 ideo
2649 438 2750 493 sub
2794 447 3123 506 potestatem
3173 441 3390 500 abbatis
3439 446 3619 504 redire
3643 467 3731 507 non

470 518 555 572 vel
583 527 793 574 tuorum
822 518 1060 588 quolth
1084 535 1482 590 successorum,
1499 524 1695 579 nullius
1711 525 1780 579 ibi
1806 527 2049 596 qualibet

469 608 837 680 subreptionis
885 611 1085 667 astutia
1117 612 1201 668 vel
1231 613 1491 669 violentia
1528 628 1902 687 prazponatur,
1941 620 2046 678 nisi

466 714 627 769 quem
678 699 875 757 fratres
916 704 1188 758 communi
1229 719 1496 761 consensu
1549 707 1631 760 vel
1663 708 1889 765 fratrum
1918 726 2045 780 pars

465 790 679 845 consilii
732 793 969 848 sanioris
1022 796 1321 851 secundum
1378 797 1468 850 Dei
1525 797 1794 866 timorem,
1855 802 1939 857 Vel
1976 819 2044 859 ex

463 882 652 936 eadem
704 886 1150 955 congregatione,
1191 888 1277 942 vel
1322 906 1385 945 ex
1427 891 1529 945 alia
1558 892 1797 963 ejusdem
1832 894 2043 964 profes-

462 973 633 1030 sionis
674 976 1011 1046 providerint
1057 978 1384 1050 eligendum.
1425 983 1780 1041 Decernimus
1824 1001 1953 1055 ergo
1985 997 2044 1043 ut

460 1064 594 1119 nulli
656 1067 880 1124 omnino
937 1068 1214 1125 hominum
1274 1071 1435 1128 liccat
1479 1077 1725 1131 eamdem
1753 1079 2041 1136 ecclesiam

459 1168 668 1213 temere
713 1163 1057 1232 perturbare,
1112 1174 1206 1221 aut
1242 1167 1358 1236 ejus
1396 1170 1770 1238 possessiones
1800 1171 2041 1239 auferre,

458 1251 736 1309 ablatasve
770 1255 1028 1323 retinere,
1060 1258 1325 1325 minuere,
1358 1261 1441 1316 vel
1474 1263 1778 1320 temerariis
1798 1266 2041 1322 vexatio-

457 1343 619 1399 nibus
672 1343 934 1417 fatigare;
993 1350 1090 1407 sed
1138 1353 1321 1408 omnia
1376 1355 1588 1425 integre
1625 1367 2037 1428 conserventur,

454 1432 656 1491 vestris
706 1446 1126 1512 vestrorumque
1178 1447 1586 1505 successoribus
1635 1460 1692 1505 et
1738 1465 2039 1522 pauperum

454 1524 644 1581 usibus
666 1528 970 1599 profutura,
994 1531 1165 1603 salvo,
1180 1536 1224 1591 si
1249 1538 1553 1595 catholicus
1577 1539 1759 1607 fuerit,
1774 1542 2037 1599 Constan-

454 1616 647 1674 tiensis
688 1620 926 1694 episcopi
968 1623 1094 1696 jure
1122 1630 1389 1685 canonico
1414 1640 1469 1687 et
1492 1636 1823 1692 reverentia.
1849 1637 1931 1692 Ad
1957 1639 2037 1694 in-

451 1709 656 1766 dicium
700 1705 883 1769 autem
939 1727 1210 1790 percepta:
1261 1721 1422 1793 hujus
1449 1740 1480 1779 a
1514 1724 1762 1784 Romana
1788 1728 2033 1787 Ecclesia

450 1796 741 1870 libertatis,
790 1802 1086 1862 bizantium
1137 1824 1387 1880 aureum,
1450 1824 1544 1871 aut
1589 1814 1829 1884 ejusdem
1872 1822 2034 1892 pretii
2068 1821 2109 1879 Β

450 1900 733 1962 argentum
790 1899 1087 1969 quotannis
1144 1900 1502 1961 Lateranensi
1555 1907 1763 1977 palatio
1817 1912 2029 1983 persol-

448 1990 611 2035 γοιιε.
1118 2026 1121 2029 ν
1406 2044 1407 2047 η

520 2075 578 2130 Si
611 2078 732 2149 quis
754 2080 991 2151 igiturln
1014 2088 1312 2145 crastinum
1336 2091 1777 2165 archiepiscopus
1804 2105 1897 2152 aut
1916 2098 2031 2169 epi-

448 2181 665 2238 scopus,
719 2171 1038 2244 imperator,
1072 2189 1165 2234 aut
1202 2196 1318 2248 rex,
1370 2191 1463 2239 aut
1486 2185 1616 2253 dux,
1646 2200 1849 2255 comes,
1882 2189 2030 2246 vice-

446 2273 655 2325 comes,
704 2260 893 2332 judex,
939 2268 1255 2338 advocatus,
1296 2273 1383 2329 vel
1415 2275 1787 2348 cujuscunque
1820 2280 2030 2336 ordinis

376 2384 379 2385 ν
449 2351 609 2405 homo
649 2353 792 2409 hanc
837 2357 1038 2413 decreti
1088 2362 1259 2417 nostri
1299 2364 1551 2435 paginam
1599 2367 1906 2437 violaverit,
1938 2381 2030 2427 aut

444 2443 624 2517 sciens
672 2457 861 2504 contra
905 2465 1025 2506 eam
1074 2455 1262 2510 venire
1311 2460 1622 2527 tentaverit,
1653 2463 1893 2520 secundo
1925 2474 2027 2521 ter-

443 2534 590 2592 tiove
641 2541 1025 2613 commonitus,
1075 2544 1121 2600 si
1169 2560 1228 2601 se
1250 2548 1623 2607 satisfactione
1652 2568 1890 2622 congrua
1916 2571 2025 2611 non

443 2629 853 2700 emendaverit,
910 2638 1195 2705 potestatis
1244 2639 1574 2712 honorisque
1626 2645 1707 2700 sui
1763 2645 2025 2718 dignitate

441 2731 646 2787 careat,
677 2739 940 2797 reumque
963 2743 1023 2785 se
1056 2730 1239 2787 divino
1256 2731 1463 2802 judicio
1487 2737 1725 2793 existere
1750 2739 1817 2795 de
1828 2755 2025 2813 perpe-

438 2820 582 2866 trata
609 2814 895 2886 iniquitate
920 2831 1235 2892 cognoscat,
1268 2834 1321 2881 et
1343 2840 1375 2879 a
1406 2829 1780 2886 sacratissimo
1796 2848 2023 2903 corpore

440 2918 505 2957 ac
525 2906 787 2977 sanguine
832 2908 927 2964 Dei
951 2919 1006 2967 et
1030 2912 1239 2969 Domini
1285 2917 1645 2988 redemptoris
1694 2924 1865 2979 nostri
1893 2924 2020 2981 Jesu

437 2994 642 3053 Christi
708 2999 919 3059 alienus
972 3003 1090 3071 flat,
1138 3014 1300 3078 atque
1349 3009 1402 3065 in
1465 3022 1712 3068 extremo
1768 3018 2020 3074 examine

437 3087 704 3145 tlistrictae
743 3090 938 3149 ultioni
988 3094 1291 3166 subjaceat.
1348 3099 1572 3158 Cunctis
1621 3113 1802 3160 autem
1841 3108 2016 3163 eidem

436 3179 557 3260 loco
590 3197 685 3237 sua
707 3183 829 3255 jura
861 3189 1206 3246 servantibus
1234 3190 1306 3246 sit
1327 3207 1429 3262 pax
1456 3193 1667 3251 Domini
1693 3199 1862 3254 nostri
1888 3200 2017 3257 Jesu
2045 3178 2091 3240 (ἶ

433 3258 663 3339 Christi,
708 3280 977 3344 quatenus
1004 3289 1059 3335 et
1111 3279 1199 3335 hic
1226 3258 1435 3339 fructus
1456 3284 1611 3340 bona:
1636 3288 1870 3345 actionis
1894 3307 2020 3361 per-

434 3361 662 3431 cipiant,
690 3374 745 3421 et
767 3366 908 3438 apud
937 3368 1245 3427 districtum
1283 3371 1522 3442 judicem
1546 3379 1768 3447 prannia
1798 3389 2016 3440 aeterna:

430 3452 581 3523 pacis
613 3457 907 3515 inveniant.
934 3462 1127 3529 Amen,
1153 3480 1337 3532 amen,
1368 3482 1550 3523 amen.

504 3547 777 3619 Scriptum
832 3561 890 3609 et
926 3554 1109 3610 datum
1141 3573 1237 3627 per
1275 3574 1466 3616 manus
1514 3560 1828 3631 Lanfranci,
1867 3565 2014 3625 vices

430 3817 778 3887 pontiﬁcatus
824 3831 1005 3879 autem
1070 3827 1273 3884 domini
1333 3830 1538 3890 Urbani
1593 3817 1831 3894 secundi“
1861 3854 2013 3913 papa:

434 3922 579 3963 anno
608 3908 822 3968 decimo

1076 4054 1355 4113 CCXXIX.

432 4157 629 4215 Urbani
659 4161 718 4214 ΙΙ
745 4164 962 4233 epistola
1012 4169 1081 4222 ad
1126 4168 1429 4252 blanassem
1474 4173 1773 4231 Remensem
1829 4180 1976 4235 arclt‘

1060 4255 1375 4310 episcopum.

1037 4352 1194 4410 Anno
1236 4356 1419 4429 1097.)

528 4460 706 4531 lDbtn.
738 4461 988 4530 MARLOT,
1017 4464 1317 4538 Metropolis
1342 4470 1631 4542 "emensis,
1658 4476 1717 4542 II,
1744 4477 1898 4552 23L]

496 4573 747 4631 Uuaaaus
777 4575 1083 4647 episcopus,
1112 4594 1303 4637 servus
1334 4599 1612 4641 servorum
1640 4589 1755 4656 Dei,
1779 4607 2004 4647 venera-

420 4666 512 4721 bili
536 4667 688 4745 fratri
720 4668 1004 4736 Mamssa,
1038 4671 1289 4729 Remensi
1318 4677 1745 4750 archiepiscopo,
1776 4683 2000 4743 salutem

418 4769 472 4814 et
500 4761 854 4833 apostolicam
879 4763 1337 4822 benedictionem.

487 4849 714 4908 Abbatis
753 4850 814 4906 S.
851 4851 1085 4924 Remigii
1122 4870 1287 4910 causa
1322 4858 1375 4911 in
1408 4864 1696 4928 praesentia
1730 4876 1915 4922 nostra
1948 4878 2001 4923 et

418 4941 751 4999 confratrum
777 4954 1090 5001 nostrorum
1143 4948 1521 5019 episcoporum
1559 4964 1611 5010 et
1641 4958 1997 5015 cardiualium

417 5032 743 5102 diligentiori
794 5037 1042 5093 discussa
1102 5049 1186 5094 est
1234 5040 1633 5115 inquisitione,
1680 5057 1733 5103 et
1758 5051 1824 5104 ad
1853 5052 1997 5109 hunc

419 5123 632 5179 tandem
672 5126 832 5182 finem
862 5132 1145 5200 producta.
1175 5130 1444 5189 Judicium
1472 5137 1852 5209 episcoporum
1875 5158 1997 5213 pro-

414 5214 584 5270 latum
611 5232 777 5289 super
803 5235 925 5277 eum
964 5223 1067 5278 hac
1117 5224 1328 5281 ratione
1368 5229 1716 5301 reprobatum
1754 5237 1993 5302 noveris,

414 5306 542 5374 quia
589 5320 874 5381 postquam
923 5312 1064 5371 (ilius
1097 5332 1123 5370 a
1157 5304 1311 5386 patre
1357 5322 1730 5391 emancipatus
1756 5333 1860 5393 est,
1895 5327 1996 5384 sub

411 5415 602 5455 curam
653 5410 709 5456 et
748 5403 1171 5461 dominationem
1222 5412 1396 5481 patris
1428 5414 1609 5471 redire
1652 5417 1994 5477 districtione

410 5489 590 5561 legum
642 5505 748 5547 non
775 5493 1009 5567 cegitur,
1034 5498 1135 5553 nisi
1165 5500 1278 5573 (48)
1328 5516 1520 5575 sponte
1544 5507 1660 5579 ipse
1698 5513 1990 5585 rogaverit.

410 5580 816 5641 Promotioncm
864 5586 1008 5643 enim
1051 5589 1263 5649 abbatis
1314 5580 1803 5670 emancipationem
1848 5606 1989 5661 acci~

406 5746 411 5750 ι
482 5789 593 5857 (48)
627 5792 756 5850 \‘ide
786 5793 840 5849 S.
873 5793 1222 5861 Bet‘nardum,
1253 5799 1389 5868 epist
1434 5804 1519 5857 87.

2153 527 2351 583 debere
2377 528 2703 599 judicarnus.

2810 623 3043 680 CCXXX
3055 663 3069 679 .

2151 704 2354 779 Urbani
2378 707 2441 761 ll
2467 726 2616 779 papa:
2639 711 2859 779 epistola
2882 714 2953 767 ad
2982 712 3322 771 Bernardum
3354 717 3733 777 Bonomeauta

2219 778 2543 860 episcopum.
2581 778 2676 860 τέ
2707 780 3051 860 Commendat
3100 785 3297 854 fratrea
3355 792 3621 859 quosdam
3676 800 3728 847 ab

2218 847 2476 903 haereticis
2506 850 2661 905 invite
2684 853 2975 913 ordinatos.

2739 940 2916 1011 (Anno
2961 944 3140 1017 1097.)

2220 1029 2486 1102 [SAVIOLI,
2522 1032 2717 1087 Annali
2753 1034 3056 1106 Bolognesi,
3094 1047 3132 1092 t.
3162 1038 3203 1107 I,
3236 1055 3292 1109 p.
3324 1057 3387 1107 tt,
3427 1057 3487 1112 ι).
3530 1043 3677 1119 138.]

2220 1121 2469 1179 Uunaaus
2490 1125 2798 1196 episcopus,
2828 1142 3019 1184 servus
3040 1145 3327 1187 servorum
3360 1134 3490 1199 Dei,
3523 1152 3733 1193 venera-

2144 1213 2237 1268 bili
2273 1216 2428 1271 fratri
2460 1217 2772 1286 Benmuno,
2829 1219 3159 1279 Bononiensi
3186 1225 3483 1297 episcopo,
3518 1230 3729 1288 salutem

2142 1319 2196 1362 et
2231 1310 2588 1378 apostolicam
2620 1313 3076 1371 benedictionem.

2216 1402 2291 1456 De
2314 1403 2751 1461 ordinationibus
2781 1406 2849 1462 ab
2880 1407 3242 1466 haeresiarcha
3274 1412 3560 1472 Guiberto
3589 1418 3731 1475 factis

2141 1503 2427 1565 postquam
2482 1511 2511 1550 a
2562 1498 2738 1554 beatae
2783 1502 3062 1557 memoria:
3117 1501 3389 1576 Gregorio
3442 1524 3591 1580 papa
3622 1521 3725 1567 et:

2140 1583 2384 1641 Romana
2423 1586 2667 1644 Ecclesia
2718 1589 3011 1647 damnatus
3059 1602 3170 1659 est,
3221 1609 3470 1667 quaeque
3522 1601 3733 1657 etiam:

2139 1676 2615 1751 pseudoepiscopis
2634 1694 2730 1751 per
2749 1695 2872 1736 eum
2901 1692 3087 1752 postea
3116 1686 3390 1744 ordinatis
3418 1702 3736 1761 perpetrata

2138 1775 2288 1833 sunt,
2345 1766 2680 1824 Placentinae
2721 1771 2914 1841 synodi
2945 1774 3184 1843 generali
3212 1773 3434 1844 judicio
3458 1778 3735 1837 definitum

2138 1864 2225 1911 est
2281 1865 2340 1912 ut
2388 1857 2557 1913 irritae
2584 1858 2911 1925 habeantur,
2951 1861 3055 1917 nisi
3094 1865 3335 1933 probare
3373 1867 3665 1927 voluerint
3689 1888 3738 1928 se

2134 1964 2257 2005 cum
2285 1949 2678 2005 ordinarentur
2701 1967 2795 2007 eos
2819 1952 3060 2010 nescisse
3097 1956 3423 2016 damnatos.
3453 1961 3600 2029 Quia
3625 1979 3737 2020 vero

2134 2040 2333 2097 fratres
2358 2056 2523 2112 super
2549 2043 2746 2112 quibus
2775 2060 2935 2115 rogas
2971 2047 3259 2118 religiosos
3296 2056 3526 2111 asseris
3552 2065 3609 2111 et
3638 2074 3736 2113 orn-

2132 2130 2264 2186 »ἕηο
2306 2130 2415 2186 vim
2439 2146 2631 2202 passos
2686 2143 2741 2188 et
2781 2142 2987 2191 tractos
3017 2139 3083 2192 ad
3113 2140 3498 2199 ordinandum
3528 2148 3736 2205 conﬁte-

2133 2224 2234 2291 ris,
2267 2238 2521 2295 magnam
2553 2225 2722 2280 etiam
2760 2226 3016 2285 Ecclesiae
3043 2241 3145 2287 tuae
3174 2235 3592 2294 necessitatem
3613 2256 3732 2295 con-

2130 2314 2401 2382 quereris,
2429 2321 2610 2368 utrum
2646 2315 2726 2371 eis
2748 2315 2800 2371 in
2825 2318 3147 2374 sacerdotali
3176 2322 3733 2385 ordiuecondeseeu-

2128 2404 2360 2460 dendum
2383 2405 2475 2471 sit,
2509 2414 2614 2461 tua:
2648 2407 3005 2477 providentia:
3045 2426 3145 2481 pro
3180 2414 3441 2484 graviori
3472 2430 3727 2489 Opportu-

2128 2498 2296 2552 nitate
2326 2498 2737 2554 committimus.
2796 2498 2986 2557 Vestra
3014 2518 3145 2559 vero
3169 2507 3539 2575 experientia
3562 2525 3731 2567 careat

2128 2604 2194 2644 ne
2253 2590 2305 2644 in
2345 2591 2425 2646 eis
2472 2600 2567 2645 aut
2615 2592 2956 2659 scandalum,
3001 2604 3091 2649 aut
3143 2596 3441 2654 infznniam
3495 2602 3726 2659 Ecclesia

2124 2679 2388 2750 patiatur:
2413 2680 2467 2737 in
2511 2681 2655 2749 aliis,
2682 2686 2898 2754 quando
2929 2687 3121 2742 eadem
3151 2687 3451 2760 religionis
3484 2696 3662 2762 gratia
3688 2706 3730 2751 et

2124 2770 2395 2827 violentia:
2451 2772 2697 2829 illatione
2744 2776 3085 2833 excusabiles
3126 2794 3235 2833 non
3292 2792 3459 2848 sunt,
3517 2786 3724 2839 omnino

2124 2864 2403 2935 synodalis
2441 2863 2630 2933 judieii
2670 2868 3001 2923 sententiam
3033 2860 3487 2940 persequereris.
3516 2875 3575 2931 Si
3599 2893 3719 2945 quos

2126 2964 2306 3012 tamen
2346 2957 2689 3027 propensiori
2737 2959 3065 3016 necessitate
3092 2963 3439 3029 restitueris,
3486 2984 3595 3023 non
3616 2970 3720 3024 sine

2122 3047 2463 3116 paenitentia:
2502 3046 2832 3118 quotidiana:
2887 3051 3125 3105 remedio
3174 3053 3447 3122 patieris;
3495 3067 3553 3112 et
3590 3059 3719 3129 ipsos

2126 3148 2304 3195 autem
2328 3139 2475 3209 inter
2498 3155 2592 3196 eos
2619 3141 2817 3211 quibus
2842 3142 3161 3198 ordinandis
3199 3160 3431 3200 manum
3470 3148 3715 3219 imponis,

2123 3232 2249 3287 dum
2306 3233 2615 3288 orationum
2665 3235 2981 3291 solemnitas
3012 3236 3194 3306 agitur
3230 3238 3517 3298 interesse
3540 3247 3715 3314 prteri~

2122 3323 2253 3393 pito.
2289 3322 2441 3390 Quod
2475 3333 2653 3379 tamen
2704 3325 2927 3380 omnino
2950 3327 3296 3397 prtccipimus
3340 3347 3412 3385 ne
3443 3333 3566 3387 sine
3601 3350 3714 3405 gra-

2120 3417 2256 3472 viori
2308 3416 2566 3473 Ecclesiae
2616 3417 2945 3473 necessitate
2988 3427 3042 3473 et
3098 3434 3471 3490 personarum
3528 3427 3716 3481 merito

2119 3507 2391 3563 ullatenus
2417 3516 2771 3579 pratsumatm

2190 3600 2325 3655 Data
2356 3599 2613 3655 Laterani
2636 3586 2705 3654 xiv
2728 3600 2848 3655 Kal.
2877 3600 3024 3657 Maii.

2764 3735 3026 3793 CCXXXI

2118 3827 2145 3862 "
2172 3809 2470 3899 Jurentom',
2499 3828 2675 3883 abbati
2713 3828 2773 3884 S.
2803 3829 3026 3899 Benigni
3059 3829 3395 3887 Dtvtonensis
3418 3874 3435 3898 ,
3470 3834 3707 3890 Urbium

2186 3898 2373 3971 asserit
2390 3900 2765 3971 monasterium
2787 3898 2846 3955 S.
2877 3897 3080 3970 Vigoris
3098 3897 3426 3971 Bajoccnse,’
3444 3908 3515 3960 ab
3536 3908 3705 3963 Odos:

2186 3968 2423 4040 episcopo
2463 3968 2743 4024 donatum.

2703 4058 2886 4131 (Anno
2926 4060 3111 4130 109s.)

2418 4149 2714 4223 [RUIN.\RT,
2750 4151 2871 4206 Vita
2908 4151 3133 4221 Urbani,
3161 4169 3214 4225 p.
3238 4154 3397 4229 292.]

2755 4266 3061 4323 CCXXXII.

2114 4359 2317 4415 Urbani
2367 4359 2586 4428 epistola
2627 4361 2694 4412 ad
2730 4358 3064 4424 Udalricum,
3116 4362 3358 4417 abbatem
3395 4371 3696 4422 monasterii

2185 4430 2245 4513 Si
2288 4428 2558 4512 Michaelis
2589 4430 2659 4483 ad
2708 4429 2934 4512 Mosam.
2960 4461 3030 4469 —
3054 4430 3303 4513 Cotti-edit
3344 4448 3408 4489 Aut
3438 4439 3584 4493 circa
3614 4455 3693 4492 ec-

2183 4501 2393 4554 clesiam
2417 4516 2599 4553 novam
2623 4501 2971 4554 cazmeterium
2999 4502 3305 4557 constituat.

2699 4590 2878 4663 (Anno
2916 4591 3131 4671 1093.),

2320 4683 2568 4755 [BALUZ.,
2618 4681 2846 4737 Hisce”.
2893 4684 3024 4739 edit.
3054 4684 3209 4751 Luc.,
3241 4686 3330 4752 Ill,
3362 4688 3485 4761 6L]

2178 4777 2433 4833 URBANUS
2456 4776 2763 4846 epiSCOpus,
2818 4792 3009 4833 servus
3037 4793 3322 4834 servorum
3350 4783 3473 4849 Dei,
3500 4784 3686 4838 dilecto

2103 4868 2213 4921 ﬁlio
2239 4865 2538 4931 UDALRICO,
2572 4866 2753 4921 abbati
2805 4866 2992 4922 Sancti
3049 4868 3354 4928 Michaelis.
3388 4873 3613 4928 salutent
3637 4882 3685 4925 et

2101 4956 2449 5028 apostolicam
2482 4956 2941 5013 benedictionem.

2172 5048 2496 5117 Bcnignitati
2523 5057 2625 5103 tua:
2654 5050 2855 5119 gratias
2883 5050 3097 5120 agimus
3126 5052 3254 5119 quia
3295 5055 3682 5111 ...tcrauilibus

2100 5138 2360 5194 fratribus
2414 5148 2469 5193 et
2490 5139 2867 5204 coabbatibus,
2903 5139 3190 5213 Itodulpho
3220 5144 3439 5200 scilicet
3464 5157 3519 5202 et
3548 5147 3648 5200 Lan
3674 5176 3679 5179 -

2100 5233 2245 5297 zoni,
2272 5231 2527 5287 fraterna:
2557 5231 2846 5287 charitatis
2878 5233 3057 5288 sinum
3098 5237 3390 5305 expandis,
3417 5250 3474 5294 et
3504 5251 3674 5309 persc-

2098 5324 2332 5379 cutionis
2382 5332 2516 5379 testu
2580 5324 2893 5381 laborantes
2948 5334 3054 5381 tum
3110 5329 3311 5397 quietis
3365 5329 3672 5385 umbraculo

2097 5415 2353 5487 protegis,
2402 5415 2543 5469 sicut
2583 5430 2682 5470 nos
2714 5431 2781 5471 ex
2837 5416 3079 5486 ipsorum
3120 5417 3391 5473 relatione
3418 5418 3674 5488 comperi.

2096 5521 2235 5559 mus.
2268 5505 2421 5561 Unde
2462 5514 2516 5561 et
2548 5522 2800 5577 rogamus
2831 5518 2891 5564 ut
2916 5511 3062 5580 quod
3089 5511 3304 5582 cmpisti
3341 5528 3483 5566 nunc
3507 5512 3671 5580 magis

2094 5615 2191 5671 pro
2243 5608 2439 5659 nostra:
2492 5601 2871 5671 postulationis
2918 5606 3220 5661 reverentia
3265 5604 3561 5680 vigilantius
3608 5621 3667 5658 ac
