3888 6322
18 326 143 383 501

1245 327 1602 384 EPIS'I‘OLAS
1640 327 1727 384 ΕΤ
1767 325 2175 386 PliiVlLEC-IA.

3227 294 3330 391 Sua

29 442 322 498 devotius
378 440 743 512 prosequaris.
810 440 962 509 Quod
1001 456 1129 497 vero
1182 442 1336 496 nobis
1382 442 1652 513 legatione
1682 442 1726 498 A
1754 440 1907 510 cujus
1940 442 2161 497 dioecesi
2188 442 2321 498 estis
2364 443 2665 515 accipietis,
2711 444 2977 517 siquidem
3024 445 3252 518 gratiam
3277 458 3331 501 et

32 536 323 605 petitoria
354 535 691 606 suggessisti,
725 536 789 590 de
828 536 1192 590 construendo
1228 535 1479 593 videlicet
1506 537 1651 591 circa

34 640 266 681 novam
284 625 570 683 ecclesiam
585 626 815 683 emnobii
853 628 1017 684 vestri
1036 628 1349 694 cimelerio,
1387 628 1653 699 siquidem

39 718 340 774 fratribus
385 718 715 774 laboriosum
746 729 800 776 et
824 721 1068 791 religioni
1105 724 1439 777 contrarium
1466 733 1571 789 est,
1600 734 1659 779 ut

35 808 369 878 scripsisti,
416 810 483 863 ad
530 810 730 869 vetatis
775 811 1020 867 ecclesiae
1053 813 1252 882 locum,
1297 815 1422 885 quia
1448 815 1659 887 longius

33 904 161 956 sita
190 902 568 971 esng
602 903 789 957 funera
818 904 1130 975 deportare,
1182 923 1281 962 nos
1305 909 1657 977 prazsentium

6 993 380 1051 hiet-arum
404 995 727 1048 auctoritate
759 996 1129 1051 concedimus.

126 1084 283 1138 Data
310 1083 558 1138 Laterani
599 1100 671 1137 vn
701 1083 819 1138 Kal.
877 1085 1097 1156 Aprilis,
1135 1102 1277 1142 anno
1303 1088 1369 1143 ab
1400 1088 1660 1144 lncarna-

41 1175 219 1228 tione
284 1172 519 1239 Domini,
552 1175 844 1229 secundum
872 1175 1214 1247 Dionysium,
1248 1177 1537 1233 millesimo
1562 1194 1660 1233 no-

44 1266 259 1336 nagesi
270 1281 359 1320 mo
372 1275 581 1331 octavo,
605 1267 903 1321 secundum
931 1283 1058 1323 vero
1074 1269 1361 1325 certiorem
1385 1270 1661 1341 Evangelii

41 1357 457 1427 probationem
504 1357 796 1412 millesimo
844 1360 1144 1415 centesimo
1172 1360 1431 1415 vicesimo
1464 1361 1659 1431 primo,

48 1448 379 1504 indictione
400 1464 475 1513 vt,
508 1458 694 1519 cpacta
715 1466 805 1517 xv,
838 1462 1200 1507 concurrente
1233 1469 1306 1507 tv.

711 1566 1034 1623 CCXXXIII.
1108 1569 1115 1575 ’

97 1656 321 1712 Urbani
342 1656 405 1711 11
434 1674 583 1728 papa:
613 1658 754 1711 bulla
777 1675 872 1727 pro
909 1658 1226 1711 monasterio
1260 1657 1625 1728 II'iblingensi.

674 1747 853 1819 (Anno
888 1746 1071 1818 1098.)

176 1840 273 1912 [1).
308 1830 582 1905 ϐἑεωειιτ,
624 1839 860 1895 Historia
892 1837 1292 1909 Nigrquilvw,
1329 1839 1413 1906 III,
1445 1839 1561 1912 δι]

142 1935 410 1991 Uanasus
440 1936 745 2006 episcopus,
777 1948 965 1990 servus
1010 1948 1298 1988 servorum
1328 1933 1448 2000 Dei,
1472 1932 1671 1990 dilecto

63 2030 188 2083 ﬁlio
229 2027 533 2093 Weaxsao,
558 2027 755 2101 abbati
795 2024 1111 2082 monasterii
1147 2025 1205 2081 S.
1241 2024 1496 2091 Martini,
1526 2027 1671 2097 quod

72 2122 396 2191 Wiblingen
415 2121 636 2187 dicitur,
659 2120 900 2191 ejusdem
922 2117 1331 2176 successoribus
1353 2118 1675 2190 regulariter

66 2210 470 2283 promovendis
509 2211 561 2266 in
585 2219 929 2281 perpetuum.

156 2302 448 2372 Religiosis
475 2300 763 2358 desideriis
801 2302 1025 2373 dignum
1058 2310 1144 2357 est
1190 2300 1402 2356 facilem
1432 2302 1675 2372 praebere

74 2411 451 2462 consensum,
511 2405 571 2450 ut
622 2395 796 2451 ﬁdelis
856 2396 1072 2451 devotio
1128 2394 1359 2451 celerem
1415 2396 1677 2452 sortiatur

72 2490 362 2546 eﬂ'ectum.
396 2489 531 2557 Quia
576 2490 743 2560 igitur
771 2488 1031 2543 Romana:
1076 2488 1337 2544 Ecclesiae
1386 2488 1482 2543 ﬁlii
1514 2487 1676 2545 Hart-

78 2598 326 2638 mannus
348 2597 533 2638 comes
563 2590 619 2636 et
646 2581 787 2636 Otho
818 2580 989 2636 frater
1013 2579 1134 2649 ejus
1163 2579 1225 2634 B.
1250 2579 1469 2634 Martini
1500 2580 1677 2636 eccle-

76 2675 226 2729 siam
266 2672 320 2727 in
359 2672 480 2728 loco
517 2672 608 2742 qui
638 2672 837 2726 dicitur
863 2671 1174 2743 Wiblingen
1220 2672 1334 2726 suis
1372 2672 1678 2743 sumptibus

76 2763 416 2819 aediﬁcatam
465 2760 525 2815 Β.
559 2761 721 2816 Petro
755 2770 812 2815 et
856 2760 916 2815 S.
958 2760 1071 2816 sedi
1103 2760 1411 2831 apostolicae
1444 2762 1681 2818 tradide-

80 2863 237 2919 runt,
280 2868 400 2909 eam
433 2854 485 2908 in
509 2852 599 2922 jus
623 2860 679 2908 et
709 2852 933 2908 tutelam
974 2852 1338 2920 suscipientes
1370 2853 1681 2923 apostolicae

82 2945 479 3010 auctoritatis,
544 2944 837 3015 privilegio
886 2944 1315 3011 comnmnimus,
1380 2953 1683 3001 statuentes

83 3049 150 3094 ut
181 3053 523 3110 quaecunque
570 3037 1190 3109 prazdia,.quaecunque
1243 3037 1410 3103 dona,
1460 3046 1566 3093 tam
1615 3054 1683 3093 ex

85 3133 338 3202 ipsorum
382 3128 612 3185 fratrum
660 3129 950 3200 largitione
977 3171 991 3195 ,
1040 3145 1202 3200 quam
1248 3144 1314 3185 ex
1362 3129 1681 3187 devotorum

86 3222 337 3278 ﬁdelium
361 3222 632 3279 oblatione
647 3223 957 3293 supradicta
989 3220 1048 3276 Β.
1084 3221 1297 3276 Martini
1321 3221 1555 3277 ecclesia
1583 3224 1684 3277 im-

84 3313 514 3384 praesentiarum
541 3312 780 3383 possidet
807 3312 921 3368 sive
969 3313 1022 3366 in
1070 3310 1311 3366 futurum
1348 3311 1495 3381 juste
1524 3321 1686 3382 atque

88 3404 363 3460 canonice
393 3404 620 3474 adipisci
643 3405 865 3475 poterit,
896 3404 1051 3459 ﬁrma
1099 3403 1196 3458 tibi
1225 3403 1438 3475 tuisque
1465 3420 1685 3460 succes-

92 3498 319 3552 soribus
346 3506 403 3551 et
424 3495 630 3552 illibata
658 3508 1033 3567 permaneant.

170 3587 529 3643 Decernimus
556 3597 767 3657 ergout
797 3587 927 3642 nulli
955 3586 1179 3642 omnino
1212 3586 1489 3642 hominum
1527 3586 1687 3643 liceat

94 3680 250 3735 idem
305 3680 692 3736 monasterium
758 3688 964 3736 temere
1015 3682 1380 3751 perturbare,
1430 3690 1524 3735 aut
1574 3679 1689 3749 ejus

94 3767 479 3839 possessiones
502 3768 741 3835 auferre,
762 3768 848 3825 vel
874 3768 1084 3824 ablatas
1106 3770 1343 3826 retinere
1358 3809 1373 3835 ,
1412 3771 1659 3825 minuere
1674 3811 1688 3835 ,

94 3860 190 3915 vel
248 3861 553 3916 temerariis
608 3859 841 3929 fatigare
890 3861 1302 3926 vexatiOnihus,
1360 3861 1455 3916 sed
1510 3862 1690 3917 omnia

96 3955 320 4025 integre
348 3962 742 4009 conserventur
778 3967 990 4014 eorum,
1020 3966 1116 4022 pro
1154 3967 1383 4021 quormn
1420 3961 1693 4007 sustenta-

100 4045 259 4099 tione
286 4053 345 4099 et
372 4043 767 4112 gubernatione
786 4057 1047 4098 concessa
1077 4050 1225 4109 sunt,
1249 4041 1397 4097 salva
1429 4042 1694 4098 Constan-

100 4138 303 4195 tiensis
351 4135 637 4210 [episcopi]
685 4136 948 4193 canonica
987 4135 1328 4201 reverentia,
1377 4135 1463 4190 cui
1514 4146 1693 4190 tamen

97 4245 213 4286 non
262 4230 429 4287 liceat
475 4230 699 4286 omnino
737 4229 1077 4286 exactionem
1126 4227 1386 4299 aliquam,
1436 4227 1519 4283 vel
1561 4242 1694 4283 con-

99 4322 615 4392 suetudinem,quae
639 4320 968 4393 regularium
996 4319 1162 4389 quieti
1194 4328 1411 4384 noceat,
1430 4320 1694 4390 irrogare.

98 4414 465 4470 Advocatiam
517 4414 686 4483 ipsius
742 4411 1059 4468 monasterii
1116 4423 1242 4480 post
1299 4411 1695 4465 llartmannum

102 4507 424 4578 religiosum
470 4506 744 4571 comitem,
783 4504 958 4559 haeres
985 4501 1133 4571 ejus,
1181 4517 1342 4572 quem
1376 4501 1544 4557 abbas
1573 4519 1695 4558 cum

102 4597 376 4653 fratribus
404 4595 689 4666 elegerint,
733 4593 1110 4661 administret;
1153 4593 1245 4662 qui
1276 4594 1319 4647 si
1350 4593 1693 4662 postmodum

110 4690 464 4747 monasterio
516 4688 724 4744 inutilis
766 4686 947 4751 fuerit,
994 4695 1201 4741 remoto
1238 4702 1303 4739 eo
1349 4684 1512 4739 alium
1562 4700 1699 4755 prae-

104 4784 327 4839 ﬁciant.
378 4780 721 4851 Sepulturam
774 4795 989 4850 quoque
1033 4777 1275 4846 ejusdem
1331 4778 1433 4833 loci
1479 4777 1702 4831 omnino

106 4875 344 4929 liberam
378 4887 504 4926 esse
537 4870 905 4935 decernimus,
938 4878 997 4923 ut
1020 4869 1355 4938 eorumgqui
1399 4868 1508 4923 illic
1551 4881 1702 4935 sepe-

108 4967 211 5021 lire
254 4964 701 5032 deiiberaverint,
749 4962 1020 5017 devotioni
1048 4971 1103 5017 et
1125 4972 1383 5016 extremae
1415 4960 1701 5026 voluntati,

110 5057 221 5113 nisi
289 5054 432 5110 forte
484 5054 940 5110 excommunicati
1001 5054 1152 5119 sint,
1213 5052 1390 5107 nullus
1450 5052 1702 5106 obsistat.

111 5150 390 5205 Praeterea
422 5162 680 5203 mansuro
714 5147 767 5202 in
806 5156 1126 5217 perpetuum
1160 5147 1380 5202 decreto
1410 5146 1703 5210 sancimus,

48 5258 51 5261 ‘
116 5252 178 5298 ut
206 5242 339 5297 nulli
382 5241 606 5296 omnino
636 5239 934 5294 viventium
965 5238 1128 5295 liceat
1156 5279 1171 5305 ,
1202 5239 1255 5293 in
1288 5248 1473 5294 vestro
1519 5252 1706 5292 mona-

117 5335 291 5392 sterio
315 5333 527 5403 aliquas
555 5331 907 5404 proprietatis
939 5331 1310 5393 conditiones,
1346 5346 1450 5385 non
1480 5329 1707 5385 haeredi-

124 5428 248 5483 tarii
272 5426 437 5499 juris,
462 5442 571 5480 non
611 5425 968 5489 investiturre,
1019 5437 1121 5477 nec
1158 5421 1445 5490 cujuslibet
1471 5431 1708 5491 potesta-

126 5523 216 5585 tis,
238 5522 357 5590 q’ua:
379 5517 616 5572 libertati
642 5525 696 5571 et
718 5514 886 5585 quieti
916 5514 1145 5568 fratrum
1168 5522 1381 5581 noceat,
1409 5512 1705 5568 vindicare.

124 5614 401 5674 Chrisma,
441 5610 617 5665 oleum
651 5616 925 5670 sanctum,
959 5606 1403 5661 consecratioues
1431 5605 1706 5669 altarium,

128 5710 243 5763 sive
273 5704 643 5766 basilicarum,
686 5701 1054 5757 ordinationes
1085 5700 1493 5763 monachorum,
1521 5698 1611 5768 qui
1642 5698 1707 5749 ad

129 5812 314 5854 sacros
341 5796 559 5851 ordines
587 5792 784 5847 fuerint
819 5772 1196 5861 proutbvcndi,
1240 5790 1304 5844 ah
1338 5789 1612 5861 episcopo,
1656 5788 1706 5841 in

1757 535 2191 588 communionem
2236 527 2540 605 apostolica:
2591 539 2737 593 sedis
2780 539 3053 603 habuerit,
3117 540 3218 594 etsi
3268 556 3331 594 ea

1757 626 1953 697 gratis,
1978 642 2043 682 ac
2071 628 2189 683 sine
2217 630 2485 699 pravitate
2514 630 2746 686 voluerit
2779 632 3063 696 exhibere,
3096 631 3332 700 alioquin

1760 717 1918 772 liceat
1962 718 2115 774 vobis
2156 720 2523 789 catholicum,
2586 737 2747 792 quem
2796 721 3132 786 malueritis,
3184 722 3335 776 adire

1759 810 2082 875 antistitem,
2127 820 2181 864 et
2224 810 2292 865 ab
2338 827 2403 867 eo
2457 813 2931 867 consecrationum
2992 821 3334 867 sacramenta

1760 901 2065 971 suscipere,
2111 903 2205 973 qui
2255 903 2565 972 apostolicae
2603 904 2746 959 sedis
2780 903 2944 958 fultus
2989 903 3334 961 auctoritate,

1761 992 1903 1060 quod
1944 991 2273 1061 postulatur,
2330 993 2625 1064 indulgeat.
2676 993 2919 1049 Obeunte
2959 1002 3011 1048 te
3043 1009 3185 1047 nunc
3224 991 3339 1061 ejus

1764 1083 1866 1138 loci
1890 1084 2108 1149 abbate,
2131 1084 2219 1140 vel
2242 1093 2453 1140 tuorum
2478 1086 2720 1155 quolibet
2740 1101 3140 1150 successorum,
3163 1083 3339 1139 nullus

1765 1174 1835 1228 ibi
1865 1173 2108 1243 qualibet
2146 1176 2516 1246 subreptionis
2545 1176 2742 1231 astutia
2773 1192 2867 1232 seu
2900 1175 3152 1231 violentia
3208 1190 3341 1244 prae-

1764 1274 2015 1334 ponatur,
2054 1266 2156 1322 nisi
2203 1283 2363 1337 quem
2398 1268 2593 1323 fratres
2629 1267 2901 1323 communi
2935 1282 3221 1329 consensu,
3257 1263 3339 1318 vel

1765 1361 1995 1416 fratrum
2043 1378 2168 1432 pars
2197 1362 2406 1417 consilii
2441 1360 2676 1417 sanioris
2719 1359 3013 1416 secundum
3057 1357 3148 1411 Dei
3190 1356 3345 1409 timu-

1770 1467 1904 1519 rem,
1928 1463 1983 1507 et
2006 1453 2069 1506 D.
2097 1451 2372 1507 Benedicti
2406 1451 2643 1522 regulam
2676 1449 2956 1523 elegerint.
2981 1449 3060 1503 Ad
3084 1445 3343 1515 judicium

1767 1552 1947 1597 autem
1997 1552 2265 1612 perceptae
2303 1557 2334 1596 a
2372 1542 2615 1595 Romana
2665 1540 2906 1595 Ecclesia
2946 1537 3214 1594 libertatis
3261 1535 3347 1588 Bi-

1768 1633 2008 1687 zantium
2048 1649 2274 1689 aureum
2317 1632 2542 1703 singulis
2573 1631 2728 1685 annis
2758 1628 3107 1685 Lateranensi
3146 1625 3347 1697 palatio

1770 1725 2111 1795 persolvetis.

1700 1802 1745 1857 Β
1846 1820 1903 1874 Si
1944 1835 2051 1890 qua
2099 1820 2263 1891 igitur
2310 1818 2685 1874 ecclesiastica
2733 1815 3075 1873 saecularisve
3116 1828 3353 1885 persona

1771 1910 1912 1965 hanc
1942 1917 2140 1963 nostra:
2166 1907 2569 1964 constitutionis
2617 1908 2863 1978 paginam
2911 1904 3111 1968 sciens,
3163 1909 3349 1957 contra

1772 2015 1893 2056 eam
1944 2010 2150 2056 temere
2207 2000 2393 2054 venire
2446 1999 2776 2062 tentaverit,
2829 1996 3067 2050 secundo
3127 1991 3353 2045 tertiove

1773 2092 2122 2154 Commonita,
2142 2091 2186 2146 si
2212 2106 2271 2146 se
2294 2105 2400 2146 non
2423 2089 2799 2145 satisfactione
2832 2101 3071 2158 congrua
3087 2083 3347 2139 emenda-

1772 2183 1936 2247 verit,
1990 2181 2279 2251 potestatis
2329 2179 2660 2248 honorisque
2709 2179 2791 2232 sui
2837 2176 3101 2247 dignitate
3148 2179 3353 2234 careat,

1774 2291 2033 2345 reamque
2080 2290 2140 2329 se
2183 2274 2366 2329 divino
2404 2272 2611 2343 judicio
2650 2270 2894 2325 existere
2938 2268 3004 2323 de
3046 2272 3361 2337 perpetrata

1777 2373 2065 2442 iniquitate
2114 2383 2425 2443 cognoscat,
2461 2380 2516 2424 et
2556 2386 2585 2423 a
2623 2364 3001 2423 sacratissimo
3033 2372 3260 2428 corpore
3296 2372 3359 2409 ac

1776 2465 2037 2535 sanguine
2083 2464 2178 2519 Dei
2227 2472 2283 2517 et
2330 2460 2544 2517 Domini
2594 2454 2952 2526 redemptoris
3013 2448 3180 2505 nostri
3231 2446 3362 2502 .Iesn
3432 2502 3435 2505 ,

1778 2557 1978 2613 Christi
2004 2558 2181 2612 aliena
2208 2557 2322 2621 ﬁat,
2353 2564 2518 2623 atque
2549 2553 2601 2606 in
2632 2547 2862 2606 extremi
2886 2543 3076 2617 judicii
3109 2538 3361 2595 examino

1779 2652 2041 2706 districta:
2090 2648 2283 2704 ultioni
2334 2644 2631 2715 subiaceat.
2686 2640 2909 2697 Cunctis
2956 2643 3137 2690 autem
3186 2632 3359 2686 eidem

1784 2742 1903 2796 loco
1928 2741 2075 2811 justa
2123 2737 2496 2803 servantibus,
2534 2738 2605 2789 sit
2634 2750 2734 2804 pax
2784 2728 2993 2785 Domini
3029 2723 3194 2779 nostri
3235 2720 3361 2776 .Iesu

1781 2834 2006 2900 Christi,
2031 2841 2301 2903 quatenus
2330 2838 2387 2886 et
2422 2829 2511 2884 hic
2552 2829 2788 2881 fructum
2823 2822 2947 2878 boni
2992 2829 3147 2873 actus
3183 2815 3360 2885 perci-

1782 2929 1957 2999 piant,
2006 2938 2059 2983 et
2107 2926 2248 2997 apud
2280 2924 2584 2979 districtum
2627 2920 2863 2992 judicent
2898 2913 3118 2987 praemia
3147 2920 3363 2966 aeterna:

1785 3020 1934 3090 pacis
1962 3019 2257 3073 inveniant.
2297 3018 2491 3081 Amen,
2523 3028 2703 3076 amen,
2733 3027 2912 3065 amen.

1860 3109 2072 3181 Scripta
2132 3123 2229 3180 per
2272 3122 2492 3163 manum
2540 3104 2721 3170 Petri,
2778 3100 3048 3157 scriniarii
3097 3097 3235 3153 sacri
3277 3111 3368 3164 pa-

1788 3201 1921 3256 Ialii.

1863 3295 1993 3348 Data
2018 3291 2271 3347 Laterani
2305 3306 2361 3345 Ill
2399 3289 2581 3345 Nonas
2613 3287 2814 3357 Aprilis
2844 3300 2941 3355 per
2967 3298 3186 3338 manum
3208 3278 3371 3334 Joan-

1790 3386 1904 3452 nis,
1946 3393 2150 3440 sanetae
2194 3384 2456 3437 Romanae
2504 3380 2760 3436 Ecclesiae
2802 3375 3015 3433 diaconi
3057 3370 3369 3433 cardinalis,

1788 3493 1933 3531 anno
1995 3475 2289 3531 Dominica:
2338 3472 2733 3528 Incarnationis
2796 3468 2962 3532 1098;
3026 3463 3372 3536 pontiﬁcatus

1790 3582 1919 3620 vero
1961 3565 2142 3622 domui
2177 3564 2382 3620 Urbani
2411 3563 2451 3617 ll
2484 3578 2633 3633 papae
2660 3578 2735 3615 χι.

2416 3654 2745 3715 CCXXXIV.

1956 3750 2115 3807 Bulla
2156 3750 2357 3807 Urbani
2404 3749 2465 3804 II
2497 3766 2590 3819 pro
2625 3746 2863 3803 Ecclesia
2896 3740 3207 3814 Urgellensi.

2387 3842 2565 3912 (Anno
2600 3837 2782 3908 1098.)

1887 3935 2127 4007 [ΜΑῐιεΑ,
2155 3934 2339 3988 Mai-ca
2369 3932 2682 4003 Ilispanica,
2714 3926 2987 4000 Append.,
3014 3942 3068 3996 p.
3097 3921 3285 3993 1207.}

1869 4027 2119 4082 Uneasus
2149 4027 2462 4096 episcopus,
2504 4040 2693 4079 servus
2724 4034 3004 4077 servorum
3029 4017 3145 4085 Dei,
3182 4015 3379 4071 dilecto

1797 4119 1949 4175 fratri
1979 4119 2173 4183 ODONI,
2202 4118 2503 4190 Urgellensi
2538 4118 2813 4188 episcopo,
2839 4114 3065 4185 ejusque
3095 4124 3369 4166 successo-

1799 4215 1948 4269 ribus
1973 4213 2236 4269 canonice
2266 4211 2647 4283 promovendis
2675 4209 2728 4263 in
2754 4215 3073 4278 perpetuum

1867 4306 2038 4363 Justis
2070 4306 2213 4362 votis
2238 4319 2519 4360 assensum
2544 4300 3067 4375 pneberejustisque
3092 4291 3365 4365 petitioni-

1801 4400 1901 4455 bus
1949 4414 2111 4454 aures
2153 4396 2566 4453 accommodare
2619 4408 2720 4447 nos
2755 4389 3027 4452 convenit,
3080 4385 3191 4455 qui,
3246 4383 3376 4437 licet

1727 4525 1774 4586 ο
1804 4492 2027 4561 indigni,
2054 4489 2280 4561 iustitiae
2309 4489 2565 4544 custodes
2594 4496 2758 4556 atque
2781 4494 3058 4586 praecones
3088 4480 3139 4532 in
3168 4474 3378 4586 egcclszl

1805 4582 2174 4654 apostolorum
2215 4580 2520 4651 principum
2564 4576 2709 4633 Petri
2754 4584 2808 4629 et
2844 4571 2991 4628 Pauli
3040 4566 3255 4639 specula
3284 4581 3380 4634 po-

1804 4673 1894 4728 siti
1964 4672 2196 4727 Domino
2256 4672 2576 4741 disponente
2633 4667 2879 4722 videntur
2938 4662 3192 4717 existere.
3253 4655 3382 4711 Tuis

1807 4769 1988 4841 igitur,
2024 4766 2193 4821 frater
2228 4766 2282 4820 in
2312 4764 2531 4820 Christo
2560 4760 2886 4831 ,charissime
2918 4755 3054 4819 Odo,
3092 4751 3254 4841 justifs
3293 4765 3383 4841 pe-

1807 4839 2089 4912 titionibus
2134 4864 2435 4911 annuentes
2457 4894 2471 4917 ,
2514 4840 2761 4917 sanetam
2794 4845 3165 4920 Urgellcnsem
3197 4839 3384 4894 Ecclee

1806 4952 1942 5007 siam
1965 4991 1979 5014 ,
2029 4949 2115 5004 cui
2152 4961 2372 5004 auctore
2423 4946 2532 5002 Deo
2568 4942 2855 5016 praesides,
2902 4935 3208 5011 apostolicae
3244 4930 3388 4989 sedis

1809 5044 2134 5099 auctoritate
2190 5042 2483 5097 munimus.
2527 5036 2830 5095 Statuimus
2860 5032 3003 5089 enim
3046 5038 3103 5083 ut
3136 5026 3385 5083 universa

1807 5152 1927 5207 quae
1970 5136 2119 5206 juste
2173 5135 2240 5189 ad
2289 5131 2533 5188 eamdem
2586 5127 2881 5191 Ecclesiam
2933 5122 3047 5178 sive
3092 5114 3386 5207 parochiali

1811 5206 1926 5286 sive
1978 5225 2341 5298 proprietario
2392 5221 2514 5291 jure
2576 5217 2847 5289 pertinere
2911 5219 3232 5271 noscuntur,
3292 5206 3395 5259 tibi.

1813 5322 2028 5391 tuisque
2098 5314 2509 5374 successoribus
2568 5311 2741 5365 libera
2794 5320 3010 5375 semper
3070 5313 3127 5357 et
3185 5298 3387 5391 illibata

1811 5389 2121 5473 serventur,
2150 5408 2357 5463 scilicet
2390 5400 2773 5459 Cerdaniensis
2799 5412 2995 5468 pagus,
3022 5389 3387 5450 Libianensis,

1810 5503 2252 5579 Bergitanensis,
2298 5496 2663 5559 Paliarensis,
2708 5489 3149 5550 Ribacurcensis,
3199 5484 3387 5539 Gesta-

1810 5576 2036 5663 biensis,
2068 5592 2439 5656 Cordosensis,
2472 5588 2817 5651 Anabiensis,
2864 5580 3183 5644 Tirbiensis,
3228 5585 3281 5630 et
3313 5576 3412 5669 Ιθ-⁸

1813 5707 1937 5749 cum
1969 5689 2185 5746 Sanctae
2230 5685 2481 5741 Deodatae
2522 5698 2642 5737 cum
2674 5679 2871 5734 ﬁnibus
2896 5677 3030 5739 suis,
3058 5682 3298 5729 castrum
3325 5666 3391 5719 de

1815 5787 2015 5841 Gisona
2060 5793 2184 5836 cum
2228 5776 2478 5835 erunibus
2534 5772 2779 5830 terminis
2832 5770 2984 5835 suis,
3038 5775 3275 5820 castru'n
3327 5756 3391 5813 de

1711 3167 1752 3224 C
