3888 6322
624 237 730 293 503

624 354 830 408 Lancra
860 369 979 409 cum
1019 357 1216 413 ﬁnibus
1242 361 1387 427 suis,
1421 371 1658 418 castrum
1689 363 1915 423 Celsona
1946 379 1998 424 et
2027 373 2198 428 ccclc-
2229 381 2272 438 Λ

620 447 701 500 sia
746 445 924 501 Beat-.e
967 446 1149 503 Maria:
1195 450 1435 509 Celsona:
1479 470 1603 510 cum
1647 459 1899 516 omnibus
1947 462 2046 517 sibi
2078 479 2200 534 per-

619 534 942 604 tinentibus,
973 545 1212 593 castrum
1243 542 1430 612 Aguda
1463 545 1529 600 de
1559 546 1826 604 Vallearia
1849 566 1970 606 cum
2002 553 2197 610 ﬁnibus

615 624 748 687 suis,
784 632 1024 680 castrum
1055 627 1214 684 Clusa
1255 648 1377 687 cum
1417 635 1614 691 ﬁnibus
1645 638 1775 705 suis,
1826 650 2064 696 rastrum
2108 644 2196 698 Fi-

612 713 794 783 gerola
819 722 873 770 et
894 715 1172 775 Fontaned
1195 736 1317 777 cum
1340 727 1592 782 omnibus
1615 743 1799 784 eorum
1827 733 2192 800 pertinentiis,

609 813 845 858 castrum
861 803 1120 875 Perarua,
1137 819 1372 866 castrum
1389 814 1611 880 Sallcnt,
1631 819 1816 873 etvilla
1835 819 2192 901 Mqutaniocel

607 893 748 949 etde
769 893 990 952 Cubilar
1017 914 1137 955 cum
1162 901 1360 960 ﬁnibus
1385 921 1591 976 earum,
1610 918 1847 965 castrum
1870 897 2190 971 Corneliana

604 1002 728 1042 cum
757 990 1004 1048 terminis
1031 995 1162 1061 suis,
1192 1007 1245 1050 et
1281 998 1402 1053 \illa
1432 999 1635 1056 Tossen
1671 1017 1790 1058 cum
1830 1005 2026 1062 ﬁnibus
2055 1009 2186 1073 suis,

603 1089 846 1135 castrum
885 1082 1074 1139 Turris
1104 1095 1157 1141 et
1185 1088 1307 1143 villa
1333 1090 1618 1159 Biscaran,
1661 1105 1716 1150 et
1757 1097 1878 1152 villa
1919 1099 2188 1154 Archavel

1937 256 1994 310 Β.
2035 259 2284 314 CRBA.“
2327 264 2363 317 ll
2404 265 2602 320 l’AP/E
3685 297 3750 357 5C3

2937 386 3240 446 CCXXXV.

2303 471 2316 482 '
2349 464 2594 556 Uﬁbquu's
2627 471 2909 553 Latzuulfo,
2943 482 3219 556 prrrposito
3257 485 3472 556 ecclesia:
3511 489 3751 556 SJmiroa'.’

2372 535 2809 607 illediolaneusis,
2835 535 3026 627 :asserit
3052 535 3084 601 ἰ
3114 552 3298 627 altaris
3332 559 3528 626 majoris
3560 535 3752 627 obturat-li

2371 616 2416 697 et
2455 620 2760 697 cp'te'rorurn
2793 615 3042 671 altarium
3071 638 3202 697 (μιαί
3218 624 3360 678 intra
3398 615 3585 697 parietes
3605 615 3752 695 «cui?

2369 677 2433 732 Β.
2459 679 2727 736 Ambrosii
2754 693 2951 740 statuta
2977 677 3098 743 sun?
3126 691 3202 745 vel
3225 677 3563 753 statuanturZI;

2893 780 3072 852 (Anno
3100 784 3283 856 £098.)

2297 853 2566 927 IGIULINI,
2607 861 2860 922 Memoria
2905 869 3458 956 diullilaria_.‘h‘lilano
3498 879 3624 953 l760,
3655 888 3753 956 in-t-,

2878 948 2918 993 t.
2947 939 3037 1008 ιν,
3068 959 3119 1012 ρ.
3148 945 3303 1019 542.]

2902 1049 3232 1110 CCXXXVI.

2289 1128 2446 1184 Bulla
2475 1132 2677 1191 Urbani
2705 1137 2769 1217 ll
2783 1157 2940 1217 papa;
2967 1160 3063 1217 pro
3094 1152 3410 1205 ntonaslerio
3439 1153 3551 1209 Iesu
3582 1157 3755 1217 Nummi

603 1185 725 1224 cum
747 1186 932 1226 carum
961 1177 1321 1247 pertinentiis,
1345 1190 1398 1234 et
1425 1183 1615 1240 vallem
1641 1185 1886 1242 Andorra
1915 1205 2038 1244 cum
2067 1206 2184 1245 om-

602 1261 764 1316 nibus
793 1263 990 1321 ﬁnibus
1032 1268 1171 1334 suis,
1219 1281 1456 1327 castrum
1492 1275 1612 1330 Divi
1653 1277 1892 1346 Matrici,
1943 1292 2185 1338 castrum

601 1352 902 1422 Colomcrs,
928 1368 1165 1416 castrum
1197 1363 1416 1431 Sarred,
1449 1380 1688 1425 castrum
1711 1373 1916 1438 Arnoll,
1945 1385 2182 1431 caSIrum

595 1445 867 1516 Arcbalis,
901 1466 1024 1505 cum
1055 1455 1308 1512 omnibus
1337 1474 1524 1515 eorum
1556 1465 1915 1531 pertinentiis,
1958 1477 2012 1521 et
2058 1468 2179 1522 villa

600 1534 780 1601 Saort,
819 1548 872 1593 et
900 1540 1024 1595 villa
1063 1541 1403 1616 Languancs,
1437 1559 1490 1604 et
1519 1552 1639 1606 villa
1668 1555 2030 1626 Aquatepida,
2056 1557 2180 1614 Cal-

596 1624 869 1684 biciniano
915 1641 968 1685 et
1005 1632 1225 1703 Feners,
1253 1649 1304 1693 et
1346 1643 1444 1694 sub
1475 1653 1657 1699 monte
1685 1656 1738 1700 ct
1771 1647 1951 1714 Alass,
1985 1649 2173 1716 Lcton,

2748 1209 2976 1280 (Montis
3011 1215 3413 1291 Aragonensia.)

2890 1305 3068 1374 (Anno
3117 1310 3303 1381 1098.)

2288 1381 2508 1452 [Δὶ-ΝΞΛ,
2549 1386 2889 1482 Ιτίιηιιαεὲοη,
2919 1399 3276 1482 cape/fficias,
3308 1409 3577 1482 grandaeua
3612 1430 3636 1482 y
3668 1433 3755 1470 rm;

2586 1464 2927 1519 memorables
2961 1467 3026 1522 de
3060 1464 3384 1544 Iluascufp.
3411 1478 3547 1551 455]

2357 1544 2608 1604 Unasaus
2659 1552 2979 1624 episc0pus,
3009 1572 3198 1616 servus
3244 1578 3513 1622 servorum
3555 1571 3650 1638 Dei,
3680 1581 3753 1630 τω.
3842 1577 3843 1632 i

2285 1635 2500 1692 rissirno
2531 1638 2642 1694 ﬁlio
2671 1640 2907 1700 Exnnso
2935 1651 3254 1720 prmposito,
3285 1664 3340 1710 et
3371 1661 3560 1715 caeteris
3586 1665 3752 1720 intrita.
3842 1667 3843 1720 ξ

596 1715 913 1788 Clopedera,
959 1722 1084 1790 Ges,
1141 1725 1391 1798 Sat-diue,
1441 1735 1614 1791 amba:
1662 1737 1969 1807 Nocolonae,
2017 1743 2175 1798 ambo
2211 1737 2251 1794 Β
2281 1729 2820 1829 canonicis-Domini
2868 1741 3044 1794 nostri
3084 1741 3212 1799 Jesu
3265 1746 3519 1807 Nazareni
3558 1768 3752 1829 eorumque

596 1805 858 1829 D----I-_,
979 1814 1029 1829 οη
1319 1822 1330 1829 .
1388 1822 1413 1829 Α
1521 1826 1531 1829 -
1632 1827 1640 1829 -

594 1805 890 1877 Boxedcra,
943 1814 1120 1870 villam
1159 1822 1332 1876 sancti
1385 1822 1667 1894 Stephani,
1719 1838 1774 1884 et
1830 1831 1953 1884 villa
2008 1833 2175 1901 ipsius

592 1899 734 1954 sedis
762 1901 1108 1973 Urgellensis,
1143 1927 1265 1966 cum
1304 1917 1557 1974 omnibus
1583 1935 1770 1975 earum
1807 1926 2167 1992 pertinentiis.

591 1990 643 2043 In
673 1993 973 2052 Ausonensi
1007 2005 1262 2068 parochia
1301 2019 1537 2064 castrum
1566 2012 1632 2066 de
1662 2013 1950 2089 anizella,
1980 2021 2173 2074 castel-

587 2079 691 2135 lcto
740 2086 929 2142 subtus
978 2089 1254 2160 Mcnrcsa,
1301 2098 1451 2155 salvo
1501 2105 1797 2172 parochiali
1831 2105 1956 2175 jure
1997 2110 2172 2166 Ausa-

587 2176 768 2229 nensis
833 2180 1086 2252 episcopi.
1137 2186 1535 2249 Conﬁrmatnus
1593 2197 1758 2252 etiam
1814 2200 1907 2255 tibi
1957 2203 2170 2274 tuisque

587 2272 992 2328 successoribus
1037 2277 1247 2332 tertiam
1297 2295 1502 2348 partem
1548 2286 1745 2343 telonei
1795 2290 1908 2346 sive
1947 2297 2167 2350 mercati

587 2356 638 2408 in
679 2361 929 2416 omnibus
969 2363 1098 2422 locis
1136 2370 1203 2423 ad
1239 2381 1477 2428 vestrum
1528 2377 1856 2450 episcopium
1897 2386 2166 2452 pertinen-

585 2447 760 2517 tibus,
793 2455 1062 2521 primitias
1095 2475 1310 2529 quoque
1347 2480 1411 2520 ac
1448 2467 1685 2526 decimas
1736 2476 2030 2530 secundum
2075 2495 2166 2533 ca-

583 2541 809 2600 nonicas
839 2551 1146 2607 sanctiones
1163 2554 1585 2615 distribuendas.
1612 2563 1878 2634 Quidquid
1902 2580 2160 2638 praeterea

581 2631 1066 2702 imprtesentiarum
1105 2658 1284 2702 vestra
1319 2650 1558 2708 Ecclesia
1579 2655 1724 2723 juste
1755 2661 2017 2728 possidet,
2047 2664 2161 2718 sive

580 2725 633 2779 in
687 2725 925 2786 futurum
968 2733 1116 2801 juste
1163 2748 1322 2810 atque
1368 2748 1629 2802 canonice
1670 2751 1867 2818 poterit
1911 2754 2152 2826 adipisci,

581 2815 673 2870 tibi
704 2819 916 2892 tuisque
947 2831 1350 2888 successoribus
1381 2836 1596 2892 ﬁrmum
1624 2854 1835 2910 semper
1864 2843 2157 2915 integraru-

575 2923 682 2976 que
729 2925 1061 2979 permaneat.
1107 2921 1189 2975 Ad
1235 2923 1348 2980 haec
1402 2927 1716 2997 adjicientes
1761 2935 2050 2992 statuimus
2097 2950 2155 2994 ut

575 3001 844 3066 parochim
871 3014 1062 3063 vestrae
1106 3010 1286 3068 clerici
1338 3015 1534 3074 [tullius
1570 3023 1846 3078 saecularis
1872 3031 2153 3095 potestatis

2282 1824 2688 1880 successoribus
2715 1825 2766 1880 in
2796 1842 3141 1901 perpetuum,
3172 1847 3281 1893 etc.

2350 1909 2446 1976 (Es
2471 1929 2532 1965 su
2563 1914 2756 1970 data...
2799 1918 3046 1977 Laterani
3075 1942 3175 1995 per
3204 1944 3426 1987 manum
3471 1935 3665 2006 Joannis,
3681 1959 3752 1995 sai-

2278 2008 2379 2054 ctae
2418 2000 2678 2061 Romanae
2724 2008 2981 2067 Ecclesia:
3026 2016 3242 2074 diaconi
3273 2023 3568 2089 cardinalis,
3593 2045 3633 2083 tv
3652 2030 3752 2086 Nonis

2275 2090 2432 2159 llaii,
2480 2093 2775 2155 indictione
2822 2117 2914 2170 vr,
2957 2105 3359 2169 lncarnationis
3398 2117 3750 2178 Dominicaanm

2277 2181 2440 2244 16⁵99,
2491 2189 2840 2254 pontiﬁcatus
2885 2204 3064 2252 autem
3115 2201 3306 2259 domui
3362 2207 3546 2264 Urbani
3592 2213 3622 2266 Il
3662 2232 3750 2284 papa

2271 2288 2412 2329 anno
2443 2293 2518 2332 ΧΙ.

2885 2397 3238 2460 CCXXXVII.

2269 2473 2469 2572 Erga";
2508 2481 2723 2572 epistol!
2754 2487 2823 2572 qd
2852 2486 3085 2569 .Petrum
3115 2495 3398 2572 Oscensem
3438 2519 3688 2572 εξριδεορκπιη
3711 2539 3744 2547 -

2339 2546 2618 2630 Oscense»:
2657 2551 2947 2612 Ecclesium
2978 2577 3134 2632 caput
3176 2566 3422 2626 lacernis
3448 2546 3651 2629 Ecclei’ie
3675 2594 3745 2629 cori-

2333 2627 2524 2674 stituit.

2856 2721 3034 2791 (Anno
3073 2727 3262 2801 1098.)

2650 2807 2868 2880 illius“
2899 2813 3101 2873 Coucil.
3139 2819 3238 2876 XX
3263 2865 3278 2890 ,
3309 2826 3430 2880 702.

2332 2892 2582 2952 Uansuus
2608 2901 2922 2974 episcopus,
2940 2922 3133 2967 servus
3162 2929 3444 2974 servorum
3470 2922 3568 2985 Dei,
3595 2938 3739 2977 venen-

2259 2982 2350 3037 bili
2380 2983 2532 3042 fratri
2557 2989 2764 3059 Pereo,
2791 2995 3014 3055 Oscensi
3042 3003 3327 3078 episcopo,
3363 3010 3564 3083 ejusque
3597 3030 3739 3068 succes-

572 3091 998 3153 clistrictionibus
1054 3103 1410 3172 addicantur,
1475 3112 1568 3165 sed
1621 3113 1775 3183 juxta
1840 3127 2150 3176 sanctorum
2181 3097 2222 3154 ς·
2257 3077 2471 3183 *°'§'.'.’"s
2498 3095 2756 3183 03%ch
2784 3095 3168 3183 [ironioyend's
3209 3115 3263 3152 m
3294 3115 3584 3172 perpewum

571 3195 838 3240 canonum
893 3187 1138 3245 instituta
1191 3195 1482 3269 episcopali
1537 3217 1752 3271 semper
1797 3206 1908 3260 sint
1950 3209 2148 3265 subditi

567 3270 884 3341 disciplinae.
919 3277 975 3333 Si
1014 3282 1136 3351 quis
1180 3300 1311 3340 sane
1349 3289 1400 3342 in
1444 3295 1741 3348 crastinum
1789 3297 2149 3368 archiepisco-

565 3375 694 3429 pus,
742 3365 1048 3437 imperator,
1086 3389 1199 3439 rex,
1247 3379 1522 3452 princeps,
1569 3393 1662 3438 aut
1692 3385 1832 3454 dux,
1882 3392 2144 3459 marchiu,

563 3471 764 3525 comes,
811 3461 1113 3522 vicecomes
1137 3509 1151 3532 ,
1179 3469 1342 3539 judex
1374 3483 1465 3528 aut
1495 3477 1862 3536 ecclesiastica
1895 3485 2145 3554 qua-libet

561 3549 902 3608 azecularisve
930 3570 1184 3625 persona,
1219 3563 1356 3620 hanc
1386 3577 1582 3624 nostra:
1624 3575 2023 3632 constitutionis
2051 3595 2142 3646 pa-

561 3636 740 3700 ginam
773 3642 973 3710 sciens,
1003 3660 1193 3704 contra
1222 3668 1341 3712 eam
1382 3665 1584 3711 tetncre
1617 3664 1800 3718 venire
1829 3669 2138 3731 tentavcrit,

560 3728 795 3794 secundo
823 3733 1046 3790 tertiove
1069 3745 1425 3810 commonita,
1452 3748 1494 3800 si
1524 3765 1582 3804 se
1619 3768 1725 3807 non
1770 3757 2139 3815 satisfactione

559 3836 795 3891 congrua
833 3832 1223 3901 emendaverit,
1255 3844 1537 3907 potestatis
1582 3847 1911 3921 honorisque
1944 3854 2024 3906 sui
2057 3855 2137 3909 di-

556 3913 762 3980 gnitate
809 3930 1017 3988 careat,
1049 3939 1304 3997 reamque
1336 3945 1394 3985 se
1430 3933 1612 3989 divino
1652 3935 1858 4004 judicio
1903 3942 2135 4010 existere

556 4005 621 4058 tle
643 4017 953 4077 perpetrata
982 4013 1263 4084 iniquitate
1285 4033 1602 4093 cognoscat,
1621 4038 1675 4081 et
1706 4043 1734 4082 a
1765 4032 2132 4088 sacratissimo

552 4111 779 4166 corpore
817 4115 882 4156 ac
921 4107 1185 4176 sanguine
1215 4111 1306 4167 Dei
1354 4124 1409 4169 et
1455 4115 1664 4173 Domini
1709 4123 1877 4176 nostri
1921 4127 2131 4181 redem-

550 4187 722 4259 ptoris
765 4189 891 4245 Jesu
930 4193 1130 4252 Christi
1180 4199 1356 4257 aliena
1407 4205 1534 4269 ﬁat,
1584 4218 1747 4278 atque
1785 4213 1837 4267 in
1885 4227 2130 4274 extremo

548 4281 797 4336 cxarnine
827 4285 1088 4344 districta:
1136 4292 1322 4350 ultioni
1363 4298 1656 4370 suhjaceat.
1688 4304 1910 4362 Cunctis
1948 4320 2126 4366 autem

545 4370 719 4424 «idem
755 4373 874 4429 loco
899 4376 1045 4444 justa
1096 4386 1440 4444 servantibus
1467 4391 1538 4445 sit
1564 4407 1664 4462 pax
1708 4395 1919 4452 Domini
1952 4404 2120 4456 nostri

2327 3163 2763 3230 lliserationibus
2791 3175 3004 3235 Domini
3035 3184 3368 3257 multiplices
3389 3207 3417 3244 a
3447 3194 3579 3248 nobis
3603 3195 3737 3263 gratia—

2255 3271 2370 3310 rum
2415 3260 2683 3318 habentur
2726 3269 2996 3338 actiones,
3043 3277 3171 3345 quia
3218 3291 3343 3348 post
3384 3284 3537 3338 multa
3561 3300 3736 3337 annomm

2252 3351 2517 3406 curricula
2566 3359 2769 3415 nostris
2799 3362 3138 3427 potissimum
3184 3377 3512 3443 temporibus
3536 3378 3737 3433 Christiani

2247 3441 2424 3510 populi
2473 3460 2755 3513 pressuras
2803 3455 3069 3525 relevare,
3113 3461 3278 3520 ﬁdem
3316 3469 3544 3524 exaltare
3570 3472 3737 3542 dignatus

2248 3541 2350 3586 est.
2379 3533 2592 3592 Nostris
2613 3540 2882 3610 siquidem
2916 3550 3104 3608 diebus
3135 3555 3188 3608 in
3218 3559 3356 3614 Asia
3390 3562 3589 3626 Turcos,
3614 3533 3651 3616 in
3672 3560 3735 3615 Eu-

2247 3641 2377 3694 ropa
2426 3627 2642 3686 Mauros
2689 3633 3121 3699 Christianorum
3159 3649 3373 3707 viribus
3417 3655 3674 3718 debellavit,
3702 3661 3731 3703 et

2245 3719 2407 3776 nrbes
2444 3725 2712 3791 quondam
2743 3727 2979 3787 famosas
3013 3735 3296 3807 religionis
3331 3759 3440 3797 suae
3467 3745 3606 3798 cultui
3625 3744 3731 3813 gratia

2243 3813 2592 3879 propensiore
2649 3819 2906 3876 restituit.
2958 3824 3105 3882 Inter
3158 3846 3301 3900 quas
3365 3835 3548 3891 Oscam
3591 3851 3730 3907 quoque

2241 3901 2566 3967 pontiﬁcalis
2597 3907 2867 3964 cathedrae
2895 3914 3082 3970 urbem
3117 3917 3511 3979 Saracenorum
3538 3923 3730 3995 tyrannide

2239 3988 2545 4058 liberatam,
2577 3997 2888 4056 charissimi
2938 4001 3032 4058 ﬁlii
3069 4011 3240 4064 nostri
3291 4013 3432 4070 Petri
3461 4014 3728 4086 Aragonensis

2241 4081 2382 4151 regis
2411 4084 2669 4142 instantia
2719 4091 3000 4150 catholica:
3038 4114 3149 4153 sua:
3197 4101 3454 4160 Ecclesiae
3483 4104 3725 4161 reformavit

2239 4171 2476 4242 Equum
2509 4178 2674 4249 igitur
2703 4181 2819 4238 fore
2861 4190 3248 4257 perpendimus
3282 4207 3341 4251 ut
3374 4207 3429 4252 et
3451 4214 3540 4254 nos
3560 4197 3726 4264 omnipo-

2237 4267 2400 4323 tentis
2440 4269 2533 4324 Dei
2577 4273 2968 4346 benignitatem
3013 4281 3130 4352 ipso
3178 4289 3725 4355 prmstanteliberalitatc

2231 4370 2434 4416 sanctae
2461 4364 2606 4421 sedis
2633 4372 2944 4437 apostolica)
2972 4390 3367 4447 prosequamur
3385 4424 3400 4448 ,
3423 4392 3474 4439 et
3512 4384 3584 4438 cui
3609 4379 3724 4434 Iunili-

544 4460 668 4516 Jesu
701 4463 926 4534 Christi,
959 4484 1229 4541 quatenus
1256 4488 1308 4534 et
1339 4481 1425 4537 hic
1452 4449 1684 4542 truc-tum
1719 4490 1871 4547 bona:
1898 4495 2126 4553 actionis
2161 4463 2205 4517 Β
2233 4449 2358 4553 “'c'
2393 4466 2741 4514 miseratione
2779 4477 2892 4530 Ipse
2927 4464 3047 4521 “del
3077 4483 3189 4523 sum
3225 4473 3457 4528 mddldn
3478 4473 3720 4530 “herum,

541 4557 888 4626 percipiant,
959 4573 1013 4618 et
1065 4569 1206 4636 apud
1268 4571 1570 4632 districtum
1619 4577 1853 4647 judicem
1904 4591 2123 4657 praemia

540 4654 756 4703 aeterna:
787 4653 936 4720 pacis
967 4654 1265 4716 inveniant.

610 4735 884 4811 Scriptum
935 4760 1032 4815 per
1081 4765 1274 4808 manus
1316 4753 1570 4827 Joannis,
1621 4774 1821 4821 sanctae
1872 4769 2121 4827 Eccles’a:

536 4822 792 4885 Romamn
839 4836 1137 4907 scriniarii,
1185 4841 1522 4906 Constantini
1575 4853 1689 4919 lilii,
1743 4857 1792 4910 in
1845 4875 2028 4916 mense
2067 4873 2119 4918 et

536 4915 828 4978 indictione
856 4927 1183 5001 subscripta.

608 5009 800 5068 Datum
847 5015 1098 5077 Laterani
1128 5041 1224 5094 per
1254 5044 1473 5085 manum
1503 5033 1747 5104 Joannis,
1779 5053 1978 5099 sancta:
2013 5046 2115 5099 lto-

1129 5085 1144 5094 _
1779 5085 1978 5099 suum...
2013 5085 2112 5099 ..υ-

469 5085 474 5090 ’
534 5114 708 5156 manu:
745 5104 1004 5167 Ecclesia}
1052 5115 1264 5174 diaconi
1317 5125 1627 5192 cardinalis,
1681 5146 1772 5185 vtn
1806 5133 1925 5188 ΗίΙὸ
1953 5136 2112 5207 Apri-

531 5187 636 5254 lis,
699 5193 992 5257 indictione
1047 5223 1134 5279 vr,
1183 5226 1327 5266 anno
1386 5215 1680 5274 Dominica:
1724 5221 2112 5285 lncarnationis

529 5281 703 5349 1098,
755 5291 1102 5358 pontiﬁcatus
1153 5314 1332 5363 autem
1374 5309 1577 5368 domini
1632 5315 1837 5374 Urbani
1888 5281 2106 5382 secundi

527 5388 678 5452 papa:
708 5396 784 5438 χι.

2232 4551 2287 4598 et
2339 4559 2438 4600 nos
2495 4563 2708 4619 quoque
2759 4554 3109 4614 restituamus
3157 4564 3480 4634 episcopalis
3529 4562 3721 4619 cathedra

2228 4635 2568 4706 dignitatem.
2612 4641 2903 4702 Praesentis
2928 4663 3060 4720 ergo
3089 4653 3293 4710 decreti
3343 4657 3625 4712 auctoritate
3653 4663 3719 4706 su-

2227 4726 2431 4783 tuimus
2464 4740 2520 4784 ut
2553 4734 2740 4788 eadem
2772 4733 3026 4794 Oscitana
3058 4744 3312 4811 ecclesia,
3345 4748 3499 4802 totius
3524 4741 3718 4817 pamchix

2222 4833 2342 4887 quae
2398 4837 2541 4877 nunc
2586 4823 2829 4883 Jacceusi
2881 4829 3137 4890 Ecclesia:
3164 4839 3378 4892 subdita
3422 4833 3715 4903 est,etipsi'~%5

2221 4907 2496 4968 Jaccensis
2525 4914 2800 4984 Ecclesiae,
2834 4931 2995 4991 caput
3033 4926 3288 4998 deinceps
3328 4930 3617 5001 temporibus
3634 4939 3713 4994 pcr-

2221 5002 2396 5069 petuis
2426 5003 2711 5062 habeatur.
2742 5008 2918 5066 Locus
2966 5025 3146 5071 autem
3185 5019 3495 5089 episcopalis
3518 5014 3712 5074 cathedra

2219 5088 2271 5142 in
2320 5091 2508 5161 majori
2559 5095 2646 5149 illa
2687 5100 2912 5156 mezcita
2943 5115 3214 5172 servetur,
3243 5124 3404 5177 quam
3436 5106 3592 5164 Sancii

2216 5181 2358 5236 dono
2422 5185 2818 5246 Saracenorum
2886 5199 3218 5265 temporibus
3277 5201 3512 5256 canonici
3558 5189 3704 5252 Delliini

2214 5276 2383 5328 nostri
2406 5275 2531 5331 .lesu
2563 5280 2762 5335 Christi
2793 5284 3057 5343 Nazareni
3083 5293 3447 5358 possederant,
3471 5291 3550 5346 scd
3570 5289 3704 5342 Petrus

2211 5364 2329 5431 cjus
2381 5369 2520 5424 ﬁlius
2552 5388 2642 5425 rex
2678 5383 2781 5431 tua:
2825 5377 3154 5437 fraternitati
3199 5393 3351 5454 capta
3389 5385 3580 5439 civitate
3616 5393 3702 5433 con-

2211 5458 2404 5521 cessit;
2457 5461 2611 5528 cujus
2661 5465 2824 5520 ctiam
2870 5469 3010 5524 dona
3060 5482 3250 5529 caatera
3305 5485 3487 5530 vestrae
3524 5465 3700 5526 cedesis

2211 5544 2425 5611 collata,
2461 5565 2565 5602 non
2594 5556 2878 5620 praesentis
2905 5559 3108 5617 decreti
3134 5565 3446 5618 auctoritate
3470 5564 3692 5618 ﬁrmamus»

2209 5644 2262 5688 et
2295 5637 2543 5694 universa
2576 5645 2795 5712 pranlia,
2828 5650 2941 5703 sive
2986 5657 3366 5720 possessiones,
3398 5664 3480 5709 aut
3519 5648 3694 5742 redditas

2210 5727 2549 5801 vectigalium
2607 5751 2698 5790 seu
2749 5738 3099 5808 tributorum,
3149 5763 3262 5816 quae
3307 5749 3447 5802 bona:
3487 5748 3689 5799 tnenzorla't‘
