3888 6322
614 313 715 368 507

1913 291 1972 368 Β.
2011 314 2170 371 unut

2299 314 2337 369 ll
2364 313 2444 368 PA
2455 308 2562 368 ΡίΕ
3667 323 3730 382 508

691 429 878 482 Datum
926 426 1132 483 Salerni
1179 442 1272 496 per
1313 443 1502 482 manus
1566 428 1787 494 uanuis,
1839 439 2038 483 sancta:
2078 429 2188 483 Ro-
2219 438 2264 493 Α
2295 428 2463 482 nostri
2495 425 2758 497 Gregorii,
2785 424 2852 480 ob
2874 427 3182 496 petitionem
3212 426 3522 484 nihilominus
3544 439 3623 485 tam
3642 446 3728 490 tuam

617 535 794 576 mana
832 520 1088 574 Ecclesiae
1141 519 1379 586 diaconi,
1437 521 1594 574 tertio
1629 518 1806 574 Nonas
1850 520 2002 584 Julii,
2051 521 2186 574 indi-

589 610 819 665 ctionis
869 609 1152 680 septima,
1203 624 1349 665 anno
1395 611 1740 681 pontificatus
1797 611 1968 666 nostri
2022 611 2191 666 unde-

613 701 776 757 cimo.

1281 836 1458 891 CCXL
1469 878 1482 890 .

610 943 872 1021 Alpheae,
900 949 1287 1021 archiepiscopo
1326 938 1684 1021 Salernitrma,
1722 953 1935 1021 ejusque
1982 969 2184 1005 succos.

679 1017 884 1090 scribus
915 1018 1278 1090 Arlterontina:
1331 1031 1376 1073 et
1427 1017 1757 1090 Gousetttimé
1793 1017 2182 1090 provinciarum

678 1087 963 1155 primatum
989 1089 1194 1152 asserit,
1229 1101 1430 1156 petente
1471 1089 1693 1160 Rogert’o
1714 1087 1864 1147 duce.

1205 1183 1380 1252 (Anno
1406 1182 1586 1252 l098.)

907 1269 1192 1344 ilioneus,
1224 1272 1385 1327 Italia
1415 1291 1589 1341 sacra,
1615 1273 1723 1338 γη,
1747 1274 1900 1348 595.]

677 1379 932 1437 Unnnnus
958 1383 1260 1453 cpiscopus,
1297 1400 1484 1441 servus
1507 1402 1785 1442 servorum
1816 1388 1930 1453 Dei,
1985 1387 2182 1462 dilecto

609 1471 761 1527 fratri
794 1473 1064 1538 ALPHANO,
1100 1475 1443 1533 Saleruitano
1467 1480 2182 1552 arcltiepiscnporejnusqne

605 1567 1007 1622 successoribus
1075 1569 1332 1624 canonice
1410 1572 1792 1640 promovendis
1866 1573 1918 1626 in
1989 1588 2181 1644 perpe-

606 1664 777 1709 ιυιιιη.
1256 1671 1261 1676 ’

676 1745 960 1818 Singulare
1019 1766 1233 1821 semper
1277 1753 1420 1808 sedis
1468 1754 1777 1825 apostolica
1837 1756 2173 1828 privilegium
2207 1772 2250 1831 Β
2280 1787 2332 1842 in

601 1831 1086 1906 claruitsuhjeetas
1116 1840 1213 1894 sibi
1234 1856 1332 1911 per
1351 1843 1536 1897 orbem
1573 1851 1839 1898 terrarum
1876 1845 2172 1913 Eeclesias,

595 1936 654 1983 et
690 1929 1015 1986 auctoritate
1054 1931 1360 2002 disponere,
1411 1943 1467 1988 et
1494 1933 1827 2005 benignitate
1857 1935 2175 1993 clementius

597 2021 903 2080 confovere.
944 2024 1148 2092 Quibus
1171 2035 1350 2082 autem
1379 2041 1628 2096 superna
1658 2026 1954 2097 maiestatis
1989 2029 2177 2101 digna-

597 2113 673 2166 tio
695 2114 882 2184 gratia
934 2131 1046 2170 sua
1075 2116 1371 2185 pleniorem
1403 2119 1632 2173 contulit
1679 2118 2000 2188 largitatem,
2058 2120 2172 2191 ipsa

593 2205 758 2259 etiam
794 2208 1074 2262 consuevit
1099 2208 1534 2266 excellentiorem
1566 2211 1911 2266 contribuere
1945 2211 2174 2280 dignita-

599 2303 727 2348 tem.
761 2297 912 2352 Unde
936 2313 1040 2352 non
1070 2298 1342 2355 immerito
1397 2301 1728 2356 astimamus
1759 2302 2172 2358 'Saleruitanam

596 2387 948 2458 amplioribus
972 2399 1167 2446 nostrae
1189 2391 1540 2461 benignitatis
1569 2394 1884 2450 muneribus
1905 2396 2175 2451 honoran-

597 2478 742 2544 datn,
780 2494 940 2549 quam
963 2481 1304 2552 omnipotens
1347 2482 1610 2540 Dominus
1663 2486 1876 2541 eximiae
1917 2502 2028 2543 sua
2079 2488 2174 2543 do-

595 2571 831 2627 nationis
876 2574 1228 2648 prarogativa
1261 2591 1357 2645 per
1411 2568 1836 2632 misericordiam
1880 2579 2172 2650 gratuitam

595 2663 927 2718 sublimavit.
955 2664 1032 2719 Ex
1057 2665 1368 2721 novissimis
1391 2682 1624 2735 namque
1657 2677 1921 2724 terrarum
1976 2669 2174 2726 ﬁnibus

595 2752 653 2806 Β.
695 2753 930 2809 Matthai
968 2755 1196 2824 apostoli
1228 2763 1283 2810 et
1319 2755 1666 2827 evangelista
1693 2774 1891 2828 corpus
1919 2759 1986 2814 ad
2031 2759 2170 2814 hanc

596 2849 819 2914 deferri,
844 2851 984 2920 apud
1017 2850 1156 2906 hanc
1178 2850 1365 2907 haberi
1388 2845 1807 2907 dementissima
1831 2841 1941 2907 sua
1991 2852 2174 2922 dispo-

594 2941 807 2996 sitionis
837 2943 1147 3014 dignatione
1178 2943 1453 3012 permisit;
1485 2944 1639 3014 cujus
1686 2944 1891 2998 scilicet
1941 2943 2170 3013 apostoli

595 3040 792 3098 quanta
825 3031 896 3086 sit
941 3032 993 3085 in
1021 3032 1131 3086 Deo
1151 3041 1202 3087 et
1230 3032 1470 3088 Ecclesia
1502 3034 1685 3104 gloria
1711 3033 2031 3092 excellentia
2060 3034 2171 3090 col-

595 3119 829 3174 laturum
854 3120 1111 3177 divinitus
1142 3138 1426 3178 munerum
1451 3125 1624 3194 gratia
1650 3124 1917 3179 cumulata
1947 3123 2169 3180 demon-

598 3220 725 3266 trat.
756 3212 852 3268 llic
875 3213 1016 3269 enim
1037 3215 1240 3285 primus
1264 3217 1406 3271 inter
1427 3228 1653 3272 cateros
1679 3216 1951 3286 Evangelii
1977 3217 2170 3272 seriem

593 3305 833 3360 scribere
881 3306 1231 3375 inspiratione
1285 3308 1464 3364 divina
1509 3323 1736 3364 exorsus
1793 3318 1894 3364 est.
1947 3310 2045 3364 llic
2119 3311 2171 3364 in

593 3395 762 3450 divini
809 3398 1034 3454 seminis
1064 3397 1242 3454 fructu
1278 3399 1439 3454 trium
1467 3400 1718 3455 ordinum
1754 3416 2009 3454 coronam
2039 3416 2170 3456 cen-

595 3488 842 3544 tesimam
870 3490 1220 3561 singulariter
1244 3494 1554 3563 reportavit,
1589 3501 1648 3547 ut
1675 3494 1836 3549 simul
1872 3493 2169 3563 apostolus,

591 3580 920 3649 evangelista
970 3593 1023 3636 et
1065 3592 1272 3654 martyr
1323 3585 1600 3639 existeret.
1652 3583 1864 3651 Adjecit
1912 3584 1980 3639 ad
2056 3585 2172 3640 hac

593 3669 934 3744 omnipotens
973 3672 1230 3728 Dominus
1257 3683 1316 3728 ut
1365 3675 1614 3730 eamdem
1643 3674 1940 3730 Ecclesium
1971 3673 2175 3746 glorio-

594 3764 1421 3834 sorummartyrum,Fortunati,
1438 3766 1553 3821 Gaii
1577 3775 1629 3821 et
1649 3768 1854 3822 Anthes
1881 3768 2169 3836 triumphis

596 3850 757 3904 simul
794 3861 846 3906 ct
870 3853 1186 3922 corporibus
1208 3855 1798 3926 honoraret.Apposuit
1824 3858 1987 3913 etiam
2023 3858 2168 3914 tertii

597 3941 1215 4018 tuuneris‘claritatem,
1273 3952 1331 4000 ut
1383 3960 1523 4012 eam,
1572 3949 1774 4002 nostris
1819 3949 2169 4027 temporibus,

594 4032 845 4105 Gregorii
898 4035 1206 4105 apostolica
1236 4039 1509 4094 memoria
1545 4054 1697 4111 papa
1723 4039 1818 4096 VII
1849 4051 1956 4096 tant
1979 4041 2170 4099 exsilio

593 4139 757 4193 quam
788 4125 995 4182 tumulo
1040 4125 1356 4184 illustraret.
1385 4127 1552 4198 Cujus
1579 4145 1741 4206 quam
1781 4132 1996 4202 egregia
2034 4133 2166 4200 vita,

594 4227 756 4282 quam
784 4215 1040 4285 praeclara
1074 4217 1345 4284 doctrina,
1392 4235 1554 4289 quam
1585 4221 1830 4275 miranda
1861 4223 2167 4278 constantia

595 4304 778 4374 fuerit,
793 4305 1035 4363 Romana
1060 4308 1298 4366 Ecclesia
1317 4310 1864 4381 pradicat,0ccidens
1885 4314 2167 4370 universus

593 4396 860 4465 agnoscit,
887 4381 1236 4468 tyrannorum
1258 4401 1556 4470 pertinacia
1614 4401 1840 4458 tolerata
1872 4414 1927 4458 et
1947 4404 2166 4459 concul-

2270 529 2451 586 'quam
2476 517 2778 572 charissitni
2810 517 2901 571 ﬁlii
2923 518 3092 582 nostri
3109 517 3255 573 ducis
3277 517 3580 590 Rogerii,qui
3597 538 3731 595 semper

2290 608 2602 678 apostolica
2652 610 2766 664 sedi
2827 609 3057 663 ﬁdeliter
3108 610 3387 664 obsecutus
3435 620 3538 676 est,
3573 625 3732 670 veterum

2288 698 2452 752 etiam
2519 698 2774 754 Ecclesia
2833 709 3029 754 vestra
3084 699 3468 769 privilegiorum
3529 705 3733 760 rationibus

2289 787 2600 854 informati,
2651 789 2788 854 tibi,
2844 789 3100 859 deinceps
3159 791 3366 860 tuisque
3418 797 3731 856 successoribus.

2287 891 2452 945 super
2488 875 2791 931 Consanam
2845 887 2901 931 et
2966 878 3385 933 Acheruntinatn
3439 880 3672 947 Ecclesias,
3703 901 3734 941 tl

2285 981 2473 1021 earum
2503 967 2874 1039 suffraganeos
2898 970 3189 1039 primatum
3236 985 3416 1041 gerere
3449 987 3504 1025 ex
3524 977 3732 1044 apostolica:

2285 1059 2427 1114 sedis
2443 1058 2762 1115 liberalitate
2783 1061 3146 1132 concedimus.
3171 1059 3280 1116 Has
3303 1061 3528 1115 nimirum
3540 1062 3730 1125 Ecclesia,

2283 1149 2400 1204 sive
2427 1150 2677 1205 civitates
2707 1150 2964 1206 Ecclesia
3000 1135 3194 1206 vestra
3230 1151 3494 1221 privilegia
3531 1155 3730 1219 continent,

2285 1249 2541 1312 tanquam
2573 1250 2769 1297 vestra
2801 1243 3087 1313 metropoli
3119 1243 3246 1297 olim
3279 1257 3340 1296 ex
3371 1245 3735 1314 apostoligunu'is

2283 1334 2633 1389 concessione
2661 1333 2952 1402 subiectas.
2981 1335 3434 1405 Voranus-ipsa,
3448 1350 3536 1403 qua
3559 1337 3736 1391 nescimus

2283 1425 3142 1495 rationgﬁpaﬂei‘digriitatem,
3157 1437 3212 1480 et
3241 1426 3603 1496 privilegiorum
3624 1438 3736 1480 aucte

2285 1517 2503 1570 ritatem
2551 1516 2842 1587 praeteritis
2913 1517 3251 1588 temporibus
3306 1531 3334 1581 ξι
3383 1517 3499 1573 Sede
3543 1519 3736 1587 apostolici

2283 1618 2621 1665 meruerunt.

2354 1698 2555 1752 Verum
2604 1698 2730 1767 quia
2777 1700 3242 1770 pradeeessornm
3289 1708 3566 1755 nostrorum
3610 1708 3736 1756 statuta

2339 1788 2595 1843 convulsa
2619 1798 2676 1843 et
2708 1789 3028 1845 intemerata
3080 1804 3304 1845 orauere
3329 1791 3564 1860 cupimus,
3588 1792 3647 1846 eis
3667 1790 3736 1859 qui-

2277 1878 2396 1931 dem
2425 1877 2656 1947 propria
2715 1877 2997 1948 dignitatis
3045 1879 3278 1950 gratiam
3323 1891 3739 1949 conservamus,t

2274 1965 2720 2037 archiepiscopali
2752 1967 2959 2024 honore
2993 1984 3059 2024 ac
3087 1969 3312 2024 nomine
3329 1970 3590 2040 potiantur.
3603 1971 3735 2028 Vestra

2274 2071 2405 2111 vero
2459 2057 2715 2114 Ecclesia
2757 2074 2980 2115 suorum
3025 2061 3426 2132 privilegiorum
3477 2062 3734 2133 integritatem

2274 2143 2378 2200 hoc
2399 2146 2591 2202 ordine
2620 2147 2978 2204 restituimus.
2999 2148 3276 2221 Quidquid
3305 2150 3463 2221 igitur
3495 2151 3734 2216 reverentia,

2273 2237 2537 2307 quidquid
2607 2239 2960 2310 subjectionis
3041 2243 3372 2311 primatibus
3435 2242 3736 2313 persolvendntl

2274 2342 2552 2383 sacrorum
2579 2342 2850 2384 canonum
2867 2330 3082 2386 decreta
3106 2332 3456 2396 constituunt,
3471 2333 3550 2387 tibi
3569 2331 3736 2399 deincep

2276 2419 2490 2488 tuisque
2520 2421 2928 2476 successoribus
2962 2421 3225 2492 legitimis
3249 2439 3280 2478 a
3301 2423 3549 2489 Consano,
3570 2433 3612 2477 et
3628 2423 3737 2476 Ache-

2274 2509 2494 2563 runtino
2517 2509 2950 2581 archiepiscopo
2977 2512 3341 2582 persolvatur.
3385 2513 3512 2580 Quin
3555 2513 3674 2567 etiam
3697 2527 3736 2565 et

2274 2599 2609 2655 abundantia
2664 2603 2856 2671 gratia
2901 2603 3162 2673 plenioris
3218 2603 3516 2673 adjicitnus,
3557 2603 3736 2657 utetiam

2274 2701 2540 2758 prasente
2583 2691 2840 2747 Romana
2891 2693 3072 2765 legato
3119 2695 3381 2751 Ecclesia
3421 2695 3470 2750 in
3507 2693 3734 2764 supradictis

2274 2780 2483 2837 duabus
2535 2783 2970 2853 metropolitanis
2995 2785 3246 2852 urbibus,
3303 2801 3423 2841 eum
3476 2794 3554 2839 tuo
3583 2797 3734 2850 seper.

2274 2881 2367 2924 aut
2433 2887 2812 2930 successorum
2859 2883 3072 2931 tuorum
3151 2877 3383 2932 consilio
3450 2874 3735 2944 archiepiscopi

2274 2959 2584 3032 eligantur,
2639 2979 2761 3018 cum
2803 2965 3002 3020 vestris
3049 2965 3217 3020 etiam
3263 2966 3482 3030 litteris,
3531 2971 3604 3018 aut
3631 2959 3734 3014 nuntii

2275 3053 2631 3118 consecrandi
2677 3055 2746 3108 ad
2789 3055 2970 3110 sedem
3019 3057 3374 3126 apostolicam
3419 3056 3677 3125 dirigantur,
3705 3058 3734 3102 et

2197 3129 2240 3190 C
2274 3143 2404 3199 item
2437 3145 2534 3214 ipsi
2552 3146 2617 3200 ad
2649 3161 3027 3202 successorum
3055 3158 3271 3204 tuorum
3288 3149 3577 3204 electionem
3598 3143 3725 3198 nihilo-

2277 3233 2460 3289 minus
2493 3238 2848 3292 advoceutur.
2892 3237 3019 3294 Post
3053 3242 3508 3296 consecrationem
3547 3230 3732 3295 vero.tc|

2273 3326 2494 3396 pallium
2520 3330 2588 3383 ab
2612 3328 2906 3399 apostolica
2933 3331 3062 3387 sede
3097 3343 3444 3402 perceptum,
3489 3330 3566 3384 tibi
3603 3327 3736 3393 tuisque

2273 3419 2701 3482 successoribus,
2746 3429 3004 3491 tanquam
3055 3422 3296 3492 primati,
3328 3420 3634 3476 obedientiam
3662 3428 3735 3484 pre

2273 3508 2494 3562 mittant
2517 3518 2573 3564 et
2599 3510 2912 3576 exhibeant,
2943 3511 3091 3566 salva
3137 3512 3191 3567 in
3220 3514 3490 3579 omnibus,
3532 3506 3731 3566 secundum

2272 3598 2562 3654 canonicas
2585 3601 2911 3669 sanctiones,
2944 3601 3203 3658 Romana
3227 3604 3531 3657 auctoritate
3553 3595 3732 3658 Ecclesil’.

2274 3687 2512 3757 ipsarum
2540 3689 2706 3744 etiam
2760 3691 2974 3745 urbium
3015 3691 3319 3763 privilegiis
3368 3693 3519 3746 robur
3549 3685 3731 3758 propritim

2272 3779 2666 3836 obtinentibus.
2709 3780 2933 3852 Oportet
2989 3783 3155 3854 igitur
3199 3795 3256 3838 et
3301 3799 3397 3838 vos
3439 3779 3732 3852 propensiorem

2271 3873 2523 3942 deinceps
2553 3874 2862 3943 apostolica
2886 3875 2998 3930 sedi
3028 3877 3372 3932 devotionem
3401 3886 3452 3930 et
3475 3870 3731 3928 obedientiam

2270 3960 2550 4028 exhibere,
2573 3962 2687 4033 ejus
2715 3962 2770 4018 in
2797 3963 3048 4020 omnibus
3093 3965 3314 4020 decreta
3343 3962 3586 4018 efﬁcacius
3615 3957 3733 4013 obser-

2269 4063 2422 4116 vare,
2465 4061 2523 4105 ut
2560 4061 2762 4121 quanto
2790 4068 2885 4122 per
2904 4067 3022 4109 eam
3046 4054 3208 4109 altius
3229 4069 3390 4124 supra
3417 4061 3607 4108 cateros
3639 4041 3735 4100 subi?

2269 4141 2513 4202 mamini,
2551 4149 2701 4197 tanto
2729 4143 2778 4197 ei
2802 4143 3087 4204 humilius,
3116 4152 3171 4198 et
3197 4143 3378 4199 cordis
3428 4139 3670 4198 atl‘ectione,
3703 4138 3732 4180 εί

2268 4228 2447 4297 operis
2463 4230 2795 4285 exhibitione
2824 4231 3206 4300 subjiciamini.
3223 4234 3399 4288 Vitam
3420 4231 3563 4286 etiam
3581 4231 3732 4278 vesta

2271 4331 2327 4374 ct
2368 4336 2548 4376 mores
2573 4321 2876 4378 sollicitiori
2912 4323 3130 4392 expedit
3155 4324 3400 4379 custodia
3441 4314 3734 4375 moderari.‘ll

2268 4410 2360 4480 qui
2403 4410 2630 4465 aliorum
2653 4412 2864 4482 judices
2911 4413 3167 4485 eligimini
3195 4456 3211 4480 ,
3262 4411 3586 4480 vosmetipsos
3641 4401 3731 4472 ρπίυδ

592 4497 715 4540 cata
746 4494 994 4542 testatur.
1025 4488 1134 4544 Nec
1172 4490 1302 4545 illud
1327 4500 1582 4562 tauquam
1612 4481 1807 4563 ingrati
1829 4495 2168 4563 praterimus
2200 4499 2244 4554 D
2269 4505 2566 4557 secundum
2607 4504 2849 4576 Apostoli
2873 4481 3197 4560 sententiam
3222 4504 3512 4562 districtius
3539 4492 3725 4567 iudicetis

592 4577 758 4645 quod,
783 4577 923 4633 inter
945 4580 1287 4636 umltimodas
1324 4584 1466 4637 sedis
1493 4584 1799 4653 apostolica
1829 4587 2162 4655 persecutio-

593 4684 729 4735 nes,
799 4686 938 4740 quas
993 4673 1195 4728 nostris
1252 4659 1582 4744 temporibus
1638 4676 1860 4746 pertulit
1921 4677 2128 4733 Ecclesi

591 4761 805 4826 eadem,
828 4763 1340 4834 gloriosissimorum
1364 4767 1560 4823 ducum
1580 4767 1800 4824 Roberti
1831 4777 1886 4823 et
1911 4769 2006 4824 ﬁlii
2048 4767 2166 4848 eju.’

595 4851 806 4923 ltogerii
835 4856 1407 4923 devotione,acstudio
1431 4859 1657 4915 ﬁliorum
1684 4860 1825 4915 sedis
1837 4859 2162 4930 apostolicae,

594 4959 977 5016 nonnunquam
1007 4948 1173 5002 etiam
1205 4951 1375 5020 nostri
1430 4950 1599 5020 ipsius
1630 4950 1842 5021 requies
1888 4949 1942 5005 et
1979 4959 2165 5021 portus

595 5021 713 5084 l'uit.
743 5032 874 5088 Cum
898 5035 1080 5106 igitur,
1096 5052 1190 5106 per
1212 5039 1598 5108 omnipotentis
1621 5040 1713 5094 Dei
1737 5041 1994 5108 gratiam,
2021 5041 2165 5096 sedis

595 5117 1104 5192 apostolica,‘licet
1153 5129 1356 5200 indigni
1386 5169 1402 5194 ,
1445 5130 1815 5184 moderamina
1863 5139 2164 5197 tenuamus,

597 5213 762 5267 tantis
790 5216 982 5273 divina
1030 5221 1218 5289 gratia
1246 5221 1525 5277 beneﬁciis
1551 5230 1606 5276 et
1642 5231 1836 5278 vestra
1866 5224 2166 5290 devotionis

594 5302 805 5368 ofﬁciis,
828 5321 924 5374 per
943 5311 1224 5366 sententia
1257 5311 1516 5365 Romana:
1563 5311 1820 5367 Ecclesia
1859 5313 2162 5369 liberalita-

595 5405 751 5463 tem,
817 5403 1246 5457 concurrendum
1308 5414 1365 5460 et
1424 5405 1858 5474 respondendum
1917 5406 2164 5462 arbitrati

593 5479 821 5557 sumus,
875 5491 945 5547 ob
991 5496 1348 5550 reverentiam
1401 5497 1668 5568 siquidem
1717 5497 1774 5553 S.
1829 5508 1882 5554 et
1922 5493 2171 5570 gloriosa

592 5598 917 5655 semperque
958 5586 1196 5656 Virginis
1256 5589 1348 5642 Dei
1397 5591 1677 5660 genitricis
1736 5591 1958 5659 Maria,
2004 5603 2058 5648 et
2100 5591 2162 5647 Β.

591 5675 839 5743 apostoli,
871 5677 1215 5746 evangelista
1244 5693 1308 5733 ac
1362 5682 1615 5746 martyris
1670 5683 1926 5749 .llatthai,
1962 5685 2031 5738 ob
2074 5685 2165 5739 dc-

591 5767 860 5826 vmioncm
918 5769 1353 5828 revereutlissitni
1404 5772 1576 5828 l’alris
1635 5792 1694 5830 ac
1752 5775 2164 5846 [tradi-cessaris

2268 4589 2577 4646 Ilandatum
2609 4593 2822 4648 Domini
2857 4594 2975 4666 sine
2999 4595 3229 4659 macula,
3262 4604 3318 4650 et
3365 4576 3729 4662 irrcprcbeusibile

2266 4697 2600 4750 conservato,
2635 4696 2696 4742 ut
2725 4703 2847 4742 cum
2887 4690 3199 4758 apparuerit
3236 4689 3488 4756 Princeps
3521 4687 3728 4752 pastorum.

2266 4776 2575 4846 percipiatis
2596 4777 3096 4832 immarcessibilem
3115 4777 3298 4848 gloria
3322 4787 3570 4831 coronam.
3589 4765 3726 4820 Fnlt‘r-

2269 4867 2492 4922 nitatcm
2549 4875 2788 4922 vestram
2837 4882 3073 4938 superna
3121 4867 3363 4938 dignatio
3421 4878 3509 4934 per
3558 4863 3720 4921 temPO”

2270 4957 2436 5010 multa
2455 4971 2778 5012 conservare
2802 4957 3054 5028 dignetur
3069 4957 3408 5013 incolumem.
3423 4953 3473 5008 Si
3495 4948 3594 5020 quis
3610 4950 3726 4997 autem

2268 5049 2408 5104 hanc
2435 5057 2634 5104 nostra
2665 5049 3069 5104 constitutionis
3115 5048 3362 5120 paginam
3412 5044 3568 5099 sciens
3605 5039 3728 5089 conm

2267 5123 2386 5194 cam
2413 5148 2614 5196 temere
2640 5139 2823 5195 venire
2847 5149 2934 5196 ten
2944 5139 3157 5205 laverit,
3177 5139 3408 5196 secundo
3429 5132 3616 5190 tertiove

2268 5231 2525 5296 monitus,
2554 5230 2597 5285 si
2615 5245 2792 5285 senon
2811 5229 3181 5286 satisfactione
3197 5241 3426 5299 congrua
3438 5213 3725 5280 emendaveril.

2267 5320 2552 5390 potestatis
2574 5319 2903 5390 honorisque
2929 5320 3011 5374 sui
3059 5321 3317 5392 dignitate
3339 5321 3524 5373 careat,
3543 5305 3722 5401 remitti?

2267 5428 2327 5469 se
2355 5411 2760 5482 divino'judicio
2787 5413 3020 5468 existere
3073 5413 3139 5467 de
3189 5415 3482 5481 perpetrata
3531 5395 3724 5490 iniqui-ult?

2267 5516 2599 5577 cognoscat,
2673 5513 2838 5575 atque
2891 5505 2944 5559 in
2996 5513 3239 5560 extremo
3282 5499 3510 5558 examine
3547 5485 3721 5577 dismch

2268 5575 2458 5652 ultioni
2495 5594 2790 5662 subiaceat.
2839 5595 3291 5650 Conservantihus
3339 5598 3499 5645 autem
3540 5581 3625 5635 hac
3654 5575 3715 5636 fm

2268 5687 2476 5743 Domini
2513 5686 2680 5742 nostri
2708 5685 2834 5742 Jesu
2871 5685 3072 5742 Christi
3112 5695 3165 5742 ct
3193 5675 3529 5740 misericordia
3559 5669 3710 5772 (ξοηξξ

2270 5791 2457 5850 vetur,
2487 5789 2751 5853 quatenus
2782 5790 2832 5836 et
2868 5780 2951 5836 hic
2982 5778 3214 5836 fructum
3241 5779 3384 5834 bonrc
3411 5760 3602 5825 actionis
3634 5760 3710 5823 ρετ·
