3888 6322
23 350 151 411 509

22 560 196 627 pacis
220 558 519 619 inveniant.
544 562 738 628 Amen,
762 578 946 626 amen,
977 578 1157 617 amen.

108 653 183 714 5.
210 653 431 727 Parus,
460 659 518 714 S.
549 658 762 713 Paulus.
799 656 1050 714 Urbanus
1077 657 1179 712 PP.
1213 658 1271 711 ll.

113 751 321 806 Datum
336 749 545 806 Salerni
565 763 663 822 per
686 765 902 804 manum
927 747 1150 803 Joannis
1180 747 1236 802 S.
1266 747 1328 801 fl.
1348 746 1634 801 E.diaconi

24 842 372 908 cardinalis,
409 858 507 897 χιιι
535 842 655 897 Kal.
706 841 1172 913 Ang.,indictionc
1188 855 1259 903 vt,
1277 838 1398 909 [vn]
1422 839 1633 893 Inearn.

27 932 209 987 Dom.
235 935 394 991 lanno
429 933 587 1000 1099.
627 935 971 1004 pontiﬁcatus
1009 942 1190 989 autem
1247 933 1307 986 D.
1341 930 1544 987 Urbani
1594 929 1637 985 ll

28 1040 204 1094 papae
230 1043 311 1081 ιι.

735 1160 957 1217 CCXLI.

38 1273 382 1333 Urbanus”
411 1276 674 1333 Brunom’s
700 1288 745 1332 et
774 1273 1638 1346 Lanuiniieremitarum)‘posses-

116 1349 299 1403 siones
348 1365 619 1420 concessas
664 1366 712 1420 ar
741 1342 1045 1420 [llogerioj
1075 1345 1260 1398 comite
1308 1354 1352 1396 et
1389 1342 1595 1395 Joanne
1621 1381 1636 1406 ,

116 1420 366 1493 episcopo
394 1416 1064 1489 Scyllacensifcon’ﬁrmat.

661 1507 838 1575 (Anno
866 1503 1050 1573 1098.)

338 1595 629 1668 [licet-stu,
655 1596 819 1651 Italia
866 1612 1041 1661 sacra,
1090 1592 1184 1661 IX,
1229 1590 1381 1662 427.}

119 1706 380 1765 [laeuus
402 1708 708 1780 episcopus,
728 1704 926 1764 Servus
949 1720 1229 1761 servorum
1260 1704 1375 1769 Dei,
1429 1702 1641 1758 dilectis

43 1796 105 1852 in
145 1796 373 1854 Christo
400 1796 524 1853 ﬁliis
553 1798 789 1855 Baunom
813 1805 866 1853 et
893 1797 1146 1863 Lamum,
1173 1794 1400 1850 salutem
1430 1802 1485 1847 et
1509 1808 1637 1862 apo-

46 1887 305 1944 stolicam
328 1888 779 1946 benedictionem.

122 1980 267 2049 Quia
307 1982 475 2054 igitur
497 1982 670 2039 nostri
728 1981 891 2039 cilicii
939 1982 1169 2037 interest
1216 1991 1501 2035 servorum
1549 1975 1645 2030 Dei

46 2075 228 2145 quieti
264 2082 318 2131 et
349 2074 669 2141 commodis,
690 2083 852 2146 prout
890 2074 930 2130 ir
978 2072 1208 2128 Domino
1232 2067 1489 2141 possibile
1519 2066 1643 2132 erit,

46 2165 366 2235 providere,
392 2165 742 2236 petitionibus
765 2164 981 2230 vestris,
1010 2161 1104 2217 ﬁlii
1144 2161 1199 2215 in
1249 2158 1468 2215 Christo
1518 2155 1648 2211 cha-

47 2257 264 2313 rissimi
289 2273 352 2314 ac
390 2256 850 2323 reverendissimi,
883 2255 1178 2310 clementer
1208 2250 1515 2306 annuimus.
1541 2245 1648 2302 Per

46 2353 227 2423 hujus
256 2352 415 2421 igitur
440 2351 725 2424 apostolici
754 2349 1017 2421 privilegii
1044 2348 1299 2419 paginam
1350 2338 1646 2414 apostolica

45 2447 386 2502 auctoritate
424 2445 795 2513 concedimus,
830 2453 885 2501 et
910 2444 1118 2497 ﬁrmam
1142 2453 1198 2496 et
1222 2437 1469 2495 stabilem
1507 2446 1561 2490 et
1591 2435 1643 2488 in

45 2548 377 2609 perpetuum
407 2550 816 2609 permansuram
868 2532 1252 2590 conﬁrmamus
1301 2526 1646 2584 donationem

51 2640 332 2685 terrarum
361 2644 481 2701 quae
506 2629 659 2684 vobis
687 2628 827 2684 datm
852 2634 978 2681 sunt
1010 2626 1061 2678 in
1095 2620 1451 2693 Squillaccnsi
1490 2616 1649 2672 terri-

49 2724 225 2790 torio,
258 2732 313 2778 et
342 2723 664 2794 conscriptae
690 2730 745 2777 et
792 2704 1195 2781 determinataz,
1254 2725 1309 2770 et
1357 2713 1649 2783 designata:

50 2832 153 2887 per
181 2816 448 2872 terminos
471 2826 648 2870 certos
673 2830 702 2868 a
728 2814 1133 2877 dilectonostro
1168 2809 1279 2864 ﬁlio
1318 2807 1382 2860 Β.
1418 2804 1645 2867 Comite,

51 2915 111 2961 et
157 2903 371 2961 Joanne
433 2903 706 2959 confratrc
754 2912 941 2958 nostro
990 2897 1344 2970 Squillacensi
1395 2896 1649 2966 episcopo

51 2994 395 3051 concedente
431 3004 486 3049 ct
518 2993 894 3050 conﬁrmante.
947 2991 1209 3060 Quocirca
1252 2988 1506 3060 prtedieta
1556 3000 1651 3039 au-

54 3086 319 3141 ctoritate
347 3086 708 3156 praecipimus,
754 3084 1065 3148 statuimus,
1116 3092 1171 3137 et
1221 3095 1283 3136 ea
1331 3095 1451 3149 qua:
1496 3076 1649 3132 vobis

1211 353 1570 411 EPISTULA)
1611 354 1696 409 ET
1737 340 2161 413 rtttvttecm.’

21 467 275 536 cipiant,
298 474 353 522 et
373 468 517 537 apud
548 471 859 525 districtum
889 470 1133 526 Judiccm
1168 468 1388 538 prtemia
1419 477 1633 521 aeternae
1664 471 1706 525 Α

3206 352 3311 412 510

2342 516 2345 519 ν
2396 490 2639 547 CCXLII.

1739 600 1981 655 Urbanus
2041 615 2340 674 consecrato
2388 599 2649 657 Gerlando
2705 618 2940 674 epmcopo
2996 602 3124 671 ﬁnes
3165 602 3310 656 resti-

1985 684 2110 728 tuta:
2139 673 2369 728 ecclesia:
2398 673 2747 743 Agrigentian
2771 673 3064 742 conﬁrmat.

2337 765 2515 835 (Anno
2542 763 2722 834 1098.)

2131 854 2345 926 [Mnsn
2377 854 2578 909 Concil.
2616 854 2733 921 XX,
2769 854 2921 927 95L]

1813 949 2060 1004 Unnaaus
2097 950 2403 1019 episcopus,
2440 962 2629 1003 servus
2668 962 2943 1003 servorum
2975 946 3087 1012 Dei,
3120 945 3316 1000 dilecto

1740 1040 1892 1095 fratri
1922 1018 2232 1107 Gentanoo,
2263 1039 2616 1110 Agrigentino
2645 1038 2919 1108 episcopo,
2951 1037 3172 1108 ejusque
3197 1052 3317 1091 suc—
3406 1018 3407 1021 η

1706 1132 2049 1187 “ωεδοιρίι)ιιε
2088 1130 2348 1187 canonice
2379 1129 2756 1201 promovendis
2787 1129 2839 1182 in
2872 1135 3210 1197 perpetuum.

1810 1221 2205 1291 Omnip’mentis
2232 1219 2326 1275 Dei
2360 1218 2711 1288 dispositione
2746 1220 3025 1270 mutantur
3056 1225 3316 1284 tempora,

1740 1304 2143 1369 transferuntur
2168 1306 2659 1383 regnatam
2694 1306 2838 1378 quod
2874 1305 3051 1377 magni
3088 1303 3320 1359 nominis

1739 1403 1987 1459 nationes
2019 1402 2229 1475 dirutas
2259 1411 2314 1456 et
2338 1402 2643 1471 depressas,
2684 1398 2819 1452 viles
2849 1393 3323 1466 vero'atqeo—exi-

1740 1509 1872 1560 guas
1899 1483 2289 1563 nonnunquam
2314 1492 2544 1563 legimus
2573 1491 2868 1555 exaltatas;
2898 1488 3024 1543 hinc
3060 1495 3141 1542 est
3178 1484 3322 1555 quod

1740 1586 1793 1640 in
1823 1585 2144 1656 quibusdam
2171 1584 2482 1655 regionibus
2508 1581 2799 1638 Christiani
2826 1580 3063 1636 nominis
3088 1571 3324 1647 potesta-

1742 1684 1849 1731 tem
1900 1676 2237 1746 paganorum
2286 1673 2477 1729 feritas
2525 1672 2838 1742 occupavit,
2894 1671 2949 1726 in
3001 1667 3324 1740 quibusdam

1742 1768 1939 1825 iterum
1978 1782 2311 1838 paganorum
2344 1765 2687 1837 tyrannidem
2718 1763 3045 1819 Christianae
3069 1761 3325 1831 potentiae

1744 1860 1978 1931 dignitas
2006 1858 2367 1915 conculcavit.
2384 1857 2536 1913 Sicut
2554 1856 2758 1913 nostris
2775 1854 3103 1926 temporibus
3128 1852 3328 1922 glorio-

1744 1952 2081 2006 sissimorum
2123 1951 2426 2022 principum
2461 1948 2680 2004 Roberti
2708 1948 2862 2003 ducis
2898 1954 2956 2002 et
2978 1944 3194 2016 Rogerii
3236 1957 3327 1998 co-

1746 2043 1893 2098 mitis
1956 2041 2275 2098 fortitudine
2336 2055 2603 2112 supremae
2662 2038 2989 2111 dignationis
3032 2024 3329 2092 .miseratio

1744 2147 1961 2188 onmem
2007 2130 2409 2188 Saracenorum
2462 2130 2767 2187 molestiam
2816 2130 2869 2184 in
2918 2128 3103 2183 Sicilia
3155 2126 3326 2182 insula

1745 2226 2106 2296 expugnavit,
2153 2234 2209 2282 et
2255 2224 2537 2294 antiquum
2584 2222 2839 2278 Ecclesiae
2883 2229 3083 2277 sancta:
3129 2198 3330 2274 statum

1749 2333 1846 2389 pro
1879 2316 2173 2373 voluntatis
2221 2332 2333 2373 sua:
2380 2314 2719 2386 beneplacito
2767 2311 3129 2383 recuperavit.
3176 2310 3332 2366 Unde

1749 2420 1803 2466 et
1833 2410 2001 2480 ipsius
2034 2406 2291 2463 ineffabili
2338 2405 2723 2462 misericordiae
2768 2403 2974 2474 gratias
3014 2402 3245 2473 agimus,
3274 2407 3330 2456 et

1748 2502 1917 2572 ipsius
1940 2500 2170 2572 gratiam
2203 2513 2365 2569 super
2387 2497 2507 2553 illos
2564 2495 2813 2567 egregios
2850 2494 3067 2561 fratres,
3098 2493 3331 2546 alterum

1743 2593 1854 2663 jam
1892 2590 2230 2657 defunctum,
2266 2590 2497 2644 alterum
2540 2587 2657 2658 ipso
2695 2594 2947 2656 patrante
2986 2582 3332 2653 superstitem

1749 2681 2123 2752 itnploramus,
2151 2688 2205 2735 et
2233 2680 2300 2734 ad
2328 2678 2682 2735 ecclesiarum
2714 2690 2833 2746 qua:
2862 2675 2914 2728 in
2941 2673 3131 2741 eadem
3159 2669 3332 2726 insula

1749 2782 1905 2838 sunt,
1947 2771 2381 2834 restitutionem,
2436 2782 2534 2823 seu
2581 2766 2977 2821 ordinationem
3021 2777 3120 2833 pro
3162 2760 3332 2816 nostri

1749 2866 1907 2921 ofﬁcii
1938 2866 2118 2922 debito
2149 2859 2672 2917 anltelamus.Sicut
2703 2859 2865 2930 igitur
2894 2862 3163 2911 annuente
3220 2852 3332 2905 Deo

1750 2965 2068 3013 cat-terarum
2098 2954 2212 3024 jam
2246 2952 2534 3023 parochias
2569 2950 2954 3021 disposuimus,
2987 2948 3057 3001 ita
3090 2954 3145 2999 et
3172 2944 3332 3013 Agri-

1749 3050 1983 3121 gentinae
2018 3047 2269 3104 dimcesis
2316 3043 2601 3116 praesentis
2634 3042 2837 3099 decreti
2873 3038 3195 3094 auctoritate
3222 3036 3331 3090 dis-

57 3132 318 3141 ν-υ---κη
348 3132 708 3156 run-run".
754 3132 1065 3148 υν---η---η
1121 3132 1170 3137 -ν
1340 3132 1364 3149 τ
1412 3132 1443 3135 η

52 3190 327 3232 concessa
352 3184 504 3242 sunt,
532 3176 745 3232 licentia
773 3174 1145 3231 interdicimus
1172 3184 1223 3227 ut
1250 3189 1280 3226 a
1303 3171 1387 3226 dic
1413 3171 1465 3224 in
1488 3176 1646 3223 antea
1675 3170 1720 3233 C
1751 3149 2029 3219 Ρθηίιηυδῖ
2068 3146 2359 3202 sumimus
2406 3143 2593 3242 enim:
2633 3138 2954 3242 Cl'f‘rissfm‘f
2997 3135 3164 3242 “alii”
3199 3132 3335 3242 Fel”

51 3284 239 3338 neque
264 3268 451 3325 comiti
498 3269 625 3339 ipsi,
681 3284 855 3338 neque
909 3266 1071 3322 alicui
1118 3264 1389 3320 intercdutn
1431 3276 1650 3316 suorum

50 3361 434 3432 Supradictam
472 3370 712 3416 vestram
758 3358 1103 3414 donationem
1140 3363 1195 3411 et
1226 3356 1368 3409 hanc
1412 3360 1653 3408 nostram

50 3453 536 3508 confirmationem
567 3450 769 3506 violare
820 3449 907 3504 vel
936 3449 1219 3504 dearctare
1244 3447 1425 3501 liceat.
1469 3443 1656 3513 Neque

50 3547 127 3601 de
153 3546 245 3602 his
272 3561 393 3614 qua:
422 3545 809 3600 conﬁrmamus
838 3543 1020 3613 aliqua
1049 3556 1110 3596 re
1158 3538 1482 3596 intromittat
1532 3550 1657 3605 per-

49 3653 260 3693 sonam
290 3639 409 3695 sine
436 3648 619 3693 vestra
643 3636 940 3702 voluntate,
970 3642 1237 3705 quatenus
1268 3627 1657 3700 omnipotentis

47 3729 161 3784 Dei
195 3729 548 3800 speculationi
576 3729 848 3784 mentibus
868 3727 1055 3783 liberis
1075 3725 1360 3791 insistatis,
1384 3732 1439 3779 et
1462 3723 1527 3776 ad
1541 3719 1658 3789 ejus

47 3824 233 3880 faciei
290 3822 623 3879 dulcedinem
664 3823 780 3893 ipso
802 3828 1095 3891 praestante
1115 3814 1657 3889 pervenirevaleatis.

48 3915 117 3971 Si
151 3930 268 3987 qua
296 3928 427 3969 vero
445 3928 676 3984 persona
699 3919 793 3967 aut
818 3911 989 3967 haeres
1037 3908 1250 3965 comitis
1290 3906 1461 3975 ipsam
1490 3903 1660 3958 viola-

48 4011 231 4077 verit,
261 4008 368 4064 nisi
394 4009 460 4063 ad
482 4008 803 4079 condignam
828 4006 1033 4062 venerit
1061 4003 1507 4068 satisfactionem,
1534 4014 1657 4055 eum

47 4102 296 4157 honoris
327 4099 409 4156 vel
433 4099 588 4154 ofﬁcii
619 4099 701 4155 sui
732 4096 973 4170 periculo
993 4092 1272 4164 suhjacere
1294 4092 1659 4156 decernimus,

47 4204 112 4249 ct
142 4209 175 4247 a
202 4191 428 4248 Christo
457 4205 520 4245 ac
550 4188 811 4244 Ecclesia:
852 4200 1085 4257 corpore
1114 4191 1450 4256 segregatus,
1498 4189 1661 4250 atque

50 4284 112 4338 in
141 4291 361 4337 aeterno
385 4279 639 4335 examine
690 4277 937 4333 districte
980 4274 1255 4345 subjaceat
1301 4272 1493 4327 ultioni
1544 4270 1661 4325 sine

50 4373 479 4430 intermissione
512 4382 563 4427 et
592 4362 852 4427 remedio.
887 4368 1345 4426 Conscrvantibus
1371 4377 1548 4420 autem
1575 4364 1661 4434 pie

48 4485 83 4520 a
142 4466 266 4520 Deo
309 4472 366 4519 et
400 4462 768 4518 misericordia
798 4460 914 4529 ejus
961 4459 1317 4532 praesentibus
1372 4466 1426 4512 ct
1464 4454 1659 4509 futuris

48 4558 289 4614 sarculis
342 4565 712 4612 conservetur.
764 4554 958 4609 Amen.
1017 4552 1074 4607 Si
1126 4565 1257 4606 vero
1315 4558 1421 4603 tam
1470 4546 1657 4617 legalis
1688 4537 1792 4617 Di}

46 4649 530 4721 comes,autejus
557 4649 751 4712 haeres,
782 4647 982 4702 addere
1004 4645 1208 4715 aliquid
1264 4643 1390 4699 huic
1426 4640 1659 4696 voluerit

49 4743 371 4807 donationi,
406 4743 507 4798 sub
536 4741 638 4796 hac
677 4748 861 4795 nostra
891 4736 1299 4794 conﬁrmatione
1323 4743 1497 4788 ratum
1536 4746 1659 4786 csse

48 4840 365 4894 statuimus

132 4931 404 4986 Urbanus
429 4925 708 4981 catholica:
739 4923 992 4979 Ecclesiae
1018 4922 1321 4992 episcopus.

129 5024 257 5094 Ego
290 5020 580 5076 Raincrius
624 5018 775 5075 card.
805 5015 1123 5085 subscripsi.

133 5117 258 5185 Ego
283 5112 524 5167 Joannes
548 5111 699 5166 card.
730 5126 803 5165 ss.

131 5207 258 5277 Ego
284 5203 565 5275 Alphanus
591 5200 963 5256 Salernitanus
990 5197 1306 5266 archicpisc.
1333 5212 1406 5251 ss.

132 5299 258 5369 Ego
286 5298 514 5351 Amatus
533 5293 842 5365 capellanus
872 5301 927 5347 et
952 5290 1204 5346 sacerdos
1231 5304 1305 5343 ss.

134 5391 261 5459 Ego
288 5386 403 5441 Dis.
428 5383 735 5455 capellanus
757 5396 831 5438 ss.

134 5489 261 5557 Ego
293 5480 682 5539 Constantinus
709 5479 1025 5535 Cataccnsis
1055 5476 1229 5547 'episc.
1261 5491 1335 5530 ss.

139 5584 349 5636 Datum
374 5577 586 5633 Salerni
616 5568 800 5651 mense
828 5572 1157 5644 Septembri,
1185 5572 1370 5627 indict.
1418 5588 1486 5635 vn,
1521 5585 1662 5624 anno

50 5679 129 5734 ab
160 5670 552 5730 lncarnationc
591 5668 869 5725 Dominica
907 5666 1060 5723 1098.

1755 3242 1936 3308 landc,
1966 3254 2126 3310 quem
2169 3237 2510 3306 omnipotens
2557 3232 2816 3287 Dominus
2846 3230 2898 3283 in
2940 3229 3054 3299 ipsa
3096 3224 3336 3281 Ecclesia

1755 3342 1942 3389 nostra
1970 3340 2228 3400 tanquam
2260 3329 2319 3382 B.
2347 3326 2494 3382 Petri
2532 3324 2781 3378 manibus
2811 3332 3135 3376 consecrare
3155 3317 3339 3387 digna-

1758 3435 1845 3480 tus
1873 3432 1979 3490 est,
2012 3433 2071 3477 ut
2097 3422 2193 3476 tibi
2223 3420 2478 3489 deinceps
2519 3416 2731 3485 tuisque
2773 3410 3030 3482 legitimis
3058 3422 3339 3483 successo-

1755 3502 1908 3574 ribus
1957 3514 2249 3587 episcopali
2290 3514 2414 3583 jure
2471 3509 2763 3578 regendum
2822 3520 2884 3559 ac
2943 3500 3337 3572 disponendum

1757 3619 2017 3682 perpetuo
2066 3614 2285 3663 maneat
2336 3601 2597 3674 quidquid
2642 3600 2782 3654 infra
2830 3599 2965 3651 ﬁnes
3004 3591 3338 3661 subscriptos

1757 3681 2087 3767 continetur,
2114 3698 2368 3754 videlicet
2406 3710 2437 3749 a
2468 3694 2586 3749 loco
2613 3681 2701 3747 ubi
2727 3690 2900 3745 oritur
2926 3687 3119 3742 flumen
3149 3683 3338 3739 subtus

1759 3794 2084 3853 Corilionem
2142 3806 2316 3862 usque
2369 3790 2600 3858 desuper
2652 3794 2862 3855 petram
2906 3782 2982 3836 de
3035 3772 3248 3843 Zineth,
3286 3782 3340 3829 et

1761 3888 1885 3943 inde
1928 3884 2169 3940 tenditur
2200 3896 2299 3953 per
2339 3880 2636 3936 divisiones
2679 3876 2872 3932 Jatinte
2906 3881 2959 3928 et
2989 3868 3257 3939 Cephalae,
3286 3874 3342 3920 et

1760 3974 1955 4032 deinde
1992 3972 2061 4027 ad
2100 3970 2393 4026 divisiones
2427 3966 2669 4032 Biccari;
2717 3964 2840 4019 inde
2886 3976 3016 4016 vero
3061 3972 3231 4027 usque
3272 3955 3343 4010 ad

1760 4067 1958 4122 flumen
1982 4064 2218 4130 salsum,
2253 4062 2397 4132 quod
2434 4070 2519 4116 est
2560 4058 2753 4114 dl\'lSl0
2779 4053 3061 4119 Panormi,
3081 4060 3137 4107 et
3170 4048 3343 4104 Ther-

1762 4172 1992 4223 marum,
2022 4166 2077 4210 et
2103 4154 2172 4209 ab
2200 4168 2295 4208 ore
2325 4149 2485 4221 hujus
2511 4149 2770 4211 fluminis,
2800 4145 2890 4202 ubi
2925 4144 3071 4201 cadit
3100 4142 3153 4196 in
3190 4153 3342 4194 mare

1758 4247 2099 4318 protenditur
2154 4244 2272 4299 lucc
2333 4240 2592 4313 parochia
2634 4239 2790 4310 juxta
2849 4249 3000 4289 mare
3040 4232 3217 4300 usque
3275 4228 3342 4282 ad

1761 4340 1959 4394 flumen
1986 4336 2246 4399 Tortum;
2279 4332 2430 4388 etab
2460 4331 2562 4385 hoc
2597 4328 2791 4384 abinde
2819 4325 2962 4380 unde
2998 4320 3195 4387 oritur,
3228 4327 3342 4373 ten-

1763 4432 1909 4485 ditur
1952 4427 2021 4482 ad
2068 4426 2207 4498 Pyra
2254 4425 2447 4480 subtus
2472 4420 2687 4475 Petram
2717 4418 2877 4484 Elite,
2919 4425 3081 4486 atque
3112 4410 3236 4468 inde
3272 4409 3342 4463 ad

1798 4522 1929 4575 ltum
1962 4526 2223 4583 montem,
2253 4515 2346 4586 qui
2389 4521 2475 4569 est
2517 4528 2678 4583 supra
2714 4510 2882 4583 Pyra;
2914 4509 3038 4563 inde
3063 4513 3241 4559 autem
3271 4501 3339 4557 ad

1761 4615 1957 4669 ﬁtnnen
2007 4611 2241 4677 salsum,
2291 4607 2383 4664 ubi
2423 4606 2667 4678 jungitur
2726 4620 2849 4659 cum
2902 4600 3120 4657 ﬂumine
3167 4598 3342 4655 Petrae

1762 4708 1992 4774 Elite,ct
2035 4719 2102 4759 ex
2143 4704 2247 4758 hoc
2292 4700 2514 4757 ﬂumine
2558 4700 2700 4754 sicut
2740 4698 2913 4767 ipsum
2954 4691 3228 4749 descendit
3274 4689 3341 4743 ad

1764 4798 2142 4868 Lympiadum,
2179 4778 2280 4863 qui.
2306 4792 2455 4848 locus
2485 4789 2676 4845 dividit
2715 4786 3063 4857 Agrigentum
3103 4790 3156 4837 et
3188 4780 3345 4834 Bute-

1763 4892 1920 4952 ritm,
1948 4900 2111 4959 atque
2156 4885 2282 4941 inde
2318 4899 2414 4955 per
2450 4881 2779 4937 maritimatn
2828 4889 2999 4945 usque
3032 4874 3099 4927 ad
3142 4872 3341 4925 flumen

1765 4984 1831 5037 de
1862 4981 2076 5045 Biliclri,
2103 4979 2245 5049 quod
2281 4986 2369 5039 est
2402 4975 2595 5031 divisio
2625 4972 2899 5036 Maxarias,
2929 4978 2984 5022 et
3020 4966 3197 5037 adhuc
3229 4973 3341 5016 ten-

1765 5074 1932 5138 ditur,
1964 5073 2104 5126 sicut
2148 5070 2249 5125 hoc
2293 5068 2493 5123 flumen
2541 5063 2713 5120 currit
2760 5075 2929 5130 usque
2971 5056 3157 5112 subtus
3188 5052 3343 5109 Cori-

1756 5172 1983 5235 rlionem,
2026 5170 2117 5225 ubi
2164 5168 2351 5237 incipit
2390 5164 2603 5229 divisio,
2644 5158 2885 5228 exceptis
2921 5156 3161 5219 Biccaro,
3195 5150 3347 5205 Cori-

1766 5267 1930 5331 lione,
1962 5270 2017 5317 et
2060 5259 2326 5314 Thermis.
2381 5258 2437 5310 In
2488 5252 2813 5325 proprietate
2870 5256 3052 5302 autem
3102 5256 3209 5298 tam
3270 5251 3345 5295 tut

1767 5371 1929 5422 (mam
1971 5366 2345 5409 successorum
2389 5359 2598 5402 tuorum
2623 5343 2746 5413 jure
2782 5340 2973 5397 Casalc
3005 5334 3195 5394 Cathal
3222 5350 3347 5388 cum

1767 5457 1982 5504 centum
2018 5444 2251 5509 villanis,
2280 5440 2421 5497 sicut
2465 5455 2495 5492 a
2537 5435 2848 5507 supradicto
2886 5432 2996 5486 ﬁlio
3034 5437 3218 5486 nostro
3256 5442 3346 5482 eo-

1768 5539 1899 5593 mite
1933 5535 2165 5607 Regcrio
2204 5533 2459 5588 traditum
2496 5538 2601 5594 est,
2634 5534 3038 5584 conserventur.
3080 5517 3348 5576 Praeterea

1769 5643 2105 5700 quaecunque
2147 5627 2198 5680 in
2240 5633 2516 5696 posterum
2567 5619 2888 5677 liberalitate
2925 5615 3227 5687 principum
3267 5607 3350 5662 vel

1771 5722 2039 5780 oblatione
2068 5721 2303 5776 ﬁdelium
2332 5719 2521 5774 eadem
2562 5715 2798 5772 Ecclesia
2825 5710 3174 5785 Agrigentina
3205 5706 3351 5777 justo

1775 5830 1933 5888 atque
1976 5815 2232 5873 canonice
2272 5813 2466 5885 poterit
2513 5810 2757 5883 adipisci,
2801 5810 2952 5862 ﬁrma
2997 5805 3092 5860 tibi
3140 5802 3350 5858 tuisouc
3444 5839 3450 5845 .
