  <div class='ocr_page' id='page_1' title='image "/cluster/home/n/w/nwhite01/storage/ocr_20150623/151/hvd.32044015473796/261.png"; bbox 0 0 3888 6322; ppageno 0'>
   <div class='ocr_carea' id='block_1_1' title="bbox 477 316 572 372">
    <p class='ocr_par' dir='ltr' id='par_1_1' title="bbox 477 316 572 372">
     <span class='ocr_line' id='line_1_1' title="bbox 477 316 572 372; baseline -0.011 0"><span class='ocrx_word' id='word_1_1' title='bbox 477 316 572 372; x_wconf 78' lang='lat' dir='ltr'><strong>5H</strong></span> 
     </span>
    </p>
   </div>
   <div class='ocr_carea' id='block_1_2' title="bbox 1713 314 2386 371">
    <p class='ocr_par' dir='ltr' id='par_1_2' title="bbox 1713 314 2386 371">
     <span class='ocr_line' id='line_1_2' title="bbox 1713 314 2386 371; baseline 0 -3"><span class='ocrx_word' id='word_1_2' title='bbox 1713 315 1772 370; x_wconf 78' lang='grc' dir='ltr'><strong>Β.</strong></span> <span class='ocrx_word' id='word_1_3' title='bbox 1808 314 2069 371; x_wconf 49' lang='grc' dir='ltr'>,υιιιιιικι</span> <span class='ocrx_word' id='word_1_4' title='bbox 2109 314 2145 368; x_wconf 92' lang='lat' dir='ltr'><strong>ll</strong></span> <span class='ocrx_word' id='word_1_5' title='bbox 2191 314 2386 369; x_wconf 69' lang='lat' dir='ltr'><strong>PAPin</strong></span> 
     </span>
    </p>
   </div>
   <div class='ocr_carea' id='block_1_3' title="bbox 3647 317 3743 373">
    <p class='ocr_par' dir='ltr' id='par_1_3' title="bbox 3647 317 3743 373">
     <span class='ocr_line' id='line_1_3' title="bbox 3647 317 3743 373; baseline -0.031 -1"><span class='ocrx_word' id='word_1_6' title='bbox 3647 317 3743 373; x_wconf 66' lang='lat' dir='ltr'><strong>5i!</strong></span> 
     </span>
    </p>
   </div>
   <div class='ocr_carea' id='block_1_4' title="bbox 479 426 3740 500">
    <p class='ocr_par' dir='ltr' id='par_1_4' title="bbox 479 426 3740 500">
     <span class='ocr_line' id='line_1_4' title="bbox 479 426 3740 500; baseline -0.001 -15"><span class='ocrx_word' id='word_1_7' title='bbox 479 430 882 485; x_wconf 70' lang='lat' dir='ltr'><strong>successoribus</strong></span> <span class='ocrx_word' id='word_1_8' title='bbox 923 437 978 482; x_wconf 90' lang='lat' dir='ltr'><strong>et</strong></span> <span class='ocrx_word' id='word_1_9' title='bbox 1031 428 1234 482; x_wconf 91' lang='lat' dir='ltr'><strong>illibata</strong></span> <span class='ocrx_word' id='word_1_10' title='bbox 1275 435 1645 496; x_wconf 89' lang='lat' dir='ltr'><strong>permaneant.</strong></span> <span class='ocrx_word' id='word_1_11' title='bbox 1707 426 2057 482; x_wconf 90' lang='lat' dir='ltr'><strong>Decernimus</strong></span> <span class='ocrx_word' id='word_1_12' title='bbox 2088 426 2132 481; x_wconf 75' lang='grc' dir='ltr'>Α</span> <span class='ocrx_word' id='word_1_13' title='bbox 2159 429 2407 492; x_wconf 84' lang='lat' dir='ltr'><strong>etissimi,</strong></span> <span class='ocrx_word' id='word_1_14' title='bbox 2439 430 2565 499; x_wconf 90' lang='lat' dir='ltr'><strong>quia</strong></span> <span class='ocrx_word' id='word_1_15' title='bbox 2595 429 2706 496; x_wconf 85' lang='lat' dir='ltr'><strong>jam</strong></span> <span class='ocrx_word' id='word_1_16' title='bbox 2741 437 2890 484; x_wconf 87' lang='lat' dir='ltr'><strong>tanto</strong></span> <span class='ocrx_word' id='word_1_17' title='bbox 2913 438 3155 500; x_wconf 80' lang='lat' dir='ltr'><strong>tempore</strong></span> <span class='ocrx_word' id='word_1_18' title='bbox 3183 439 3418 486; x_wconf 83' lang='lat' dir='ltr'><strong>vestram</strong></span> <span class='ocrx_word' id='word_1_19' title='bbox 3452 431 3740 485; x_wconf 59' lang='grc' dir='ltr'>Εςιηιιδὶςιιι-</span> 
     </span>
    </p>
   </div>
   <div class='ocr_carea' id='block_1_5' title="bbox 481 519 2062 592">
    <p class='ocr_par' dir='ltr' id='par_1_5' title="bbox 481 519 2062 592">
     <span class='ocr_line' id='line_1_5' title="bbox 481 519 2062 592; baseline -0.003 -14"><span class='ocrx_word' id='word_1_20' title='bbox 481 539 611 592; x_wconf 77' lang='lat' dir='ltr'><strong>ergo</strong></span> <span class='ocrx_word' id='word_1_21' title='bbox 648 530 706 576; x_wconf 88' lang='lat' dir='ltr'><strong>ut</strong></span> <span class='ocrx_word' id='word_1_22' title='bbox 738 521 867 575; x_wconf 83' lang='lat' dir='ltr'><strong>nulli</strong></span> <span class='ocrx_word' id='word_1_23' title='bbox 907 520 1132 575; x_wconf 87' lang='lat' dir='ltr'><strong>omnino</strong></span> <span class='ocrx_word' id='word_1_24' title='bbox 1171 521 1449 575; x_wconf 85' lang='lat' dir='ltr'><strong>hominum</strong></span> <span class='ocrx_word' id='word_1_25' title='bbox 1482 519 1643 575; x_wconf 86' lang='lat' dir='ltr'><strong>liceat</strong></span> <span class='ocrx_word' id='word_1_26' title='bbox 1677 521 1922 574; x_wconf 86' lang='lat' dir='ltr'><strong>eamdem</strong></span> <span class='ocrx_word' id='word_1_27' title='bbox 1963 519 2062 573; x_wconf 83' lang='lat' dir='ltr'><strong>Ec-</strong></span> 
     </span>
    </p>
   </div>
   <div class='ocr_carea' id='block_1_6' title="bbox 480 611 2064 682">
    <p class='ocr_par' dir='ltr' id='par_1_6' title="bbox 480 611 2064 682">
     <span class='ocr_line' id='line_1_6' title="bbox 480 611 2064 682; baseline 0.001 -16"><span class='ocrx_word' id='word_1_28' title='bbox 480 613 696 668; x_wconf 90' lang='lat' dir='ltr'><strong>clesiam</strong></span> <span class='ocrx_word' id='word_1_29' title='bbox 750 612 950 668; x_wconf 85' lang='lat' dir='ltr'><strong>temere</strong></span> <span class='ocrx_word' id='word_1_30' title='bbox 989 611 1344 681; x_wconf 89' lang='lat' dir='ltr'><strong>perturbare,</strong></span> <span class='ocrx_word' id='word_1_31' title='bbox 1400 621 1492 666; x_wconf 92' lang='lat' dir='ltr'><strong>aut</strong></span> <span class='ocrx_word' id='word_1_32' title='bbox 1531 611 1647 680; x_wconf 88' lang='lat' dir='ltr'><strong>ejus</strong></span> <span class='ocrx_word' id='word_1_33' title='bbox 1691 612 2064 682; x_wconf 82' lang='lat' dir='ltr'><strong>possessiones</strong></span> 
     </span>
    </p>
   </div>
   <div class='ocr_carea' id='block_1_7' title="bbox 479 703 2064 770">
    <p class='ocr_par' dir='ltr' id='par_1_7' title="bbox 479 703 2064 770">
     <span class='ocr_line' id='line_1_7' title="bbox 479 703 2064 770; baseline 0 -12"><span class='ocrx_word' id='word_1_34' title='bbox 479 704 711 770; x_wconf 89' lang='lat' dir='ltr'><strong>auferre,</strong></span> <span class='ocrx_word' id='word_1_35' title='bbox 739 704 824 760; x_wconf 94' lang='lat' dir='ltr'><strong>vel</strong></span> <span class='ocrx_word' id='word_1_36' title='bbox 863 704 1074 758; x_wconf 87' lang='lat' dir='ltr'><strong>ablatas</strong></span> <span class='ocrx_word' id='word_1_37' title='bbox 1123 705 1381 769; x_wconf 87' lang='lat' dir='ltr'><strong>retinere,</strong></span> <span class='ocrx_word' id='word_1_38' title='bbox 1418 705 1683 769; x_wconf 89' lang='lat' dir='ltr'><strong>minuere,</strong></span> <span class='ocrx_word' id='word_1_39' title='bbox 1710 703 1794 758; x_wconf 85' lang='lat' dir='ltr'><strong>vel</strong></span> <span class='ocrx_word' id='word_1_40' title='bbox 1839 712 2064 760; x_wconf 86' lang='lat' dir='ltr'><strong>temera-</strong></span> 
     </span>
    </p>
   </div>
   <div class='ocr_carea' id='block_1_8' title="bbox 480 793 2066 866">
    <p class='ocr_par' dir='ltr' id='par_1_8' title="bbox 480 793 2066 866">
     <span class='ocr_line' id='line_1_8' title="bbox 480 793 2066 866; baseline 0.001 -19"><span class='ocrx_word' id='word_1_41' title='bbox 480 795 575 849; x_wconf 89' lang='lat' dir='ltr'><strong>riis</strong></span> <span class='ocrx_word' id='word_1_42' title='bbox 613 794 992 849; x_wconf 86' lang='lat' dir='ltr'><strong>vexationibus</strong></span> <span class='ocrx_word' id='word_1_43' title='bbox 1029 793 1283 865; x_wconf 78' lang='lat' dir='ltr'><strong>fatigare,</strong></span> <span class='ocrx_word' id='word_1_44' title='bbox 1319 795 1416 849; x_wconf 89' lang='lat' dir='ltr'><strong>sed</strong></span> <span class='ocrx_word' id='word_1_45' title='bbox 1462 794 1642 848; x_wconf 87' lang='lat' dir='ltr'><strong>omnia</strong></span> <span class='ocrx_word' id='word_1_46' title='bbox 1685 794 1892 866; x_wconf 79' lang='lat' dir='ltr'><strong>integre</strong></span> <span class='ocrx_word' id='word_1_47' title='bbox 1937 809 2066 849; x_wconf 86' lang='lat' dir='ltr'><strong>con-</strong></span> 
     </span>
    </p>
   </div>
   <div class='ocr_carea' id='block_1_9' title="bbox 477 887 2065 958">
    <p class='ocr_par' dir='ltr' id='par_1_9' title="bbox 477 887 2065 958">
     <span class='ocr_line' id='line_1_9' title="bbox 477 887 2065 958; baseline -0.001 -14"><span class='ocrx_word' id='word_1_48' title='bbox 477 898 763 944; x_wconf 76' lang='lat' dir='ltr'><strong>serventur</strong></span> <span class='ocrx_word' id='word_1_49' title='bbox 806 898 914 944; x_wconf 88' lang='lat' dir='ltr'><strong>tam</strong></span> <span class='ocrx_word' id='word_1_50' title='bbox 962 888 1066 944; x_wconf 90' lang='lat' dir='ltr'><strong>tuis</strong></span> <span class='ocrx_word' id='word_1_51' title='bbox 1104 904 1266 958; x_wconf 90' lang='lat' dir='ltr'><strong>quam</strong></span> <span class='ocrx_word' id='word_1_52' title='bbox 1314 888 1723 950; x_wconf 91' lang='lat' dir='ltr'><strong>canonicorum,</strong></span> <span class='ocrx_word' id='word_1_53' title='bbox 1753 896 1808 943; x_wconf 93' lang='lat' dir='ltr'><strong>et</strong></span> <span class='ocrx_word' id='word_1_54' title='bbox 1840 887 2065 943; x_wconf 90' lang='lat' dir='ltr'><strong>clerico-</strong></span> 
     </span>
    </p>
   </div>
   <div class='ocr_carea' id='block_1_10' title="bbox 477 980 2065 1054">
    <p class='ocr_par' dir='ltr' id='par_1_10' title="bbox 477 980 2065 1054">
     <span class='ocr_line' id='line_1_10' title="bbox 477 980 2065 1054; baseline 0.001 -19"><span class='ocrx_word' id='word_1_55' title='bbox 477 997 595 1035; x_wconf 90' lang='lat' dir='ltr'><strong>rum</strong></span> <span class='ocrx_word' id='word_1_56' title='bbox 623 981 885 1046; x_wconf 89' lang='lat' dir='ltr'><strong>omnium,</strong></span> <span class='ocrx_word' id='word_1_57' title='bbox 914 996 1296 1054; x_wconf 45' lang='lat' dir='ltr'><strong>acopauperum</strong></span> <span class='ocrx_word' id='word_1_58' title='bbox 1325 981 1510 1037; x_wconf 89' lang='lat' dir='ltr'><strong>usibus</strong></span> <span class='ocrx_word' id='word_1_59' title='bbox 1533 980 1834 1052; x_wconf 82' lang='lat' dir='ltr'><strong>profutura.</strong></span> <span class='ocrx_word' id='word_1_60' title='bbox 1864 981 1920 1036; x_wconf 90' lang='lat' dir='ltr'><strong>Si</strong></span> <span class='ocrx_word' id='word_1_61' title='bbox 1945 997 2065 1052; x_wconf 79' lang='lat' dir='ltr'><strong>qua:</strong></span> 
     </span>
    </p>
   </div>
   <div class='ocr_carea' id='block_1_11' title="bbox 475 1069 2064 1141">
    <p class='ocr_par' dir='ltr' id='par_1_11' title="bbox 475 1069 2064 1141">
     <span class='ocr_line' id='line_1_11' title="bbox 475 1069 2064 1141; baseline 0.004 -21"><span class='ocrx_word' id='word_1_62' title='bbox 475 1079 658 1124; x_wconf 89' lang='lat' dir='ltr'><strong>autem</strong></span> <span class='ocrx_word' id='word_1_63' title='bbox 713 1069 1080 1126; x_wconf 86' lang='lat' dir='ltr'><strong>ecclesiastica</strong></span> <span class='ocrx_word' id='word_1_64' title='bbox 1125 1071 1469 1127; x_wconf 75' lang='lat' dir='ltr'><strong>szecularisve</strong></span> <span class='ocrx_word' id='word_1_65' title='bbox 1509 1086 1739 1141; x_wconf 85' lang='lat' dir='ltr'><strong>persona</strong></span> <span class='ocrx_word' id='word_1_66' title='bbox 1777 1071 1920 1127; x_wconf 89' lang='lat' dir='ltr'><strong>hanc</strong></span> <span class='ocrx_word' id='word_1_67' title='bbox 1963 1087 2064 1126; x_wconf 93' lang='lat' dir='ltr'><strong>no-</strong></span> 
     </span>
    </p>
   </div>
   <div class='ocr_carea' id='block_1_12' title="bbox 477 1161 2062 1233">
    <p class='ocr_par' dir='ltr' id='par_1_12' title="bbox 477 1161 2062 1233">
     <span class='ocr_line' id='line_1_12' title="bbox 477 1161 2062 1233; baseline 0.001 -20"><span class='ocrx_word' id='word_1_68' title='bbox 477 1170 608 1215; x_wconf 73' lang='lat' dir='ltr'><strong>stra:</strong></span> <span class='ocrx_word' id='word_1_69' title='bbox 661 1161 1063 1216; x_wconf 90' lang='lat' dir='ltr'><strong>constitutionis</strong></span> <span class='ocrx_word' id='word_1_70' title='bbox 1119 1162 1370 1233; x_wconf 83' lang='lat' dir='ltr'><strong>paginam</strong></span> <span class='ocrx_word' id='word_1_71' title='bbox 1421 1163 1620 1228; x_wconf 87' lang='lat' dir='ltr'><strong>sciens,</strong></span> <span class='ocrx_word' id='word_1_72' title='bbox 1683 1170 1870 1218; x_wconf 91' lang='lat' dir='ltr'><strong>contra</strong></span> <span class='ocrx_word' id='word_1_73' title='bbox 1943 1177 2062 1218; x_wconf 89' lang='lat' dir='ltr'><strong>eam</strong></span> 
     </span>
    </p>
   </div>
   <div class='ocr_carea' id='block_1_13' title="bbox 478 1253 2065 1322">
    <p class='ocr_par' dir='ltr' id='par_1_13' title="bbox 478 1253 2065 1322">
     <span class='ocr_line' id='line_1_13' title="bbox 478 1253 2065 1322; baseline 0.001 -14"><span class='ocrx_word' id='word_1_74' title='bbox 478 1254 666 1309; x_wconf 87' lang='lat' dir='ltr'><strong>venire</strong></span> <span class='ocrx_word' id='word_1_75' title='bbox 715 1255 1023 1322; x_wconf 89' lang='lat' dir='ltr'><strong>tentaverit,</strong></span> <span class='ocrx_word' id='word_1_76' title='bbox 1075 1257 1312 1311; x_wconf 87' lang='lat' dir='ltr'><strong>secundo</strong></span> <span class='ocrx_word' id='word_1_77' title='bbox 1360 1256 1586 1311; x_wconf 84' lang='lat' dir='ltr'><strong>tertiove</strong></span> <span class='ocrx_word' id='word_1_78' title='bbox 1628 1253 1976 1320; x_wconf 81' lang='lat' dir='ltr'><strong>commonita,</strong></span> <span class='ocrx_word' id='word_1_79' title='bbox 2017 1253 2065 1310; x_wconf 90' lang='lat' dir='ltr'><strong>si</strong></span> 
     </span>
    </p>
   </div>
   <div class='ocr_carea' id='block_1_14' title="bbox 481 1346 2065 1420">
    <p class='ocr_par' dir='ltr' id='par_1_14' title="bbox 481 1346 2065 1420">
     <span class='ocr_line' id='line_1_14' title="bbox 481 1346 2065 1420; baseline 0.003 -20"><span class='ocrx_word' id='word_1_80' title='bbox 481 1359 541 1401; x_wconf 88' lang='lat' dir='ltr'><strong>se</strong></span> <span class='ocrx_word' id='word_1_81' title='bbox 567 1361 670 1401; x_wconf 94' lang='lat' dir='ltr'><strong>non</strong></span> <span class='ocrx_word' id='word_1_82' title='bbox 689 1346 1056 1404; x_wconf 79' lang='lat' dir='ltr'><strong>satisfactione</strong></span> <span class='ocrx_word' id='word_1_83' title='bbox 1080 1364 1317 1420; x_wconf 81' lang='lat' dir='ltr'><strong>congrua</strong></span> <span class='ocrx_word' id='word_1_84' title='bbox 1344 1349 1748 1415; x_wconf 75' lang='lat' dir='ltr'><strong>emendaverit,</strong></span> <span class='ocrx_word' id='word_1_85' title='bbox 1781 1347 2065 1418; x_wconf 84' lang='lat' dir='ltr'><strong>potestatis</strong></span> 
     </span>
    </p>
   </div>
   <div class='ocr_carea' id='block_1_15' title="bbox 481 1436 2066 1510">
    <p class='ocr_par' dir='ltr' id='par_1_15' title="bbox 481 1436 2066 1510">
     <span class='ocr_line' id='line_1_15' title="bbox 481 1436 2066 1510; baseline 0.001 -19"><span class='ocrx_word' id='word_1_86' title='bbox 481 1436 814 1507; x_wconf 82' lang='lat' dir='ltr'><strong>honorisque</strong></span> <span class='ocrx_word' id='word_1_87' title='bbox 849 1439 933 1493; x_wconf 90' lang='lat' dir='ltr'><strong>sui</strong></span> <span class='ocrx_word' id='word_1_88' title='bbox 975 1440 1238 1510; x_wconf 82' lang='lat' dir='ltr'><strong>dignitate</strong></span> <span class='ocrx_word' id='word_1_89' title='bbox 1272 1447 1476 1507; x_wconf 89' lang='lat' dir='ltr'><strong>careat,</strong></span> <span class='ocrx_word' id='word_1_90' title='bbox 1512 1455 1769 1510; x_wconf 87' lang='lat' dir='ltr'><strong>reamqne</strong></span> <span class='ocrx_word' id='word_1_91' title='bbox 1797 1455 1856 1494; x_wconf 92' lang='lat' dir='ltr'><strong>se</strong></span> <span class='ocrx_word' id='word_1_92' title='bbox 1883 1439 2066 1496; x_wconf 92' lang='lat' dir='ltr'><strong>divino</strong></span> 
     </span>
    </p>
   </div>
   <div class='ocr_carea' id='block_1_16' title="bbox 477 1525 2063 1604">
    <p class='ocr_par' dir='ltr' id='par_1_16' title="bbox 477 1525 2063 1604">
     <span class='ocr_line' id='line_1_16' title="bbox 477 1525 2063 1604; baseline 0.004 -23"><span class='ocrx_word' id='word_1_93' title='bbox 477 1525 682 1594; x_wconf 86' lang='lat' dir='ltr'><strong>judicio</strong></span> <span class='ocrx_word' id='word_1_94' title='bbox 729 1530 968 1587; x_wconf 86' lang='lat' dir='ltr'><strong>existere</strong></span> <span class='ocrx_word' id='word_1_95' title='bbox 997 1532 1063 1586; x_wconf 90' lang='lat' dir='ltr'><strong>de</strong></span> <span class='ocrx_word' id='word_1_96' title='bbox 1095 1541 1408 1602; x_wconf 88' lang='lat' dir='ltr'><strong>perpetrata</strong></span> <span class='ocrx_word' id='word_1_97' title='bbox 1440 1533 1722 1604; x_wconf 88' lang='lat' dir='ltr'><strong>iniquitate</strong></span> <span class='ocrx_word' id='word_1_98' title='bbox 1749 1544 2063 1604; x_wconf 77' lang='lat' dir='ltr'><strong>cognoscat,</strong></span> 
     </span>
    </p>
   </div>
   <div class='ocr_carea' id='block_1_17' title="bbox 482 1621 2067 1695">
    <p class='ocr_par' dir='ltr' id='par_1_17' title="bbox 482 1621 2067 1695">
     <span class='ocr_line' id='line_1_17' title="bbox 482 1621 2067 1695; baseline 0.004 -23"><span class='ocrx_word' id='word_1_99' title='bbox 482 1631 646 1688; x_wconf 89' lang='lat' dir='ltr'><strong>atque</strong></span> <span class='ocrx_word' id='word_1_100' title='bbox 698 1635 729 1676; x_wconf 88' lang='lat' dir='ltr'><strong>a</strong></span> <span class='ocrx_word' id='word_1_101' title='bbox 772 1621 1145 1677; x_wconf 86' lang='lat' dir='ltr'><strong>sacratissimo</strong></span> <span class='ocrx_word' id='word_1_102' title='bbox 1196 1638 1426 1692; x_wconf 90' lang='lat' dir='ltr'><strong>corpore</strong></span> <span class='ocrx_word' id='word_1_103' title='bbox 1472 1633 1528 1679; x_wconf 90' lang='lat' dir='ltr'><strong>et</strong></span> <span class='ocrx_word' id='word_1_104' title='bbox 1573 1623 1836 1695; x_wconf 77' lang='lat' dir='ltr'><strong>sanguine</strong></span> <span class='ocrx_word' id='word_1_105' title='bbox 1881 1624 1974 1679; x_wconf 92' lang='lat' dir='ltr'><strong>Dei</strong></span> <span class='ocrx_word' id='word_1_106' title='bbox 2013 1632 2067 1678; x_wconf 91' lang='lat' dir='ltr'><strong>et</strong></span> 
     </span>
    </p>
   </div>
   <div class='ocr_carea' id='block_1_18' title="bbox 484 1710 2066 1782">
    <p class='ocr_par' dir='ltr' id='par_1_18' title="bbox 484 1710 2066 1782">
     <span class='ocr_line' id='line_1_18' title="bbox 484 1710 2066 1782; baseline 0.001 -18"><span class='ocrx_word' id='word_1_107' title='bbox 484 1710 695 1764; x_wconf 89' lang='lat' dir='ltr'><strong>Domini</strong></span> <span class='ocrx_word' id='word_1_108' title='bbox 745 1712 1106 1780; x_wconf 90' lang='lat' dir='ltr'><strong>redemptoris</strong></span> <span class='ocrx_word' id='word_1_109' title='bbox 1145 1714 1311 1768; x_wconf 86' lang='lat' dir='ltr'><strong>nostri</strong></span> <span class='ocrx_word' id='word_1_110' title='bbox 1348 1712 1476 1770; x_wconf 85' lang='lat' dir='ltr'><strong>Jesu</strong></span> <span class='ocrx_word' id='word_1_111' title='bbox 1506 1713 1707 1770; x_wconf 90' lang='lat' dir='ltr'><strong>Christi</strong></span> <span class='ocrx_word' id='word_1_112' title='bbox 1733 1713 1906 1768; x_wconf 90' lang='lat' dir='ltr'><strong>aliena</strong></span> <span class='ocrx_word' id='word_1_113' title='bbox 1951 1713 2066 1782; x_wconf 86' lang='lat' dir='ltr'><strong>fiat,</strong></span> 
     </span>
    </p>
   </div>
   <div class='ocr_carea' id='block_1_19' title="bbox 481 1783 2144 1878">
    <p class='ocr_par' dir='ltr' id='par_1_19' title="bbox 481 1783 2144 1878">
     <span class='ocr_line' id='line_1_19' title="bbox 481 1783 2144 1878; baseline 0.005 -24"><span class='ocrx_word' id='word_1_114' title='bbox 481 1811 536 1855; x_wconf 88' lang='lat' dir='ltr'><strong>et</strong></span> <span class='ocrx_word' id='word_1_115' title='bbox 570 1801 623 1857; x_wconf 91' lang='lat' dir='ltr'><strong>in</strong></span> <span class='ocrx_word' id='word_1_116' title='bbox 657 1811 905 1860; x_wconf 84' lang='lat' dir='ltr'><strong>extremo</strong></span> <span class='ocrx_word' id='word_1_117' title='bbox 950 1807 1198 1860; x_wconf 79' lang='lat' dir='ltr'><strong>examine</strong></span> <span class='ocrx_word' id='word_1_118' title='bbox 1240 1807 1500 1862; x_wconf 67' lang='lat' dir='ltr'><strong>districta:</strong></span> <span class='ocrx_word' id='word_1_119' title='bbox 1541 1807 1729 1864; x_wconf 89' lang='lat' dir='ltr'><strong>ultioni</strong></span> <span class='ocrx_word' id='word_1_120' title='bbox 1769 1807 2064 1878; x_wconf 90' lang='lat' dir='ltr'><strong>subjaceat.</strong></span> <span class='ocrx_word' id='word_1_121' title='bbox 2097 1783 2144 1843; x_wconf 78' lang='grc' dir='ltr'>Β</span> 
     </span>
    </p>
   </div>
   <div class='ocr_carea' id='block_1_20' title="bbox 481 1893 2071 1966">
    <p class='ocr_par' dir='ltr' id='par_1_20' title="bbox 481 1893 2071 1966">
     <span class='ocr_line' id='line_1_20' title="bbox 481 1893 2071 1966; baseline 0.006 -22"><span class='ocrx_word' id='word_1_122' title='bbox 481 1893 705 1949; x_wconf 88' lang='lat' dir='ltr'><strong>Cunctis</strong></span> <span class='ocrx_word' id='word_1_123' title='bbox 733 1904 914 1951; x_wconf 91' lang='lat' dir='ltr'><strong>autem</strong></span> <span class='ocrx_word' id='word_1_124' title='bbox 945 1897 1118 1952; x_wconf 90' lang='lat' dir='ltr'><strong>eidem</strong></span> <span class='ocrx_word' id='word_1_125' title='bbox 1152 1897 1404 1954; x_wconf 83' lang='lat' dir='ltr'><strong>Ecclesiae</strong></span> <span class='ocrx_word' id='word_1_126' title='bbox 1427 1897 1573 1966; x_wconf 87' lang='lat' dir='ltr'><strong>justa</strong></span> <span class='ocrx_word' id='word_1_127' title='bbox 1601 1900 1943 1956; x_wconf 84' lang='lat' dir='ltr'><strong>servantibus</strong></span> <span class='ocrx_word' id='word_1_128' title='bbox 2000 1899 2071 1954; x_wconf 89' lang='lat' dir='ltr'><strong>sit</strong></span> 
     </span>
    </p>
   </div>
   <div class='ocr_carea' id='block_1_21' title="bbox 481 1985 2072 2062">
    <p class='ocr_par' dir='ltr' id='par_1_21' title="bbox 481 1985 2072 2062">
     <span class='ocr_line' id='line_1_21' title="bbox 481 1985 2072 2062; baseline 0.007 -27"><span class='ocrx_word' id='word_1_129' title='bbox 481 1999 582 2052; x_wconf 82' lang='lat' dir='ltr'><strong>pax</strong></span> <span class='ocrx_word' id='word_1_130' title='bbox 626 1985 839 2042; x_wconf 85' lang='lat' dir='ltr'><strong>Domini</strong></span> <span class='ocrx_word' id='word_1_131' title='bbox 894 1990 1063 2044; x_wconf 88' lang='lat' dir='ltr'><strong>nostri</strong></span> <span class='ocrx_word' id='word_1_132' title='bbox 1102 1989 1229 2045; x_wconf 85' lang='lat' dir='ltr'><strong>Jesu</strong></span> <span class='ocrx_word' id='word_1_133' title='bbox 1285 1990 1505 2055; x_wconf 87' lang='lat' dir='ltr'><strong>Christi,</strong></span> <span class='ocrx_word' id='word_1_134' title='bbox 1545 2001 1812 2062; x_wconf 89' lang='lat' dir='ltr'><strong>quatenus</strong></span> <span class='ocrx_word' id='word_1_135' title='bbox 1872 2000 1928 2048; x_wconf 90' lang='lat' dir='ltr'><strong>et</strong></span> <span class='ocrx_word' id='word_1_136' title='bbox 1982 1992 2072 2047; x_wconf 91' lang='lat' dir='ltr'><strong>hic</strong></span> 
     </span>
    </p>
   </div>
   <div class='ocr_carea' id='block_1_22' title="bbox 481 2074 2070 2153">
    <p class='ocr_par' dir='ltr' id='par_1_22' title="bbox 481 2074 2070 2153">
     <span class='ocr_line' id='line_1_22' title="bbox 481 2074 2070 2153; baseline 0.006 -25"><span class='ocrx_word' id='word_1_137' title='bbox 481 2074 716 2132; x_wconf 87' lang='lat' dir='ltr'><strong>fructum</strong></span> <span class='ocrx_word' id='word_1_138' title='bbox 748 2079 904 2134; x_wconf 85' lang='lat' dir='ltr'><strong>bonae</strong></span> <span class='ocrx_word' id='word_1_139' title='bbox 936 2081 1168 2136; x_wconf 89' lang='lat' dir='ltr'><strong>actionis</strong></span> <span class='ocrx_word' id='word_1_140' title='bbox 1199 2083 1520 2153; x_wconf 88' lang='lat' dir='ltr'><strong>percipiant,</strong></span> <span class='ocrx_word' id='word_1_141' title='bbox 1552 2093 1608 2138; x_wconf 87' lang='lat' dir='ltr'><strong>et</strong></span> <span class='ocrx_word' id='word_1_142' title='bbox 1651 2084 1702 2138; x_wconf 91' lang='lat' dir='ltr'><strong>in</strong></span> <span class='ocrx_word' id='word_1_143' title='bbox 1735 2083 1854 2138; x_wconf 92' lang='lat' dir='ltr'><strong>loco</strong></span> <span class='ocrx_word' id='word_1_144' title='bbox 1885 2082 2070 2153; x_wconf 86' lang='lat' dir='ltr'><strong>iudicii</strong></span> 
     </span>
    </p>
   </div>
   <div class='ocr_carea' id='block_1_23' title="bbox 481 2169 2068 2243">
    <p class='ocr_par' dir='ltr' id='par_1_23' title="bbox 481 2169 2068 2243">
     <span class='ocr_line' id='line_1_23' title="bbox 481 2169 2068 2243; baseline 0.005 -22"><span class='ocrx_word' id='word_1_145' title='bbox 481 2169 698 2237; x_wconf 61' lang='lat' dir='ltr'><strong>praemia</strong></span> <span class='ocrx_word' id='word_1_146' title='bbox 729 2180 949 2227; x_wconf 74' lang='lat' dir='ltr'><strong>teternae</strong></span> <span class='ocrx_word' id='word_1_147' title='bbox 971 2175 1118 2243; x_wconf 88' lang='lat' dir='ltr'><strong>pacis</strong></span> <span class='ocrx_word' id='word_1_148' title='bbox 1146 2174 1447 2230; x_wconf 84' lang='lat' dir='ltr'><strong>inveniant.</strong></span> <span class='ocrx_word' id='word_1_149' title='bbox 1474 2177 1667 2240; x_wconf 84' lang='lat' dir='ltr'><strong>Amen,</strong></span> <span class='ocrx_word' id='word_1_150' title='bbox 1695 2191 1874 2241; x_wconf 90' lang='lat' dir='ltr'><strong>amen,</strong></span> <span class='ocrx_word' id='word_1_151' title='bbox 1892 2191 2068 2232; x_wconf 90' lang='lat' dir='ltr'><strong>amen.</strong></span> 
     </span>
    </p>
   </div>
   <div class='ocr_carea' id='block_1_24' title="bbox 554 2256 2070 2331">
    <p class='ocr_par' dir='ltr' id='par_1_24' title="bbox 554 2256 2070 2331">
     <span class='ocr_line' id='line_1_24' title="bbox 554 2256 2070 2331; baseline 0.01 -23"><span class='ocrx_word' id='word_1_152' title='bbox 554 2256 747 2312; x_wconf 88' lang='lat' dir='ltr'><strong>Datum</strong></span> <span class='ocrx_word' id='word_1_153' title='bbox 781 2259 925 2314; x_wconf 88' lang='lat' dir='ltr'><strong>Barii</strong></span> <span class='ocrx_word' id='word_1_154' title='bbox 957 2277 1053 2331; x_wconf 89' lang='lat' dir='ltr'><strong>per</strong></span> <span class='ocrx_word' id='word_1_155' title='bbox 1083 2279 1277 2320; x_wconf 87' lang='lat' dir='ltr'><strong>manus</strong></span> <span class='ocrx_word' id='word_1_156' title='bbox 1301 2266 1544 2330; x_wconf 83' lang='lat' dir='ltr'><strong>Joannis,</strong></span> <span class='ocrx_word' id='word_1_157' title='bbox 1576 2265 1634 2321; x_wconf 94' lang='lat' dir='ltr'><strong>S.</strong></span> <span class='ocrx_word' id='word_1_158' title='bbox 1667 2267 1731 2320; x_wconf 74' lang='grc' dir='ltr'><strong>Β.</strong></span> <span class='ocrx_word' id='word_1_159' title='bbox 1767 2267 1828 2322; x_wconf 87' lang='grc' dir='ltr'><strong>Ε.</strong></span> <span class='ocrx_word' id='word_1_160' title='bbox 1857 2268 2070 2323; x_wconf 88' lang='lat' dir='ltr'><strong>diaconi</strong></span> 
     </span>
    </p>
   </div>
   <div class='ocr_carea' id='block_1_25' title="bbox 483 2349 2070 2422">
    <p class='ocr_par' dir='ltr' id='par_1_25' title="bbox 483 2349 2070 2422">
     <span class='ocr_line' id='line_1_25' title="bbox 483 2349 2070 2422; baseline 0.011 -25"><span class='ocrx_word' id='word_1_161' title='bbox 483 2349 660 2410; x_wconf 88' lang='lat' dir='ltr'><strong>eard.,</strong></span> <span class='ocrx_word' id='word_1_162' title='bbox 690 2364 742 2402; x_wconf 87' lang='lat' dir='ltr'><strong>vt</strong></span> <span class='ocrx_word' id='word_1_163' title='bbox 766 2349 849 2406; x_wconf 75' lang='grc' dir='ltr'>ιιι.</span> <span class='ocrx_word' id='word_1_164' title='bbox 884 2351 1129 2417; x_wconf 89' lang='lat' dir='ltr'><strong>Octobr.,</strong></span> <span class='ocrx_word' id='word_1_165' title='bbox 1172 2355 1360 2410; x_wconf 90' lang='lat' dir='ltr'><strong>indict.</strong></span> <span class='ocrx_word' id='word_1_166' title='bbox 1402 2371 1522 2422; x_wconf 89' lang='lat' dir='ltr'><strong>vm,</strong></span> <span class='ocrx_word' id='word_1_167' title='bbox 1552 2356 1822 2412; x_wconf 87' lang='lat' dir='ltr'><strong>lncarnat.</strong></span> <span class='ocrx_word' id='word_1_168' title='bbox 1858 2358 2070 2414; x_wconf 89' lang='lat' dir='ltr'><strong>Domini</strong></span> 
     </span>
    </p>
   </div>
   <div class='ocr_carea' id='block_1_26' title="bbox 485 2435 1403 2508">
    <p class='ocr_par' dir='ltr' id='par_1_26' title="bbox 485 2435 1403 2508">
     <span class='ocr_line' id='line_1_26' title="bbox 485 2435 1403 2508; baseline 0.011 -20"><span class='ocrx_word' id='word_1_169' title='bbox 485 2435 644 2502; x_wconf 82' lang='lat' dir='ltr'><strong>l099,</strong></span> <span class='ocrx_word' id='word_1_170' title='bbox 669 2439 860 2508; x_wconf 86' lang='lat' dir='ltr'><strong>pontif.</strong></span> <span class='ocrx_word' id='word_1_171' title='bbox 894 2441 1096 2498; x_wconf 89' lang='lat' dir='ltr'><strong>Urbani</strong></span> <span class='ocrx_word' id='word_1_172' title='bbox 1123 2443 1167 2498; x_wconf 93' lang='lat' dir='ltr'><strong>ll</strong></span> <span class='ocrx_word' id='word_1_173' title='bbox 1190 2443 1294 2499; x_wconf 89' lang='lat' dir='ltr'><strong>PP.</strong></span> <span class='ocrx_word' id='word_1_174' title='bbox 1326 2462 1403 2500; x_wconf 63' lang='grc' dir='ltr'>ιι.</span> 
     </span>
    </p>
   </div>
   <div class='ocr_carea' id='block_1_27' title="bbox 1160 2559 1434 2616">
    <p class='ocr_par' dir='ltr' id='par_1_27' title="bbox 1160 2559 1434 2616">
     <span class='ocr_line' id='line_1_27' title="bbox 1160 2559 1434 2616; baseline -0.007 0"><span class='ocrx_word' id='word_1_175' title='bbox 1160 2559 1434 2616; x_wconf 78' lang='lat' dir='ltr'><strong>CCXLI&quot;.</strong></span> 
     </span>
    </p>
   </div>
   <div class='ocr_carea' id='block_1_28' title="bbox 1140 2655 2039 2738">
    <p class='ocr_par' dir='ltr' id='par_1_28' title="bbox 1140 2655 2039 2738">
     <span class='ocr_line' id='line_1_28' title="bbox 1140 2655 2039 2738; baseline 0.008 -31"><span class='ocrx_word' id='word_1_176' title='bbox 1140 2655 1213 2736; x_wconf 61' lang='lat' dir='ltr'><strong>ad</strong></span> <span class='ocrx_word' id='word_1_177' title='bbox 1258 2655 1448 2738; x_wconf 67' lang='lat' dir='ltr'><strong>fratres</strong></span> <span class='ocrx_word' id='word_1_178' title='bbox 1493 2655 1556 2711; x_wconf 90' lang='lat' dir='ltr'><strong>S.</strong></span> <span class='ocrx_word' id='word_1_179' title='bbox 1601 2655 1826 2713; x_wconf 80' lang='lat' dir='ltr'><strong>llubertt&#39;</strong></span> <span class='ocrx_word' id='word_1_180' title='bbox 1867 2659 2039 2714; x_wconf 82' lang='lat' dir='ltr'><strong>Anda-</strong></span> 
     </span>
    </p>
   </div>
   <div class='ocr_carea' id='block_1_29' title="bbox 1161 2743 1411 2794">
    <p class='ocr_par' dir='ltr' id='par_1_29' title="bbox 1161 2743 1411 2794">
     <span class='ocr_line' id='line_1_29' title="bbox 1161 2743 1411 2794; baseline 0.016 -16"><span class='ocrx_word' id='word_1_181' title='bbox 1161 2743 1411 2794; x_wconf 81' lang='lat' dir='ltr'><strong>gmensts.</strong></span> 
     </span>
    </p>
   </div>
   <div class='ocr_carea' id='block_1_30' title="bbox 1095 2818 1483 2890">
    <p class='ocr_par' dir='ltr' id='par_1_30' title="bbox 1095 2818 1483 2890">
     <span class='ocr_line' id='line_1_30' title="bbox 1095 2818 1483 2890; baseline 0.005 -20"><span class='ocrx_word' id='word_1_182' title='bbox 1095 2818 1272 2886; x_wconf 88' lang='lat' dir='ltr'><strong>(Anno</strong></span> <span class='ocrx_word' id='word_1_183' title='bbox 1300 2819 1483 2890; x_wconf 70' lang='lat'><strong>1098.)</strong></span> 
     </span>
    </p>
   </div>
   <div class='ocr_carea' id='block_1_31' title="bbox 631 2904 1930 2986">
    <p class='ocr_par' dir='ltr' id='par_1_31' title="bbox 631 2904 1930 2986">
     <span class='ocr_line' id='line_1_31' title="bbox 631 2904 1930 2986; baseline 0.007 -28"><span class='ocrx_word' id='word_1_184' title='bbox 631 2904 942 2976; x_wconf 61' lang='lat' dir='ltr'><strong>[Mauram-1,</strong></span> <span class='ocrx_word' id='word_1_185' title='bbox 979 2909 1307 2979; x_wconf 79' lang='lat' dir='ltr'><strong>amplissima</strong></span> <span class='ocrx_word' id='word_1_186' title='bbox 1347 2909 1588 2977; x_wconf 62' lang='lat' dir='ltr'><strong>Cellach,</strong></span> <span class='ocrx_word' id='word_1_187' title='bbox 1620 2912 1710 2978; x_wconf 88' lang='lat' dir='ltr'><strong>IV,</strong></span> <span class='ocrx_word' id='word_1_188' title='bbox 1746 2913 1930 2986; x_wconf 75' lang='lat' dir='ltr'><strong>l0l5.]</strong></span> 
     </span>
    </p>
   </div>
   <div class='ocr_carea' id='block_1_32' title="bbox 559 2998 2077 3072">
    <p class='ocr_par' dir='ltr' id='par_1_32' title="bbox 559 2998 2077 3072">
     <span class='ocr_line' id='line_1_32' title="bbox 559 2998 2077 3072; baseline 0.005 -17"><span class='ocrx_word' id='word_1_189' title='bbox 559 2998 812 3055; x_wconf 74' lang='lat' dir='ltr'><strong>UBBANUS</strong></span> <span class='ocrx_word' id='word_1_190' title='bbox 839 3001 1144 3072; x_wconf 88' lang='lat' dir='ltr'><strong>episcopus,</strong></span> <span class='ocrx_word' id='word_1_191' title='bbox 1168 3019 1356 3059; x_wconf 88' lang='lat' dir='ltr'><strong>servus</strong></span> <span class='ocrx_word' id='word_1_192' title='bbox 1385 3019 1664 3060; x_wconf 88' lang='lat' dir='ltr'><strong>servorum</strong></span> <span class='ocrx_word' id='word_1_193' title='bbox 1692 3007 1806 3069; x_wconf 80' lang='lat' dir='ltr'><strong>Dei,</strong></span> <span class='ocrx_word' id='word_1_194' title='bbox 1833 3007 2077 3062; x_wconf 79' lang='lat' dir='ltr'><strong>Arduen-</strong></span> 
     </span>
    </p>
   </div>
   <div class='ocr_carea' id='block_1_33' title="bbox 517 2645 1092 2723">
    <p class='ocr_par' dir='ltr' id='par_1_33' title="bbox 517 2645 1092 2723">
     <span class='ocr_line' id='line_1_33' title="bbox 517 2645 1092 2723; baseline 0.014 -23"><span class='ocrx_word' id='word_1_195' title='bbox 517 2645 720 2704; x_wconf 86' lang='lat' dir='ltr'><strong>Urbani</strong></span> <span class='ocrx_word' id='word_1_196' title='bbox 761 2649 823 2704; x_wconf 91' lang='lat' dir='ltr'><strong>II</strong></span> <span class='ocrx_word' id='word_1_197' title='bbox 871 2652 1092 2723; x_wconf 77' lang='lat' dir='ltr'><strong>epistola</strong></span> 
     </span>
    </p>
   </div>
   <div class='ocr_carea' id='block_1_34' title="bbox 489 3093 2146 3167">
    <p class='ocr_par' dir='ltr' id='par_1_34' title="bbox 489 3093 2146 3167">
     <span class='ocr_line' id='line_1_34' title="bbox 489 3093 2146 3167; baseline 0.005 -23"><span class='ocrx_word' id='word_1_198' title='bbox 489 3093 672 3147; x_wconf 88' lang='lat' dir='ltr'><strong>nensis</strong></span> <span class='ocrx_word' id='word_1_199' title='bbox 719 3095 1035 3148; x_wconf 88' lang='lat' dir='ltr'><strong>monasterii</strong></span> <span class='ocrx_word' id='word_1_200' title='bbox 1083 3094 1146 3148; x_wconf 84' lang='grc' dir='ltr'><strong>Β.</strong></span> <span class='ocrx_word' id='word_1_201' title='bbox 1197 3095 1418 3150; x_wconf 88' lang='lat' dir='ltr'><strong>Httberti</strong></span> <span class='ocrx_word' id='word_1_202' title='bbox 1448 3097 1729 3152; x_wconf 82' lang='lat' dir='ltr'><strong>catholicis</strong></span> <span class='ocrx_word' id='word_1_203' title='bbox 1790 3097 2067 3167; x_wconf 81' lang='lat' dir='ltr'><strong>fratribus,</strong></span> <span class='ocrx_word' id='word_1_204' title='bbox 2103 3139 2146 3167; x_wconf 57' lang='grc' dir='ltr'><strong>,η</strong></span> 
     </span>
    </p>
   </div>
   <div class='ocr_carea' id='block_1_35' title="bbox 487 3182 1676 3254">
    <p class='ocr_par' dir='ltr' id='par_1_35' title="bbox 487 3182 1676 3254">
     <span class='ocr_line' id='line_1_35' title="bbox 487 3182 1676 3254; baseline 0.003 -16"><span class='ocrx_word' id='word_1_205' title='bbox 487 3182 716 3239; x_wconf 84' lang='lat' dir='ltr'><strong>salutem</strong></span> <span class='ocrx_word' id='word_1_206' title='bbox 749 3195 804 3240; x_wconf 92' lang='lat' dir='ltr'><strong>et</strong></span> <span class='ocrx_word' id='word_1_207' title='bbox 833 3185 1186 3254; x_wconf 88' lang='lat' dir='ltr'><strong>apostolicam</strong></span> <span class='ocrx_word' id='word_1_208' title='bbox 1219 3187 1676 3242; x_wconf 90' lang='lat' dir='ltr'><strong>benedictionem.</strong></span> 
     </span>
    </p>
   </div>
   <div class='ocr_carea' id='block_1_36' title="bbox 558 3273 2070 3350">
    <p class='ocr_par' dir='ltr' id='par_1_36' title="bbox 558 3273 2070 3350">
     <span class='ocr_line' id='line_1_36' title="bbox 558 3273 2070 3350; baseline 0.007 -24"><span class='ocrx_word' id='word_1_209' title='bbox 558 3273 897 3342; x_wconf 87' lang='lat' dir='ltr'><strong>Audivimus,</strong></span> <span class='ocrx_word' id='word_1_210' title='bbox 923 3284 976 3328; x_wconf 91' lang='lat' dir='ltr'><strong>et</strong></span> <span class='ocrx_word' id='word_1_211' title='bbox 1004 3276 1246 3331; x_wconf 89' lang='lat' dir='ltr'><strong>auditum</strong></span> <span class='ocrx_word' id='word_1_212' title='bbox 1278 3293 1383 3332; x_wconf 92' lang='lat' dir='ltr'><strong>non</strong></span> <span class='ocrx_word' id='word_1_213' title='bbox 1416 3278 1600 3334; x_wconf 85' lang='lat' dir='ltr'><strong>dolere</strong></span> <span class='ocrx_word' id='word_1_214' title='bbox 1631 3294 1735 3334; x_wconf 91' lang='lat' dir='ltr'><strong>non</strong></span> <span class='ocrx_word' id='word_1_215' title='bbox 1765 3296 2070 3350; x_wconf 88' lang='lat' dir='ltr'><strong>possumus,</strong></span> 
     </span>
    </p>
   </div>
   <div class='ocr_carea' id='block_1_37' title="bbox 483 3365 2075 3440">
    <p class='ocr_par' dir='ltr' id='par_1_37' title="bbox 483 3365 2075 3440">
     <span class='ocr_line' id='line_1_37' title="bbox 483 3365 2075 3440; baseline 0.009 -24"><span class='ocrx_word' id='word_1_216' title='bbox 483 3365 612 3432; x_wconf 87' lang='lat' dir='ltr'><strong>quia</strong></span> <span class='ocrx_word' id='word_1_217' title='bbox 663 3365 869 3422; x_wconf 90' lang='lat' dir='ltr'><strong>Otberti</strong></span> <span class='ocrx_word' id='word_1_218' title='bbox 920 3368 1364 3440; x_wconf 87' lang='lat' dir='ltr'><strong>pseudoepiscopi</strong></span> <span class='ocrx_word' id='word_1_219' title='bbox 1428 3372 1685 3428; x_wconf 88' lang='lat' dir='ltr'><strong>violentia</strong></span> <span class='ocrx_word' id='word_1_220' title='bbox 1749 3376 2075 3431; x_wconf 86' lang='lat' dir='ltr'><strong>venerabilis</strong></span> 
     </span>
    </p>
   </div>
   <div class='ocr_carea' id='block_1_38' title="bbox 486 3456 2077 3536">
    <p class='ocr_par' dir='ltr' id='par_1_38' title="bbox 486 3456 2077 3536">
     <span class='ocr_line' id='line_1_38' title="bbox 486 3456 2077 3536; baseline 0.006 -26"><span class='ocrx_word' id='word_1_221' title='bbox 486 3456 628 3511; x_wconf 91' lang='lat' dir='ltr'><strong>ﬁlius</strong></span> <span class='ocrx_word' id='word_1_222' title='bbox 665 3466 849 3514; x_wconf 88' lang='lat' dir='ltr'><strong>noster</strong></span> <span class='ocrx_word' id='word_1_223' title='bbox 889 3459 1274 3530; x_wconf 87' lang='lat' dir='ltr'><strong>Theodericus,</strong></span> <span class='ocrx_word' id='word_1_224' title='bbox 1307 3473 1487 3519; x_wconf 89' lang='lat' dir='ltr'><strong>vester</strong></span> <span class='ocrx_word' id='word_1_225' title='bbox 1520 3465 1710 3530; x_wconf 89' lang='lat' dir='ltr'><strong>abbas,</strong></span> <span class='ocrx_word' id='word_1_226' title='bbox 1751 3481 1849 3536; x_wconf 92' lang='lat' dir='ltr'><strong>pro</strong></span> <span class='ocrx_word' id='word_1_227' title='bbox 1888 3467 2077 3521; x_wconf 90' lang='lat' dir='ltr'><strong>catho-</strong></span> 
     </span>
    </p>
   </div>
   <div class='ocr_carea' id='block_1_39' title="bbox 486 3549 2073 3627">
    <p class='ocr_par' dir='ltr' id='par_1_39' title="bbox 486 3549 2073 3627">
     <span class='ocr_line' id='line_1_39' title="bbox 486 3549 2073 3627; baseline 0.008 -27"><span class='ocrx_word' id='word_1_228' title='bbox 486 3549 603 3603; x_wconf 79' lang='lat' dir='ltr'><strong>licae</strong></span> <span class='ocrx_word' id='word_1_229' title='bbox 635 3549 752 3604; x_wconf 92' lang='lat' dir='ltr'><strong>ﬁdei</strong></span> <span class='ocrx_word' id='word_1_230' title='bbox 786 3552 958 3620; x_wconf 79' lang='lat' dir='ltr'><strong>gratia</strong></span> <span class='ocrx_word' id='word_1_231' title='bbox 1008 3553 1074 3607; x_wconf 91' lang='lat' dir='ltr'><strong>de</strong></span> <span class='ocrx_word' id='word_1_232' title='bbox 1112 3563 1298 3609; x_wconf 79' lang='lat' dir='ltr'><strong>vestro</strong></span> <span class='ocrx_word' id='word_1_233' title='bbox 1337 3555 1411 3610; x_wconf 89' lang='lat' dir='ltr'><strong>sit</strong></span> <span class='ocrx_word' id='word_1_234' title='bbox 1439 3557 1768 3612; x_wconf 90' lang='lat' dir='ltr'><strong>monasterio</strong></span> <span class='ocrx_word' id='word_1_235' title='bbox 1796 3557 2073 3627; x_wconf 80' lang='lat' dir='ltr'><strong>expulsus,</strong></span> 
     </span>
    </p>
   </div>
   <div class='ocr_carea' id='block_1_40' title="bbox 484 3638 2074 3715">
    <p class='ocr_par' dir='ltr' id='par_1_40' title="bbox 484 3638 2074 3715">
     <span class='ocr_line' id='line_1_40' title="bbox 484 3638 2074 3715; baseline 0.008 -24"><span class='ocrx_word' id='word_1_236' title='bbox 484 3647 540 3692; x_wconf 89' lang='lat' dir='ltr'><strong>et</strong></span> <span class='ocrx_word' id='word_1_237' title='bbox 577 3638 831 3695; x_wconf 86' lang='lat' dir='ltr'><strong>Wiredtts</strong></span> <span class='ocrx_word' id='word_1_238' title='bbox 885 3643 1390 3712; x_wconf 87' lang='lat' dir='ltr'><strong>psettdomonachtts</strong></span> <span class='ocrx_word' id='word_1_239' title='bbox 1445 3661 1542 3715; x_wconf 90' lang='lat' dir='ltr'><strong>per</strong></span> <span class='ocrx_word' id='word_1_240' title='bbox 1571 3646 1814 3715; x_wconf 82' lang='lat' dir='ltr'><strong>ejusdem</strong></span> <span class='ocrx_word' id='word_1_241' title='bbox 1863 3647 2074 3703; x_wconf 89' lang='lat' dir='ltr'><strong>Otberti</strong></span> 
     </span>
    </p>
   </div>
   <div class='ocr_carea' id='block_1_41' title="bbox 487 3730 2073 3811">
    <p class='ocr_par' dir='ltr' id='par_1_41' title="bbox 487 3730 2073 3811">
     <span class='ocr_line' id='line_1_41' title="bbox 487 3730 2073 3811; baseline 0.009 -29"><span class='ocrx_word' id='word_1_242' title='bbox 487 3730 796 3785; x_wconf 87' lang='lat' dir='ltr'><strong>violentiam</strong></span> <span class='ocrx_word' id='word_1_243' title='bbox 841 3749 1003 3802; x_wconf 87' lang='lat' dir='ltr'><strong>super</strong></span> <span class='ocrx_word' id='word_1_244' title='bbox 1045 3738 1220 3805; x_wconf 85' lang='lat' dir='ltr'><strong>capita</strong></span> <span class='ocrx_word' id='word_1_245' title='bbox 1261 3746 1442 3793; x_wconf 90' lang='lat' dir='ltr'><strong>vestra</strong></span> <span class='ocrx_word' id='word_1_246' title='bbox 1486 3740 1558 3794; x_wconf 87' lang='lat' dir='ltr'><strong>sit</strong></span> <span class='ocrx_word' id='word_1_247' title='bbox 1611 3740 1871 3811; x_wconf 80' lang='lat' dir='ltr'><strong>ingestus.</strong></span> <span class='ocrx_word' id='word_1_248' title='bbox 1922 3740 2073 3808; x_wconf 86' lang='lat' dir='ltr'><strong>Quod</strong></span> 
     </span>
    </p>
   </div>
   <div class='ocr_carea' id='block_1_42' title="bbox 487 3821 2076 3894">
    <p class='ocr_par' dir='ltr' id='par_1_42' title="bbox 487 3821 2076 3894">
     <span class='ocr_line' id='line_1_42' title="bbox 487 3821 2076 3894; baseline 0.011 -22"><span class='ocrx_word' id='word_1_249' title='bbox 487 3821 709 3877; x_wconf 87' lang='lat' dir='ltr'><strong>onmino</strong></span> <span class='ocrx_word' id='word_1_250' title='bbox 758 3824 914 3878; x_wconf 91' lang='lat' dir='ltr'><strong>nobis</strong></span> <span class='ocrx_word' id='word_1_251' title='bbox 964 3825 1250 3894; x_wconf 80' lang='lat' dir='ltr'><strong>displicere.</strong></span> <span class='ocrx_word' id='word_1_252' title='bbox 1298 3830 1505 3884; x_wconf 86' lang='lat' dir='ltr'><strong>sciatis.</strong></span> <span class='ocrx_word' id='word_1_253' title='bbox 1564 3831 1716 3886; x_wconf 88' lang='lat' dir='ltr'><strong>Unde</strong></span> <span class='ocrx_word' id='word_1_254' title='bbox 1748 3847 1846 3886; x_wconf 90' lang='lat' dir='ltr'><strong>vos</strong></span> <span class='ocrx_word' id='word_1_255' title='bbox 1882 3831 2076 3889; x_wconf 80' lang='lat' dir='ltr'><strong>litteris</strong></span> 
     </span>
    </p>
   </div>
   <div class='ocr_carea' id='block_1_43' title="bbox 489 3914 2072 3983">
    <p class='ocr_par' dir='ltr' id='par_1_43' title="bbox 489 3914 2072 3983">
     <span class='ocr_line' id='line_1_43' title="bbox 489 3914 2072 3983; baseline 0.009 -18"><span class='ocrx_word' id='word_1_256' title='bbox 489 3914 847 3980; x_wconf 63' lang='lat' dir='ltr'><strong>priescntibus</strong></span> <span class='ocrx_word' id='word_1_257' title='bbox 886 3916 1207 3983; x_wconf 87' lang='lat' dir='ltr'><strong>salutantes,</strong></span> <span class='ocrx_word' id='word_1_258' title='bbox 1239 3929 1295 3973; x_wconf 91' lang='lat' dir='ltr'><strong>nt</strong></span> <span class='ocrx_word' id='word_1_259' title='bbox 1324 3930 1518 3976; x_wconf 62' lang='lat' dir='ltr'><strong>vestrae</strong></span> <span class='ocrx_word' id='word_1_260' title='bbox 1551 3922 1673 3977; x_wconf 89' lang='lat' dir='ltr'><strong>ﬁdei</strong></span> <span class='ocrx_word' id='word_1_261' title='bbox 1712 3925 2072 3979; x_wconf 88' lang='lat' dir='ltr'><strong>constantiam</strong></span> 
     </span>
    </p>
   </div>
   <div class='ocr_carea' id='block_1_44' title="bbox 488 4007 2073 4086">
    <p class='ocr_par' dir='ltr' id='par_1_44' title="bbox 488 4007 2073 4086">
     <span class='ocr_line' id='line_1_44' title="bbox 488 4007 2073 4086; baseline 0.009 -28"><span class='ocrx_word' id='word_1_262' title='bbox 488 4007 826 4061; x_wconf 89' lang='lat' dir='ltr'><strong>conservetis</strong></span> <span class='ocrx_word' id='word_1_263' title='bbox 849 4007 1152 4074; x_wconf 89' lang='lat' dir='ltr'><strong>hortamur,</strong></span> <span class='ocrx_word' id='word_1_264' title='bbox 1182 4019 1235 4064; x_wconf 91' lang='lat' dir='ltr'><strong>et</strong></span> <span class='ocrx_word' id='word_1_265' title='bbox 1257 4011 1529 4066; x_wconf 90' lang='lat' dir='ltr'><strong>licentiam</strong></span> <span class='ocrx_word' id='word_1_266' title='bbox 1565 4015 1817 4086; x_wconf 71' lang='lat' dir='ltr'><strong>indulgeo</strong></span> <span class='ocrx_word' id='word_1_267' title='bbox 1857 4025 1915 4070; x_wconf 94' lang='lat' dir='ltr'><strong>ut</strong></span> <span class='ocrx_word' id='word_1_268' title='bbox 1944 4017 1988 4071; x_wconf 85' lang='lat' dir='ltr'><strong>si</strong></span> <span class='ocrx_word' id='word_1_269' title='bbox 2021 4019 2073 4072; x_wconf 91' lang='lat' dir='ltr'><strong>in</strong></span> 
     </span>
    </p>
   </div>
   <div class='ocr_carea' id='block_1_45' title="bbox 490 4097 2074 4174">
    <p class='ocr_par' dir='ltr' id='par_1_45' title="bbox 490 4097 2074 4174">
     <span class='ocr_line' id='line_1_45' title="bbox 490 4097 2074 4174; baseline 0.009 -25"><span class='ocrx_word' id='word_1_270' title='bbox 490 4097 818 4153; x_wconf 87' lang='lat' dir='ltr'><strong>monasterio</strong></span> <span class='ocrx_word' id='word_1_271' title='bbox 838 4107 1021 4156; x_wconf 89' lang='lat' dir='ltr'><strong>vestro</strong></span> <span class='ocrx_word' id='word_1_272' title='bbox 1043 4104 1339 4156; x_wconf 91' lang='lat' dir='ltr'><strong>secundum</strong></span> <span class='ocrx_word' id='word_1_273' title='bbox 1367 4104 1606 4174; x_wconf 85' lang='lat' dir='ltr'><strong>regulam</strong></span> <span class='ocrx_word' id='word_1_274' title='bbox 1631 4106 1773 4162; x_wconf 89' lang='lat' dir='ltr'><strong>beati</strong></span> <span class='ocrx_word' id='word_1_275' title='bbox 1805 4109 2074 4164; x_wconf 80' lang='lat' dir='ltr'><strong>Benedicti</strong></span> 
     </span>
    </p>
   </div>
   <div class='ocr_carea' id='block_1_46' title="bbox 487 4189 2077 4270">
    <p class='ocr_par' dir='ltr' id='par_1_46' title="bbox 487 4189 2077 4270">
     <span class='ocr_line' id='line_1_46' title="bbox 487 4189 2077 4270; baseline 0.006 -24"><span class='ocrx_word' id='word_1_276' title='bbox 487 4197 543 4246; x_wconf 77' lang='lat' dir='ltr'><strong>ct</strong></span> <span class='ocrx_word' id='word_1_277' title='bbox 565 4189 913 4258; x_wconf 86' lang='lat' dir='ltr'><strong>apostolicam</strong></span> <span class='ocrx_word' id='word_1_278' title='bbox 941 4191 1222 4247; x_wconf 81' lang='lat' dir='ltr'><strong>veritatem</strong></span> <span class='ocrx_word' id='word_1_279' title='bbox 1246 4193 1429 4250; x_wconf 84' lang='lat' dir='ltr'><strong>vivere</strong></span> <span class='ocrx_word' id='word_1_280' title='bbox 1451 4211 1555 4251; x_wconf 93' lang='lat' dir='ltr'><strong>non</strong></span> <span class='ocrx_word' id='word_1_281' title='bbox 1580 4197 1790 4260; x_wconf 87' lang='lat' dir='ltr'><strong>valetis,</strong></span> <span class='ocrx_word' id='word_1_282' title='bbox 1813 4200 1880 4254; x_wconf 91' lang='lat' dir='ltr'><strong>ad</strong></span> <span class='ocrx_word' id='word_1_283' title='bbox 1908 4202 2077 4270; x_wconf 88' lang='lat' dir='ltr'><strong>quod-</strong></span> 
     </span>
    </p>
   </div>
   <div class='ocr_carea' id='block_1_47' title="bbox 486 4281 2074 4361">
    <p class='ocr_par' dir='ltr' id='par_1_47' title="bbox 486 4281 2074 4361">
     <span class='ocr_line' id='line_1_47' title="bbox 486 4281 2074 4361; baseline 0.009 -27"><span class='ocrx_word' id='word_1_284' title='bbox 486 4295 703 4350; x_wconf 84' lang='lat' dir='ltr'><strong>cunque</strong></span> <span class='ocrx_word' id='word_1_285' title='bbox 732 4281 1042 4351; x_wconf 84' lang='lat' dir='ltr'><strong>religiosum</strong></span> <span class='ocrx_word' id='word_1_286' title='bbox 1071 4285 1350 4342; x_wconf 89' lang='lat' dir='ltr'><strong>volueritis</strong></span> <span class='ocrx_word' id='word_1_287' title='bbox 1376 4291 1762 4346; x_wconf 84' lang='lat' dir='ltr'><strong>monasterium</strong></span> <span class='ocrx_word' id='word_1_288' title='bbox 1789 4294 2074 4361; x_wconf 90' lang='lat' dir='ltr'><strong>secedatis,</strong></span> 
     </span>
    </p>
   </div>
   <div class='ocr_carea' id='block_1_48' title="bbox 488 4373 2078 4456">
    <p class='ocr_par' dir='ltr' id='par_1_48' title="bbox 488 4373 2078 4456">
     <span class='ocr_line' id='line_1_48' title="bbox 488 4373 2078 4456; baseline 0.011 -30"><span class='ocrx_word' id='word_1_289' title='bbox 488 4373 660 4429; x_wconf 91' lang='lat' dir='ltr'><strong>donec</strong></span> <span class='ocrx_word' id='word_1_290' title='bbox 690 4376 1038 4446; x_wconf 88' lang='lat' dir='ltr'><strong>omnipotens</strong></span> <span class='ocrx_word' id='word_1_291' title='bbox 1071 4379 1212 4434; x_wconf 82' lang='lat' dir='ltr'><strong>Deus</strong></span> <span class='ocrx_word' id='word_1_292' title='bbox 1243 4381 1419 4436; x_wconf 90' lang='lat' dir='ltr'><strong>locum</strong></span> <span class='ocrx_word' id='word_1_293' title='bbox 1446 4393 1687 4438; x_wconf 90' lang='lat' dir='ltr'><strong>vestrum</strong></span> <span class='ocrx_word' id='word_1_294' title='bbox 1722 4387 1993 4456; x_wconf 87' lang='lat' dir='ltr'><strong>respiciat,</strong></span> <span class='ocrx_word' id='word_1_295' title='bbox 2023 4398 2078 4443; x_wconf 88' lang='lat' dir='ltr'><strong>et</strong></span> 
     </span>
    </p>
   </div>
   <div class='ocr_carea' id='block_1_49' title="bbox 2164 521 3752 592">
    <p class='ocr_par' dir='ltr' id='par_1_49' title="bbox 2164 521 3752 592">
     <span class='ocr_line' id='line_1_49' title="bbox 2164 521 3752 592; baseline 0 -18"><span class='ocrx_word' id='word_1_296' title='bbox 2164 535 2408 574; x_wconf 89' lang='lat' dir='ltr'><strong>errorum</strong></span> <span class='ocrx_word' id='word_1_297' title='bbox 2439 521 2671 576; x_wconf 79' lang='lat' dir='ltr'><strong>tenebra:</strong></span> <span class='ocrx_word' id='word_1_298' title='bbox 2699 529 3014 592; x_wconf 78' lang='lat' dir='ltr'><strong>contegunt,</strong></span> <span class='ocrx_word' id='word_1_299' title='bbox 3036 530 3090 575; x_wconf 90' lang='lat' dir='ltr'><strong>et</strong></span> <span class='ocrx_word' id='word_1_300' title='bbox 3123 537 3152 574; x_wconf 92' lang='lat' dir='ltr'><strong>a</strong></span> <span class='ocrx_word' id='word_1_301' title='bbox 3192 521 3428 576; x_wconf 87' lang='lat' dir='ltr'><strong>veritate</strong></span> <span class='ocrx_word' id='word_1_302' title='bbox 3459 521 3604 576; x_wconf 81' lang='lat' dir='ltr'><strong>sedis</strong></span> <span class='ocrx_word' id='word_1_303' title='bbox 3628 537 3752 591; x_wconf 74' lang='lat' dir='ltr'><strong>apt-</strong></span> 
     </span>
    </p>
   </div>
   <div class='ocr_carea' id='block_1_50' title="bbox 2165 613 3753 683">
    <p class='ocr_par' dir='ltr' id='par_1_50' title="bbox 2165 613 3753 683">
     <span class='ocr_line' id='line_1_50' title="bbox 2165 613 3753 683; baseline -0.001 -16"><span class='ocrx_word' id='word_1_304' title='bbox 2165 613 2368 668; x_wconf 69' lang='lat' dir='ltr'><strong>stolicze</strong></span> <span class='ocrx_word' id='word_1_305' title='bbox 2397 613 2654 668; x_wconf 88' lang='lat' dir='ltr'><strong>alienant.</strong></span> <span class='ocrx_word' id='word_1_306' title='bbox 2691 613 2843 668; x_wconf 87' lang='lat' dir='ltr'><strong>llnde</strong></span> <span class='ocrx_word' id='word_1_307' title='bbox 2868 628 2964 668; x_wconf 91' lang='lat' dir='ltr'><strong>vos</strong></span> <span class='ocrx_word' id='word_1_308' title='bbox 2999 621 3257 683; x_wconf 85' lang='lat' dir='ltr'><strong>tanquam</strong></span> <span class='ocrx_word' id='word_1_309' title='bbox 3287 614 3567 669; x_wconf 82' lang='lat' dir='ltr'><strong>viscerum</strong></span> <span class='ocrx_word' id='word_1_310' title='bbox 3611 630 3753 667; x_wconf 74' lang='lat' dir='ltr'><strong>meo-</strong></span> 
     </span>
    </p>
   </div>
   <div class='ocr_carea' id='block_1_51' title="bbox 2167 704 3753 775">
    <p class='ocr_par' dir='ltr' id='par_1_51' title="bbox 2167 704 3753 775">
     <span class='ocr_line' id='line_1_51' title="bbox 2167 704 3753 775; baseline -0.001 -17"><span class='ocrx_word' id='word_1_311' title='bbox 2167 721 2284 758; x_wconf 92' lang='lat' dir='ltr'><strong>rum</strong></span> <span class='ocrx_word' id='word_1_312' title='bbox 2316 705 2453 760; x_wconf 90' lang='lat' dir='ltr'><strong>ﬁlios</strong></span> <span class='ocrx_word' id='word_1_313' title='bbox 2492 715 2716 775; x_wconf 86' lang='lat' dir='ltr'><strong>paterna</strong></span> <span class='ocrx_word' id='word_1_314' title='bbox 2752 704 3040 761; x_wconf 86' lang='lat' dir='ltr'><strong>dilectione</strong></span> <span class='ocrx_word' id='word_1_315' title='bbox 3071 704 3429 775; x_wconf 82' lang='lat' dir='ltr'><strong>corripimus,</strong></span> <span class='ocrx_word' id='word_1_316' title='bbox 3463 704 3753 758; x_wconf 73' lang='lat' dir='ltr'><strong>admonen-</strong></span> 
     </span>
    </p>
   </div>
   <div class='ocr_carea' id='block_1_52' title="bbox 2166 796 3755 853">
    <p class='ocr_par' dir='ltr' id='par_1_52' title="bbox 2166 796 3755 853">
     <span class='ocr_line' id='line_1_52' title="bbox 2166 796 3755 853; baseline 0.001 -5"><span class='ocrx_word' id='word_1_317' title='bbox 2166 806 2248 851; x_wconf 89' lang='lat' dir='ltr'><strong>tes</strong></span> <span class='ocrx_word' id='word_1_318' title='bbox 2273 805 2326 853; x_wconf 90' lang='lat' dir='ltr'><strong>et</strong></span> <span class='ocrx_word' id='word_1_319' title='bbox 2351 797 2701 852; x_wconf 89' lang='lat' dir='ltr'><strong>obsecrantes</strong></span> <span class='ocrx_word' id='word_1_320' title='bbox 2727 805 2786 850; x_wconf 88' lang='grc' dir='ltr'><strong>ιιι</strong></span> <span class='ocrx_word' id='word_1_321' title='bbox 2814 798 2880 850; x_wconf 89' lang='lat' dir='ltr'><strong>ad</strong></span> <span class='ocrx_word' id='word_1_322' title='bbox 2909 811 3072 853; x_wconf 70' lang='lat' dir='ltr'><strong>mera:</strong></span> <span class='ocrx_word' id='word_1_323' title='bbox 3104 797 3354 852; x_wconf 84' lang='lat' dir='ltr'><strong>veritatis</strong></span> <span class='ocrx_word' id='word_1_324' title='bbox 3382 796 3575 850; x_wconf 88' lang='lat' dir='ltr'><strong>lumen</strong></span> <span class='ocrx_word' id='word_1_325' title='bbox 3614 811 3755 849; x_wconf 72' lang='lat' dir='ltr'><strong>ruen-</strong></span> 
     </span>
    </p>
   </div>
   <div class='ocr_carea' id='block_1_53' title="bbox 2167 888 3756 947">
    <p class='ocr_par' dir='ltr' id='par_1_53' title="bbox 2167 888 3756 947">
     <span class='ocr_line' id='line_1_53' title="bbox 2167 888 3756 947; baseline 0.001 -6"><span class='ocrx_word' id='word_1_326' title='bbox 2167 888 2299 942; x_wconf 91' lang='lat' dir='ltr'><strong>tium</strong></span> <span class='ocrx_word' id='word_1_327' title='bbox 2337 898 2642 945; x_wconf 85' lang='lat' dir='ltr'><strong>vestrarum</strong></span> <span class='ocrx_word' id='word_1_328' title='bbox 2687 891 2874 946; x_wconf 89' lang='lat' dir='ltr'><strong>oculos</strong></span> <span class='ocrx_word' id='word_1_329' title='bbox 2917 891 3163 947; x_wconf 87' lang='lat' dir='ltr'><strong>elevetis.</strong></span> <span class='ocrx_word' id='word_1_330' title='bbox 3190 889 3422 945; x_wconf 82' lang='lat' dir='ltr'><strong>Auferte</strong></span> <span class='ocrx_word' id='word_1_331' title='bbox 3459 890 3664 944; x_wconf 80' lang='lat' dir='ltr'><strong>malum</strong></span> <span class='ocrx_word' id='word_1_332' title='bbox 3697 905 3756 943; x_wconf 75' lang='lat' dir='ltr'><strong>ex</strong></span> 
     </span>
    </p>
   </div>
   <div class='ocr_carea' id='block_1_54' title="bbox 2167 980 3757 1052">
    <p class='ocr_par' dir='ltr' id='par_1_54' title="bbox 2167 980 3757 1052">
     <span class='ocr_line' id='line_1_54' title="bbox 2167 980 3757 1052; baseline 0.001 -20"><span class='ocrx_word' id='word_1_333' title='bbox 2167 980 2320 1035; x_wconf 89' lang='lat' dir='ltr'><strong>vobis</strong></span> <span class='ocrx_word' id='word_1_334' title='bbox 2363 980 2524 1050; x_wconf 85' lang='lat' dir='ltr'><strong>ipsis;</strong></span> <span class='ocrx_word' id='word_1_335' title='bbox 2559 981 2742 1052; x_wconf 92' lang='lat' dir='ltr'><strong>lupum</strong></span> <span class='ocrx_word' id='word_1_336' title='bbox 2775 981 2926 1036; x_wconf 88' lang='lat' dir='ltr'><strong>illum</strong></span> <span class='ocrx_word' id='word_1_337' title='bbox 2962 982 3086 1037; x_wconf 86' lang='lat' dir='ltr'><strong>dico</strong></span> <span class='ocrx_word' id='word_1_338' title='bbox 3115 991 3170 1036; x_wconf 90' lang='lat' dir='ltr'><strong>et</strong></span> <span class='ocrx_word' id='word_1_339' title='bbox 3199 981 3401 1037; x_wconf 87' lang='lat' dir='ltr'><strong>furem.</strong></span> <span class='ocrx_word' id='word_1_340' title='bbox 3437 981 3532 1049; x_wconf 90' lang='lat' dir='ltr'><strong>qui</strong></span> <span class='ocrx_word' id='word_1_341' title='bbox 3567 997 3674 1034; x_wconf 70' lang='lat' dir='ltr'><strong>novi</strong></span> <span class='ocrx_word' id='word_1_342' title='bbox 3699 984 3757 1033; x_wconf 78' lang='lat' dir='ltr'><strong>ad</strong></span> 
     </span>
    </p>
   </div>
   <div class='ocr_carea' id='block_1_55' title="bbox 2167 1071 3758 1142">
    <p class='ocr_par' dir='ltr' id='par_1_55' title="bbox 2167 1071 3758 1142">
     <span class='ocr_line' id='line_1_55' title="bbox 2167 1071 3758 1142; baseline -0.001 -16"><span class='ocrx_word' id='word_1_343' title='bbox 2167 1071 2393 1127; x_wconf 85' lang='lat' dir='ltr'><strong>salutem</strong></span> <span class='ocrx_word' id='word_1_344' title='bbox 2433 1081 2669 1129; x_wconf 87' lang='lat' dir='ltr'><strong>vestram</strong></span> <span class='ocrx_word' id='word_1_345' title='bbox 2715 1087 2812 1142; x_wconf 89' lang='lat' dir='ltr'><strong>per</strong></span> <span class='ocrx_word' id='word_1_346' title='bbox 2856 1073 3053 1129; x_wconf 89' lang='lat' dir='ltr'><strong>ostium</strong></span> <span class='ocrx_word' id='word_1_347' title='bbox 3101 1073 3369 1136; x_wconf 88' lang='lat' dir='ltr'><strong>introivit,</strong></span> <span class='ocrx_word' id='word_1_348' title='bbox 3417 1073 3520 1126; x_wconf 87' lang='lat' dir='ltr'><strong>sed</strong></span> <span class='ocrx_word' id='word_1_349' title='bbox 3557 1072 3758 1125; x_wconf 77' lang='lat' dir='ltr'><strong>aliunde</strong></span> 
     </span>
    </p>
   </div>
   <div class='ocr_carea' id='block_1_56' title="bbox 2167 1164 3760 1235">
    <p class='ocr_par' dir='ltr' id='par_1_56' title="bbox 2167 1164 3760 1235">
     <span class='ocr_line' id='line_1_56' title="bbox 2167 1164 3760 1235; baseline -0.002 -17"><span class='ocrx_word' id='word_1_350' title='bbox 2167 1164 2430 1230; x_wconf 90' lang='lat' dir='ltr'><strong>ascendit,</strong></span> <span class='ocrx_word' id='word_1_351' title='bbox 2462 1173 2521 1219; x_wconf 90' lang='lat' dir='ltr'><strong>ut</strong></span> <span class='ocrx_word' id='word_1_352' title='bbox 2551 1174 2751 1220; x_wconf 88' lang='lat' dir='ltr'><strong>mactet</strong></span> <span class='ocrx_word' id='word_1_353' title='bbox 2780 1174 2835 1219; x_wconf 92' lang='lat' dir='ltr'><strong>et</strong></span> <span class='ocrx_word' id='word_1_354' title='bbox 2863 1167 3154 1220; x_wconf 85' lang='lat' dir='ltr'><strong>manducet</strong></span> <span class='ocrx_word' id='word_1_355' title='bbox 3187 1175 3242 1218; x_wconf 91' lang='lat' dir='ltr'><strong>et</strong></span> <span class='ocrx_word' id='word_1_356' title='bbox 3287 1165 3511 1235; x_wconf 86' lang='lat' dir='ltr'><strong>perdat.</strong></span> <span class='ocrx_word' id='word_1_357' title='bbox 3539 1165 3648 1216; x_wconf 82' lang='lat' dir='ltr'><strong>Aut</strong></span> <span class='ocrx_word' id='word_1_358' title='bbox 3673 1165 3760 1232; x_wconf 76' lang='lat' dir='ltr'><strong>igi-</strong></span> 
     </span>
    </p>
   </div>
   <div class='ocr_carea' id='block_1_57' title="bbox 2169 1255 3758 1326">
    <p class='ocr_par' dir='ltr' id='par_1_57' title="bbox 2169 1255 3758 1326">
     <span class='ocr_line' id='line_1_57' title="bbox 2169 1255 3758 1326; baseline -0.003 -13"><span class='ocrx_word' id='word_1_359' title='bbox 2169 1268 2256 1313; x_wconf 90' lang='lat' dir='ltr'><strong>tur</strong></span> <span class='ocrx_word' id='word_1_360' title='bbox 2295 1256 2549 1313; x_wconf 86' lang='lat' dir='ltr'><strong>Ecclesiae</strong></span> <span class='ocrx_word' id='word_1_361' title='bbox 2589 1256 2893 1315; x_wconf 89' lang='lat' dir='ltr'><strong>invasorem</strong></span> <span class='ocrx_word' id='word_1_362' title='bbox 2943 1265 2997 1312; x_wconf 92' lang='lat' dir='ltr'><strong>et</strong></span> <span class='ocrx_word' id='word_1_363' title='bbox 3044 1265 3468 1326; x_wconf 88' lang='lat' dir='ltr'><strong>occupatorem,</strong></span> <span class='ocrx_word' id='word_1_364' title='bbox 3511 1255 3758 1311; x_wconf 80' lang='lat' dir='ltr'><strong>Obertum</strong></span> 
     </span>
    </p>
   </div>
   <div class='ocr_carea' id='block_1_58' title="bbox 2167 1346 3757 1416">
    <p class='ocr_par' dir='ltr' id='par_1_58' title="bbox 2167 1346 3757 1416">
     <span class='ocr_line' id='line_1_58' title="bbox 2167 1346 3757 1416; baseline -0.003 -14"><span class='ocrx_word' id='word_1_365' title='bbox 2167 1347 2416 1414; x_wconf 87' lang='lat' dir='ltr'><strong>dicimus,</strong></span> <span class='ocrx_word' id='word_1_366' title='bbox 2442 1346 2657 1402; x_wconf 87' lang='lat' dir='ltr'><strong>Henrici</strong></span> <span class='ocrx_word' id='word_1_367' title='bbox 2691 1346 3008 1416; x_wconf 91' lang='lat' dir='ltr'><strong>complicem</strong></span> <span class='ocrx_word' id='word_1_368' title='bbox 3041 1356 3097 1401; x_wconf 89' lang='lat' dir='ltr'><strong>et</strong></span> <span class='ocrx_word' id='word_1_369' title='bbox 3119 1346 3397 1410; x_wconf 86' lang='lat' dir='ltr'><strong>Cniherti,</strong></span> <span class='ocrx_word' id='word_1_370' title='bbox 3427 1361 3498 1399; x_wconf 77' lang='lat' dir='ltr'><strong>ex</strong></span> <span class='ocrx_word' id='word_1_371' title='bbox 3527 1346 3702 1407; x_wconf 78' lang='lat' dir='ltr'><strong>vobis,</strong></span> <span class='ocrx_word' id='word_1_372' title='bbox 3722 1347 3757 1398; x_wconf 81' lang='lat' dir='ltr'><strong>si</strong></span> 
     </span>
    </p>
   </div>
   <div class='ocr_carea' id='block_1_59' title="bbox 2166 1437 3756 1510">
    <p class='ocr_par' dir='ltr' id='par_1_59' title="bbox 2166 1437 3756 1510">
     <span class='ocr_line' id='line_1_59' title="bbox 2166 1437 3756 1510; baseline -0.001 -19"><span class='ocrx_word' id='word_1_373' title='bbox 2166 1454 2274 1508; x_wconf 89' lang='lat' dir='ltr'><strong>quo</strong></span> <span class='ocrx_word' id='word_1_374' title='bbox 2300 1439 2459 1495; x_wconf 92' lang='lat' dir='ltr'><strong>modo</strong></span> <span class='ocrx_word' id='word_1_375' title='bbox 2484 1438 2761 1509; x_wconf 92' lang='lat' dir='ltr'><strong>possibile,</strong></span> <span class='ocrx_word' id='word_1_376' title='bbox 2787 1437 3001 1510; x_wconf 89' lang='lat' dir='ltr'><strong>pellite;</strong></span> <span class='ocrx_word' id='word_1_377' title='bbox 3032 1446 3126 1492; x_wconf 89' lang='lat' dir='ltr'><strong>aut</strong></span> <span class='ocrx_word' id='word_1_378' title='bbox 3148 1437 3198 1492; x_wconf 89' lang='lat' dir='ltr'><strong>ei</strong></span> <span class='ocrx_word' id='word_1_379' title='bbox 3228 1447 3504 1506; x_wconf 82' lang='lat' dir='ltr'><strong>tanquam</strong></span> <span class='ocrx_word' id='word_1_380' title='bbox 3529 1453 3562 1489; x_wconf 90' lang='lat' dir='ltr'><strong>a</strong></span> <span class='ocrx_word' id='word_1_381' title='bbox 3590 1449 3756 1491; x_wconf 71' lang='lat' dir='ltr'><strong>sancta</strong></span> 
     </span>
    </p>
   </div>
   <div class='ocr_carea' id='block_1_60' title="bbox 2168 1530 3753 1596">
    <p class='ocr_par' dir='ltr' id='par_1_60' title="bbox 2168 1530 3753 1596">
     <span class='ocr_line' id='line_1_60' title="bbox 2168 1530 3753 1596; baseline -0.001 -12"><span class='ocrx_word' id='word_1_382' title='bbox 2168 1532 2409 1587; x_wconf 83' lang='lat' dir='ltr'><strong>Romana</strong></span> <span class='ocrx_word' id='word_1_383' title='bbox 2425 1530 2666 1586; x_wconf 87' lang='lat' dir='ltr'><strong>Ecclesia</strong></span> <span class='ocrx_word' id='word_1_384' title='bbox 2689 1530 2889 1596; x_wconf 88' lang='lat' dir='ltr'><strong>alieno,</strong></span> <span class='ocrx_word' id='word_1_385' title='bbox 2908 1542 2963 1588; x_wconf 92' lang='lat' dir='ltr'><strong>et</strong></span> <span class='ocrx_word' id='word_1_386' title='bbox 2981 1531 3490 1587; x_wconf 78' lang='lat' dir='ltr'><strong>excommunicato.</strong></span> <span class='ocrx_word' id='word_1_387' title='bbox 3514 1531 3753 1584; x_wconf 40' lang='lat' dir='ltr'><strong>obedien-</strong></span> 
     </span>
    </p>
   </div>
   <div class='ocr_carea' id='block_1_61' title="bbox 2170 1621 3758 1692">
    <p class='ocr_par' dir='ltr' id='par_1_61' title="bbox 2170 1621 3758 1692">
     <span class='ocr_line' id='line_1_61' title="bbox 2170 1621 3758 1692; baseline -0.003 -16"><span class='ocrx_word' id='word_1_388' title='bbox 2170 1623 2298 1676; x_wconf 88' lang='lat' dir='ltr'><strong>tiatn</strong></span> <span class='ocrx_word' id='word_1_389' title='bbox 2348 1633 2590 1678; x_wconf 89' lang='lat' dir='ltr'><strong>vestram</strong></span> <span class='ocrx_word' id='word_1_390' title='bbox 2641 1622 3086 1692; x_wconf 86' lang='lat' dir='ltr'><strong>consortiumque</strong></span> <span class='ocrx_word' id='word_1_391' title='bbox 3138 1631 3385 1676; x_wconf 88' lang='lat' dir='ltr'><strong>vestrum</strong></span> <span class='ocrx_word' id='word_1_392' title='bbox 3444 1621 3758 1675; x_wconf 80' lang='lat' dir='ltr'><strong>snbtrahite.</strong></span> 
     </span>
    </p>
   </div>
   <div class='ocr_carea' id='block_1_62' title="bbox 2171 1710 3760 1784">
    <p class='ocr_par' dir='ltr' id='par_1_62' title="bbox 2171 1710 3760 1784">
     <span class='ocr_line' id='line_1_62' title="bbox 2171 1710 3760 1784; baseline -0.002 -17"><span class='ocrx_word' id='word_1_393' title='bbox 2171 1712 2283 1767; x_wconf 86' lang='lat' dir='ltr'><strong>Hoc</strong></span> <span class='ocrx_word' id='word_1_394' title='bbox 2303 1711 2478 1779; x_wconf 89' lang='lat' dir='ltr'><strong>ipsum</strong></span> <span class='ocrx_word' id='word_1_395' title='bbox 2503 1711 2569 1766; x_wconf 90' lang='lat' dir='ltr'><strong>de</strong></span> <span class='ocrx_word' id='word_1_396' title='bbox 2592 1710 2816 1768; x_wconf 82' lang='lat' dir='ltr'><strong>Wiredo</strong></span> <span class='ocrx_word' id='word_1_397' title='bbox 2843 1711 3249 1782; x_wconf 88' lang='lat' dir='ltr'><strong>pseudoabbate</strong></span> <span class='ocrx_word' id='word_1_398' title='bbox 3277 1713 3664 1784; x_wconf 67' lang='lat' dir='ltr'><strong>praecipimus,</strong></span> <span class='ocrx_word' id='word_1_399' title='bbox 3685 1715 3760 1780; x_wconf 83' lang='lat' dir='ltr'><strong>qui</strong></span> 
     </span>
    </p>
   </div>
   <div class='ocr_carea' id='block_1_63' title="bbox 2173 1803 3762 1874">
    <p class='ocr_par' dir='ltr' id='par_1_63' title="bbox 2173 1803 3762 1874">
     <span class='ocr_line' id='line_1_63' title="bbox 2173 1803 3762 1874; baseline -0.001 -17"><span class='ocrx_word' id='word_1_400' title='bbox 2173 1819 2269 1874; x_wconf 89' lang='lat' dir='ltr'><strong>per</strong></span> <span class='ocrx_word' id='word_1_401' title='bbox 2285 1803 2523 1872; x_wconf 85' lang='lat' dir='ltr'><strong>ejusdem</strong></span> <span class='ocrx_word' id='word_1_402' title='bbox 2554 1803 3002 1874; x_wconf 87' lang='lat' dir='ltr'><strong>pseudoepiscopi</strong></span> <span class='ocrx_word' id='word_1_403' title='bbox 3039 1803 3357 1858; x_wconf 88' lang='lat' dir='ltr'><strong>violentiam</strong></span> <span class='ocrx_word' id='word_1_404' title='bbox 3381 1803 3762 1859; x_wconf 62' lang='lat' dir='ltr'><strong>Arduennam</strong></span> 
     </span>
    </p>
   </div>
   <div class='ocr_carea' id='block_1_64' title="bbox 2172 1893 3762 1964">
    <p class='ocr_par' dir='ltr' id='par_1_64' title="bbox 2172 1893 3762 1964">
     <span class='ocr_line' id='line_1_64' title="bbox 2172 1893 3762 1964; baseline 0.002 -17"><span class='ocrx_word' id='word_1_405' title='bbox 2172 1893 2562 1949; x_wconf 87' lang='lat' dir='ltr'><strong>monasterium</strong></span> <span class='ocrx_word' id='word_1_406' title='bbox 2609 1893 2672 1948; x_wconf 90' lang='lat' dir='ltr'><strong>B.</strong></span> <span class='ocrx_word' id='word_1_407' title='bbox 2707 1893 2934 1949; x_wconf 87' lang='lat' dir='ltr'><strong>lluberti</strong></span> <span class='ocrx_word' id='word_1_408' title='bbox 2975 1895 3283 1964; x_wconf 88' lang='lat' dir='ltr'><strong>occupavit.</strong></span> <span class='ocrx_word' id='word_1_409' title='bbox 3327 1894 3387 1949; x_wconf 88' lang='lat' dir='ltr'><strong>Si</strong></span> <span class='ocrx_word' id='word_1_410' title='bbox 3428 1896 3562 1964; x_wconf 89' lang='lat' dir='ltr'><strong>quis</strong></span> <span class='ocrx_word' id='word_1_411' title='bbox 3604 1909 3762 1950; x_wconf 71' lang='lat' dir='ltr'><strong>antea</strong></span> 
     </span>
    </p>
   </div>
   <div class='ocr_carea' id='block_1_65' title="bbox 2171 1986 3763 2058">
    <p class='ocr_par' dir='ltr' id='par_1_65' title="bbox 2171 1986 3763 2058">
     <span class='ocr_line' id='line_1_65' title="bbox 2171 1986 3763 2058; baseline 0 -16"><span class='ocrx_word' id='word_1_412' title='bbox 2171 1987 2426 2058; x_wconf 87' lang='lat' dir='ltr'><strong>deinceps</strong></span> <span class='ocrx_word' id='word_1_413' title='bbox 2455 1986 2535 2042; x_wconf 89' lang='lat' dir='ltr'><strong>eis</strong></span> <span class='ocrx_word' id='word_1_414' title='bbox 2565 1987 2969 2042; x_wconf 88' lang='lat' dir='ltr'><strong>communicare</strong></span> <span class='ocrx_word' id='word_1_415' title='bbox 2996 1989 3442 2058; x_wconf 71' lang='lat' dir='ltr'><strong>praesumpserit,</strong></span> <span class='ocrx_word' id='word_1_416' title='bbox 3484 1987 3660 2042; x_wconf 81' lang='lat' dir='ltr'><strong>donec</strong></span> <span class='ocrx_word' id='word_1_417' title='bbox 3693 2002 3763 2042; x_wconf 75' lang='lat' dir='ltr'><strong>cc-</strong></span> 
     </span>
    </p>
   </div>
   <div class='ocr_carea' id='block_1_66' title="bbox 2172 2071 3762 2144">
    <p class='ocr_par' dir='ltr' id='par_1_66' title="bbox 2172 2071 3762 2144">
     <span class='ocr_line' id='line_1_66' title="bbox 2172 2071 3762 2144; baseline -0.002 -17"><span class='ocrx_word' id='word_1_418' title='bbox 2172 2072 2461 2129; x_wconf 89' lang='lat' dir='ltr'><strong>clesiarum</strong></span> <span class='ocrx_word' id='word_1_419' title='bbox 2491 2071 2691 2144; x_wconf 88' lang='lat' dir='ltr'><strong>quibus</strong></span> <span class='ocrx_word' id='word_1_420' title='bbox 2719 2072 2980 2128; x_wconf 91' lang='lat' dir='ltr'><strong>incubant</strong></span> <span class='ocrx_word' id='word_1_421' title='bbox 3005 2073 3366 2142; x_wconf 87' lang='lat' dir='ltr'><strong>oppressione</strong></span> <span class='ocrx_word' id='word_1_422' title='bbox 3395 2075 3644 2139; x_wconf 82' lang='lat' dir='ltr'><strong>deserta,</strong></span> <span class='ocrx_word' id='word_1_423' title='bbox 3677 2074 3762 2126; x_wconf 70' lang='lat' dir='ltr'><strong>beo</strong></span> 
     </span>
    </p>
   </div>
   <div class='ocr_carea' id='block_1_67' title="bbox 2171 2163 3759 2233">
    <p class='ocr_par' dir='ltr' id='par_1_67' title="bbox 2171 2163 3759 2233">
     <span class='ocr_line' id='line_1_67' title="bbox 2171 2163 3759 2233; baseline 0.001 -15"><span class='ocrx_word' id='word_1_424' title='bbox 2171 2174 2225 2218; x_wconf 90' lang='lat' dir='ltr'><strong>ct</strong></span> <span class='ocrx_word' id='word_1_425' title='bbox 2267 2163 2378 2219; x_wconf 91' lang='lat' dir='ltr'><strong>sedi</strong></span> <span class='ocrx_word' id='word_1_426' title='bbox 2428 2163 2738 2233; x_wconf 83' lang='lat' dir='ltr'><strong>apostolicae</strong></span> <span class='ocrx_word' id='word_1_427' title='bbox 2786 2163 3146 2230; x_wconf 80' lang='lat' dir='ltr'><strong>satisfaciant,</strong></span> <span class='ocrx_word' id='word_1_428' title='bbox 3187 2165 3373 2218; x_wconf 88' lang='lat' dir='ltr'><strong>sciant</strong></span> <span class='ocrx_word' id='word_1_429' title='bbox 3429 2180 3494 2220; x_wconf 89' lang='lat' dir='ltr'><strong>sc</strong></span> <span class='ocrx_word' id='word_1_430' title='bbox 3545 2165 3759 2232; x_wconf 71' lang='lat' dir='ltr'><strong>ejusdem</strong></span> 
     </span>
    </p>
   </div>
   <div class='ocr_carea' id='block_1_68' title="bbox 2171 2257 3760 2315">
    <p class='ocr_par' dir='ltr' id='par_1_68' title="bbox 2171 2257 3760 2315">
     <span class='ocr_line' id='line_1_68' title="bbox 2171 2257 3760 2315; baseline 0 -2"><span class='ocrx_word' id='word_1_431' title='bbox 2171 2258 2751 2315; x_wconf 79' lang='lat' dir='ltr'><strong>excommunicationis</strong></span> <span class='ocrx_word' id='word_1_432' title='bbox 2775 2257 2991 2313; x_wconf 90' lang='lat' dir='ltr'><strong>vinculo</strong></span> <span class='ocrx_word' id='word_1_433' title='bbox 3019 2257 3334 2314; x_wconf 90' lang='lat' dir='ltr'><strong>iunodatos.</strong></span> <span class='ocrx_word' id='word_1_434' title='bbox 3367 2259 3545 2313; x_wconf 75' lang='lat' dir='ltr'><strong>Vobis</strong></span> <span class='ocrx_word' id='word_1_435' title='bbox 3571 2275 3694 2313; x_wconf 75' lang='lat' dir='ltr'><strong>sane</strong></span> <span class='ocrx_word' id='word_1_436' title='bbox 3720 2272 3760 2313; x_wconf 88' lang='lat' dir='ltr'><strong>ct</strong></span> 
     </span>
    </p>
   </div>
   <div class='ocr_carea' id='block_1_69' title="bbox 2172 2349 3758 2423">
    <p class='ocr_par' dir='ltr' id='par_1_69' title="bbox 2172 2349 3758 2423">
     <span class='ocr_line' id='line_1_69' title="bbox 2172 2349 3758 2423; baseline -0.002 -17"><span class='ocrx_word' id='word_1_437' title='bbox 2172 2351 2387 2407; x_wconf 62' lang='lat' dir='ltr'><strong>ctcteris</strong></span> <span class='ocrx_word' id='word_1_438' title='bbox 2435 2349 2690 2404; x_wconf 90' lang='lat' dir='ltr'><strong>omnibus</strong></span> <span class='ocrx_word' id='word_1_439' title='bbox 2740 2362 2927 2405; x_wconf 89' lang='lat' dir='ltr'><strong>notum</strong></span> <span class='ocrx_word' id='word_1_440' title='bbox 2978 2351 3050 2406; x_wconf 91' lang='lat' dir='ltr'><strong>sit</strong></span> <span class='ocrx_word' id='word_1_441' title='bbox 3094 2351 3223 2420; x_wconf 89' lang='lat' dir='ltr'><strong>quia</strong></span> <span class='ocrx_word' id='word_1_442' title='bbox 3279 2351 3552 2423; x_wconf 81' lang='lat' dir='ltr'><strong>religioso</strong></span> <span class='ocrx_word' id='word_1_443' title='bbox 3603 2354 3758 2407; x_wconf 64' lang='lat' dir='ltr'><strong>abluti</strong></span> 
     </span>
    </p>
   </div>
   <div class='ocr_carea' id='block_1_70' title="bbox 2173 2443 3761 2501">
    <p class='ocr_par' dir='ltr' id='par_1_70' title="bbox 2173 2443 3761 2501">
     <span class='ocr_line' id='line_1_70' title="bbox 2173 2443 3761 2501; baseline 0.002 -3"><span class='ocrx_word' id='word_1_444' title='bbox 2173 2443 2510 2500; x_wconf 84' lang='lat' dir='ltr'><strong>Theoderico</strong></span> <span class='ocrx_word' id='word_1_445' title='bbox 2564 2443 2838 2499; x_wconf 89' lang='lat' dir='ltr'><strong>licentiam</strong></span> <span class='ocrx_word' id='word_1_446' title='bbox 2897 2444 3146 2500; x_wconf 90' lang='lat' dir='ltr'><strong>dedimus</strong></span> <span class='ocrx_word' id='word_1_447' title='bbox 3204 2453 3266 2497; x_wconf 88' lang='grc' dir='ltr'><strong>ιιι</strong></span> <span class='ocrx_word' id='word_1_448' title='bbox 3323 2461 3355 2498; x_wconf 91' lang='lat' dir='ltr'><strong>a</strong></span> <span class='ocrx_word' id='word_1_449' title='bbox 3416 2446 3761 2501; x_wconf 52' lang='lat' dir='ltr'><strong>schismate-Ls</strong></span> 
     </span>
    </p>
   </div>
   <div class='ocr_carea' id='block_1_71' title="bbox 2173 2536 3762 2610">
    <p class='ocr_par' dir='ltr' id='par_1_71' title="bbox 2173 2536 3762 2610">
     <span class='ocr_line' id='line_1_71' title="bbox 2173 2536 3762 2610; baseline 0 -17"><span class='ocrx_word' id='word_1_450' title='bbox 2173 2553 2487 2606; x_wconf 89' lang='lat' dir='ltr'><strong>conversos,</strong></span> <span class='ocrx_word' id='word_1_451' title='bbox 2521 2537 2612 2606; x_wconf 92' lang='lat' dir='ltr'><strong>qui</strong></span> <span class='ocrx_word' id='word_1_452' title='bbox 2649 2537 2716 2610; x_wconf 82' lang='lat' dir='ltr'><strong>ad</strong></span> <span class='ocrx_word' id='word_1_453' title='bbox 2747 2538 2923 2608; x_wconf 88' lang='lat' dir='ltr'><strong>ipsum</strong></span> <span class='ocrx_word' id='word_1_454' title='bbox 2966 2536 3346 2607; x_wconf 80' lang='lat' dir='ltr'><strong>confugerint,</strong></span> <span class='ocrx_word' id='word_1_455' title='bbox 3378 2553 3409 2592; x_wconf 88' lang='lat' dir='ltr'><strong>a</strong></span> <span class='ocrx_word' id='word_1_456' title='bbox 3437 2539 3659 2594; x_wconf 85' lang='lat' dir='ltr'><strong>vinculo</strong></span> <span class='ocrx_word' id='word_1_457' title='bbox 3683 2554 3762 2593; x_wconf 74' lang='lat' dir='ltr'><strong>cx-</strong></span> 
     </span>
    </p>
   </div>
   <div class='ocr_carea' id='block_1_72' title="bbox 2174 2631 2978 2687">
    <p class='ocr_par' dir='ltr' id='par_1_72' title="bbox 2174 2631 2978 2687">
     <span class='ocr_line' id='line_1_72' title="bbox 2174 2631 2978 2687; baseline -0.001 0"><span class='ocrx_word' id='word_1_458' title='bbox 2174 2631 2685 2687; x_wconf 90' lang='lat' dir='ltr'><strong>communicationis</strong></span> <span class='ocrx_word' id='word_1_459' title='bbox 2714 2631 2978 2687; x_wconf 90' lang='lat' dir='ltr'><strong>absolvat.</strong></span> 
     </span>
    </p>
   </div>
   <div class='ocr_carea' id='block_1_73' title="bbox 2249 2724 2558 2780">
    <p class='ocr_par' dir='ltr' id='par_1_73' title="bbox 2249 2724 2558 2780">
     <span class='ocr_line' id='line_1_73' title="bbox 2249 2724 2558 2780; baseline 0 -2"><span class='ocrx_word' id='word_1_460' title='bbox 2249 2724 2558 2780; x_wconf 88' lang='lat' dir='ltr'><strong>Datum.....</strong></span> 
     </span>
    </p>
   </div>
   <div class='ocr_carea' id='block_1_74' title="bbox 2844 2815 3092 2872">
    <p class='ocr_par' dir='ltr' id='par_1_74' title="bbox 2844 2815 3092 2872">
     <span class='ocr_line' id='line_1_74' title="bbox 2844 2815 3092 2872; baseline -0.012 0"><span class='ocrx_word' id='word_1_461' title='bbox 2844 2815 3092 2872; x_wconf 72' lang='lat' dir='ltr'><strong>CCXLV.</strong></span> 
     </span>
    </p>
   </div>
   <div class='ocr_carea' id='block_1_75' title="bbox 2226 2906 3712 2976">
    <p class='ocr_par' dir='ltr' id='par_1_75' title="bbox 2226 2906 3712 2976">
     <span class='ocr_line' id='line_1_75' title="bbox 2226 2906 3712 2976; baseline -0.003 -14"><span class='ocrx_word' id='word_1_462' title='bbox 2226 2908 2426 2963; x_wconf 74' lang='lat' dir='ltr'><strong>Urbani</strong></span> <span class='ocrx_word' id='word_1_463' title='bbox 2465 2907 2529 2962; x_wconf 92' lang='lat' dir='ltr'><strong><em>II</em></strong></span> <span class='ocrx_word' id='word_1_464' title='bbox 2567 2906 2874 2976; x_wconf 78' lang='lat' dir='ltr'><strong>rescriptum</strong></span> <span class='ocrx_word' id='word_1_465' title='bbox 2912 2923 3006 2975; x_wconf 81' lang='lat' dir='ltr'><strong>pro</strong></span> <span class='ocrx_word' id='word_1_466' title='bbox 3043 2906 3322 2961; x_wconf 81' lang='lat' dir='ltr'><strong>Casinensi</strong></span> <span class='ocrx_word' id='word_1_467' title='bbox 3372 2909 3712 2960; x_wconf 73' lang='lat' dir='ltr'><strong>ntmmsten’o.</strong></span> 
     </span>
    </p>
   </div>
   <div class='ocr_carea' id='block_1_76' title="bbox 2252 2997 3758 3066">
    <p class='ocr_par' dir='ltr' id='par_1_76' title="bbox 2252 2997 3758 3066">
     <span class='ocr_line' id='line_1_76' title="bbox 2252 2997 3758 3066; baseline -0.003 -12"><span class='ocrx_word' id='word_1_468' title='bbox 2252 2998 2499 3054; x_wconf 69' lang='lat' dir='ltr'><strong>UBBANUS</strong></span> <span class='ocrx_word' id='word_1_469' title='bbox 2543 2997 2850 3066; x_wconf 88' lang='lat' dir='ltr'><strong>episcopus,</strong></span> <span class='ocrx_word' id='word_1_470' title='bbox 2905 3011 3097 3050; x_wconf 86' lang='lat' dir='ltr'><strong>servus</strong></span> <span class='ocrx_word' id='word_1_471' title='bbox 3139 3012 3434 3052; x_wconf 88' lang='lat' dir='ltr'><strong>servorum</strong></span> <span class='ocrx_word' id='word_1_472' title='bbox 3510 2997 3758 3059; x_wconf 79' lang='lat' dir='ltr'><strong>Dei,ch-</strong></span> 
     </span>
    </p>
   </div>
   <div class='ocr_carea' id='block_1_77' title="bbox 2179 3086 3761 3150">
    <p class='ocr_par' dir='ltr' id='par_1_77' title="bbox 2179 3086 3761 3150">
     <span class='ocr_line' id='line_1_77' title="bbox 2179 3086 3761 3150; baseline -0.003 -6"><span class='ocrx_word' id='word_1_473' title='bbox 2179 3089 2397 3144; x_wconf 84' lang='lat' dir='ltr'><strong>rissimo</strong></span> <span class='ocrx_word' id='word_1_474' title='bbox 2425 3087 2537 3143; x_wconf 88' lang='lat' dir='ltr'><strong>ﬁlio</strong></span> <span class='ocrx_word' id='word_1_475' title='bbox 2558 3088 2759 3141; x_wconf 73' lang='lat' dir='ltr'><strong>ANSONI</strong></span> <span class='ocrx_word' id='word_1_476' title='bbox 2811 3086 3322 3141; x_wconf 81' lang='lat' dir='ltr'><strong>Bcneventanorutn</strong></span> <span class='ocrx_word' id='word_1_477' title='bbox 3352 3089 3604 3150; x_wconf 86' lang='lat' dir='ltr'><strong>domino,</strong></span> <span class='ocrx_word' id='word_1_478' title='bbox 3633 3092 3761 3142; x_wconf 78' lang='lat' dir='ltr'><strong>sata-</strong></span> 
     </span>
    </p>
   </div>
   <div class='ocr_carea' id='block_1_78' title="bbox 2182 3177 3243 3250">
    <p class='ocr_par' dir='ltr' id='par_1_78' title="bbox 2182 3177 3243 3250">
     <span class='ocr_line' id='line_1_78' title="bbox 2182 3177 3243 3250; baseline -0.002 -16"><span class='ocrx_word' id='word_1_479' title='bbox 2182 3189 2290 3234; x_wconf 90' lang='lat' dir='ltr'><strong>tem</strong></span> <span class='ocrx_word' id='word_1_480' title='bbox 2321 3193 2373 3236; x_wconf 92' lang='lat' dir='ltr'><strong>et</strong></span> <span class='ocrx_word' id='word_1_481' title='bbox 2401 3177 2752 3250; x_wconf 89' lang='lat' dir='ltr'><strong>apostolicam</strong></span> <span class='ocrx_word' id='word_1_482' title='bbox 2783 3177 3243 3232; x_wconf 87' lang='lat' dir='ltr'><strong>benedictionem.</strong></span> 
     </span>
    </p>
   </div>
   <div class='ocr_carea' id='block_1_79' title="bbox 2248 3269 3758 3342">
    <p class='ocr_par' dir='ltr' id='par_1_79' title="bbox 2248 3269 3758 3342">
     <span class='ocr_line' id='line_1_79' title="bbox 2248 3269 3758 3342; baseline -0.003 -15"><span class='ocrx_word' id='word_1_483' title='bbox 2248 3272 2383 3328; x_wconf 91' lang='lat' dir='ltr'><strong>Cum</strong></span> <span class='ocrx_word' id='word_1_484' title='bbox 2441 3287 2616 3342; x_wconf 76' lang='lat' dir='ltr'><strong>nuper</strong></span> <span class='ocrx_word' id='word_1_485' title='bbox 2669 3288 2697 3325; x_wconf 90' lang='lat' dir='ltr'><strong>a</strong></span> <span class='ocrx_word' id='word_1_486' title='bbox 2742 3281 2795 3326; x_wconf 91' lang='lat' dir='ltr'><strong>te</strong></span> <span class='ocrx_word' id='word_1_487' title='bbox 2847 3269 3226 3336; x_wconf 86' lang='lat' dir='ltr'><strong>discessimus,</strong></span> <span class='ocrx_word' id='word_1_488' title='bbox 3259 3271 3404 3326; x_wconf 90' lang='lat' dir='ltr'><strong>nosti</strong></span> <span class='ocrx_word' id='word_1_489' title='bbox 3448 3273 3555 3324; x_wconf 87' lang='lat' dir='ltr'><strong>sub</strong></span> <span class='ocrx_word' id='word_1_490' title='bbox 3576 3281 3758 3340; x_wconf 75' lang='lat' dir='ltr'><strong>quanta</strong></span> 
     </span>
    </p>
   </div>
   <div class='ocr_carea' id='block_1_80' title="bbox 2181 3361 3759 3423">
    <p class='ocr_par' dir='ltr' id='par_1_80' title="bbox 2181 3361 3759 3423">
     <span class='ocr_line' id='line_1_80' title="bbox 2181 3361 3759 3423; baseline -0.004 -3"><span class='ocrx_word' id='word_1_491' title='bbox 2181 3377 2234 3420; x_wconf 88' lang='lat' dir='ltr'><strong>te</strong></span> <span class='ocrx_word' id='word_1_492' title='bbox 2264 3364 2551 3419; x_wconf 77' lang='lat' dir='ltr'><strong>affectione</strong></span> <span class='ocrx_word' id='word_1_493' title='bbox 2571 3363 2872 3417; x_wconf 89' lang='lat' dir='ltr'><strong>dimisimus</strong></span> <span class='ocrx_word' id='word_1_494' title='bbox 2912 3380 2925 3417; x_wconf 93' lang='lat'>:</span> <span class='ocrx_word' id='word_1_495' title='bbox 2957 3362 3008 3416; x_wconf 92' lang='lat' dir='ltr'><strong>in</strong></span> <span class='ocrx_word' id='word_1_496' title='bbox 3058 3361 3247 3417; x_wconf 89' lang='lat' dir='ltr'><strong>eadem</strong></span> <span class='ocrx_word' id='word_1_497' title='bbox 3279 3378 3413 3416; x_wconf 87' lang='lat' dir='ltr'><strong>vero</strong></span> <span class='ocrx_word' id='word_1_498' title='bbox 3469 3361 3759 3423; x_wconf 65' lang='lat' dir='ltr'><strong>affectione,</strong></span> 
     </span>
    </p>
   </div>
   <div class='ocr_carea' id='block_1_81' title="bbox 2181 3457 3759 3530">
    <p class='ocr_par' dir='ltr' id='par_1_81' title="bbox 2181 3457 3759 3530">
     <span class='ocr_line' id='line_1_81' title="bbox 2181 3457 3759 3530; baseline -0.003 -16"><span class='ocrx_word' id='word_1_499' title='bbox 2181 3462 2235 3514; x_wconf 92' lang='lat' dir='ltr'><strong>in</strong></span> <span class='ocrx_word' id='word_1_500' title='bbox 2265 3461 2514 3515; x_wconf 87' lang='lat' dir='ltr'><strong>eamdem</strong></span> <span class='ocrx_word' id='word_1_501' title='bbox 2540 3458 2932 3530; x_wconf 83' lang='lat' dir='ltr'><strong>benignitatem</strong></span> <span class='ocrx_word' id='word_1_502' title='bbox 2984 3467 3040 3512; x_wconf 91' lang='lat' dir='ltr'><strong>et</strong></span> <span class='ocrx_word' id='word_1_503' title='bbox 3060 3473 3158 3513; x_wconf 91' lang='lat' dir='ltr'><strong>nos</strong></span> <span class='ocrx_word' id='word_1_504' title='bbox 3203 3457 3296 3512; x_wconf 91' lang='lat' dir='ltr'><strong>tibi</strong></span> <span class='ocrx_word' id='word_1_505' title='bbox 3325 3473 3578 3522; x_wconf 82' lang='lat' dir='ltr'><strong>manere,</strong></span> <span class='ocrx_word' id='word_1_506' title='bbox 3629 3471 3681 3512; x_wconf 87' lang='lat' dir='ltr'><strong>et</strong></span> <span class='ocrx_word' id='word_1_507' title='bbox 3717 3469 3759 3510; x_wconf 79' lang='lat' dir='ltr'><strong>te</strong></span> 
     </span>
    </p>
   </div>
   <div class='ocr_carea' id='block_1_82' title="bbox 2181 3551 3758 3621">
    <p class='ocr_par' dir='ltr' id='par_1_82' title="bbox 2181 3551 3758 3621">
     <span class='ocr_line' id='line_1_82' title="bbox 2181 3551 3758 3621; baseline -0.004 -13"><span class='ocrx_word' id='word_1_508' title='bbox 2181 3554 2336 3609; x_wconf 90' lang='lat' dir='ltr'><strong>nobis</strong></span> <span class='ocrx_word' id='word_1_509' title='bbox 2400 3551 2653 3608; x_wconf 87' lang='lat' dir='ltr'><strong>volumus</strong></span> <span class='ocrx_word' id='word_1_510' title='bbox 2701 3565 3044 3620; x_wconf 88' lang='lat' dir='ltr'><strong>permanere,</strong></span> <span class='ocrx_word' id='word_1_511' title='bbox 3102 3551 3362 3621; x_wconf 86' lang='lat' dir='ltr'><strong>quoniam</strong></span> <span class='ocrx_word' id='word_1_512' title='bbox 3407 3551 3633 3621; x_wconf 84' lang='lat' dir='ltr'><strong>quidem</strong></span> <span class='ocrx_word' id='word_1_513' title='bbox 3679 3567 3758 3602; x_wconf 77' lang='lat' dir='ltr'><strong>nas</strong></span> 
     </span>
    </p>
   </div>
   <div class='ocr_carea' id='block_1_83' title="bbox 2180 3641 3757 3713">
    <p class='ocr_par' dir='ltr' id='par_1_83' title="bbox 2180 3641 3757 3713">
     <span class='ocr_line' id='line_1_83' title="bbox 2180 3641 3757 3713; baseline -0.004 -15"><span class='ocrx_word' id='word_1_514' title='bbox 2180 3646 2438 3699; x_wconf 90' lang='lat' dir='ltr'><strong>honorem</strong></span> <span class='ocrx_word' id='word_1_515' title='bbox 2470 3654 2619 3697; x_wconf 90' lang='lat' dir='ltr'><strong>tuum</strong></span> <span class='ocrx_word' id='word_1_516' title='bbox 2649 3657 2888 3708; x_wconf 89' lang='lat' dir='ltr'><strong>servare,</strong></span> <span class='ocrx_word' id='word_1_517' title='bbox 2943 3653 2998 3696; x_wconf 91' lang='lat' dir='ltr'><strong>et</strong></span> <span class='ocrx_word' id='word_1_518' title='bbox 3052 3642 3134 3696; x_wconf 88' lang='lat' dir='ltr'><strong>iu-</strong></span> <span class='ocrx_word' id='word_1_519' title='bbox 3166 3641 3363 3696; x_wconf 89' lang='lat' dir='ltr'><strong>melius</strong></span> <span class='ocrx_word' id='word_1_520' title='bbox 3383 3657 3595 3713; x_wconf 74' lang='lat' dir='ltr'><strong>angere</strong></span> <span class='ocrx_word' id='word_1_521' title='bbox 3621 3659 3757 3696; x_wconf 76' lang='lat' dir='ltr'><strong>cura-</strong></span> 
     </span>
    </p>
   </div>
   <div class='ocr_carea' id='block_1_84' title="bbox 2179 3732 3752 3803">
    <p class='ocr_par' dir='ltr' id='par_1_84' title="bbox 2179 3732 3752 3803">
     <span class='ocr_line' id='line_1_84' title="bbox 2179 3732 3752 3803; baseline -0.006 -12"><span class='ocrx_word' id='word_1_522' title='bbox 2179 3737 2379 3803; x_wconf 89' lang='lat' dir='ltr'><strong>bimus,</strong></span> <span class='ocrx_word' id='word_1_523' title='bbox 2432 3735 2477 3791; x_wconf 90' lang='lat' dir='ltr'><strong>si</strong></span> <span class='ocrx_word' id='word_1_524' title='bbox 2533 3745 2588 3791; x_wconf 90' lang='lat' dir='ltr'><strong>et</strong></span> <span class='ocrx_word' id='word_1_525' title='bbox 2637 3743 2692 3789; x_wconf 91' lang='lat' dir='ltr'><strong>tu</strong></span> <span class='ocrx_word' id='word_1_526' title='bbox 2749 3735 2801 3788; x_wconf 91' lang='lat' dir='ltr'><strong>in</strong></span> <span class='ocrx_word' id='word_1_527' title='bbox 2855 3733 2998 3789; x_wconf 88' lang='lat' dir='ltr'><strong>beati</strong></span> <span class='ocrx_word' id='word_1_528' title='bbox 3054 3732 3199 3787; x_wconf 88' lang='lat' dir='ltr'><strong>Petri</strong></span> <span class='ocrx_word' id='word_1_529' title='bbox 3234 3732 3476 3801; x_wconf 83' lang='lat' dir='ltr'><strong>apostoli</strong></span> <span class='ocrx_word' id='word_1_530' title='bbox 3507 3742 3562 3787; x_wconf 85' lang='lat' dir='ltr'><strong>et</strong></span> <span class='ocrx_word' id='word_1_531' title='bbox 3597 3743 3752 3784; x_wconf 73' lang='lat' dir='ltr'><strong>nostra</strong></span> 
     </span>
    </p>
   </div>
   <div class='ocr_carea' id='block_1_85' title="bbox 2177 3825 3752 3897">
    <p class='ocr_par' dir='ltr' id='par_1_85' title="bbox 2177 3825 3752 3897">
     <span class='ocr_line' id='line_1_85' title="bbox 2177 3825 3752 3897; baseline -0.008 -9"><span class='ocrx_word' id='word_1_532' title='bbox 2177 3832 2458 3888; x_wconf 84' lang='lat' dir='ltr'><strong>curaveris</strong></span> <span class='ocrx_word' id='word_1_533' title='bbox 2495 3828 2755 3884; x_wconf 89' lang='lat' dir='ltr'><strong>ﬁdelitate</strong></span> <span class='ocrx_word' id='word_1_534' title='bbox 2799 3837 2854 3882; x_wconf 93' lang='lat' dir='ltr'><strong>ct</strong></span> <span class='ocrx_word' id='word_1_535' title='bbox 2901 3843 3089 3882; x_wconf 88' lang='lat' dir='ltr'><strong>amore</strong></span> <span class='ocrx_word' id='word_1_536' title='bbox 3119 3827 3443 3897; x_wconf 85' lang='lat' dir='ltr'><strong>persistere.</strong></span> <span class='ocrx_word' id='word_1_537' title='bbox 3485 3825 3560 3880; x_wconf 89' lang='lat' dir='ltr'><strong>De</strong></span> <span class='ocrx_word' id='word_1_538' title='bbox 3590 3841 3752 3880; x_wconf 68' lang='lat' dir='ltr'><strong>trioa:-</strong></span> 
     </span>
    </p>
   </div>
   <div class='ocr_carea' id='block_1_86' title="bbox 2178 3919 3752 3990">
    <p class='ocr_par' dir='ltr' id='par_1_86' title="bbox 2178 3919 3752 3990">
     <span class='ocr_line' id='line_1_86' title="bbox 2178 3919 3752 3990; baseline -0.008 -9"><span class='ocrx_word' id='word_1_539' title='bbox 2178 3926 2347 3981; x_wconf 91' lang='lat' dir='ltr'><strong>stcrio</strong></span> <span class='ocrx_word' id='word_1_540' title='bbox 2393 3923 2608 3978; x_wconf 63' lang='lat' dir='ltr'><strong>Sanctae</strong></span> <span class='ocrx_word' id='word_1_541' title='bbox 2662 3921 2877 3990; x_wconf 80' lang='lat' dir='ltr'><strong>SOphiae</strong></span> <span class='ocrx_word' id='word_1_542' title='bbox 2934 3920 3148 3990; x_wconf 87' lang='lat' dir='ltr'><strong>quoties</strong></span> <span class='ocrx_word' id='word_1_543' title='bbox 3207 3927 3262 3974; x_wconf 90' lang='lat' dir='ltr'><strong>et</strong></span> <span class='ocrx_word' id='word_1_544' title='bbox 3307 3935 3380 3973; x_wconf 79' lang='lat' dir='ltr'><strong>ex</strong></span> <span class='ocrx_word' id='word_1_545' title='bbox 3439 3919 3752 3988; x_wconf 71' lang='lat' dir='ltr'><strong>quantojam</strong></span> 
     </span>
    </p>
   </div>
   <div class='ocr_carea' id='block_1_87' title="bbox 2179 4009 3754 4079">
    <p class='ocr_par' dir='ltr' id='par_1_87' title="bbox 2179 4009 3754 4079">
     <span class='ocr_line' id='line_1_87' title="bbox 2179 4009 3754 4079; baseline -0.008 -9"><span class='ocrx_word' id='word_1_546' title='bbox 2179 4026 2422 4079; x_wconf 89' lang='lat' dir='ltr'><strong>tempore</strong></span> <span class='ocrx_word' id='word_1_547' title='bbox 2487 4012 2812 4067; x_wconf 89' lang='lat' dir='ltr'><strong>Casincnses</strong></span> <span class='ocrx_word' id='word_1_548' title='bbox 2893 4009 3151 4065; x_wconf 89' lang='lat' dir='ltr'><strong>monachi</strong></span> <span class='ocrx_word' id='word_1_549' title='bbox 3229 4009 3673 4070; x_wconf 81' lang='lat' dir='ltr'><strong>reclamaverint,</strong></span> <span class='ocrx_word' id='word_1_550' title='bbox 3717 4022 3754 4059; x_wconf 75' lang='lat' dir='ltr'><strong>te</strong></span> 
     </span>
    </p>
   </div>
   <div class='ocr_carea' id='block_1_88' title="bbox 2137 4099 3752 4175">
    <p class='ocr_par' dir='ltr' id='par_1_88' title="bbox 2137 4099 3752 4175">
     <span class='ocr_line' id='line_1_88' title="bbox 2137 4099 3752 4175; baseline -0.006 -15"><span class='ocrx_word' id='word_1_551' title='bbox 2137 4108 2354 4175; x_wconf 77' lang='lat' dir='ltr'><strong>.ipsum</strong></span> <span class='ocrx_word' id='word_1_552' title='bbox 2406 4105 2658 4174; x_wconf 76' lang='lat' dir='ltr'><strong>ignorare</strong></span> <span class='ocrx_word' id='word_1_553' title='bbox 2695 4120 2802 4158; x_wconf 89' lang='lat' dir='ltr'><strong>non</strong></span> <span class='ocrx_word' id='word_1_554' title='bbox 2859 4102 3154 4157; x_wconf 88' lang='lat' dir='ltr'><strong>credimus.</strong></span> <span class='ocrx_word' id='word_1_555' title='bbox 3202 4099 3392 4170; x_wconf 86' lang='lat' dir='ltr'><strong>Nuper</strong></span> <span class='ocrx_word' id='word_1_556' title='bbox 3451 4102 3508 4154; x_wconf 92' lang='lat' dir='ltr'><strong>in</strong></span> <span class='ocrx_word' id='word_1_557' title='bbox 3558 4101 3752 4154; x_wconf 74' lang='lat' dir='ltr'><strong>Bareasi</strong></span> 
     </span>
    </p>
   </div>
   <div class='ocr_carea' id='block_1_89' title="bbox 2178 4193 3755 4264">
    <p class='ocr_par' dir='ltr' id='par_1_89' title="bbox 2178 4193 3755 4264">
     <span class='ocr_line' id='line_1_89' title="bbox 2178 4193 3755 4264; baseline -0.005 -12"><span class='ocrx_word' id='word_1_558' title='bbox 2178 4197 2407 4253; x_wconf 91' lang='lat' dir='ltr'><strong>concilio</strong></span> <span class='ocrx_word' id='word_1_559' title='bbox 2457 4211 2580 4252; x_wconf 93' lang='lat' dir='ltr'><strong>cum</strong></span> <span class='ocrx_word' id='word_1_560' title='bbox 2617 4195 2837 4264; x_wconf 90' lang='lat' dir='ltr'><strong>scriptis</strong></span> <span class='ocrx_word' id='word_1_561' title='bbox 2883 4204 2938 4248; x_wconf 90' lang='lat' dir='ltr'><strong>et</strong></span> <span class='ocrx_word' id='word_1_562' title='bbox 2982 4193 3338 4248; x_wconf 87' lang='lat' dir='ltr'><strong>monimentis</strong></span> <span class='ocrx_word' id='word_1_563' title='bbox 3389 4194 3641 4248; x_wconf 65' lang='lat' dir='ltr'><strong>eet-lesia:</strong></span> <span class='ocrx_word' id='word_1_564' title='bbox 3665 4209 3755 4247; x_wconf 70' lang='lat' dir='ltr'><strong>sex</strong></span> 
     </span>
    </p>
   </div>
   <div class='ocr_carea' id='block_1_90' title="bbox 2173 4284 3754 4362">
    <p class='ocr_par' dir='ltr' id='par_1_90' title="bbox 2173 4284 3754 4362">
     <span class='ocr_line' id='line_1_90' title="bbox 2173 4284 3754 4362; baseline -0.004 -18"><span class='ocrx_word' id='word_1_565' title='bbox 2173 4290 2437 4362; x_wconf 89' lang='lat' dir='ltr'><strong>justitiam</strong></span> <span class='ocrx_word' id='word_1_566' title='bbox 2495 4303 2648 4345; x_wconf 89' lang='lat' dir='ltr'><strong>suam</strong></span> <span class='ocrx_word' id='word_1_567' title='bbox 2721 4297 2970 4343; x_wconf 88' lang='lat' dir='ltr'><strong>astruere</strong></span> <span class='ocrx_word' id='word_1_568' title='bbox 3032 4286 3208 4358; x_wconf 87' lang='lat' dir='ltr'><strong>parati</strong></span> <span class='ocrx_word' id='word_1_569' title='bbox 3284 4284 3555 4349; x_wconf 88' lang='lat' dir='ltr'><strong>fuissent,</strong></span> <span class='ocrx_word' id='word_1_570' title='bbox 3613 4288 3754 4341; x_wconf 72' lang='lat' dir='ltr'><strong>abbas</strong></span> 
     </span>
    </p>
   </div>
   <div class='ocr_carea' id='block_1_91' title="bbox 2181 4379 3750 4453">
    <p class='ocr_par' dir='ltr' id='par_1_91' title="bbox 2181 4379 3750 4453">
     <span class='ocr_line' id='line_1_91' title="bbox 2181 4379 3750 4453; baseline -0.006 -15"><span class='ocrx_word' id='word_1_571' title='bbox 2181 4384 2396 4439; x_wconf 70' lang='lat' dir='ltr'><strong>Sancta:</strong></span> <span class='ocrx_word' id='word_1_572' title='bbox 2418 4382 2638 4453; x_wconf 80' lang='lat' dir='ltr'><strong>Sophiae</strong></span> <span class='ocrx_word' id='word_1_573' title='bbox 2674 4381 2968 4436; x_wconf 89' lang='lat' dir='ltr'><strong>occasione</strong></span> <span class='ocrx_word' id='word_1_574' title='bbox 2995 4380 3068 4433; x_wconf 91' lang='lat' dir='ltr'><strong>tui</strong></span> <span class='ocrx_word' id='word_1_575' title='bbox 3099 4393 3281 4433; x_wconf 78' lang='lat' dir='ltr'><strong>causa:</strong></span> <span class='ocrx_word' id='word_1_576' title='bbox 3307 4379 3593 4435; x_wconf 86' lang='lat' dir='ltr'><strong>aetionem</strong></span> <span class='ocrx_word' id='word_1_577' title='bbox 3618 4379 3750 4448; x_wconf 70' lang='lat' dir='ltr'><strong>fugit.</strong></span> 
     </span>
    </p>
   </div>
   <div class='ocr_carea' id='block_1_92' title="bbox 487 4465 3754 4559">
    <p class='ocr_par' dir='ltr' id='par_1_92' title="bbox 487 4465 3754 4559">
     <span class='ocr_line' id='line_1_92' title="bbox 487 4465 3754 4559; baseline 0.001 -40"><span class='ocrx_word' id='word_1_578' title='bbox 487 4465 784 4520; x_wconf 88' lang='lat' dir='ltr'><strong>secundum</strong></span> <span class='ocrx_word' id='word_1_579' title='bbox 827 4468 1220 4539; x_wconf 90' lang='lat' dir='ltr'><strong>beneplacitum</strong></span> <span class='ocrx_word' id='word_1_580' title='bbox 1259 4489 1416 4528; x_wconf 88' lang='lat' dir='ltr'><strong>suum</strong></span> <span class='ocrx_word' id='word_1_581' title='bbox 1454 4476 1506 4531; x_wconf 93' lang='lat' dir='ltr'><strong>in</strong></span> <span class='ocrx_word' id='word_1_582' title='bbox 1541 4478 1770 4547; x_wconf 86' lang='lat' dir='ltr'><strong>pristino</strong></span> <span class='ocrx_word' id='word_1_583' title='bbox 1805 4488 1946 4534; x_wconf 89' lang='lat' dir='ltr'><strong>statu</strong></span> <span class='ocrx_word' id='word_1_584' title='bbox 1992 4495 2076 4535; x_wconf 91' lang='lat' dir='ltr'><strong>re-</strong></span> <span class='ocrx_word' id='word_1_585' title='bbox 2104 4500 2154 4559; x_wconf 74' lang='grc' dir='ltr'>ι)</span> <span class='ocrx_word' id='word_1_586' title='bbox 2181 4475 2313 4531; x_wconf 89' lang='lat' dir='ltr'><strong>Cum</strong></span> <span class='ocrx_word' id='word_1_587' title='bbox 2348 4474 2721 4532; x_wconf 89' lang='lat' dir='ltr'><strong>Beneventum</strong></span> <span class='ocrx_word' id='word_1_588' title='bbox 2768 4473 2936 4528; x_wconf 89' lang='lat' dir='ltr'><strong>etiam</strong></span> <span class='ocrx_word' id='word_1_589' title='bbox 2987 4470 3324 4525; x_wconf 87' lang='lat' dir='ltr'><strong>venissemus</strong></span> <span class='ocrx_word' id='word_1_590' title='bbox 3375 4471 3431 4525; x_wconf 92' lang='lat' dir='ltr'><strong>in</strong></span> <span class='ocrx_word' id='word_1_591' title='bbox 3470 4473 3586 4542; x_wconf 78' lang='lat' dir='ltr'><strong>ipsa</strong></span> <span class='ocrx_word' id='word_1_592' title='bbox 3611 4473 3754 4525; x_wconf 62' lang='lat' dir='ltr'><strong>beate</strong></span> 
     </span>
    </p>
   </div>
   <div class='ocr_carea' id='block_1_93' title="bbox 487 4557 2074 4631">
    <p class='ocr_par' dir='ltr' id='par_1_93' title="bbox 487 4557 2074 4631">
     <span class='ocr_line' id='line_1_93' title="bbox 487 4557 2074 4631; baseline 0.012 -20"><span class='ocrx_word' id='word_1_593' title='bbox 487 4557 703 4615; x_wconf 88' lang='lat' dir='ltr'><strong>formet.</strong></span> <span class='ocrx_word' id='word_1_594' title='bbox 764 4561 918 4617; x_wconf 92' lang='lat' dir='ltr'><strong>Illum</strong></span> <span class='ocrx_word' id='word_1_595' title='bbox 967 4575 1146 4620; x_wconf 91' lang='lat' dir='ltr'><strong>autem</strong></span> <span class='ocrx_word' id='word_1_596' title='bbox 1205 4567 1482 4625; x_wconf 84' lang='lat' dir='ltr'><strong>Wiredum</strong></span> <span class='ocrx_word' id='word_1_597' title='bbox 1539 4575 1854 4630; x_wconf 90' lang='lat' dir='ltr'><strong>monasterii</strong></span> <span class='ocrx_word' id='word_1_598' title='bbox 1909 4578 2074 4631; x_wconf 85' lang='lat' dir='ltr'><strong>vestri</strong></span> 
     </span>
    </p>
   </div>
   <div class='ocr_carea' id='block_1_94' title="bbox 489 4651 2078 4738">
    <p class='ocr_par' dir='ltr' id='par_1_94' title="bbox 489 4651 2078 4738">
     <span class='ocr_line' id='line_1_94' title="bbox 489 4651 2078 4738; baseline 0.013 -34"><span class='ocrx_word' id='word_1_599' title='bbox 489 4651 794 4738; x_wconf 80' lang='lat' dir='ltr'><strong>invasorem</strong></span> <span class='ocrx_word' id='word_1_600' title='bbox 836 4671 960 4709; x_wconf 89' lang='lat' dir='ltr'><strong>cum</strong></span> <span class='ocrx_word' id='word_1_601' title='bbox 994 4659 1104 4711; x_wconf 86' lang='lat' dir='ltr'><strong>suis</strong></span> <span class='ocrx_word' id='word_1_602' title='bbox 1142 4661 1395 4718; x_wconf 91' lang='lat' dir='ltr'><strong>omnibus</strong></span> <span class='ocrx_word' id='word_1_603' title='bbox 1439 4662 1686 4730; x_wconf 78' lang='lat' dir='ltr'><strong>subditis,</strong></span> <span class='ocrx_word' id='word_1_604' title='bbox 1719 4667 1957 4735; x_wconf 86' lang='lat' dir='ltr'><strong>quandiu</strong></span> <span class='ocrx_word' id='word_1_605' title='bbox 2009 4668 2078 4724; x_wconf 89' lang='lat' dir='ltr'><strong>ab</strong></span> 
     </span>
    </p>
   </div>
   <div class='ocr_carea' id='block_1_95' title="bbox 489 4743 2075 4822">
    <p class='ocr_par' dir='ltr' id='par_1_95' title="bbox 489 4743 2075 4822">
     <span class='ocr_line' id='line_1_95' title="bbox 489 4743 2075 4822; baseline 0.013 -26"><span class='ocrx_word' id='word_1_606' title='bbox 489 4743 660 4814; x_wconf 87' lang='lat' dir='ltr'><strong>ipsius</strong></span> <span class='ocrx_word' id='word_1_607' title='bbox 707 4751 1018 4805; x_wconf 85' lang='lat' dir='ltr'><strong>monasterii</strong></span> <span class='ocrx_word' id='word_1_608' title='bbox 1058 4751 1333 4810; x_wconf 85' lang='lat' dir='ltr'><strong>invasione</strong></span> <span class='ocrx_word' id='word_1_609' title='bbox 1367 4771 1470 4810; x_wconf 89' lang='lat' dir='ltr'><strong>non</strong></span> <span class='ocrx_word' id='word_1_610' title='bbox 1497 4757 1785 4822; x_wconf 87' lang='lat' dir='ltr'><strong>destiterit,</strong></span> <span class='ocrx_word' id='word_1_611' title='bbox 1813 4776 1842 4813; x_wconf 89' lang='lat' dir='ltr'><strong>a</strong></span> <span class='ocrx_word' id='word_1_612' title='bbox 1888 4771 2075 4817; x_wconf 85' lang='lat' dir='ltr'><strong>sancta</strong></span> 
     </span>
    </p>
   </div>
   <div class='ocr_carea' id='block_1_96' title="bbox 489 4836 2078 4924">
    <p class='ocr_par' dir='ltr' id='par_1_96' title="bbox 489 4836 2078 4924">
     <span class='ocr_line' id='line_1_96' title="bbox 489 4836 2078 4924; baseline 0.013 -35"><span class='ocrx_word' id='word_1_613' title='bbox 489 4836 729 4893; x_wconf 70' lang='lat' dir='ltr'><strong>llonnana</strong></span> <span class='ocrx_word' id='word_1_614' title='bbox 791 4843 1030 4899; x_wconf 88' lang='lat' dir='ltr'><strong>Ecclesia</strong></span> <span class='ocrx_word' id='word_1_615' title='bbox 1091 4849 1615 4904; x_wconf 85' lang='lat' dir='ltr'><strong>excommunicatum</strong></span> <span class='ocrx_word' id='word_1_616' title='bbox 1672 4867 1794 4908; x_wconf 89' lang='lat' dir='ltr'><strong>esse</strong></span> <span class='ocrx_word' id='word_1_617' title='bbox 1859 4855 2078 4924; x_wconf 84' lang='lat' dir='ltr'><strong>scriptis</strong></span> 
     </span>
    </p>
   </div>
   <div class='ocr_carea' id='block_1_97' title="bbox 490 4933 1472 5004">
    <p class='ocr_par' dir='ltr' id='par_1_97' title="bbox 490 4933 1472 5004">
     <span class='ocr_line' id='line_1_97' title="bbox 490 4933 1472 5004; baseline 0.013 -18"><span class='ocrx_word' id='word_1_618' title='bbox 490 4933 642 4992; x_wconf 85' lang='lat' dir='ltr'><strong>vobis</strong></span> <span class='ocrx_word' id='word_1_619' title='bbox 673 4940 1025 5004; x_wconf 61' lang='lat' dir='ltr'><strong>praisentibus</strong></span> <span class='ocrx_word' id='word_1_620' title='bbox 1059 4939 1472 4998; x_wconf 81' lang='lat' dir='ltr'><strong>innotescitnus.</strong></span> 
     </span>
    </p>
   </div>
   <div class='ocr_carea' id='block_1_98' title="bbox 1147 5054 1418 5110">
    <p class='ocr_par' dir='ltr' id='par_1_98' title="bbox 1147 5054 1418 5110">
     <span class='ocr_line' id='line_1_98' title="bbox 1147 5054 1418 5110; baseline 0 0"><span class='ocrx_word' id='word_1_621' title='bbox 1147 5054 1418 5110; x_wconf 82' lang='lat' dir='ltr'><strong>CCXLIV.</strong></span> 
     </span>
    </p>
   </div>
   <div class='ocr_carea' id='block_1_99' title="bbox 530 5135 2042 5275">
    <p class='ocr_par' dir='ltr' id='par_1_99' title="bbox 530 5135 2042 5275">
     <span class='ocr_line' id='line_1_99' title="bbox 530 5135 2042 5275; baseline 0.013 -86"><span class='ocrx_word' id='word_1_622' title='bbox 530 5135 729 5200; x_wconf 76' lang='lat' dir='ltr'><strong>Urbani</strong></span> <span class='ocrx_word' id='word_1_623' title='bbox 764 5143 825 5197; x_wconf 91' lang='lat' dir='ltr'><strong><em>II</em></strong></span> <span class='ocrx_word' id='word_1_624' title='bbox 855 5148 1073 5214; x_wconf 78' lang='lat' dir='ltr'><strong>epistola</strong></span> <span class='ocrx_word' id='word_1_625' title='bbox 1118 5149 1188 5202; x_wconf 85' lang='lat' dir='ltr'><strong>ad</strong></span> <span class='ocrx_word' id='word_1_626' title='bbox 1222 5148 1538 5275; x_wconf 42' lang='lat' dir='ltr'><strong>(ﬁeoldienses</strong></span> <span class='ocrx_word' id='word_1_627' title='bbox 1582 5169 1676 5222; x_wconf 85' lang='lat' dir='ltr'><strong>pro</strong></span> <span class='ocrx_word' id='word_1_628' title='bbox 1727 5151 2042 5210; x_wconf 82' lang='lat' dir='ltr'><strong>Theoderico</strong></span> 
     </span>
     <span class='ocr_line' id='line_1_100' title="bbox 1186 5239 1388 5275; baseline 0.005 -3"><span class='ocrx_word' id='word_1_629' title='bbox 1186 5240 1215 5273; x_wconf 80' lang='grc' dir='ltr'>(ι</span> <span class='ocrx_word' id='word_1_630' title='bbox 1287 5239 1388 5275; x_wconf 81' lang='lat' dir='ltr'><strong>ae.</strong></span> 
     </span>
    </p>
   </div>
   <div class='ocr_carea' id='block_1_100' title="bbox 1186 5239 1388 5275">
    <p class='ocr_par' dir='ltr' id='par_1_100' title="bbox 1186 5239 1388 5275">
     <span class='ocr_line' id='line_1_101' title="bbox 1186 5239 1388 5275; baseline 0.005 -3"><span class='ocrx_word' id='word_1_631' title='bbox 1186 5239 1388 5275; x_wconf 77' lang='grc' dir='ltr'><strong>(ιυυαιρ.</strong></span> 
     </span>
    </p>
   </div>
   <div class='ocr_carea' id='block_1_101' title="bbox 1083 5313 1474 5384">
    <p class='ocr_par' dir='ltr' id='par_1_101' title="bbox 1083 5313 1474 5384">
     <span class='ocr_line' id='line_1_102' title="bbox 1083 5313 1474 5384; baseline 0.003 -20"><span class='ocrx_word' id='word_1_632' title='bbox 1083 5313 1260 5383; x_wconf 77' lang='lat' dir='ltr'><strong>(Anno</strong></span> <span class='ocrx_word' id='word_1_633' title='bbox 1294 5315 1474 5384; x_wconf 72' lang='lat'><strong>1098.)</strong></span> 
     </span>
    </p>
   </div>
   <div class='ocr_carea' id='block_1_102' title="bbox 961 5405 1620 5482">
    <p class='ocr_par' dir='ltr' id='par_1_102' title="bbox 961 5405 1620 5482">
     <span class='ocr_line' id='line_1_103' title="bbox 961 5405 1620 5482; baseline 0.005 -23"><span class='ocrx_word' id='word_1_634' title='bbox 961 5405 1258 5476; x_wconf 63' lang='grc' dir='ltr'>[Μλιιτειιη</span> <span class='ocrx_word' id='word_1_635' title='bbox 1294 5409 1383 5461; x_wconf 85' lang='lat' dir='ltr'><strong>ubi</strong></span> <span class='ocrx_word' id='word_1_636' title='bbox 1412 5409 1620 5482; x_wconf 54' lang='grc' dir='ltr'><strong>ευριπ]</strong></span> 
     </span>
    </p>
   </div>
   <div class='ocr_carea' id='block_1_103' title="bbox 569 5489 2083 5565">
    <p class='ocr_par' dir='ltr' id='par_1_103' title="bbox 569 5489 2083 5565">
     <span class='ocr_line' id='line_1_104' title="bbox 569 5489 2083 5565; baseline 0.007 -19"><span class='ocrx_word' id='word_1_637' title='bbox 569 5489 822 5546; x_wconf 68' lang='grc' dir='ltr'>υιιιιλιιυε</span> <span class='ocrx_word' id='word_1_638' title='bbox 861 5493 1163 5564; x_wconf 89' lang='lat' dir='ltr'><strong>episcopus,</strong></span> <span class='ocrx_word' id='word_1_639' title='bbox 1198 5511 1388 5552; x_wconf 87' lang='lat' dir='ltr'><strong>servus</strong></span> <span class='ocrx_word' id='word_1_640' title='bbox 1427 5496 1708 5553; x_wconf 75' lang='lat' dir='ltr'><strong>Servornm</strong></span> <span class='ocrx_word' id='word_1_641' title='bbox 1752 5499 1861 5565; x_wconf 88' lang='lat' dir='ltr'><strong>Dei,</strong></span> <span class='ocrx_word' id='word_1_642' title='bbox 1898 5501 2083 5556; x_wconf 85' lang='lat' dir='ltr'><strong>catho-</strong></span> 
     </span>
    </p>
   </div>
   <div class='ocr_carea' id='block_1_104' title="bbox 496 5583 2080 5660">
    <p class='ocr_par' dir='ltr' id='par_1_104' title="bbox 496 5583 2080 5660">
     <span class='ocr_line' id='line_1_105' title="bbox 496 5583 2080 5660; baseline 0.006 -23"><span class='ocrx_word' id='word_1_643' title='bbox 496 5583 615 5637; x_wconf 89' lang='lat' dir='ltr'><strong>licis</strong></span> <span class='ocrx_word' id='word_1_644' title='bbox 663 5583 915 5639; x_wconf 83' lang='lat' dir='ltr'><strong>munibus</strong></span> <span class='ocrx_word' id='word_1_645' title='bbox 963 5585 1014 5638; x_wconf 92' lang='lat' dir='ltr'><strong>in</strong></span> <span class='ocrx_word' id='word_1_646' title='bbox 1058 5586 1202 5640; x_wconf 91' lang='lat' dir='ltr'><strong>clero</strong></span> <span class='ocrx_word' id='word_1_647' title='bbox 1255 5587 1537 5647; x_wconf 89' lang='lat' dir='ltr'><strong>Leodicnsi</strong></span> <span class='ocrx_word' id='word_1_648' title='bbox 1585 5601 1638 5645; x_wconf 91' lang='lat' dir='ltr'><strong>et</strong></span> <span class='ocrx_word' id='word_1_649' title='bbox 1691 5591 1886 5660; x_wconf 89' lang='lat' dir='ltr'><strong>populo</strong></span> <span class='ocrx_word' id='word_1_650' title='bbox 1930 5591 1988 5646; x_wconf 91' lang='lat' dir='ltr'><strong>S.</strong></span> <span class='ocrx_word' id='word_1_651' title='bbox 2027 5599 2080 5648; x_wconf 90' lang='lat' dir='ltr'><strong>et</strong></span> 
     </span>
    </p>
   </div>
   <div class='ocr_carea' id='block_1_105' title="bbox 564 5770 2052 5850">
    <p class='ocr_par' dir='ltr' id='par_1_105' title="bbox 564 5770 2052 5850">
     <span class='ocr_line' id='line_1_106' title="bbox 564 5770 2052 5850; baseline 0.007 -26"><span class='ocrx_word' id='word_1_652' title='bbox 564 5770 815 5836; x_wconf 84' lang='lat' dir='ltr'><strong>Dolemtts</strong></span> <span class='ocrx_word' id='word_1_653' title='bbox 849 5788 945 5850; x_wconf 78' lang='lat' dir='ltr'><strong>pro</strong></span> <span class='ocrx_word' id='word_1_654' title='bbox 978 5772 1127 5829; x_wconf 85' lang='lat' dir='ltr'><strong>vobis</strong></span> <span class='ocrx_word' id='word_1_655' title='bbox 1164 5773 1418 5844; x_wconf 84' lang='lat' dir='ltr'><strong>graviter,</strong></span> <span class='ocrx_word' id='word_1_656' title='bbox 1467 5774 1559 5831; x_wconf 88' lang='lat' dir='ltr'><strong>ﬁlii</strong></span> <span class='ocrx_word' id='word_1_657' title='bbox 1605 5775 1657 5832; x_wconf 87' lang='lat' dir='ltr'><strong>in</strong></span> <span class='ocrx_word' id='word_1_658' title='bbox 1693 5777 1907 5836; x_wconf 80' lang='lat' dir='ltr'><strong>Christo</strong></span> <span class='ocrx_word' id='word_1_659' title='bbox 1948 5779 2052 5836; x_wconf 87' lang='lat' dir='ltr'><strong>dile</strong></span> 
     </span>
    </p>
   </div>
   <div class='ocr_carea' id='block_1_106' title="bbox 2181 4562 3754 4639">
    <p class='ocr_par' dir='ltr' id='par_1_106' title="bbox 2181 4562 3754 4639">
     <span class='ocr_line' id='line_1_107' title="bbox 2181 4562 3754 4639; baseline -0.01 -14"><span class='ocrx_word' id='word_1_660' title='bbox 2181 4567 2397 4639; x_wconf 77' lang='lat' dir='ltr'><strong>Sophia:</strong></span> <span class='ocrx_word' id='word_1_661' title='bbox 2423 4568 2604 4630; x_wconf 87' lang='lat' dir='ltr'><strong>donto,</strong></span> <span class='ocrx_word' id='word_1_662' title='bbox 2640 4564 2839 4620; x_wconf 88' lang='lat' dir='ltr'><strong>fratres</strong></span> <span class='ocrx_word' id='word_1_663' title='bbox 2885 4563 2985 4634; x_wconf 88' lang='lat' dir='ltr'><strong>ipsi</strong></span> <span class='ocrx_word' id='word_1_664' title='bbox 3041 4571 3306 4633; x_wconf 88' lang='lat' dir='ltr'><strong>quantum</strong></span> <span class='ocrx_word' id='word_1_665' title='bbox 3367 4565 3557 4633; x_wconf 87' lang='lat' dir='ltr'><strong>questi</strong></span> <span class='ocrx_word' id='word_1_666' title='bbox 3586 4562 3754 4616; x_wconf 83' lang='lat' dir='ltr'><strong>fuerint</strong></span> 
     </span>
    </p>
   </div>
   <div class='ocr_carea' id='block_1_107' title="bbox 2180 4653 3752 4725">
    <p class='ocr_par' dir='ltr' id='par_1_107' title="bbox 2180 4653 3752 4725">
     <span class='ocr_line' id='line_1_108' title="bbox 2180 4653 3752 4725; baseline -0.008 -11"><span class='ocrx_word' id='word_1_667' title='bbox 2180 4659 2402 4714; x_wconf 90' lang='lat' dir='ltr'><strong>audisti.</strong></span> <span class='ocrx_word' id='word_1_668' title='bbox 2429 4657 2570 4725; x_wconf 88' lang='lat' dir='ltr'><strong>Quid</strong></span> <span class='ocrx_word' id='word_1_669' title='bbox 2621 4671 2720 4712; x_wconf 89' lang='lat' dir='ltr'><strong>nos</strong></span> <span class='ocrx_word' id='word_1_670' title='bbox 2772 4655 2869 4710; x_wconf 91' lang='lat' dir='ltr'><strong>tibi</strong></span> <span class='ocrx_word' id='word_1_671' title='bbox 2919 4655 2988 4709; x_wconf 91' lang='lat' dir='ltr'><strong>de</strong></span> <span class='ocrx_word' id='word_1_672' title='bbox 3039 4653 3230 4709; x_wconf 88' lang='lat' dir='ltr'><strong>eadem</strong></span> <span class='ocrx_word' id='word_1_673' title='bbox 3258 4667 3431 4708; x_wconf 89' lang='lat' dir='ltr'><strong>causa</strong></span> <span class='ocrx_word' id='word_1_674' title='bbox 3484 4653 3752 4707; x_wconf 74' lang='lat' dir='ltr'><strong>dixerims</strong></span> 
     </span>
    </p>
   </div>
   <div class='ocr_carea' id='block_1_108' title="bbox 2180 4744 3751 4819">
    <p class='ocr_par' dir='ltr' id='par_1_108' title="bbox 2180 4744 3751 4819">
     <span class='ocr_line' id='line_1_109' title="bbox 2180 4744 3751 4819; baseline -0.011 -10"><span class='ocrx_word' id='word_1_675' title='bbox 2180 4752 2501 4816; x_wconf 81' lang='lat' dir='ltr'><strong>meministi,</strong></span> <span class='ocrx_word' id='word_1_676' title='bbox 2555 4759 2686 4805; x_wconf 89' lang='lat' dir='ltr'><strong>tunc</strong></span> <span class='ocrx_word' id='word_1_677' title='bbox 2733 4749 2892 4804; x_wconf 89' lang='lat' dir='ltr'><strong>nobis</strong></span> <span class='ocrx_word' id='word_1_678' title='bbox 2943 4763 3042 4819; x_wconf 91' lang='lat' dir='ltr'><strong>pro</strong></span> <span class='ocrx_word' id='word_1_679' title='bbox 3098 4746 3397 4802; x_wconf 86' lang='lat' dir='ltr'><strong>voluntatis</strong></span> <span class='ocrx_word' id='word_1_680' title='bbox 3437 4756 3549 4800; x_wconf 76' lang='lat' dir='ltr'><strong>tua:</strong></span> <span class='ocrx_word' id='word_1_681' title='bbox 3583 4744 3751 4815; x_wconf 82' lang='lat' dir='ltr'><strong>placito</strong></span> 
     </span>
    </p>
   </div>
   <div class='ocr_carea' id='block_1_109' title="bbox 2180 4837 3750 4914">
    <p class='ocr_par' dir='ltr' id='par_1_109' title="bbox 2180 4837 3750 4914">
     <span class='ocr_line' id='line_1_110' title="bbox 2180 4837 3750 4914; baseline -0.009 -15"><span class='ocrx_word' id='word_1_682' title='bbox 2180 4843 2526 4914; x_wconf 89' lang='lat' dir='ltr'><strong>respondisti.</strong></span> <span class='ocrx_word' id='word_1_683' title='bbox 2583 4840 2691 4896; x_wconf 85' lang='lat' dir='ltr'><strong>Nos</strong></span> <span class='ocrx_word' id='word_1_684' title='bbox 2739 4849 2926 4894; x_wconf 88' lang='lat' dir='ltr'><strong>autem</strong></span> <span class='ocrx_word' id='word_1_685' title='bbox 2975 4839 3181 4894; x_wconf 89' lang='lat' dir='ltr'><strong>diutius</strong></span> <span class='ocrx_word' id='word_1_686' title='bbox 3233 4837 3347 4907; x_wconf 88' lang='lat' dir='ltr'><strong>pati</strong></span> <span class='ocrx_word' id='word_1_687' title='bbox 3404 4838 3662 4892; x_wconf 86' lang='lat' dir='ltr'><strong>nolumus</strong></span> <span class='ocrx_word' id='word_1_688' title='bbox 3706 4847 3750 4886; x_wconf 84' lang='lat' dir='ltr'><strong>ut</strong></span> 
     </span>
    </p>
   </div>
   <div class='ocr_carea' id='block_1_110' title="bbox 2179 4933 3746 5001">
    <p class='ocr_par' dir='ltr' id='par_1_110' title="bbox 2179 4933 3746 5001">
     <span class='ocr_line' id='line_1_111' title="bbox 2179 4933 3746 5001; baseline -0.009 -9"><span class='ocrx_word' id='word_1_689' title='bbox 2179 4936 2477 4992; x_wconf 89' lang='lat' dir='ltr'><strong>Casincnse</strong></span> <span class='ocrx_word' id='word_1_690' title='bbox 2550 4935 2940 4990; x_wconf 89' lang='lat' dir='ltr'><strong>monasterium</strong></span> <span class='ocrx_word' id='word_1_691' title='bbox 2997 4935 3063 4988; x_wconf 91' lang='lat' dir='ltr'><strong>de</strong></span> <span class='ocrx_word' id='word_1_692' title='bbox 3133 4933 3218 4987; x_wconf 91' lang='lat' dir='ltr'><strong>his</strong></span> <span class='ocrx_word' id='word_1_693' title='bbox 3271 4947 3397 5001; x_wconf 69' lang='lat' dir='ltr'><strong>quas</strong></span> <span class='ocrx_word' id='word_1_694' title='bbox 3451 4933 3527 4986; x_wconf 86' lang='lat' dir='ltr'><strong>ad</strong></span> <span class='ocrx_word' id='word_1_695' title='bbox 3602 4933 3746 5001; x_wconf 78' lang='lat' dir='ltr'><strong>ipsum</strong></span> 
     </span>
    </p>
   </div>
   <div class='ocr_carea' id='block_1_111' title="bbox 2180 5024 3746 5104">
    <p class='ocr_par' dir='ltr' id='par_1_111' title="bbox 2180 5024 3746 5104">
     <span class='ocr_line' id='line_1_112' title="bbox 2180 5024 3746 5104; baseline -0.007 -17"><span class='ocrx_word' id='word_1_696' title='bbox 2180 5032 2454 5104; x_wconf 88' lang='lat' dir='ltr'><strong>pertinere</strong></span> <span class='ocrx_word' id='word_1_697' title='bbox 2483 5030 2750 5097; x_wconf 86' lang='lat' dir='ltr'><strong>videntur,</strong></span> <span class='ocrx_word' id='word_1_698' title='bbox 2782 5027 3034 5096; x_wconf 90' lang='lat' dir='ltr'><strong>injuriam</strong></span> <span class='ocrx_word' id='word_1_699' title='bbox 3059 5025 3265 5081; x_wconf 89' lang='lat' dir='ltr'><strong>diutius</strong></span> <span class='ocrx_word' id='word_1_700' title='bbox 3295 5025 3570 5094; x_wconf 84' lang='lat' dir='ltr'><strong>patiatur.</strong></span> <span class='ocrx_word' id='word_1_701' title='bbox 3598 5024 3746 5077; x_wconf 76' lang='lat' dir='ltr'><strong>Locus</strong></span> 
     </span>
    </p>
   </div>
   <div class='ocr_carea' id='block_1_112' title="bbox 2181 5112 3747 5193">
    <p class='ocr_par' dir='ltr' id='par_1_112' title="bbox 2181 5112 3747 5193">
     <span class='ocr_line' id='line_1_113' title="bbox 2181 5112 3747 5193; baseline -0.012 -14"><span class='ocrx_word' id='word_1_702' title='bbox 2181 5123 2324 5179; x_wconf 91' lang='lat' dir='ltr'><strong>enim</strong></span> <span class='ocrx_word' id='word_1_703' title='bbox 2354 5123 2471 5193; x_wconf 84' lang='lat' dir='ltr'><strong>ipse</strong></span> <span class='ocrx_word' id='word_1_704' title='bbox 2520 5135 2617 5190; x_wconf 87' lang='lat' dir='ltr'><strong>per</strong></span> <span class='ocrx_word' id='word_1_705' title='bbox 2650 5119 2746 5174; x_wconf 89' lang='lat' dir='ltr'><strong>Dei</strong></span> <span class='ocrx_word' id='word_1_706' title='bbox 2776 5118 3007 5190; x_wconf 77' lang='lat' dir='ltr'><strong>gratiam</strong></span> <span class='ocrx_word' id='word_1_707' title='bbox 3059 5117 3206 5172; x_wconf 84' lang='lat' dir='ltr'><strong>beati</strong></span> <span class='ocrx_word' id='word_1_708' title='bbox 3234 5114 3523 5170; x_wconf 88' lang='lat' dir='ltr'><strong>Benedicti</strong></span> <span class='ocrx_word' id='word_1_709' title='bbox 3569 5112 3747 5168; x_wconf 78' lang='lat' dir='ltr'><strong>meritis</strong></span> 
     </span>
    </p>
   </div>
   <div class='ocr_carea' id='block_1_113' title="bbox 2183 5210 3747 5283">
    <p class='ocr_par' dir='ltr' id='par_1_113' title="bbox 2183 5210 3747 5283">
     <span class='ocr_line' id='line_1_114' title="bbox 2183 5210 3747 5283; baseline -0.008 -13"><span class='ocrx_word' id='word_1_710' title='bbox 2183 5232 2288 5272; x_wconf 91' lang='lat' dir='ltr'><strong>non</strong></span> <span class='ocrx_word' id='word_1_711' title='bbox 2317 5225 2524 5270; x_wconf 90' lang='lat' dir='ltr'><strong>tantum</strong></span> <span class='ocrx_word' id='word_1_712' title='bbox 2554 5214 2730 5276; x_wconf 91' lang='lat' dir='ltr'><strong>nobis,</strong></span> <span class='ocrx_word' id='word_1_713' title='bbox 2778 5212 2868 5282; x_wconf 91' lang='lat' dir='ltr'><strong>qui</strong></span> <span class='ocrx_word' id='word_1_714' title='bbox 2897 5226 3063 5283; x_wconf 88' lang='lat' dir='ltr'><strong>prope</strong></span> <span class='ocrx_word' id='word_1_715' title='bbox 3092 5226 3303 5273; x_wconf 90' lang='lat' dir='ltr'><strong>sumus,</strong></span> <span class='ocrx_word' id='word_1_716' title='bbox 3347 5211 3446 5264; x_wconf 91' lang='lat' dir='ltr'><strong>sed</strong></span> <span class='ocrx_word' id='word_1_717' title='bbox 3502 5210 3747 5264; x_wconf 71' lang='lat' dir='ltr'><strong>uniVerse</strong></span> 
     </span>
    </p>
   </div>
   <div class='ocr_carea' id='block_1_114' title="bbox 2182 5302 3745 5375">
    <p class='ocr_par' dir='ltr' id='par_1_114' title="bbox 2182 5302 3745 5375">
     <span class='ocr_line' id='line_1_115' title="bbox 2182 5302 3745 5375; baseline -0.006 -12"><span class='ocrx_word' id='word_1_718' title='bbox 2182 5309 2345 5364; x_wconf 86' lang='lat' dir='ltr'><strong>etiam</strong></span> <span class='ocrx_word' id='word_1_719' title='bbox 2373 5307 2538 5362; x_wconf 84' lang='lat' dir='ltr'><strong>Italiae</strong></span> <span class='ocrx_word' id='word_1_720' title='bbox 2567 5315 2900 5375; x_wconf 88' lang='lat' dir='ltr'><strong>opportunus</strong></span> <span class='ocrx_word' id='word_1_721' title='bbox 2920 5316 2976 5360; x_wconf 88' lang='lat' dir='ltr'><strong>et</strong></span> <span class='ocrx_word' id='word_1_722' title='bbox 3002 5303 3346 5360; x_wconf 87' lang='lat' dir='ltr'><strong>necessarius</strong></span> <span class='ocrx_word' id='word_1_723' title='bbox 3373 5312 3484 5370; x_wconf 86' lang='lat' dir='ltr'><strong>est,</strong></span> <span class='ocrx_word' id='word_1_724' title='bbox 3520 5302 3745 5356; x_wconf 84' lang='lat' dir='ltr'><strong>multum-</strong></span> 
     </span>
    </p>
   </div>
   <div class='ocr_carea' id='block_1_115' title="bbox 2182 5397 3742 5473">
    <p class='ocr_par' dir='ltr' id='par_1_115' title="bbox 2182 5397 3742 5473">
     <span class='ocr_line' id='line_1_116' title="bbox 2182 5397 3742 5473; baseline -0.007 -15"><span class='ocrx_word' id='word_1_725' title='bbox 2182 5419 2288 5473; x_wconf 86' lang='lat' dir='ltr'><strong>que</strong></span> <span class='ocrx_word' id='word_1_726' title='bbox 2312 5417 2409 5457; x_wconf 90' lang='lat' dir='ltr'><strong>nos</strong></span> <span class='ocrx_word' id='word_1_727' title='bbox 2438 5402 2655 5458; x_wconf 89' lang='lat' dir='ltr'><strong>deceret</strong></span> <span class='ocrx_word' id='word_1_728' title='bbox 2681 5409 2763 5464; x_wconf 91' lang='lat' dir='ltr'><strong>ut,</strong></span> <span class='ocrx_word' id='word_1_729' title='bbox 2796 5400 2840 5454; x_wconf 92' lang='lat' dir='ltr'><strong>si</strong></span> <span class='ocrx_word' id='word_1_730' title='bbox 2890 5399 3150 5469; x_wconf 89' lang='lat' dir='ltr'><strong>possibile</strong></span> <span class='ocrx_word' id='word_1_731' title='bbox 3186 5405 3356 5463; x_wconf 88' lang='lat' dir='ltr'><strong>esset,</strong></span> <span class='ocrx_word' id='word_1_732' title='bbox 3384 5397 3564 5451; x_wconf 88' lang='lat' dir='ltr'><strong>locum</strong></span> <span class='ocrx_word' id='word_1_733' title='bbox 3595 5397 3742 5464; x_wconf 77' lang='lat' dir='ltr'><strong>ipsum</strong></span> 
     </span>
    </p>
   </div>
   <div class='ocr_carea' id='block_1_116' title="bbox 2183 5487 3741 5554">
    <p class='ocr_par' dir='ltr' id='par_1_116' title="bbox 2183 5487 3741 5554">
     <span class='ocr_line' id='line_1_117' title="bbox 2183 5487 3741 5554; baseline -0.013 -2"><span class='ocrx_word' id='word_1_734' title='bbox 2183 5497 2249 5552; x_wconf 90' lang='lat' dir='ltr'><strong>de</strong></span> <span class='ocrx_word' id='word_1_735' title='bbox 2285 5495 2486 5550; x_wconf 85' lang='lat' dir='ltr'><strong>nostris</strong></span> <span class='ocrx_word' id='word_1_736' title='bbox 2531 5493 2695 5550; x_wconf 84' lang='lat' dir='ltr'><strong>etiam</strong></span> <span class='ocrx_word' id='word_1_737' title='bbox 2743 5493 3072 5554; x_wconf 84' lang='lat' dir='ltr'><strong>dicaremus,</strong></span> <span class='ocrx_word' id='word_1_738' title='bbox 3123 5489 3319 5544; x_wconf 89' lang='lat' dir='ltr'><strong>nedum</strong></span> <span class='ocrx_word' id='word_1_739' title='bbox 3375 5503 3497 5552; x_wconf 83' lang='lat' dir='ltr'><strong>sua,</strong></span> <span class='ocrx_word' id='word_1_740' title='bbox 3557 5487 3741 5540; x_wconf 79' lang='lat' dir='ltr'><strong>favente</strong></span> 
     </span>
    </p>
   </div>
   <div class='ocr_carea' id='block_1_117' title="bbox 2175 5576 3738 5659">
    <p class='ocr_par' dir='ltr' id='par_1_117' title="bbox 2175 5576 3738 5659">
     <span class='ocr_line' id='line_1_118' title="bbox 2175 5576 3738 5659; baseline -0.011 -16"><span class='ocrx_word' id='word_1_741' title='bbox 2175 5588 2410 5659; x_wconf 89' lang='lat' dir='ltr'><strong>justitia,</strong></span> <span class='ocrx_word' id='word_1_742' title='bbox 2445 5604 2551 5642; x_wconf 90' lang='lat' dir='ltr'><strong>non</strong></span> <span class='ocrx_word' id='word_1_743' title='bbox 2585 5585 2828 5654; x_wconf 85' lang='lat' dir='ltr'><strong>recipiat.</strong></span> <span class='ocrx_word' id='word_1_744' title='bbox 2875 5584 2994 5638; x_wconf 88' lang='lat' dir='ltr'><strong>Tibi</strong></span> <span class='ocrx_word' id='word_1_745' title='bbox 3041 5582 3226 5654; x_wconf 83' lang='lat' dir='ltr'><strong>igitur,</strong></span> <span class='ocrx_word' id='word_1_746' title='bbox 3274 5576 3738 5651; x_wconf 74' lang='lat' dir='ltr'><strong>tanquamcharis-</strong></span> 
     </span>
    </p>
   </div>
   <div class='ocr_carea' id='block_1_118' title="bbox 2185 5667 3734 5739">
    <p class='ocr_par' dir='ltr' id='par_1_118' title="bbox 2185 5667 3734 5739">
     <span class='ocr_line' id='line_1_119' title="bbox 2185 5667 3734 5739; baseline -0.014 -2"><span class='ocrx_word' id='word_1_747' title='bbox 2185 5683 2322 5739; x_wconf 87' lang='lat' dir='ltr'><strong>sitno</strong></span> <span class='ocrx_word' id='word_1_748' title='bbox 2351 5693 2404 5737; x_wconf 91' lang='lat' dir='ltr'><strong>et</strong></span> <span class='ocrx_word' id='word_1_749' title='bbox 2435 5680 2576 5735; x_wconf 89' lang='lat' dir='ltr'><strong>ﬁdeli</strong></span> <span class='ocrx_word' id='word_1_750' title='bbox 2607 5689 2794 5734; x_wconf 89' lang='lat' dir='ltr'><strong>nostro</strong></span> <span class='ocrx_word' id='word_1_751' title='bbox 2823 5677 3146 5732; x_wconf 88' lang='lat' dir='ltr'><strong>mandamus</strong></span> <span class='ocrx_word' id='word_1_752' title='bbox 3183 5685 3245 5730; x_wconf 89' lang='lat' dir='ltr'><strong>ut</strong></span> <span class='ocrx_word' id='word_1_753' title='bbox 3284 5671 3578 5728; x_wconf 83' lang='lat' dir='ltr'><strong>venerabili</strong></span> <span class='ocrx_word' id='word_1_754' title='bbox 3606 5667 3734 5722; x_wconf 78' lang='lat' dir='ltr'><strong>fratri</strong></span> 
     </span>
    </p>
   </div>
   <div class='ocr_carea' id='block_1_119' title="bbox 2185 5762 3732 5831">
    <p class='ocr_par' dir='ltr' id='par_1_119' title="bbox 2185 5762 3732 5831">
     <span class='ocr_line' id='line_1_120' title="bbox 2185 5762 3732 5831; baseline -0.012 -1"><span class='ocrx_word' id='word_1_755' title='bbox 2185 5783 2371 5831; x_wconf 85' lang='lat' dir='ltr'><strong>nostro</strong></span> <span class='ocrx_word' id='word_1_756' title='bbox 2402 5772 2681 5830; x_wconf 81' lang='lat' dir='ltr'><strong>Casincnsi</strong></span> <span class='ocrx_word' id='word_1_757' title='bbox 2717 5770 2899 5827; x_wconf 87' lang='lat' dir='ltr'><strong>abbati</strong></span> <span class='ocrx_word' id='word_1_758' title='bbox 2929 5779 2985 5826; x_wconf 90' lang='lat' dir='ltr'><strong>ct</strong></span> <span class='ocrx_word' id='word_1_759' title='bbox 3025 5767 3142 5827; x_wconf 87' lang='lat' dir='ltr'><strong>eius</strong></span> <span class='ocrx_word' id='word_1_760' title='bbox 3172 5767 3432 5824; x_wconf 89' lang='lat' dir='ltr'><strong>fratribus</strong></span> <span class='ocrx_word' id='word_1_761' title='bbox 3453 5763 3519 5820; x_wconf 90' lang='lat' dir='ltr'><strong>de</strong></span> <span class='ocrx_word' id='word_1_762' title='bbox 3545 5762 3732 5818; x_wconf 72' lang='lat' dir='ltr'><strong>Sancte</strong></span> 
     </span>
    </p>
   </div>
  </div>
