3888 6322
44 367 188 422 513⁷

1219 354 1574 413 ΕΡΙΞΤΟΙΑΕ
1617 351 1702 409 ΕΤ
1742 354 2153 413 ΡΠΙνΙΙΛίϐΙᾹ.

3214 361 3317 419 514

45 481 282 550 Sophia:
337 477 664 534 monasterio
727 475 841 529 vice
897 483 1083 527 nostra
1137 471 1404 540 justitiam
1455 470 1640 523 facias.
1675 474 1718 532 Λ
1751 468 2159 539 Monte-Majore
2205 489 2326 526 cmn
2378 475 2492 543 ipso
2538 484 2738 539 monte,
2780 475 3061 531 ecclesiam
3107 478 3319 534 Sancta:

44 574 218 638 Quod
247 573 296 627 si
321 581 446 626 ante
470 580 522 624 te
547 568 701 638 quasi
728 566 1039 621 smcularem
1063 573 1390 633 potestatem
1422 577 1642 616 causam

46 679 227 733 agere
250 662 659 727 exensaverint,
687 669 741 714 tu
795 674 892 714 eos
928 659 993 713 ad
1019 659 1366 727 praesentiam
1403 664 1642 709 nostram

47 756 258 811 venire
290 755 571 824 compelle.
597 752 715 819 Quo
761 761 944 806 autem
995 751 1231 806 termino
1281 757 1407 804 ante
1430 762 1527 802 nos
1549 761 1648 816 pro

48 864 228 903 causa
266 851 370 904 hac
427 847 720 903 convenire
743 845 996 908 debeant,
1043 843 1200 899 nobis
1226 851 1352 897 ante
1377 839 1642 911 signiﬁca,

50 949 202 994 utet
235 955 339 995 nos
357 939 638 994 Casinensi
671 937 852 992 abbati
884 935 1267 1006 signiﬁcemus.
1298 932 1468 987 Porro
1487 931 1648 999 quid-

51 1035 198 1102 quid
229 1049 334 1089 nos
353 1034 548 1088 exinde
593 1031 966 1094 statuerimus,
996 1039 1145 1084 tuum
1199 1029 1320 1099 erit,
1355 1026 1439 1082 his
1484 1025 1646 1080 etiam

53 1126 455 1189 renitentibus,
511 1123 844 1193 adimplere;
903 1121 1141 1192 alioquin
1189 1117 1528 1173 auctoritatis
1552 1130 1650 1170 no-

53 1227 196 1271 strze
220 1217 477 1286 injuriam
499 1216 705 1270 diutius
735 1215 845 1286 pati
864 1211 1373 1282 nequibimus,quin
1393 1209 1650 1263 adversus

51 1319 422 1363 contumaces
476 1307 620 1376 quod
669 1303 828 1360 oliicii
879 1304 1050 1359 nostri
1097 1311 1184 1358 est
1235 1301 1652 1371 impleamus,et

51 1399 354 1454 Casinensi
389 1399 568 1454 abbati
601 1413 720 1468 quae
771 1411 868 1452 sua
921 1404 1047 1451 sunt
1075 1394 1446 1456 restituatnus,
1464 1406 1651 1461 quem,

53 1491 110 1542 in
147 1499 418 1558 quantum
449 1489 680 1556 videtur,
718 1487 935 1560 plenam
975 1488 1174 1543 habere
1215 1485 1485 1556 justitiam
1530 1499 1652 1538 cre-

53 1584 272 1638 (limus.

133 1676 279 1731 Data
305 1675 560 1746 Ciperani
585 1676 751 1732 tertio
777 1674 960 1730 Nonas
994 1672 1338 1730 Novembris.

724 1834 994 1891 CCXLVI.

189 1959 354 2013 Bulla
386 1957 586 2012 Urbani
619 1957 678 2010 11
711 1973 860 2026 papa:
881 1973 973 2024 pro
999 1954 1316 2010 monasterio
1349 1952 1532 2008 Sancti

746 1975 860 2026 apte
881 1975 973 2024 pro
999 1975 1040 2009 nt

695 1975 1040 2098 gucuplmtis.

666 2120 845 2190 (Anno
885 2119 1066 2189 l098.)

179 2214 416 2286 illum,
447 2212 630 2268 Marce
662 2211 970 2283 Ilispam'ca,
994 2211 1265 2280 Append.,
1287 2225 1340 2279 p.
1370 2206 1552 2278 1205.]

145 2305 403 2361 Unnmus
430 2304 741 2374 episcopus,
769 2315 958 2358 servus
987 2315 1265 2356 servorum
1300 2298 1424 2362 Dei,
1460 2297 1654 2352 dilecto

64 2396 186 2449 lilio
215 2395 580 2459 Bsnsaesmo,
613 2393 790 2448 abbati
824 2389 1136 2444 monasterii
1169 2387 1350 2443 Sancti
1374 2385 1653 2455 Cucupha-

64 2487 141 2540 tis
176 2485 325 2555 quod
368 2484 690 2540 Octoviense
719 2483 948 2546 dicitur,
993 2479 1218 2550 ejusque
1252 2477 1657 2532 successoribus

65 2577 398 2644 regulariter
421 2574 817 2631 substituendis
840 2574 893 2627 in
921 2583 1261 2642 perpetuum.

142 2667 256 2721 Pite
281 2667 572 2738 postulatio
596 2664 888 2720 voluntatis
902 2661 1096 2717 elIectu
1117 2662 1278 2716 debet
1297 2667 1657 2731 prosequente

66 2759 358 2830 compleri,
392 2767 656 2828 quatenus
677 2765 732 2812 et
762 2755 1065 2811 devotionis
1089 2753 1377 2808 sinceritas
1403 2751 1654 2805 laudabi-

69 2852 197 2906 liter
227 2853 510 2915 enitescat,
541 2859 596 2904 et
633 2848 838 2902 utilitas
876 2846 1147 2917 postulata
1180 2844 1321 2898 vires
1351 2843 1659 2898 indubitaa-

69 2954 157 2998 ter
177 2951 442 2997 assumat.
472 2941 609 3009 Quia
633 2955 764 3012 ergo
789 2939 1007 2996 dilectio
1036 2947 1126 2992 tua
1162 2938 1230 2991 ad
1264 2937 1407 2992 sedis
1441 2945 1656 3008 aposto-

67 3035 189 3087 licze
220 3042 437 3102 portum
465 3031 778 3102 confugiens
809 3029 926 3098 ejus
954 3029 1236 3083 tuitionem
1252 3027 1536 3082 devotione
1565 3027 1658 3081 dco

68 3124 184 3177 bita
221 3123 524 3192 requisivit.
561 3139 658 3177 nos
683 3121 1062 3192 supplicationi
1097 3129 1200 3176 ture
1235 3120 1528 3176 clementer
1560 3135 1656 3173 au-

1748 559 1930 615 Marize
1959 563 2026 616 de
2058 561 2307 629 'l‘oldelo,
2331 565 2616 620 ecclesiam
2648 566 2835 622 Sancti
2873 567 3070 624 Felicis
3091 571 3158 624 de
3187 571 3318 625 Villa

1750 652 1814 707 de
1844 652 2088 716 Milanos,
2121 655 2401 710 ecclesiam
2435 658 2648 713 Sancte
2679 659 2858 714 Maria:
2880 671 2934 714 et
2961 660 3143 714 Sancti
3173 661 3317 716 Petri

1747 746 1887 813 quod
1919 755 2153 800 castrum
2177 746 2322 801 Felix
2345 749 2566 812 dicitur,
2586 751 2868 806 ecclesiam
2900 751 3116 806 Sancta:
3138 752 3322 806 Maria:

1747 841 1802 887 et
1829 832 2010 889 Sancti
2037 833 2261 891 Joannis
2285 837 2425 906 quod
2461 839 2894 894 Monasteriolum
2917 851 3132 904 vocant,
3156 842 3321 897 eccle-

1748 923 1883 978 siam
1907 923 2120 980 Sanetze
2139 927 2328 982 Crucis
2351 937 2405 982 et
2429 927 2611 983 Sancti
2635 929 2892 999 Sylvestri
2922 931 2987 984 de
3014 931 3318 997 Vallerana,

1747 1016 2031 1071 ecclesiam
2056 1016 2240 1073 Sancti
2269 1019 2597 1089 Cucuphatis
2622 1022 2686 1076 de
2707 1020 2870 1086 Moia,
2893 1031 2948 1075 et
2967 1024 3126 1076 aliam
3149 1023 3320 1078 eccle—

1750 1107 1884 1160 siam
1917 1107 2100 1164 Sancti
2125 1111 2454 1180 Cucuphatis
2487 1112 2554 1166 de
2587 1111 2838 1182 Garriga,
2869 1113 3154 1167 ecclesiam
3185 1113 3322 1166 San-

1750 1196 1822 1250 cti
1851 1196 2124 1254 Benedicti
2157 1200 2222 1255 tle
2251 1200 2503 1270 Spiselis,
2536 1201 2820 1256 ecclesiam
2850 1201 3034 1256 Sancti
3063 1201 3319 1270 Stephani

1751 1289 1818 1343 de
1855 1290 2164 1358 Castelleto,
2219 1292 2504 1347 ecclesiam
2547 1293 2731 1347 Sancti
2771 1292 2966 1347 Juliani
3010 1293 3075 1346 de
3123 1293 3320 1348 Sancta

1751 1381 1900 1437 Oliva
1927 1398 2050 1437 emn
2081 1383 2322 1448 castello,
2347 1385 2633 1439 ecclesiam
2659 1384 2842 1439 Sancti
2876 1385 3175 1440 Salvatoris
3193 1384 3329 1439 Bac-

1753 1473 1920 1526 tensis
1950 1488 2073 1526 cmn
2114 1474 2547 1544 possessionibus
2580 1484 2635 1529 et
2676 1476 3013 1544 pertinentiis
3056 1477 3201 1539 suis;
3237 1490 3326 1529 ec-

1752 1564 1972 1620 clesiam
2000 1563 2184 1620 Sancti
2222 1565 2364 1620 Petri
2393 1577 2448 1621 et
2473 1567 2686 1622 Sancta:
2713 1567 2903 1622 Crucis
2934 1566 3001 1622 tle
3027 1566 3323 1636 Mosquela,

1752 1658 2040 1713 ecclesiam
2085 1659 2300 1713 Sancta?
2340 1657 2522 1713 Mariae
2569 1659 2636 1714 tle
2672 1658 2996 1728 Capelades,
3038 1659 3325 1714 ecclesiam

1759 1745 1944 1802 Sancti
1979 1746 2178 1802 Felicis
2206 1748 2272 1802 de
2297 1747 2488 1803 Castro
2515 1747 2778 1813 Odilione,
2805 1751 3088 1805 ecclesiam
3114 1750 3328 1804 Sancta:

1681 1848 1724 1901 Β
1752 1835 1932 1889 Mariae
1967 1837 2033 1890 de
2079 1836 2314 1892 Castello
2353 1838 2419 1891 de
2457 1836 2705 1892 Clariaua
2745 1855 2866 1893 eum
2909 1840 3023 1908 ipso
3068 1839 3324 1903 castello,

1753 1927 2037 1982 ecclesiam
2083 1926 2297 1980 Sanctze
2341 1925 2524 1981 Mariae
2567 1928 2632 1981 de
2686 1928 2984 1997 Aqualata,
3037 1929 3321 1982 ecclesiam

1753 2017 1936 2073 Sancti
1984 2017 2125 2085 Petri
2177 2019 2244 2072 de.
2295 2018 2443 2083 Viri,
2485 2019 2765 2074 castellum
2822 2020 3005 2074 Sancti
3060 2021 3322 2076 Viucentii

1754 2126 1876 2166 cum
1919 2111 2032 2180 ipsa
2089 2109 2348 2176 ecclesia,
2401 2111 2682 2166 castellum
2735 2111 2803 2166 de
2861 2111 3142 2166 Albiuiana
3203 2129 3324 2168 cum

1753 2203 1980 2259 ecclesia
2007 2218 2126 2268 sua,
2174 2203 2433 2258 ecclesias
2464 2202 2647 2258 Sancti
2685 2203 2968 2274 Sepulchri
3011 2219 3068 2259 et
3115 2204 3326 2260 Sancta.-

1753 2294 1935 2350 Mariae
1981 2295 2046 2350 de
2089 2294 2345 2364 Amposta
2405 2309 2528 2350 cum
2579 2294 2848 2350 universis
2899 2294 3329 2365 possessionibus

1755 2397 1808 2444 et
1854 2387 2194 2458 pertinentiis
2233 2402 2456 2452 eorum,
2500 2385 2762 2442 ecclesias
2801 2385 2987 2443 Sancti
3025 2386 3241 2442 Martini
3273 2397 3326 2441 et

1756 2477 1940 2535 Sancti
1966 2478 2181 2540 Felicis,
2211 2486 2267 2533 et
2296 2477 2480 2534 Sancti
2515 2476 2732 2533 Genesii
2757 2493 2878 2548 quae
2909 2487 3037 2533 sunt
3067 2479 3133 2533 ad
3159 2479 3327 2548 ipsam

1754 2578 1962 2623 curtem
1989 2568 2054 2622 de
2080 2567 2230 2630 Faio,
2266 2567 2550 2622 ecclesiam
2578 2567 2761 2623 Sancti
2793 2568 3009 2624 Genesii
3037 2578 3093 2624 et
3120 2569 3330 2624 Sanctae

1761 2661 1976 2715 Eulalia:
2025 2676 2188 2730 quam
2227 2667 2423 2715 vocant
2464 2658 2738 2728 Tapioles,
2778 2660 3012 2716 alodium
3061 2661 3202 2730 quod
3246 2671 3331 2716 est

1757 2752 1899 2806 intra
1931 2767 2114 2807 muros
2137 2751 2375 2808 civitatis
2404 2750 2751 2818 Barcinome,
2785 2751 2992 2807 scilicet
3014 2766 3135 2807 cum
3160 2751 3330 2806 domi-

1756 2843 1876 2907 bus,
1900 2843 2164 2908 eurtibus,
2189 2843 2359 2898 hortis
2379 2851 2433 2897 et
2459 2843 2776 2908 hortatibus,
2801 2842 2884 2898 vel
2908 2852 3168 2912 quantum
3193 2843 3330 2897 infra

1715 2981 1724 2996 ι
1760 2934 2096 2989 territorium
2145 2934 2414 3004 pradictze
2463 2934 2698 2990 civitatis
2741 2933 3021 3004 praefatum
3062 2948 3330 2991 monaste-

1759 3025 1899 3080 rium
1928 3027 2131 3082 habere
2160 3027 2396 3092 videtur,
2431 3027 2672 3082 alodium
2701 3026 2844 3097 quod
2871 3036 2955 3082 est
2979 3027 3119 3082 inira
3149 3028 3332 3082 termi-

1761 3134 1858 3175 nos
1883 3119 1950 3176 de
1977 3130 2154 3175 castro
2175 3119 2345 3174 Fonte
2377 3121 2564 3186 rubea,
2591 3129 2644 3176 et
2669 3120 2734 3176 de
2758 3120 3162 3186 Monte-Acuta,
3187 3121 3331 3175 etde

68 3214 314 3266 nuimus.
350 3213 496 3266 Beati
533 3211 800 3281 siquidem
835 3210 1169 3281 Cucuphatis
1202 3209 1510 3266 venerabile
1549 3223 1655 3263 mo-
1682 3208 1730 3273 C
1758 3210 2007 3276 Piniana,
2037 3221 2092 3265 et
2120 3211 2187 3265 de
2225 3210 2454 3275 Carolo,
2485 3221 2540 3265 et
2579 3211 2646 3265 de
2680 3220 2865 3266 castro
2891 3210 3053 3275 Virli,
3096 3210 3331 3265 alodiutn

70 3303 374 3357 nasterium
407 3342 422 3367 ,
493 3302 580 3356 cui
631 3302 951 3372 disponente
1009 3301 1238 3356 Domino
1289 3300 1344 3354 in
1408 3299 1656 3354 abbatem

68 3405 313 3459 praeesse
345 3391 705 3462 dignosceris,
738 3389 1007 3460 nosjuxta
1039 3389 1426 3445 venerabilium
1453 3389 1660 3458 praede-

69 3496 356 3536 cessorum
387 3492 694 3538 nostrorum
742 3481 1018 3553 exemplar
1044 3481 1144 3536 sub
1183 3480 1491 3550 apostolicae
1517 3479 1661 3534 sedis

67 3576 423 3646 protectioue
454 3575 762 3647 specialiter
789 3575 841 3630 in
870 3583 1193 3644 perpetuum
1227 3587 1447 3628 manere
1487 3569 1664 3626 sanci-

65 3682 223 3734 ntus,
256 3676 309 3722 et
351 3677 459 3720 tam
497 3667 670 3736 ipsum
704 3683 865 3738 quam
907 3667 1158 3721 universa
1196 3665 1261 3719 ad
1293 3664 1464 3734 ipsum
1491 3661 1663 3733 perti-

67 3758 271 3810 nentia
313 3756 406 3811 tibi
469 3759 681 3828 tuisque
724 3756 975 3828 legitimis
1028 3755 1434 3812 successoribus
1488 3755 1661 3824 possi-

65 3849 284 3911 denda,
333 3849 563 3918 regenda
612 3864 676 3903 ac
718 3847 1047 3920 disponenda
1094 3845 1661 3912 lirmamus,alodium

65 3942 289 3995 scilicet
335 3941 475 4009 quod
521 3943 572 3994 in
623 3939 935 3996 monasterii
986 3939 1152 4008 ipsius
1181 3938 1384 3992 ambitu
1437 3938 1664 3993 circum-

66 4035 246 4086 situm
291 4042 373 4086 est
411 4048 533 4085 cum
573 4032 802 4086 ecclesia
833 4030 1018 4086 Sancti
1058 4029 1205 4084 Petri
1247 4039 1301 4084 et
1347 4029 1530 4083 Sancti
1562 4027 1661 4084 Se-

65 4124 220 4188 veri,
248 4139 369 4178 cum
391 4123 642 4178 omnibus
673 4109 869 4176 linibus
889 4121 1336 4192 pertinentiisque
1364 4121 1497 4186 suis,
1521 4120 1662 4176 sicut

69 4216 127 4267 in
164 4215 632 4283 prtedecessorum
665 4221 972 4268 nostrorum
1003 4211 1296 4283 privilegiis
1328 4212 1658 4276 continetur,

67 4307 475 4361 monasterium
507 4306 717 4360 Sancta:
737 4303 962 4360 Caeciliae
990 4305 1056 4358 de
1081 4301 1514 4359 MonteoSerrato
1538 4317 1660 4357 cum

69 4397 335 4452 terminis
363 4407 419 4451 et
449 4395 875 4466 possessionibus
910 4404 962 4448 et
1004 4393 1346 4462 pertinentiis
1379 4393 1522 4459 suis;
1568 4407 1659 4448 ee-

65 4489 305 4542 clesiam
347 4487 534 4541 Sancti
573 4484 852 4540 Laurentii
886 4500 1007 4538 cum
1051 4484 1281 4539 ecclesia
1322 4483 1507 4539 Sancti
1545 4484 1661 4538 Ste-

1760 3305 1828 3360 de
1853 3304 2052 3361 Olurda
2081 3319 2204 3359 cum
2241 3303 2355 3372 ipsa
2389 3313 2564 3367 turre,
2606 3312 2662 3357 et
2703 3303 2936 3358 alodium
2978 3304 3119 3372 quod
3153 3311 3234 3358 est
3279 3303 3331 3355 in

1759 3394 2078 3450 duodecimo
2099 3395 2212 3449 sive
2239 3394 2292 3448 in
2318 3393 2550 3458 Misano,
2577 3392 2813 3448 alodium
2836 3395 2978 3462 quod
3007 3393 3170 3448 habet
3195 3392 3333 3445 infra

1762 3486 2051 3541 terminum
2077 3487 2142 3540 de
2169 3485 2415 3540 Terratia
2456 3494 2510 3537 et
2553 3483 2619 3538 de
2656 3483 2992 3546 Castellaro,
3033 3493 3088 3536 et
3136 3483 3188 3535 in
3237 3482 3335 3535 Ar-

1762 3593 1927 3632 raoua
1960 3585 2016 3632 et
2066 3577 2120 3630 in
2165 3577 2478 3631 Barbarano
2519 3585 2575 3630 et
2609 3577 2676 3630 de
2709 3575 2908 3644 palatio
2939 3575 3126 3636 Ausit,
3169 3583 3225 3629 et
3268 3575 3336 3629 de

1761 3667 1961 3738 palatio
1988 3668 2264 3731 Palatano,
2287 3675 2342 3722 et
2372 3667 2424 3721 in
2446 3667 2571 3722 villa
2599 3668 2665 3721 de
2693 3666 2916 3736 lllogodo
2942 3677 2999 3721 et
3019 3667 3086 3722 de
3116 3666 3330 3733 Melete,

1762 3767 1816 3813 et
1851 3757 1905 3812 in
1941 3757 2140 3828 palatio
2179 3758 2246 3813 de
2287 3757 2473 3824 Aries,
2510 3766 2564 3811 et
2605 3756 2660 3810 in
2711 3755 2932 3810 Lisiano
2965 3757 3241 3826 superiore
3281 3766 3336 3811 et

1765 3849 2038 3915 inferiore,
2069 3859 2124 3906 et
2147 3851 2198 3904 in
2227 3849 2482 3921 paroehia
2509 3849 2575 3903 de
2599 3847 2864 3914 Parietes,
2896 3855 2948 3901 et
2975 3848 3041 3902 de
3062 3847 3331 3918 Gallegos,

1763 3951 1818 3994 et
1863 3939 2213 4011 Plegarnauis
2258 3950 2313 3996 et
2349 3941 2415 3995 de
2465 3939 2701 4004 Peliaco,
2732 3939 2878 4010 quod
2915 3940 3101 3994 dicunt
3137 3940 3333 3994 bellum

1763 4033 2014 4098 ditinum,
2039 4042 2093 4087 et
2113 4033 2179 4088 de
2205 4031 2468 4096 Biti'ona,
2499 4041 2555 4086 et
2583 4031 2648 4088 de
2675 4030 2996 4085 Palumbare
3027 4039 3080 4084 et
3111 4031 3178 4084 de
3202 4029 3329 4084 Otto

1763 4131 1818 4176 et
1839 4123 1903 4178 de
1929 4123 2208 4192 Rivopullo
2226 4133 2279 4178 et
2308 4124 2376 4178 de
2401 4121 2546 4177 Valle
2575 4123 2640 4177 de
2673 4120 2910 4186 Ariollo,
2937 4129 2994 4176 et
3015 4119 3339 4174 tleGraunu-

1764 4214 1952 4278 larios,
1975 4223 2031 4269 et
2054 4215 2120 4268 de
2145 4215 2377 4281 Leu-oua,
2407 4224 2460 4269 et
2489 4215 2554 4269 de
2581 4213 2870 4278 Moserata,
2902 4223 2959 4268 et
2984 4213 3052 4267 de
3075 4213 3332 4266 Samatus

1770 4315 1821 4359 et
1857 4306 1922 4360 de
1951 4306 2196 4361 Canovas
2225 4315 2278 4360 et
2312 4307 2378 4361 de
2423 4306 2663 4361 Cori-one
2705 4305 2984 4376 superiore
3047 4313 3100 4358 et
3149 4306 3332 4357 subte-

1766 4398 1944 4464 riore,
2005 4398 2236 4452 alodium
2273 4399 2338 4453 de
2392 4397 2591 4451 Turres
2637 4395 2819 4462 Beses,
2882 4411 3004 4451 eum
3053 4395 3158 4449 alio
3196 4395 3338 4464 quod

1765 4487 1953 4544 Nelma
2002 4489 2200 4544 femina
2232 4490 2302 4543 ibi
2323 4487 2540 4552 obtulit,
2568 4487 2804 4542 alodium
2841 4488 2906 4542 de
2945 4487 3187 4551 Ausona,
3229 4486 3340 4538 alo-

65 4579 249 4648 phani
279 4589 334 4633 et
355 4579 622 4634 castellari
647 4595 769 4633 cum
797 4578 1060 4644 terminis,
1090 4577 1425 4647 adjacentiis,
1451 4591 1665 4648 posses-
1694 4563 1745 4625 ι)
1771 4580 1916 4636 dimn
1944 4579 2010 4634 de
2040 4579 2274 4646 Storria,
2301 4591 2355 4634 et
2380 4582 2559 4637 omnia
2588 4581 2762 4637 alodia
2803 4597 2920 4652 quae
2951 4583 3111 4638 habet
3148 4590 3201 4635 ct
3246 4581 3338 4634 ha—

68 4669 332 4723 sionibus
400 4669 841 4740 pertinentiisque
901 4669 1047 4733 suis;
1131 4666 1417 4722 ecclesiam
1477 4666 1660 4720 Sancti

67 4759 233 4813 Pauli
275 4771 428 4814 extra
475 4775 656 4815 muros
695 4759 1008 4812 Barcinona:
1054 4772 1173 4812 cum
1207 4755 1382 4812 alodio
1412 4756 1553 4826 quod
1590 4754 1661 4811 ibi

66 4849 280 4902 obtulit
330 4847 614 4903 Girbertus
636 4858 686 4903 et
724 4863 860 4902 uxor
904 4848 1042 4918 ejus,
1087 4861 1209 4900 eum
1260 4846 1512 4900 omnibus
1543 4862 1663 4916 quae

70 4943 245 4997 modo
296 4942 557 5011 possidet,
607 4949 662 4994 et
715 4940 931 4994 i-nantea
985 4935 1330 5008 acquisierit;
1380 4935 1661 4991 ecclesiam

70 5031 303 5087 Sancta:
336 5031 515 5085 Mariae
541 5031 606 5085 de
632 5029 1016 5084 Fonte-Rubea
1046 5044 1166 5082 eum
1197 5027 1376 5083 alodio
1399 5028 1542 5098 quod
1567 5027 1662 5081 tibi

67 5127 278 5181 obtulit
309 5124 571 5180 Geraltlus
602 5124 860 5188 Mironis;
892 5123 1178 5178 ecclesiam
1210 5123 1394 5178 Sancti
1426 5123 1572 5178 Petri
1600 5123 1666 5178 de

67 5219 362 5283 Clariano,
387 5217 671 5271 ecclesiam
705 5215 890 5270 Sancti
926 5214 1188 5268 Vincentii
1219 5214 1285 5268 de
1313 5213 1662 5284 Aqua-Obba,

68 5309 375 5363 ecclesiam
406 5306 617 5360 Sanctae
643 5304 825 5359 Mariae
846 5313 900 5360 et
934 5304 1117 5359 Sancti
1159 5303 1416 5371 Stephani
1457 5303 1523 5357 de
1562 5301 1664 5356 Pa-

70 5399 244 5462 latio;
277 5396 563 5451 ecclesiam
588 5395 769 5449 Sancti
791 5393 1122 5464 Cucuphatis
1148 5394 1213 5448 de
1247 5392 1463 5457 ltifatto,
1488 5391 1664 5447 cccle-

69 5491 220 5544 siam
254 5487 440 5542 Sancti
469 5486 723 5556 Stephani
751 5488 816 5542 de
843 5484 1110 5554 Rivipullo
1130 5525 1144 5547 ,
1167 5484 1448 5540 ecclesiam
1479 5483 1662 5538 Sancti

71 5581 279 5637 Asiscli
314 5581 379 5635 de
410 5577 544 5634 Villa
576 5579 780 5644 Auziri,
808 5578 1090 5632 ecclesiam
1138 5576 1319 5631 Sancti
1358 5575 1571 5630 Martini
1613 5586 1669 5630 et

72 5674 277 5727 Sancti
313 5671 537 5726 Romani
565 5671 630 5723 de
660 5668 1016 5732 Monte-Gate,
1046 5666 1330 5722 ecclesiam
1355 5665 1537 5720 Sancti
1567 5665 1667 5719 Fe-

72 5767 206 5820 licis
241 5766 309 5820 de
336 5763 681 5827 Castellario,
712 5761 996 5816 ecclesiam
1042 5758 1228 5814 Sancti
1272 5757 1573 5814 Sebastiani
1603 5759 1668 5812 de

1769 4670 1898 4725 bere
1930 4670 2088 4725 debet
2117 4670 2169 4724 in
2199 4672 2454 4742 pracdicto
2479 4674 2738 4729 comitatu
2776 4672 3156 4728 Barcinouensi
3189 4712 3204 4736 ,
3235 4671 3338 4726 Ge-

1769 4763 2054 4830 rundensi,
2087 4763 2420 4831 Ausonensi,
2447 4775 2502 4820 et
2534 4767 2584 4820 in
2619 4767 2875 4820 comitatu
2911 4766 3185 4830 Minorisa,
3215 4781 3337 4818 cum

1771 4855 2036 4909 universis
2091 4855 2335 4910 terminis
2372 4858 2520 4923 suis;
2561 4857 2848 4914 ecclesiam
2897 4856 3081 4910 Sancti
3131 4855 3336 4922 Quirici

1780 4960 1900 4999 cum
1937 4945 2161 5002 decimis
2193 4958 2248 5001 et
2291 4946 2542 5016 primitiis
2580 4957 2635 5002 et
2677 4945 3038 5002 oblationibus
3067 4945 3196 4998 suis.
3239 4943 3339 4998 De-

1769 5036 1939 5090 cimas
1964 5051 2178 5106 quoque
2204 5052 2341 5107 quas
2385 5039 2452 5093 de
2497 5039 2580 5094 his
2616 5038 2729 5093 sive
2774 5039 2841 5092 de
2882 5037 3002 5092 aliis
3043 5037 3174 5092 locis
3209 5047 3336 5091 ante

1768 5129 1987 5200 triginta
2012 5146 2180 5186 annos
2200 5130 2587 5186 monasterium
2612 5139 2851 5184 vestrum
2878 5129 3336 5199 praedecessorum

1766 5229 2071 5275 nostrorum
2117 5221 2468 5276 concessione
2500 5219 2772 5289 possedit,
2824 5234 2922 5272 nos
2961 5219 3013 5273 in
3056 5229 3336 5288 perpetum

1772 5310 1962 5365 vestris
1985 5309 2169 5364 usibus
2197 5311 2417 5365 omnino
2443 5309 2656 5378 quietas
2676 5318 2729 5362 et
2755 5309 2992 5380 integras
3021 5310 3338 5369 conservari

1772 5414 2072 5454 censemus.
2111 5397 2378 5453 Praeterea
2399 5413 2496 5468 per
2517 5401 2792 5468 prmseutis
2809 5400 3064 5471 privilegii
3093 5401 3342 5470 paginam

1769 5489 2062 5558 apostolica
2089 5489 2409 5545 auctoritate
2429 5492 2718 5546 statuimus
2748 5502 2804 5546 ut
2835 5507 3170 5562 quaacunqne
3197 5495 3338 5552 bona

1769 5581 1882 5634 sive
1933 5580 2302 5648 possessiones
2357 5581 2411 5636 in
2463 5584 2715 5652 praesenti
2762 5583 3066 5640 coenobium
3101 5592 3341 5638 vestrum

1761 5666 1906 5736 juste
1933 5667 2204 5737 possidet,
2232 5669 2346 5724 sive
2379 5670 2430 5724 in
2467 5669 2706 5726 futurum
2746 5676 3095 5730 concessione
3125 5671 3341 5743 pontiﬁ-

1771 5771 1914 5825 cum,
1946 5757 2269 5815 liberalitate
2293 5761 2621 5831 principum.
2667 5763 2752 5820 vel
2794 5765 3066 5821 oblatione
3102 5762 3340 5820 lideliunt
