3888 6322
520 285 627 343 5'15

1834 298 1895 352 Il.
1926 295 2175 355 LRBANI
2206 298 2245 355 ll
2284 301 2483 358 ΡΛὺΕ

3687 323 3769 382 ωε

516 405 663 473 :uste
686 414 752 457 ac
775 403 1034 459 canonice
1062 407 1254 473 poterit
1283 407 1529 478 adipisci,
1571 411 1724 467 firma
1762 415 1853 471 tibi
1894 416 2106 487 tuisque
2133 421 2180 480 Α
2209 418 2441 473 cutiouis
2488 424 2892 491 opportunitate
2949 430 3256 501 promptius
3280 448 3345 489 ac
3372 435 3671 507 benignius
3702 444 3757 496 ad

516 494 925 551 Successoribus
949 504 999 550 et
1030 496 1233 552 illibata
1260 513 1594 570 permaneat.

580 582 928 639 Decernimus
957 601 1086 655 ergo
1118 599 1174 642 ut
1209 592 1341 646 nulli
1373 595 1592 651 omnino
1624 597 1899 656 hominum
1938 602 2100 660 liccat

514 674 755 728 eatndem
789 674 1081 732 Ecclesium
1112 687 1316 738 temere
1337 688 1682 753 perturbare,
1716 700 1806 745 aut
1838 691 1951 760 eius
1973 711 2097 765 pos-

507 761 780 817 sessiones
832 765 1077 831 auferre,
1112 769 1192 823 vel
1227 771 1450 827 oblatas
1496 776 1768 846 retinere,
1816 782 1901 837 vel
1947 784 2095 853 juste

506 852 657 908 datas
688 854 800 910 suis
832 858 1017 913 usibus
1047 861 1341 929 vindicare,
1383 866 1645 935 minuere,
1677 871 1759 925 vel
1791 876 2093 932 temerariis

504 946 880 1002 vexationibus
909 950 1167 1021 fatigare;
1197 956 1289 1009 sed
1317 958 1496 1011 omnia
1526 960 1733 1032 integra
1765 979 2087 1022 conserven-

506 1040 593 1083 tur
613 1044 797 1086 eorum
825 1049 923 1104 pro
938 1051 1167 1105 quorum
1196 1045 1592 1100 sustentatioue
1622 1055 1675 1101 et
1697 1049 2090 1120 gubernatione

502 1134 761 1177 concessa
789 1135 913 1178 sunt
946 1127 1132 1183 usibus
1163 1131 1486 1187 omnimodis
1516 1135 1816 1205 profutura.
1840 1140 2109 1211 Sepultu--

502 1226 619 1265 ram
650 1228 866 1284 quoque
897 1216 1136 1287 ejusdem
1172 1220 1274 1276 loci
1312 1222 1536 1279 liberam
1579 1230 1799 1286 omnino
1829 1248 1952 1289 esse
1993 1236 2086 1291 de-

499 1304 793 1371 cernimus,
823 1316 881 1361 ut
906 1325 1093 1364 eorum
1129 1313 1219 1381 qui
1267 1328 1325 1369 se
1359 1315 1466 1372 illic
1495 1321 1712 1388 sepeliri
1745 1324 2081 1383 deliberave-

499 1395 609 1451 rint
637 1398 905 1456 devotioni
955 1414 1009 1460 et
1041 1415 1299 1463 extremae
1344 1412 1631 1480 voluntati,
1672 1419 1771 1474 nisi
1820 1420 1957 1479 forte
1984 1440 2082 1479 ex-

497 1493 878 1549 communicati
911 1498 1039 1563 sint,
1082 1500 1262 1557 nullus
1292 1504 1541 1561 obsistat.
1576 1510 1822 1569 Obeunte
1847 1524 1897 1570 te
1939 1535 2080 1576 nunc

495 1577 615 1647 ejus
643 1581 744 1638 luci
788 1586 985 1643 abbate
1013 1590 1094 1645 vel
1128 1602 1340 1649 tuorum
1384 1598 1625 1667 quolibet
1675 1617 2075 1677 successorum,

493 1670 672 1728 nullus
696 1675 784 1730 ubi
812 1678 1051 1746 qualibet
1081 1685 1446 1756 subreptionis
1485 1694 1689 1749 astutia
1738 1711 1832 1753 seu
1868 1700 2076 1757 violen-

490 1760 562 1813 tia
585 1775 948 1834 praeponatur,
979 1770 1081 1827 nisi
1100 1788 1262 1843 quem
1293 1775 1489 1836 fratres
1512 1787 1783 1841 communi
1804 1803 2053 1847 consensu

2178 1788 2457 1847 confratre
2523 1805 2733 1863 vestro,

489 1852 569 1905 vel
596 1852 823 1911 fratrum
850 1874 976 1929 pars
998 1865 1206 1920 consilii
1233 1869 1466 1927 sanioris
1487 1877 1779 1933 secundum
1805 1880 1896 1935 Dei
1923 1883 2076 1938 timo-

486 1960 598 2001 rem
623 1956 679 2004 et
728 1953 870 2008 beati
924 1956 1199 2015 Benedicti
1252 1964 1490 2033 regulam
1543 1968 1824 2041 elegerint.
1856 1974 2073 2034 Electus

476 2046 661 2094 autem
694 2057 722 2096 a
747 2043 1055 2103 dimcesano
1098 2052 1355 2123 episcopo
1383 2050 1770 2139 consecretur,
1802 2063 2068 2135 siquidem

478 2131 709 2197 gratiam
742 2143 795 2190 et
815 2136 1252 2197 communionem
1283 2148 1591 2215 apostolicae
1623 2133 1767 2209 sedis
1797 2154 2094 2227 habuerit,’

477 2226 531 2272 ct
559 2224 729 2291 gratis
788 2241 851 2282 ac
906 2228 1025 2285 sine
1084 2235 1356 2302 pravitate
1410 2240 1464 2293 id
1512 2243 1767 2301 exhibere
1813 2248 2064 2307 voluerit.

479 2307 731 2378 Alioquin
763 2314 831 2368 ad
858 2315 1159 2375 Romanum
1188 2326 1500 2393 pontificem
1545 2342 1820 2401 recurrat,
1867 2347 1961 2394 aut
1997 2341 2066 2397 ab

478 2394 586 2452 alio
611 2413 770 2467 quem
805 2402 1057 2461 maluerit
1091 2411 1363 2469 catholico
1412 2418 1661 2477 antistite
1694 2416 2061 2485 consecretur.

478 2490 618 2546 Idem
642 2502 695 2547 et
718 2495 782 2550 de
806 2499 1238 2561 ordinationibus
1268 2506 1516 2577 fratrum,
1560 2515 1626 2571 de
1648 2517 1961 2585 chrismate,
1995 2524 2061 2581 de

474 2582 724 2639 altarium
758 2588 869 2644 sive
914 2586 1268 2651 basilicarum
1296 2606 1711 2661 consecratione
1748 2612 2056 2671 statuimus.

472 2675 555 2728 Ad
576 2676 829 2734 iudicium
856 2692 1034 2738 autem
1058 2688 1314 2754 prmstitte
1330 2706 1358 2745 a
1378 2688 1615 2750 Bonnana
1637 2698 1878 2757 Ecclesia
1904 2703 2061 2761 liber-

472 2764 598 2819 tatis
627 2781 723 2835 pro
749 2771 979 2827 ecclesia
1017 2772 1200 2831 Sancti
1238 2778 1420 2849 Pauli,
1455 2785 1855 2845 morabatinum
1888 2809 2053 2849 unum

460 2836 760 2923 .quotannis
820 2860 1173 2922 Lateranensi
1220 2871 1421 2940 palatio
1458 2878 1794 2944 persolvetis.
1850 2883 1906 2940 Si
1948 2903 2055 2956 qua

468 2959 599 3001 sane
628 2949 991 3009 ecclesiastica
1018 2959 1362 3018 smcularisve
1399 2978 1626 3033 persona
1671 2971 1811 3028 lianc
1856 2990 2053 3033 nostra:

466 3037 872 3096 constitutionis
908 3047 1158 3116 paginam
1211 3050 1424 3118 sciens,
1455 3067 1645 3112 contra
1678 3075 1796 3116 eam
1849 3060 2052 3122 temere

465 3124 652 3181 venire
684 3132 973 3187 tentaverit
996 3174 1011 3199 ,
1043 3139 1284 3194 secundo
1324 3145 1551 3201 tertiove
1589 3154 1915 3209 commonita
1937 3196 1952 3221 ,
2003 3159 2048 3214 si
2079 3141 2123 3202 (ἶ

464 3226 524 3266 se
544 3228 649 3270 non
671 3218 1042 3280 satisfactione
1079 3241 1316 3299 congrua
1356 3237 1742 3307 emendaverit,
1769 3250 2050 3314 potestatis

462 3303 792 3381 honorisque
819 3315 918 3371 'sui
942 3317 1208 3389 dignitate
1248 3336 1469 3391 careat,
1495 3330 1752 3404 reamque
1778 3353 1838 3393 se
1868 3340 2049 3398 divino

457 3394 658 3464 judicio
688 3403 925 3462 existere
967 3409 1034 3465 de
1061 3424 1374 3483 perpetrata
1419 3394 1707 3493 iniquitate
1732 3440 2043 3502 cognoscat,

458 3495 513 3542 et
542 3503 571 3543 a
600 3496 972 3555 sacratissimo
999 3518 1229 3575 corpore
1253 3522 1314 3564 ac
1337 3516 1603 3584 sanguine
1626 3517 1719 3575 Dei
1751 3534 1803 3577 et
1832 3523 2044 3582 Domini

456 3574 837 3654 Redemptoris
865 3593 1037 3649 nostri
1059 3574 1189 3653 Jesn
1217 3599 1418 3658 Christi
1440 3574 1627 3665 aliena
1658 3610 1773 3680 fiat,
1799 3624 1963 3686 atque
1991 3618 2045 3673 in

456 3679 704 3731 extremo
726 3683 979 3739 examine
1005 3687 1265 3747 districta:
1302 3694 1488 3752 ultioni
1513 3679 1809 3770 subjaceat.
1824 3706 2045 3767 Cunctis

457 3770 641 3817 autem
673 3767 847 3824 eidem
870 3771 988 3829 loco
1005 3776 1151 3845 jnsta
1186 3788 1528 3845 servantibus
1566 3794 1639 3848 sit
1683 3810 1787 3865 pax
1826 3799 2039 3859 Domini

456 3855 627 3909 nostri
665 3854 791 3913 Jesu
821 3863 1052 3933 Christi,
1093 3874 1360 3940 quatenus
1398 3890 1453 3935 et
1490 3884 1577 3939 hic
1619 3854 1853 3947 fructum
1888 3896 2041 3953 bouze

455 3944 689 4004 actionis
712 3954 1037 4026 percipiant,
1063 3972 1117 4017 et
1150 3968 1291 4035 apud
1320 3970 1623 4032 districtum
1647 3978 1880 4048 judieem
1904 4001 2041 4056 pra:-

452 4035 558 4091 mia
582 4047 799 4097 aeterna:
825 4047 973 4114 pacis
996 4050 1295 4111 inveniant.

523 4127 796 4200 Scriptum
828 4153 925 4207 per
958 4157 1149 4201 manus
1178 4146 1405 4207 Gerardi
1439 4159 1637 4214 notarii
1662 4164 1951 4232 regionarii
1982 4181 2037 4225 et

449 4219 719 4277 scriniarii
743 4238 944 4285 sanctae
970 4231 1230 4295 Romanae
1258 4241 1545 4315 Ecclesiae,
1573 4265 1715 4309 anno
1744 4255 2035 4317 Dominicm

448 4304 841 4373 lncarnationis
892 4320 1181 4382 millesimo
1226 4337 1578 4403 nonagesimo
1626 4352 1841 4410 octavo,
1892 4348 2031 4405 imii-

446 4398 623 4456 ctione
652 4406 905 4475 septima,
933 4415 1137 4471 mensis
1170 4417 1480 4483 Decembris
1503 4428 1590 4485 die
1616 4434 1812 4502 primo.

1092 4510 1378 4571 CCXLV".

586 4585 790 4645 Urbani
834 4594 896 4649 11
935 4598 1077 4654 bulla
1110 4620 1203 4671 pro
1239 4606 1512 4667 Casinensi
1546 4622 1880 4678 monasterio.

956 4738 957 4741 η
1040 4693 1220 4761 (Anno
1254 4698 1433 4771 1098.)

724 4772 1211 4845 [ΜΑΒιιι.,Αηηαι.
1240 4785 1464 4857 Bened.,
1493 4793 1555 4858 V,
1589 4795 1739 4871 665.]

512 4860 763 4920 Uuuaaus
785 4869 1091 4940 episcopus,
1117 4890 1308 4931 servus
1347 4895 1627 4942 servorum
1663 4890 1778 4959 Dei,
1812 4894 2022 4953 dilectis

441 4949 566 5006 filiis
594 4956 903 5016 Casinensis
947 4950 1181 5021 ccenobii
1230 4975 1535 5043 monachis,
1558 4980 1787 5038 salutem
1819 4996 1873 5040 et
1901 5004 2022 5057 apo-

438 5036 683 5097 stolicam
720 5048 1176 5111 benedictionem.

509 5134 587 5189 Ex
613 5137 769 5195 officii
806 5148 971 5201 nostri
1002 5151 1184 5208 debito
1209 5163 1266 5208 et
1290 5159 1614 5219 auctoritate
1647 5170 2018 5239 compellimur

439 5227 803 5287 Ecclesiarum
831 5238 991 5295 saluti
1036 5253 1090 5299 et
1137 5249 1278 5316 paci,
1313 5263 1473 5321 prout
1500 5254 1757 5315 Dominus
1791 5264 1931 5319 scire
1960 5275 2014 5321 et

436 5333 595 5387 posse
646 5321 875 5393 dederit,
926 5335 1228 5405 providere,
1282 5345 1446 5400 vestri
1502 5349 1773 5419 praecipue
1829 5369 2013 5410 mona-

434 5411 615 5480 sterii,
649 5416 790 5482 quod
817 5433 1018 5477 sanetae
1044 5438 1240 5485 nostra-
1282 5436 1425 5490 sedis
1454 5442 1763 5509 apostolica:
1799 5460 2014 5517 semper

434 5505 758 5571 familiarius
780 5527 843 5567 ac
873 5514 1121 5577 devotius
1175 5526 1423 5599 adhaesit,
1473 5542 1526 5589 et
1571 5535 1624 5591 in
1652 5538 1798 5593 omni
1824 5554 2012 5609 perse-

431 5623 614 5746 ι(ω)
656 5624 789 5682 Cum
848 5631 1057 5690 scilicet
1093 5636 1190 5694 bas

457 5708 538 5746 ar.
681 5734 685 5737 ι

457 5708 538 5749 ιη.
681 5734 685 5737 -

2203 507 2324 563 fuit.
2382 511 2613 582 Ideoque
2668 526 3032 586 opportunum
3077 522 3357 590 duximus,
3380 530 3781 601 seenndumpe-

2202 600 2446 657 titionem
2508 608 2835 664 venerabilis
2884 609 3069 669 fratris
3094 617 3269 671 nostri
3310 618 3548 675 Oderisii
3592 623 3781 681 abbati

2197 692 2388 759 vestri,
2423 697 2629 751 nostris
2650 697 3014 769 in'posterum
3041 704 3242 762 litteris
3262 710 3538 767 adnotare
3568 716 3779 784 qualiter

2196 781 2497 853 Cinglensis
2550 786 2699 843 cella:
2739 794 2934 858 eausa,
2995 795 3139 851 unde
3197 807 3451 855 vestrum
3492 806 3779 861 ctenohium

2196 872 2398 931 diutius
2428 874 2795 946 inquietatum
2832 892 2937 949 est,
2968 900 3143 955 nuper
3170 887 3228 942 in
3254 900 3451 945 nostra
3480 894 3555 946 sit
3577 898 3782 951 audire-

2196 965 2269 1020 tia
2299 976 2486 1024 nostro
2510 970 2720 1037 judicio
2743 974 3165 1046 dilIinita.Quod
3185 983 3336 1038 enim
3366 984 3777 1044 dilectio'vestn

2193 1057 2401 1126 plenius
2430 1064 2600 1129 novit,
2659 1082 2804 1137 sazpe
2830 1070 2897 1125 de
2930 1073 3120 1128 eodem
3175 1077 3402 1145 negotio
3457 1080 3517 1134 in
3550 1080 3775 1139 Romam

2190 1149 2455 1220 Ecclesia,
2495 1156 2640 1213 inter
2680 1162 2970 1232 synodales
2993 1167 3169 1236 actus,
3204 1181 3333 1226 ante
3360 1175 3777 1243 prmdecessores

2190 1250 2407 1299 nostros
2429 1249 2659 1316 quaestio
2700 1262 2821 1307 acta
2878 1265 2963 1309 est
2996 1272 3025 1311 a
3076 1270 3285 1318 sancta:
3333 1268 3629 1322 memoria:
3655 1270 3778 1325 Desi-

2184 1329 2336 1386 derio
2358 1334 2595 1404 (Victore
2626 1339 2723 1395 III
2745 1345 2929 1416 papa),
2958 1349 3268 1418 apostolicae
3295 1356 3451 1410 sedis
3473 1361 3778 1430 presbytero

2183 1423 2445 1480 cardinali
2472 1433 2528 1483 et
2566 1434 2885 1490 monasterii
2911 1436 3227 1497 Casinensis
3254 1423 3492 1511 abbate,
3522 1450 3622 1518 qui
3649 1423 3774 1519 post.

2185 1515 2401 1570 modum
2430 1518 2627 1577 divina:
2657 1522 2990 1594 dignationis
3032 1534 3214 1603 gratia
3264 1536 3337 1591 ad
3368 1515 3582 1594 summi
3616 1515 3773 1613 ponti-

2181 1605 2377 1665 fucatus
2401 1611 2609 1682 apicem
2640 1619 2906 1687 pervenit,
2955 1624 3049 1679 sed
3086 1626 3285 1698 exiguo
3311 1637 3577 1702 tempore

2178 1698 2338 1754 vixit.
2364 1700 2567 1761 Nostro
2592 1707 2756 1763 etiam
2814 1719 3060 1785 tempore
3087 1717 3142 1772 in
3164 1698 3544 1791 synodalibus
3573 1698 3769 1798 gestis:

2801 1815 2965 1870 quem
3026 1809 3280 1877 superius
3356 1816 3770 1883 nominavimus,

2177 1878 2445 1951 Oderisio,
2476 1897 2679 1945 sanctae
2712 1904 2915 1949 nostrae
2941 1895 3201 1956 Ecclesia:
3237 1906 3583 1978 presbytero
3613 1916 3769 1967 cardi-

2176 1971 2305 2039 nali,
2335 1975 2401 2030 de
2436 1993 2598 2035 causa
2664 1982 2779 2053 ipsa
2833 2000 3019 2044 coram
3080 2001 3267 2048 nostra
3346 2008 3443 2054 est
3497 2008 3765 2071 presenti:

2174 2064 2371 2135 sazpius
2423 2070 2839 2137 proclamatum.
2889 2078 3103 2137 Accidit
3155 2096 3349 2142 autem
3417 2064 3764 2151 Ul‘RONﬂuS

2172 2169 2355 2214 comes
2417 2161 2483 2217 ad
2526 2164 2673 2221 beati
2732 2168 3011 2228 Benedicti
3067 2176 3425 2237 devotionem
3481 2190 3763 2258 promptius

2171 2260 2488 2321 conversus,
2546 2254 2725 2313 locum
2773 2261 2951 2331 ipsum
3006 2267 3076 2322 ad
3126 2271 3303 2327 vestri
3332 2282 3666 2334 monasterii
3695 2283 3759 2352 jus

2167 2341 2443 2408 pertinere
2479 2360 2865 2421 cognosceret,
2927 2358 3020 2426 qui
3064 2375 3189 2416 mox
3227 2369 3499 2424 eumdem
3529 2370 3701 2427 locum
3717 2376 3759 2428 in

2167 2447 2385 2491 manum
2413 2440 2623 2521 praefati
2673 2445 2861 2503 fratris
2894 2453 3066 2509 nostri
3112 2454 3357 2515 Oderisii
3403 2463 3758 2521 reddiditma

2163 2523 2428 2595 siquidem
2462 2519 2706 2604 tempore
2733 2537 3036 2610 abbatissa,
3064 2548 3255 2616 quazin
3281 2551 3491 2609 cellam
3522 2557 3758 2614 violenter

2163 2614 2405 2687 ingressa
2469 2622 2666 2693 fuerat,
2716 2644 2815 2698 pro
2862 2614 3100 2701 ejusdem
3154 2642 3383 2698 comitis
3438 2648 3637 2703 timore
3667 2652 3757 2705 dis-

2167 2722 2429 2769 cesserat.
2470 2714 2647 2789 Coepit
2690 2722 2833 2779 inter
2872 2727 2985 2783 htec
3036 2729 3125 2786 illa
3176 2745 3394 2792 nostra:
3421 2744 3749 2797 auctoritatis

2159 2818 2340 2873 aures,
2395 2808 2518 2864 dum
2543 2812 2598 2866 in
2660 2817 2796 2872 urbe
2854 2834 3120 2892 essemus,
3171 2829 3393 2885 crebris
3444 2832 3753 2891 clamoribus

2166 2897 2461 2969 appellare,
2496 2902 2637 2959 unde
2672 2922 2771 2963 nos
2801 2925 2867 2963 ex
2919 2911 3088 2970 latere
3117 2927 3312 2974 nostro
3337 2922 3501 2978 viros
3522 2935 3749 2983 strenuos

2157 3003 2328 3059 usque
2362 2991 2599 3065 Capuam
2626 2998 3034 3074 destinavimus,
3083 3009 3174 3079 qui
3206 3011 3518 3084 diligenter
3542 3034 3744 3074 causam

2156 3089 2445 3153 utramque
2493 3103 2888 3159 cognoscerent
2933 3107 2988 3151 et
3032 3101 3260 3168 paciﬁee
3291 3104 3629 3176 delinirent;
3658 3130 3747 3182 quo

2158 3181 2282 3229 tunc
2318 3176 2536 3245 quidem
2588 3182 2912 3251 quibusdam
2954 3193 3343 3253 occasionibus
3382 3204 3458 3256 ad
3513 3176 3743 3258 eﬂ'ectcm

2150 3270 2435 3335 pervenire
2484 3288 2590 3330 non
2640 3278 2837 3346 potuit.
2899 3279 3028 3339 Post
3070 3285 3417 3358 aliquantum
3452 3311 3558 3366 pro
3587 3302 3744 3352 caus‘s

2148 3359 2533 3421 ecclesiasticis
2566 3365 2766 3425 Urbem
2798 3371 2915 3443 (49)
2944 3378 3167 3446 egressi,
3196 3395 3322 3436 cum
3348 3359 3605 3443 eamdem
3631 3407 3741 3445 cau-

2147 3462 2263 3504 sam
2288 3452 2601 3526 diligentius
2627 3459 2679 3514 in
2705 3462 2989 3535 utriusque
3016 3470 3188 3538 partis
3223 3480 3535 3543 praesentia
3560 3489 3739 3535 tracta-

2148 3557 2347 3611 remus,
2390 3554 2742 3621 cognovimus
2787 3561 3070 3629 prtefatUm
3102 3566 3486 3624 venerabilem
3532 3570 3733 3629 fratrem

2145 3643 2393 3694 nostrum
2419 3634 2723 3702 Oderisium
2762 3649 3017 3709 abbatem
3061 3666 3328 3725 vestrum,
3384 3678 3505 3718 non
3535 3666 3732 3720 mariti:

2144 3723 2471 3797 intentione,
2499 3735 2594 3790 sed
2615 3735 2844 3805 justitiae
2872 3756 3121 3816 respectu
3177 3723 3358 3805 locum
3414 3753 3600 3823 illum,
3628 3764 3725 3809 tau-

2143 3832 2305 3887 quam
2343 3822 2423 3877 sui
2449 3824 2613 3895 juris,
2641 3829 2708 3886 de
2730 3847 2838 3902 quo
2863 3837 3061 3907 saepius
3100 3841 3577 3911 proclamaverat,
3603 3864 3727 3903 reae

2139 3910 2304 3979 pisse.
2342 3913 2633 3977 Enimvero
2682 3933 2738 3979 et
2782 3927 3187 3996 pontificalibus
3216 3934 3485 4003 decretis,
3516 3949 3569 3994 et
3594 3955 3726 4011 rega-

2140 4000 2280 4060 libus
2313 4006 2710 4078 instrumentis,
2738 4025 2795 4071 et
2848 4026 3009 4076 terrae
3048 4024 3359 4096 principum
3416 4031 3723 4101 scriptis,et

2136 4090 2239 4148 loci
2268 4094 2568 4156 fundatoris
2597 4103 2961 4180 chirographo
2981 4090 3169 4168 cellam
3195 4090 3370 4187 ipsam
3403 4122 3478 4175 ad
3506 4090 3718 4178 vestrm

2136 4185 2524 4244 ostendebatur
2566 4199 2956 4255 monasterium
3015 4185 3314 4272 pertinere.
3365 4208 3515 4276 Quia
3559 4224 3716 4268 tamen

2135 4271 2252 4327 sine
2271 4274 2476 4345 judicio
2533 4288 2877 4353 praecedente
2931 4271 3233 4364 receperat,
3291 4314 3522 4370 mquum
3575 4305 3714 4359 nobis

2133 4362 2420 4432 visumest
2450 4379 2507 4425 ut
2537 4374 2833 4445 abbatissa,
2884 4396 3005 4451 qua:
3053 4362 3111 4440 se
3157 4391 3515 4456 quaerebatur
3538 4412 3711 4466 exspo-

2064 4496 2108 4551 Β
2134 4453 2284 4520 liata,
2304 4461 2746 4536 reinvestiretur;
2767 4483 2885 4540 post
2914 4478 3279 4534 reversionem
3299 4496 3436 4539 vero
3463 4496 3711 4549 nostram,

2136 4543 2191 4598 in
2218 4539 2504 4621 utramque
2552 4539 2776 4626 partem
2800 4561 3098 4633 legitimum
3141 4568 3419 4637 judicium
3454 4588 3705 4647 ageretur.

2136 4635 2193 4691 In
2222 4637 2288 4694 iis
2313 4640 2521 4708 diebus,
2580 4647 2863 4721 largiente,
2902 4635 3155 4725 Domi-no,
3207 4635 3522 4731 plenariun;
3553 4669 3602 4722 in
3628 4668 3709 4720 Bi-

2134 4730 2277 4785 rensi
2303 4733 2436 4789 urbe
2466 4739 2753 4795 concilium
2791 4743 3067 4803 celebrare
3116 4751 3571 4822 disponebamus.
3599 4757 3703 4812 Post

2131 4836 2343 4881 menses
2403 4828 2569 4897 igitur
2626 4848 2719 4887 sex
2766 4836 3097 4896 abbatissam
3145 4844 3291 4899 illam
3350 4858 3405 4902 et
3446 4850 3638 4905 litteris
3660 4860 3703 4903 et

2133 4915 2304 4968 nostri
2351 4920 2464 4974 oris
2516 4922 2832 4983 invitatione
2878 4933 3233 5000 vocavimus;
3282 4939 3476 4993 venire
3506 4942 3697 5011 quidm"

2129 5006 2326 5071 renuit,
2363 5011 2456 5064 sed
2489 5016 2739 5070 nuntium
2771 5019 3069 5077 destinavit
3108 5043 3120 5078 :
3173 5042 3296 5082 cum
3326 5040 3513 5085 autem
3543 5034 3696 5086 minus

2126 5095 2334 5163 plenas,
2385 5115 2484 5155 nec
2531 5107 2663 5160 satis
2706 5110 3062 5170 rationabiles
3120 5132 3315 5174 causas
3356 5122 3424 5174 de
3453 5122 3591 5176 illius
3617 5123 3696 5175 ab-

2124 5190 2297 5243 sentia
2337 5204 2518 5247 coram
2589 5200 2823 5256 concilio
2882 5206 3225 5272 reddidisset,
3280 5226 3404 5277 nos,
3458 5228 3528 5266 ne
3571 5212 3691 5280 quod

2123 5274 2209 5329 illa
2230 5282 2542 5347 gravamine
2561 5287 2671 5355 pati
2702 5303 3047 5363 quereretur,
3066 5297 3309 5366 ejusdem
3341 5317 3522 5357 causa-
3541 5302 3688 5355 actiu-

2121 5382 2242 5423 nem
2267 5385 2437 5441 usque
2457 5375 2522 5429 ad
2547 5389 2788 5437 nostrum
2804 5386 3037 5443 reditum
3061 5390 3313 5448 duximus
3330 5394 3682 5451 differendam.

2120 5455 2291 5515 Porro
2352 5462 2717 5527 Beneventum
2759 5476 3062 5547 venientes,
3114 5482 3313 5539 iterum
3370 5496 3581 5541 nostras
3624 5484 3681 5537 ad

2120 5547 2268 5605 illam
2326 5553 2539 5615 litteras
2614 5563 3025 5641 destinavimus,
3060 5576 3203 5631 diem
3258 5588 3314 5634 et
3367 5580 3539 5636 locum
3582 5592 3678 5648 ¹Ι¹¹⁰

1225 5652 1405 5710 partes
1455 5649 1585 5704 adiit
1628 5663 1753 5711 ante
1811 5654 2014 5727 aliquot
2054 5676 2289 5747 menses,
2332 5685 2440 5741 quo
2482 5684 2721 5748 tempore
2765 5682 2947 5754 Capua
2994 5706 3023 5745 a
3074 5689 3312 5763 Roget-io
3347 5694 3616 5753 obsidclm
