3888 6322
39 378 148 432 517

1213 357 1570 416 EPIS’I‘OLxE
1608 355 1694 412 ET
1736 353 2146 411 i'lllVllJiGlA.

3214 337 3316 393 518

40 503 214 545 causa
267 481 578 540 ventilanda
632 479 815 545 fuerit,
861 476 1227 548 designautes.
1273 475 1407 531 Cum
1452 485 1633 529 autem
1668 477 1711 533 Α
1742 489 1844 526 non
1876 471 2213 541 ambigantus
2247 466 2374 536 (non
2403 463 2546 518 enim
2578 461 2636 515 in
2660 461 2770 514 vita
2801 465 3008 512 tanttnn
3038 452 3318 548 venerabi-

41 596 150 634 nec
179 589 307 633 tunc
335 575 594 638 venisset,
627 571 692 626 ad
731 571 906 625 locmn
933 569 1097 622 a‘lium
1129 583 1247 622 eam
1277 568 1438 622 tertio
1479 581 1638 621 voca-

41 671 250 722 vimus.
300 664 459 719 Vertit
502 662 614 727 illa,
667 661 762 716 sed
810 673 1028 714 causam
1083 658 1302 729 aggredi
1345 657 1635 721 recusavit,

42 775 309 816 asserens
349 772 406 814 se
427 769 768 825 nequaquam
799 752 982 807 omnia
1009 751 1314 822 Cinglensis
1341 750 1490 806 cellae
1521 765 1639 803 mu-
1666 805 1668 808 ,

43 853 296 907 nimenta
349 858 404 905 ct
466 849 676 902 litteras
723 845 1032 915 recepisse;
1086 843 1154 898 ad
1201 843 1344 914 quod
1379 841 1637 896 fratrum

46 954 368 998 nostrorum
438 940 656 1010 quidam
727 936 1092 992 sacramentis
1161 948 1408 989 asserere
1463 932 1639 1003 parati

45 1036 295 1100 inerant,
329 1048 387 1088 se
409 1047 508 1086 nec
534 1028 738 1100 plures,
761 1043 859 1082 nec
881 1027 1018 1080 alias
1049 1027 1100 1080 in
1124 1026 1242 1081 loco
1269 1025 1459 1079 eodem
1488 1023 1644 1077 char—
1669 1037 1682 1050 ·

50 1138 165 1192 tas,
193 1141 356 1196 quam
381 1138 514 1194 quas
557 1119 930 1184 reddiderant,
981 1119 1273 1174 invenisse.
1307 1117 1398 1171 Illa
1431 1125 1642 1171 secreto

49 1214 334 1270 nonnullis
391 1214 619 1268 fratrum
670 1211 762 1282 qui
802 1210 1081 1266 nobiscum
1111 1218 1268 1264 erant
1313 1208 1646 1263 munimenta

50 1324 160 1361 sua
197 1307 457 1377 prodidit,
507 1304 664 1359 nobis
711 1310 892 1358 autem
948 1302 1238 1358 ostendere
1303 1300 1643 1356 detrectavit.

53 1397 613 1470 Cumquejudiciario
645 1395 836 1451 ordine
892 1409 1114 1450 causam
1170 1407 1270 1449 nec
1298 1393 1457 1448 vellet
1488 1408 1649 1464 agere

51 1507 163 1546 nec
194 1489 417 1563 valeret,
449 1504 568 1563 nos
598 1501 720 1543 eam
764 1496 824 1543 ut
863 1487 931 1541 ad
964 1483 1178 1541 abbatis
1223 1497 1276 1540 et
1303 1485 1526 1540 fratrum
1557 1499 1649 1540 ve-

53 1591 302 1636 strorum
355 1561 698 1636 concordiam
730 1585 1020 1649 satageret,
1051 1576 1502 1642 commonuimus,
1551 1591 1650 1631 nec

57 1670 276 1725 monita
304 1667 898 1738 suscepit,etjudicium
927 1664 1143 1736 penitus
1169 1663 1510 1734 subterfugit.
1542 1663 1649 1719 lte-

53 1775 185 1815 rum
244 1758 477 1815 cmnobii
534 1757 697 1813 vestri
754 1755 1054 1810 munimina
1121 1752 1391 1819 vidimus;
1448 1753 1646 1807 iterum

1740 563 1807 618 lis
1836 560 2022 615 fratris
2053 557 2224 613 nostri
2266 553 2508 610 liabbodi
2549 552 2812 606 unitatem
2859 549 3096 618 ipsarum
3132 543 3319 598 Eccle-

1740 655 1940 710 siarum
1991 665 2350 708 sanxeramus
2374 687 2389 713 ,
2425 658 2481 703 et
2517 645 2827 700 autltentiea
2876 649 3083 695 tantum
3121 636 3320 718 Novio-

1744 723 2012 803 mensium
2044 740 2321 814 privilegia
2349 749 2466 794 rata
2504 750 2724 791 manere
2752 729 3214 798 decreveramus),
3241 725 3322 802 'nil

1745 849 1922 894 tamen
1952 837 2018 892 ad
2041 848 2280 906 praesens
2318 848 2480 903 super
2525 831 2625 885 hac
2673 843 2731 883 re
2769 826 2852 881 vel
2885 822 3197 880 mutandum
3241 818 3322 875 vel

1743 926 2123 984 stabiliendum
2165 924 2437 980 duximus.
2488 920 2731 975 Fratrem
2771 909 2948 970 autem
2994 913 3324 973 Baldricum,

1743 1032 1903 1087 quem
1934 1017 2000 1072 ad
2041 1031 2140 1071 nos
2183 1013 2448 1084 misistis,
2496 1010 2906 1066 Noviomensetn
2953 1004 3182 1059 electum
3227 1015 3327 1055 nos

1747 1119 1852 1163 ture
1881 1105 2208 1180 fraternitati
2251 1103 2595 1159 remittimus.
2623 1099 2703 1153 Tu
2748 1096 2848 1166 ipsi
2891 1104 2946 1151 et
2975 1092 3230 1148 Ecclesiae
3272 1093 3326 1146 in

1745 1215 1851 1270 qua
1882 1198 2086 1254 electus
2119 1206 2202 1252 est
2247 1195 2540 1251 secundum
2580 1192 2749 1246 Deum
2780 1198 2940 1257 atque
2964 1186 3190 1241 salutem
3225 1192 3330 1238 tua:

1747 1302 1800 1346 et
1828 1293 1996 1362 ipsius
2014 1291 2207 1346 animae
2233 1290 2518 1361 providere
2545 1287 2722 1342 debita
2750 1282 3108 1340 sollicitudine
3137 1295 3330 1351 proca.

1754 1393 1895 1437 rato.
1937 1380 2065 1438 Vale
2166 1406 2170 1410 ι
2697 1413 2699 1416 -

2405 1469 2678 1527 (ΣΟῊΛΧ.

1818 1562 1979 1618 Bulla
2005 1579 2098 1633 pro
2127 1562 2311 1618 abbate
2345 1561 2566 1632 Majoris
2588 1560 2892 1624 Monasterii
2921 1557 3256 1612 Turonensis.

2286 1651 2466 1724 (Circa
2493 1668 2582 1707 an.
2629 1651 2811 1721 1098.)

1967 1740 2211 1813 [B.tt.uz.,
2251 1741 2474 1796 Misce”.
2515 1741 2642 1797 edit.
2681 1740 2835 1810 Luc.,
2869 1737 3111 1810 ll,18l'.]

52 1851 381 1920 pontificum
419 1849 783 1904 Romanorum
811 1845 1092 1918 privilegia
1146 1853 1203 1914 et
1255 1829 1642 1915 imperatorum

1819 1830 2068 1887 URBANUS
2081 1833 2386 1903 episcopus,
2403 1847 2590 1894 servus
2607 1847 2884 1888 servorum
2901 1830 3016 1896 Dei,
3040 1825 3334 1885 venerabili

66 1943 278 2012 scripta
332 1940 737 2011 perspeximus;
785 1939 979 1994 iterum
1011 1936 1309 1992 fundatoris
1335 1935 1437 1990 loci
1469 1935 1654 1990 chiro-

57 2035 359 2106 graphum,
388 2044 444 2090 et
458 2032 830 2089 Beneventani
862 2030 1143 2102 principis,
1166 2029 1256 2101 qui
1292 2037 1419 2084 tunc
1446 2037 1654 2098 tempo-

60 2129 146 2181 ris
173 2127 372 2191 fuerat,
413 2125 820 2180 concessionem
847 2121 1154 2176 audivimus
1193 2137 1206 2172 :
1249 2118 1447 2189 quibus
1481 2118 1655 2174 omni-

61 2218 173 2274 bus
204 2216 452 2273 instructi
483 2226 537 2272 et
561 2216 713 2287 prius
740 2229 949 2280 sumus,
1000 2212 1340 2283 Cinglensem
1373 2210 1563 2266 cellam
1587 2212 1655 2266 ab

64 2310 193 2379 ipso
241 2307 570 2363 fundationis
594 2307 820 2364 exordio
882 2307 949 2361 ad
999 2305 1296 2362 Casinense
1345 2304 1654 2360 coenobium

63 2399 426 2469 pertinuisse,
473 2408 530 2454 et
579 2412 675 2468 per
702 2397 1014 2454 Casinensis
1063 2395 1278 2452 abbatis
1315 2394 1654 2450 voluntatem

65 2489 573 2544 sanctimonialium
625 2488 697 2544 ibi
755 2487 1233 2558 congregationem
1285 2485 1452 2541 fuisse
1479 2487 1658 2556 dispo-

62 2579 260 2632 sitam.
288 2576 380 2633 Sic
431 2585 551 2648 post
596 2576 796 2632 multas
847 2577 1066 2631 tandem
1120 2575 1428 2642 dilationes,
1459 2576 1657 2647 negotii

63 2666 310 2721 veri:ate
372 2677 677 2738 perspecta,
746 2667 1147 2722 communicato
1217 2659 1682 2732 cumfratribus,

66 2755 283 2811 nostris
315 2756 604 2828 episcopis,
651 2771 746 2812 seu
799 2757 1056 2811 Romanae
1097 2756 1352 2812 Ecclesiae
1371 2757 1662 2813 cardinali-

67 2829 602 2920 hus,judicibitsque
627 2847 878 2915 consilio,
915 2848 1213 2904 venerabili
1261 2849 1434 2922 fratri
1476 2848 1664 2906 Oderi-

67 2939 158 2992 sio
193 2939 381 2994 abbati
420 2947 600 2995 vestro
620 2937 912 3009 Cinglense
947 2933 1340 2994 monasterium
1357 2953 1426 2994 ex
1451 2940 1664 3011 integro

69 3029 544 3093 rcstituimus;ita
566 3038 744 3083 tamen
765 3036 824 3084 ut
847 3028 913 3083 de
942 3028 1062 3084 loco
1083 3028 1200 3099 ipso
1228 3029 1666 3085 sanctimoniales

69 3118 308 3174 minime
337 3117 694 3189 expellantur,
719 3119 814 3174 sed
843 3133 1059 3189 semper
1088 3118 1198 3174 illic
1223 3118 1524 3189 puellarum
1569 3121 1663 3176 Dei

1753 1923 1864 1976 lilio
1896 1923 2186 1978 Bl-ZItNAltDO
2217 1923 2432 1992 Majoris
2460 1923 2768 1978 Monasterii
2795 1922 2996 1987 abbati,
3026 1920 3252 1976 salutent
3282 1927 3341 1974 et

1754 2016 2108 2086 apostolicam
2135 2013 2582 2071 benedictionem.

1825 2104 1916 2161 Sic
1959 2108 2100 2177 apud
2148 2109 2317 2163 bonos
2353 2108 2500 2164 viros
2534 2117 2619 2163 est
2655 2107 2917 2162 servanda
2955 2105 3254 2170 numilitas,
3280 2113 3339 2156 ut

1753 2199 2000 2254 veritatis
2045 2214 2108 2255 ac
2156 2200 2383 2270 justitia:
2431 2216 2536 2254 non
2583 2200 2864 2255 deseratur
2909 2197 3222 2252 auctoritas.
3263 2195 3338 2250 Ita

1755 2308 1886 2364 ergo
1914 2293 2275 2348 humilitatem
2323 2301 2467 2347 tuam
2488 2344 2492 2348 .
2513 2292 2836 2361 suscipimus
2872 2299 2930 2345 ut
2960 2290 3242 2346 veritatem
3276 2303 3342 2343 ac

1752 2385 2018 2456 justitiam
2057 2395 2356 2441 teneamus.
2390 2385 2466 2440 Te
2507 2384 2772 2455 siquidem
2821 2398 2922 2454 per
2961 2383 3342 2452 omnipotentis

1759 2481 1852 2536 Dei
1885 2481 2115 2552 gratiam
2140 2479 2462 2534 catholicum
2493 2493 2558 2533 ac
2577 2493 2702 2534 vere
2728 2477 3030 2548 religiosum
3060 2477 3337 2531 habemus.

1761 2572 1820 2628 Si
1849 2573 1978 2643 quid
2004 2587 2135 2628 vero
2169 2573 2220 2627 in
2259 2573 2618 2628 ordinationis
2652 2581 2755 2625 tuae
2785 2569 3093 2641 primordiis
3124 2567 3207 2622 vel
3247 2565 3370 2637 per

1761 2665 2070 2720 ordinantis
2101 2665 2312 2734 culpam
2348 2664 2429 2719 vel
2468 2679 2564 2733 per
2607 2673 2754 2718 tuam
2801 2661 3177 2732 negligentiam
3211 2659 3345 2714 deli-

1761 2757 1949 2827 quisti,
2002 2772 2102 2812 nos
2147 2757 2263 2822 tibi,
2293 2757 2434 2811 beati
2462 2755 2675 2810 Martini
2725 2754 2931 2809 meritis
2983 2754 3343 2817 conﬁdentes,

1763 2849 1906 2905 beati
1926 2849 2280 2906 Petriviceet
2301 2849 2620 2904 auctoritate
2641 2847 2979 2903 dimittimus.
2999 2845 3149 2902 llanc
3165 2856 3345 2901 autem

1767 2942 1863 2997 tibi
1895 2942 2265 3012 paenitentiam
2298 2941 2584 2997 indicimus
2619 2948 2677 2996 ut
2705 2941 2772 2995 de
2809 2949 3004 2994 caetero
3031 2939 3350 2994 commisso-

1768 3049 1887 3105 rum
1920 3033 2150 3089 fratrum
2187 3034 2345 3090 saluti
2385 3032 2693 3105 vigilantius
2725 3047 2789 3087 ac
2823 3031 3116 3087 ferventius
3148 3031 3350 3086 instare

1769 3143 1876 3182 non
1905 3127 2140 3182 desinas.
2166 3126 2222 3181 ln
2246 3129 2346 3181 hac
2367 3125 2627 3196 siquidem
2654 3134 2805 3196 parte
2825 3124 3072 3179 omnibus
3091 3122 3350 3178 adversus

69 3208 432 3279 congregatio
481 3216 854 3275 conversetur,
903 3216 1076 3274 tanto,
1122 3220 1181 3265 ut
1205 3225 1508 3280 speramus,
1541 3212 1662 3266 reli-

1775 3227 1824 3274 te
1850 3219 2211 3274 oblocutionis
2241 3234 2426 3274 vocem
2457 3217 2751 3273 auferimus
2773 3227 2829 3273 et
2848 3225 3158 3287 perpetuum
3183 3213 3348 3269 silen-

68 3298 314 3367 giosius,
359 3307 560 3368 quanto
631 3298 890 3354 sanctiori
947 3308 1180 3369 patrono
1226 3302 1667 3373 monasterioque

71 3388 393 3445 commissae
422 3399 567 3455 sunt,
596 3389 744 3446 salva
797 3391 851 3444 in
900 3391 1154 3447 omnibus
1189 3393 1333 3448 sedis
1361 3395 1668 3464 apostolicae

74 3486 420 3541 reverentia.
486 3485 658 3553 Quam
731 3487 939 3543 scilicet
1015 3487 1422 3543 restitutionem
1469 3488 1670 3544 litteris

72 3578 449 3646 praesentibus
477 3589 650 3634 ratam
689 3590 744 3634 et
789 3579 1104 3634 inviolatam
1157 3587 1418 3649 perpetuo
1450 3595 1670 3634 manere

72 3683 395 3734 censemus,
447 3670 569 3724 dico
626 3656 989 3726 decernimus.
1051 3669 1124 3737 Si
1159 3671 1283 3739 quis
1322 3679 1502 3725 autem
1551 3679 1673 3735 post

73 3760 234 3824 hazc,
267 3759 489 3829 hujusce
518 3760 750 3816 actionis
791 3768 979 3815 tenore
1024 3749 1266 3830 cognito,
1297 3760 1671 3815 constitutioni

73 3860 294 3905 nostra:
325 3860 527 3907 temere
565 3851 787 3908 obviare
834 3852 1149 3918 tentaverit,
1196 3851 1506 3921 apostolica:
1534 3852 1666 3906 indi-

74 3942 361 4009 gnationis
413 3942 617 3998 ultione
656 3942 950 4012 plectetur;
1012 3943 1106 4012 qui
1167 3957 1295 3998 vero
1322 3951 1674 3997 conservator

76 4034 390 4100 exstiterit,
438 4034 636 4090 divinae
692 4033 1082 4089 benedictionis
1123 4034 1296 4105 gratia
1340 4032 1671 4104 perfruatur.

153 4125 438 4196 Scriptum
462 4141 560 4196 per
596 4141 815 4180 manum
847 4125 1003 4181 Petri
1033 4125 1301 4182 scriniarii
1332 4126 1502 4181 nostri
1534 4127 1676 4181 sacri

76 4215 309 4286 palatii,
402 4216 694 4271 indictione
775 4216 1027 4285 septima,
1094 4215 1300 4273 mensis
1365 4215 1677 4272 Decembris

78 4309 175 4363 die
206 4323 310 4362 vn.

157 4400 364 4454 Datum
395 4399 580 4455 Romae
618 4399 757 4469 apud
810 4399 1033 4455 Beatum
1081 4398 1299 4454 Petrum
1329 4414 1426 4470 per
1459 4415 1676 4454 manum

79 4492 345 4557 Joannis,
389 4501 590 4547 sancte
625 4491 888 4547 Romana:
919 4491 1175 4547 Ecclesiae
1195 4491 1404 4546 diaconi
1427 4493 1680 4547 cardine-

81 4584 177 4649 lis,
221 4592 384 4639 sexto
412 4583 534 4639 ldus
561 4585 898 4651 Decembris,
929 4584 1228 4641 indictione
1259 4586 1512 4653 septima,
1537 4602 1624 4639 am

81 4675 400 4730 Dominieae
446 4676 838 4732 lncarnationis
908 4676 1065 4744 1098,
1109 4676 1456 4747 pontificatus
1505 4688 1684 4732 autem

79 4767 309 4824 domini
336 4766 539 4823 Urbani
571 4769 610 4822 ll
638 4784 790 4840 papae
816 4785 894 4825 χι.

741 4903 1051 4974 cchan

81 5013 307 5067 Urbani
359 5013 417 5066 If
465 5014 684 5083 epistqu
727 5017 795 5067 ad
811 5015 1133 5096 .Manassem
1171 5016 1464 5070 Rementem
1511 5019 1688 5070 archi-

740 5102 1056 5152 episcopum.

703 5159 886 5248 '(Anno
917 5176 1098 5248 1098.)
1471 5229 1474 5232 .
1503 5227 1511 5234 .
1569 5209 1573 5214 ι

340 5265 588 5338 [Bat.uz.,
622 5267 848 5323 Miscell.
878 5270 1008 5325 edit.
1039 5271 1196 5336 Luc.,
1227 5270 1290 5338 ll,
1322 5271 1470 5343 544.]

169 5359 430 5416 Πειιιλκυε
473 5363 776 5432 episcopus,
823 5377 1015 5418 servus
1065 5378 1348 5419 servorum
1393 5366 1509 5431 Dei,
1543 5379 1698 5420 reve-

87 5454 418 5510 rentissimo
467 5453 619 5509 fratri
661 5465 716 5510 et
761 5456 1078 5526 coepiscopo
1121 5455 1391 5520 Manasse,
1441 5454 1695 5511 Remensi

86 5544 542 5615 archiepiscopo,
576 5546 806 5601 salutem
851 5555 908 5600 et
956 5547 1308 5602 apostolicam
1362 5548 1696 5603 benedictio-

91 5656 261 5698 nem.

175 5735 442 5802 Quamvis
490 5734 811 5790 clericorum
879 5731 1313 5790 Noviom’ensium
1363 5733 1576 5790 litteras
1629 5735 1695 5790 de

105 5829 470 5886 Fornacensis
501 5827 757 5884 Ecclesiae
805 5827 1180 5897 conjunctione
1225 5826 1390 5883 falsas
1427 5842 1495 5882 ex
1543 5838 1694 5897 parte

1770 3311 1904 3366 tium
1953 3312 2298 3382 imperamus.
2357 3310 2630 3366 Universis
2676 3318 2855 3365 autem
2906 3308 3067 3362 vestri
3118 3306 3350 3361 coenobii

1771 3402 2032 3457 fratribus
2071 3402 2418 3472 prmsentium
2458 3400 2763 3455 litterarum
2807 3397 3128 3453 auctoritate
3159 3395 3358 3466 praccia'

1768 3495 1951 3565 pimus
1979 3503 2038 3549 ut
2064 3493 2349 3549 devotione
2378 3492 2691 3564 plenissima
2713 3491 2947 3545 debitam
2974 3489 3070 3543 tibi
3100 3501 3351 3542 reveren-
3376 3561 3384 3570 ~

1773 3586 1900 3640 tiam
1929 3584 2399 3655 obedientiamth
2433 3582 2758 3654 persolvant,
2793 3590 3058 3652 quatenus
3083 3588 3356 3635 annuente

1774 3675 1884 3730 Deo
1933 3684 1987 3730 et
2031 3675 2133 3746 ipsi
2180 3675 2245 3730 de
2295 3682 2399 3728 tute
2444 3671 2825 3728 sollicitudinis
2871 3671 3046 3743 gratia
3097 3680 3153 3726 et
3189 3680 3246 3726 tu
3288 3673 3358 3726 de

1773 3765 2012 3837 ipsorum
2045 3764 2350 3823 obcdientia
2378 3766 2582 3838 pariter
2607 3765 2841 3836 gaudere
2873 3764 3113 3835 possitis.

2494 3901 2644 3957 CCL.

1778 3997 1982 4052 Urbani
2031 3997 2093 4051 11
2133 3997 2354 4066 epistola
2392 3995 2461 4049 ad
2504 3995 2799 4064 cpiscOptmt
2837 3994 3357 4066 Magdeburgensem.
3391 4032 3393 4034 -

1848 4065 2014 4123 ——Ne
2036 4065 2256 4131 vacillet,
2281 4068 2369 4120 sed
2393 4075 2544 4120 rectm
2571 4082 2744 4119 cauare
2773 4069 3000 4130 insistat,
3025 4065 3286 4119 hortatur.

2225 4179 2405 4250 (Intra
2433 4194 2522 4233 an.
2558 4178 2862 4234 19934099
2887 4177 2922 4241 ).

2153 4269 2361 4341 [Mmsr
2380 4308 2396 4336 ,
2432 4267 2633 4323 Concil.
2659 4266 2788 4332 XX,
2818 4267 2912 4321 7H
2940 4267 2984 4339 ].

1853 4368 2105 4424 URBANUS
2147 4365 2469 4434 episcopus,
2522 4377 2714 4417 servus
2769 4377 3046 4416 servorum
3099 4361 3218 4428 Dei,
3269 4360 3357 4427 N.,

1787 4454 2235 4530 Magdcburgensi
2261 4454 2538 4524 episcopo.
2568 4450 2794 4507 salutem
2823 4449 3243 4523 etapostolicam
3270 4451 3364 4505 be-

1628 4601 1679 4641 10
1710 4571 1756 4629 ι)
1785 4548 2174 4604 ncdictionem.

1860 4640 2062 4695 lndolis
2106 4646 2229 4703 tuae,
2264 4635 2462 4691 dilecte
2487 4635 2790 4694 inCltristo
2821 4635 3024 4700 frater,
3073 4635 3366 4698 strennita-

1792 4741 1900 4785 tem
1930 4731 2215 4796 miramur,
2260 4729 2369 4786 imo
2399 4730 2788 4800 aliquantulum
2835 4730 2994 4784 circa.
3020 4730 3238 4799 pietatis
3281 4729 3365 4782 vi-

1792 4837 1944 4877 scera
1993 4821 2392 4886 timemus,,ne
2447 4821 2778 4875 incurrentis
2829 4820 3032 4876 erroris
3086 4818 3368 4886 persuasio

1795 4912 1938 4968 infra
1988 4912 2289 4982 praecordia
2330 4911 2652 4980 jamdudum
2712 4911 2807 4964 tibi
2856 4909 3193 4981 pullulasset,
3225 4909 3370 4978 quod

1795 5005 1967 5070 absit;
2021 5004 2453 5074 quandoquidem
2521 5019 2618 5073 per
2663 5003 2945 5070 utriusque
2992 5015 3154 5057 sexus
3188 5001 3374 5056 ﬁdeles

1797 5097 2076 5168 religiosos
2105 5096 2374 5168 veraciter
2402 5097 2494 5150 tibi
2530 5104 2812 5167 exoptalos
2839 5095 3126 5163 aliquoties
3156 5103 3372 5149 nostras

1798 5189 2096 5244 direximus
2149 5189 2362 5243 litteras
2416 5197 2551 5252 tuae,
2603 5198 2662 5244 ut
2720 5202 3040 5256 speramus,
3099 5187 3372 5254 fidelitati,

1796 5277 2137 5346 nullumque,
2193 5287 2288 5332 aut
2341 5292 2564 5348 prorsus
2619 5292 2767 5342 raro,
2816 5277 2895 5330 uti
2946 5276 3103 5332 talem
3149 5292 3214 5332 ac
3265 5287 3372 5330 tam

1798 5379 2078 5427 strenuum
2104 5408 2120 5434 ,
2159 5371 2311 5424 decet
2347 5369 2555 5434 virum,
2591 5368 2746 5422 nobis
2785 5367 2980 5423 dedisti
3029 5383 3372 5438 responsum.

1799 5463 1943 5516 Cave
1992 5475 2140 5531 ergo,
2185 5472 2316 5514 cave
2350 5458 2589 5530 interim,
2633 5473 2838 5527 quaeso,
2879 5473 2949 5528 ne
2997 5458 3191 5522 collum
3224 5467 3374 5512 tuum

1799 5551 2064 5610 Pharaoni
2115 5550 2378 5605 subdatur
2429 5563 2538 5619 quo
2586 5548 2870 5605 decidente
2924 5551 3094 5606 veteri
3151 5559 3376 5605 contro-

1715 5667 1717 5670 ί
1798 5644 2000 5708 versia,
2047 5657 2189 5712 quae,
2226 5641 2462 5711 peccatis
2514 5643 2716 5698 nostris
2757 5644 3130 5714 exigentibus,
3181 5658 3378 5712 magno

1801 5737 2061 5808 temporis
2106 5734 2280 5804 spatio
2330 5733 2628 5815 Ecclesiam
2681 5735 2775 5791 Dei
2825 5749 2920 5805 per
2959 5735 3172 5789 diversa
3227 5734 3377 5790 orbis

1803 5829 2053 5892 climata,
2107 5841 2243 5896 pene
2298 5841 2396 5896 per
2449 5825 2738 5883 interiores
2785 5822 3047 5882 medullas
3095 5823 3371 5893 fatigavit;
