3888 6322
589 323 691 379 ω

586 623 824 694 episcopi
856 626 1029 681 sancti
1062 628 1437 687 fraudulentus
1463 645 1755 690 mercator.
1784 638 1861 692 Tu
1892 654 2024 711 ergo
2051 643 2162 710 qui,

582 723 644 767 ut
697 731 726 768 a
779 715 919 780 Deo,
978 718 1050 772 ita
1085 730 1139 774 et
1186 722 1255 776 ab
1285 722 1598 781 hominilms
1629 728 1840 783 culmen
1885 732 2163 801 accepisti,

579 807 722 876 quod
776 810 1038 879 magistro
1076 814 1444 882 apostolorum
1474 859 1488 882 ,
1541 819 1694 890 cujus
1724 822 1896 877 vicem
1941 825 2165 894 adeptus

581 911 660 963 es,
697 899 918 970 suisque
949 907 1359 962 successoribus
1387 913 1743 981 spopondisti.
1779 915 1931 983 Quod
1961 918 2004 972 si
2042 933 2164 987 per-

576 1000 831 1043 severare
881 991 1066 1048 valcas
1116 993 1298 1051 salvus
1340 1001 1470 1057 eris.
1526 999 1694 1058 Nemo
1747 1007 1889 1060 enim
1940 1007 2161 1062 mittens

577 1061 794 1132 manum
836 1094 986 1135 suam
1015 1082 1069 1138 in
1120 1096 1381 1156 aratrum,
1432 1092 1478 1146 si
1514 1101 1660 1148 retro
1707 1098 2023 1167 prospiciat,
2081 1100 2161 1154 fa-

575 1167 726 1224 ciens
752 1170 1013 1239 injustam
1050 1175 1282 1243 sulcum,
1315 1191 1472 1250 aptus
1507 1193 1592 1238 est
1632 1201 1796 1257 regno
1830 1188 1960 1255 Dei;
1991 1199 2044 1245 et
2067 1194 2156 1261 qui

575 1259 817 1330 tetigerit
872 1263 1068 1332 picem,
1112 1266 1484 1338 inquinabitur
1526 1275 1593 1329 ab
1647 1290 1731 1330 ea.
1791 1278 1929 1334 Sunt
1975 1293 2154 1338 autem

573 1351 681 1405 alia
713 1368 817 1406 non
855 1356 1071 1412 modulo
1100 1359 1359 1418 chartula:
1389 1368 1814 1425 commendanda
1843 1413 1857 1438 ,
1899 1388 2018 1443 qua:
2047 1375 2156 1431 Deo

576 1443 908 1512 disponente
931 1463 1173 1517 praesens
1197 1453 1404 1524 legatus
1434 1459 1612 1514 verbis
1640 1463 1757 1517 auri
1787 1477 1996 1522 secrete
2028 1470 2151 1524 inti-

572 1536 763 1601 mabit,
796 1553 915 1608 quae
946 1555 1236 1609 precamur
1281 1548 1506 1606 honeste
1552 1556 1801 1612 remittas
1831 1563 2154 1628 quantocius

573 1629 801 1692 poteris.
878 1630 1158 1710 Gloriosus
1201 1636 1346 1694 Deus
1377 1652 1612 1698 mentem
1646 1654 1789 1702 tuam
1836 1660 1999 1722 atque
2032 1670 2154 1724 pro-

568 1719 748 1773 videat
793 1730 910 1777 Iuos
955 1736 1126 1782 actus.

1266 1843 1434 1900 CCLI.

565 1918 808 1977 Urbanus
868 1925 925 1979 ΙΙ
972 1927 1394 2004 Hartmarmum,
1453 1938 1691 2015 abbatem
1739 1942 2147 2015 Gottwicensem,

647 2013 656 2015 _
691 1993 787 2015 l'.L
832 1999 850 2015 Ιν
947 2000 957 2015 Ι
1056 2001 1090 2015 ¹¹
1315 2009 1325 2015 ⁸
1429 2009 1440 2015 ⁸

641 2013 657 2043 ι
688 1993 1010 2062 Gebe/rardo,
1052 1993 1440 2062 (.‘ouslmrtierisi
1477 2013 1735 2082 episcopo,
1777 2018 1831 2071 in
1864 1995 2150 2090 apostoli“;

641 2064 883 2090 l.........'..---
932 2072 1030 2090 __13,
1060 2083 1070 2090 .
1403 2081 1412 2088 .
1483 2082 1493 2090 .

629 2064 883 2133 legn:ione
924 2072 1217 2137 adiutorem
1247 2064 1535 2134 constituit.
1561 2101 1578 2133 ι

1013 2165 1178 2234 (Intra
1219 2184 1310 2223 an.
1354 2172 1700 2248 1088-1099.)

560 2247 718 2318 ['t’ide
760 2252 890 2306 Acta
945 2269 1278 2340 sanctorum,
1317 2265 1454 2340 Aug.
1504 2279 1541 2340 ιᾼ.
1575 2268 1636 2340 tt,
1681 2247 1739 2340 'p.
1772 2273 1895 2340 376,
1929 2277 1980 2332 in
2029 2279 2146 2333 Vita

949 2326 1260 2393 Alttnauni,
1299 2326 1533 2405 epis-"copi
1575 2326 1788 2414 Palam]

1251 2445 1445 2501 CCLll.

556 2519 803 2577 Urbanus
849 2525 909 2579 11
965 2535 1271 2621 nlt'onqsterii
1322 2535 1679 2621 Gottwicensia
1725 2547 2016 2621 privilegia,
2060 2571 2145 2608 ro-

793 2611 947 2665 gunte
983 2599 1316 2660 llarlmuuno
1356 2609 1562 2677 abbate,
1606 2599 1900 2685 con/irritat.

1014 2690 1180 2764 (Intra
1223 2712 1312 2752 an.
1362 2700 1709 2776 1088-1099.)

831 2780 988 2837 ‘\'ide
1013 2785 1144 2840 Acta
1179 2803 1482 2850 sanctorum
1526 2799 1615 2853 ubi
1648 2803 1855 2873 supra.]

1230 2883 1447 2942 CCLlll.

554 2956 898 3034 I'ririlcgium
940 2969 1295 3059 immanitatis
1327 2979 1698 3052 Sclmflmsano
1752 2991 1806 3046 in
1847 2991 2137 3069 Ilirsaugia

1010 3056 1327 3101 ntonaslerio
1355 3067 1680 3112 concessum.

977 3135 1167 3204 (Intra
1198 3157 1288 3197 an.
1323 3145 1698 3224 1088-1099).

933 3222 1159 3295 [Maxsn
1183 3231 1386 3292 Concil.
1423 3239 1541 3306 XX,
1573 3222 1694 3300 706.
1720 3245 1738 3319 ]

621 3305 868 3368 URBANUS
897 3318 1205 3392 episcopus,
1241 3343 1433 3387 servus
1460 3349 1743 3394 servorum
1775 3342 1892 3410 Dei,
1934 3347 2131 3406 dilecto

543 3397 597 3452 in
648 3399 865 3461 Christo
903 3409 1014 3465 ﬁlio
1045 3412 1441 3479 Schafbnscnsi
1499 3428 1706 3493 abbati.
1759 3435 1982 3507 ejusque
2010 3457 2132 3498 suc-

542 3495 855 3554 cessoribus
897 3506 1224 3574 regulariter
1253 3515 1646 3578 substitueudis
1685 3524 1739 3578 in
1784 3541 2125 3602 perpetuum.

613 3583 746 3640 Cum
779 3592 1049 3651 universis
1095 3613 1302 3659 sancta:
1349 3607 1610 3669 Ecclesia:
1655 3616 1780 3673 ﬁliis
1828 3632 1882 3678 et
1912 3637 2128 3697 aposto-

1767 3671 1776 3673 ,
1832 3671 1881 3678 --
1912 3671 2115 3697 -.ννπυκ

539 3671 657 3729 lica:
709 3681 854 3736 sedis
911 3692 1238 3750 auctoritate
1299 3714 1362 3753 ac
1416 3701 1791 3765 benevolentia
1855 3715 2127 3776 debitores

539 3765 883 3837 existamus,
934 3775 1039 3832 illis
1094 3789 1272 3838 tamen
1320 3788 1456 3845 locis
1509 3804 1670 3866 atque
1717 3806 1962 3870 personis
2005 3824 2125 3878 qua:

975 3868 995 3878 η
1216 3875 1225 3878 -

539 3858 835 3926 specialius
870 3879 933 3920 ac
970 3868 1295 3932 familiarius
1340 3879 1599 3942 Romana:
1629 3892 1907 3949 adhaerent
1938 3899 2117 3955 Eccle-

537 3953 653 4016 siae,
705 3967 932 4023 qumque
980 3963 1262 4032 amplioris
1316 3972 1594 4043 religionis
1641 3984 1814 4049 gratia
1859 3989 2118 4059 eminent,

536 4045 878 4112 propensiori
906 4065 1006 4106 nos
1039 4060 1295 4115 convenit
1312 4062 1601 4122 clraritatis
1620 4072 1798 4128 studio
1815 4075 2117 4138 imminere.

533 4131 704 4202 Igitur
732 4146 838 4193 tam
867 4143 970 4198 tuis
1001 4155 1054 4200 et
1083 4157 1296 4206 tuorum
1329 4154 1576 4224 fratrum,
1609 4177 1771 4230 quam
1797 4178 1853 4222 et
1885 4169 2116 4240 religiosi

531 4229 752 4285 comitis
796 4231 862 4286 N.
922 4238 1025 4306 piis
1077 4244 1216 4298 votis
1266 4255 1320 4300 et
1375 4229 1726 4318 petitionibus
1773 4273 2115 4332 annuentes,

532 4316 720 4375 Sancti
746 4321 1047 4387 Salvatoris
1076 4339 1386 4396 venerabile
1413 4347 1740 4413 coenobium,
1766 4351 1834 4406 ab
1854 4352 1916 4408 N.
1947 4371 2117 4426 quon-

530 4408 656 4464 dam
708 4415 909 4472 comite
957 4424 1100 4491 apud
1147 4427 1326 4485 villam
1363 4432 1429 4487 H.
1462 4437 1562 4492 sub
1619 4440 1824 4498 honore
1873 4448 2112 4504 omnium

1905 340 1960 394 Β.
1993 341 2246 398 [ῐΙῖΒΑΝΙ
2274 345 2311 400 ll
2349 347 2547 405 PAP/E

589 439 740 496 salvo
780 450 956 496 tamen
983 460 1276 512 paucoruru
1306 447 1562 506 interiore
1607 456 1843 521 ..ornine,
1877 458 2001 512 llaal
2036 475 2166 527 pau-
2195 460 2242 519 A
2272 462 2507 530 qualibet
2533 484 2626 523 eas
2653 472 2850 529 audeat
2879 491 2907 529 a

588 533 740 586 .atim
793 533 1050 591 confusus
1101 545 1183 591 est
1231 548 1286 593 et
1351 543 1551 597 mundo
1603 545 1856 601 absordet
1903 549 2167 604 donorum
2216 599 2219 602 .

2187 1821 2230 1875 B

3671 400 3732 458 δξο

2939 480 3145 547 praefati
3179 497 3476 550 monasterii
3505 510 3735 576 proprietate

3505 555 3514 569 .
3563 555 3572 557 ~
3613 555 3735 574 --ι-ημ

2273 555 2599 614 subtrahere
2641 563 2725 617 vel
2773 567 3045 637 alienare,
3095 576 3184 630 sed
3217 579 3271 633 in
3303 597 3366 637 eo
3410 555 3736 673 ordinersempr-r

2272 662 2555 718 maneant;
2583 669 2688 726 quo
2713 673 2739 711 a
2764 669 2836 725 te,
2861 665 3180 724 charissime
3203 672 3276 728 ﬁli
3306 676 3394 743 N.,
3419 662 3734 762 institutaesrntt.

2269 756 2370 797 nec
2400 744 2494 800 tibi
2528 764 2624 804 nec
2671 766 3049 815 successorum
3102 772 3314 822 tuorum
3363 772 3505 832 alicui
3548 781 3736 848 Πραξίας

2267 833 2601 906 distrahere,
2657 845 2740 898 vel
2792 864 2979 905 earum
3035 854 3172 910 bona
3217 869 3417 920 temere
3457 877 3735 938 anttiulenm

2265 930 2513 988 minuere
2541 936 2623 989 vel
2667 939 2906 996 auferre.
2940 943 2995 999 Si
3034 949 3158 1016 quis
3187 967 3316 1008 vero
3358 955 3581 1020 hactenus
3617 985 3736 1029 eorum

2261 1022 2559 1094 quidquam
2589 1030 2834 1097 abstulit,
2868 1037 3041 1093 donec
3075 1043 3346 1114 restituat,
3371 1050 3434 1102 ab
3456 1056 3736 1126 UﬂlanOIL‘ﬁlla

2263 1115 2356 1168 Dei
2405 1120 2578 1184 gratia
2637 1122 2847 1181 alienus
2895 1129 3116 1186 existat.
3168 1132 3433 1194 Praeterea
3482 1160 3675 1206 mansuro
3705 1157 3735 1208 in

2261 1219 2583 1280 perpetuum
2640 1216 2862 1273 decreto
2894 1223 3189 1291 sancimus,
3237 1238 3298 1283 ut
3327 1232 3450 1286 nulli
3496 1241 3664 1294 omnino
3690 1249 3735 1298 ri-

2259 1304 2496 1359 ventinm
2538 1306 2700 1363 liceat
2761 1313 2812 1366 in
2851 1324 3036 1371 vestro
3083 1323 3414 1380 monasterio
3455 1329 3621 1400 aliquid
3661 1353 3736 1404 pro.

2263 1394 2537 1463 prietatis,
2565 1403 2914 1473 conditionis,
2957 1409 3286 1469 lrzcreditarii
3319 1414 3472 1484 juris,
3515 1426 3735 1490 advocarim

2257 1485 2593 1546 investiturae
2619 1503 2712 1548 aut
2755 1497 3046 1568 cujuslibet
3096 1511 3404 1578 potestatis,
3433 1529 3538 1583 quze
3581 1517 3733 1578 libertati

2256 1587 2311 1632 et
2359 1581 2526 1649 quieti
2586 1583 2816 1642 fratrum
2873 1604 3089 1661 noceat,
3142 1581 3626 1667 vindicare—Abbati;
3659 1630 3735 1669 sane

2255 1685 2378 1723 cum
2410 1671 2669 1730 fratribus
2701 1677 3021 1738 advocatum
3054 1687 3187 1756 sibi,
3221 1709 3382 1763 quem
3413 1698 3635 1757 utiliorem
3659 1721 3735 1774 prr-

2255 1761 2513 1830 viderint,
2562 1768 2832 1826 instituat.
2880 1774 2980 1842 Qui
3032 1781 3076 1833 si
3125 1791 3463 1852 postmodum
3507 1803 3736 1851 monasterii

2261 1851 2466 1910 inutilis
2499 1855 2687 1924 fuerit,
2730 1875 2938 1921 remoto
2961 1882 3025 1923 co
3054 1851 3219 1928 alium
3245 1879 3543 1946 praeﬁciam.
3570 1886 3734 1956 Sepultu-

2257 1958 2372 1997 ram
2401 1945 2644 2014 ejusdem
2676 1951 2778 2007 loci
2811 1954 3037 2012 liberam
3069 1965 3296 2020 omnino
3339 1983 3454 2025 esse
3474 1973 3734 2038 decrerinms.

2255 2043 2314 2088 ut
2359 2051 2546 2093 eorum
2592 2043 2684 2110 qui
2718 2044 2788 2099 ibi
2831 2049 3048 2118 sepeliri
3082 2055 3518 2128 deliberaverint,
3554 2067 3733 2125 devot'oi

2253 2136 2306 2181 et
2329 2137 2586 2186 extrema:
2613 2135 2901 2205 voluntati,
2928 2143 3031 2197 nisi
3062 2144 3205 2204 forte
3227 2158 3636 2213 excommunicati
3655 2161 3732 2220 sint,

2254 2221 2431 2278 nullus
2473 2225 2722 2281 obsistat.
2782 2229 2837 2285 Si
2869 2248 3004 2302 quas
3047 2251 3186 2294 vero
3217 2241 3452 2300 decimas
3500 2250 3733 2318 pertinentes

2251 2315 2516 2382 ecclesiis,
2559 2334 2695 2389 quas
2731 2321 2946 2381 habetis
2976 2337 3029 2382 ct
3055 2329 3350 2400 habebitis,
3380 2353 3408 2392 a
3435 2315 3732 2413 laicisrecupt-

2251 2421 2393 2471 rare,
2433 2421 2710 2467 annuente
2755 2412 3005 2486 Domino,
3044 2427 3372 2492 potueritis,
3410 2433 3581 2486 vestris
3615 2435 3732 2488 usibus

2251 2507 2510 2568 perpetuo
2570 2505 2961 2574 rnancipandas
3005 2513 3213 2583 absque
3267 2522 3500 2576 omnium
3543 2526 3730 2594 episcopo-

2249 2605 2365 2644 rum
2412 2594 2841 2653 contradictione
2872 2615 3159 2661 censcmns
3185 2650 3200 2673 ,
3233 2611 3382 2666 salva
3412 2616 3650 2686 episcOpali
3680 2634 3729 2670 re-

2246 2683 2514 2738 verentia.
2549 2684 2744 2743 Laicos
2773 2705 2865 2745 seu
2900 2691 3127 2751 clericos
3159 2701 3445 2761 saeculares
3488 2708 3545 2761 ad
3579 2723 3727 2763 corner.

2244 2773 2450 2828 sionem
2509 2777 2817 2847 suscipere,
2871 2784 3072 2841 nullius
3121 2791 3369 2864 episc0pi
3422 2797 3497 2851 vel
3542 2801 3725 2869 prapositi

2245 2866 2604 2921 contradictio
2665 2884 2760 2924 vos
2821 2871 3085 2930 inhibeat.
3131 2879 3217 2935 Ad
3277 2884 3382 2940 hoc
3435 2866 3658 2956 adjicirntis
3694 2901 3726 2942 ut

2243 2953 2373 3007 nulli
2412 2956 2792 3028 episcoporum
2837 2961 3072 3022 facultas
3123 2971 3196 3025 sit
3245 2976 3364 3030 sine
3401 2953 3595 3034 Romani
3616 2984 3725 3050 ponti-

2243 3046 2357 3102 ﬁcis
2387 3047 2606 3106 licentia
2636 3053 2754 3113 loca
2788 3069 2968 3116 vestra
2999 3063 3083 3117 vel
3113 3071 3412 3126 monachos
3441 3071 3722 3130 interdictioni.

2240 3137 2324 3191 vel
2354 3147 2899 3205 excommunicationi
2927 3152 3220 3222 subjicere.
3266 3161 3404 3216 Nulli
3433 3173 3645 3234 prmterea
3666 3165 3724 3217 ho-

2235 3229 2365 3285 mini
2398 3232 2558 3291 liceat
2601 3241 2917 3310 sazpclatum
2956 3252 3354 3308 monasterium
3386 3264 3569 3312 temere
3589 3269 3721 3327 pertur-

2232 3322 2380 3390 bare,
2412 3325 2497 3379 vel
2520 3326 2636 3396 ejus
2664 3335 3061 3405 possessiones,
3088 3356 3180 3396 seu
3219 3359 3314 3399 res
3343 3355 3550 3403 caeteras
3567 3348 3722 3406 auferre.

2229 3415 2440 3471 ablatas
2471 3421 2729 3489 retinere,
2757 3427 3007 3485 minuere
3048 3434 3134 3488 vel
3183 3441 3492 3496 temerariis
3515 3443 3723 3497 vexationi-

2230 3506 2330 3562 bus
2389 3508 2663 3583 fatigare;
2713 3521 2807 3575 sed
2862 3525 3046 3581 omnia
3110 3528 3329 3602 integra
3385 3545 3721 3591 conserventur.

2228 3611 2416 3655 eorum
2447 3619 2542 3673 pro
2593 3623 2823 3678 quorum
2880 3621 3284 3676 sustentatione
3338 3639 3402 3679 ac
3427 3623 3719 3696 gubernatione

2227 3705 2483 3750 concessa
2517 3708 2663 3765 sunt,
2712 3703 2902 3759 usibus
2957 3711 3286 3769 omnimodis
3328 3716 3606 3785 profutura,
3637 3731 3718 3785 que-

2229 3795 2387 3844 tenus
2421 3791 2533 3847 illic
2566 3794 2678 3850 Deo
2719 3797 3020 3856 servientes
3049 3800 3250 3861 fratres
3278 3807 3347 3863 ab
3367 3810 3504 3865 onrni
3530 3817 3717 3880 potestate

2225 3877 2378 3936 liberi
2421 3883 2682 3940 Romana:
2730 3887 3076 3948 liberalitatis
3121 3899 3298 3966 gratia
3330 3877 3608 3971 potiantur,
3640 3908 3716 3954 et:

2222 3974 2575 4030 saecularibus
2637 3981 2953 4040 tumultibus
3003 3986 3167 4042 alieni
3202 4030 3218 4055 ,
3281 3996 3622 4066 omnipotentis
3657 3991 3714 4046 Ι)ρὶ

2222 4067 2577 4132 speculationi
2628 4070 2879 4129 licentius
2928 4094 3125 4135 vacare
3170 4087 3510 4152 praevaleant.
3549 4088 3714 4144 Obeunte

2223 4162 2274 4209 te
2305 4173 2447 4213 nunc
2494 4159 2736 4228 ejusdem
2773 4165 2876 4221 loci
2911 4169 3108 4226 abbate
3131 4215 3145 4237 ,
3181 4177 3268 4232 vel
3314 4188 3515 4236 tuorum
3551 4178 3714 4249 quom?!

2220 4261 2618 4325 successorum,
2660 4256 2840 4313 nullus
2888 4261 2956 4315 ibi
2986 4265 3231 4332 qualibet
3260 4273 3598 4341 subreptioais
3616 4280 3713 4324 astu-

2221 4337 2315 4402 tia,
2353 4323 2460 4395 seu
2507 4344 2762 4400 violentia
2811 4363 3191 4423 praeponatur,
3244 4363 3346 4417 nisi
3395 4378 3539 4434 quem
3578 4363 3711 4416 fratres

2218 4431 2490 4485 communi
2520 4449 2792 4492 consensu
2819 4441 2900 4495 vel
2931 4441 3156 4500 fratrum
3179 4465 3310 4519 pars
3332 4455 3524 4510 consilii
3551 4449 3710 4509 sanioris

528 4513 843 4561 sanctorum
876 4512 1200 4572 :editicatum
1229 4561 1243 4586 ,
1285 4535 1340 4577 et
1377 4527 1537 4584 beato
1569 4531 1730 4589 Petro
1765 4538 2026 4608 oblatum,
2061 4543 2111 4598 in
2147 4557 2190 4612 ι)
2216 4521 2513 4615 δθθυηίξυω
2563 4524 2706 4580 Dea”
2734 4525 3011 4588 Benedic“
3050 4539 3293 4606 regulam
3343 4540 3708 4615 elegerim'con'

526 4593 612 4663 jus
641 4609 958 4669 perpetuum
982 4617 1037 4661 et
1060 4611 1280 4669 tutelam
1306 4620 1594 4689 recipimus
1616 4631 1924 4698 apostolica:
1943 4637 2109 4704 sedis,

526 4689 668 4744 sicut
715 4707 746 4746 a
781 4696 884 4765 pia:
928 4705 1203 4760 memoriae
1244 4713 1640 4776 prazdecessore
1671 4731 1858 4778 nostro
1902 4724 2108 4798 Grego-

526 4782 610 4838 rio
640 4784 729 4840 Vll
779 4801 996 4846 constat
1038 4794 1207 4852 fuisse
1233 4815 1566 4875 susceptum.
1621 4810 1890 4884 Quidquid
1944 4822 2107 4877 etiam

526 4872 888 4936 immanitatis
919 4884 1060 4940 idem
1093 4892 1336 4957 pontifex
1396 4872 1513 4952 loco
1549 4900 1649 4970 ipsi
1695 4908 1960 4976 contulit,
2009 4929 2108 4970 nos

524 4981 739 5036 quoque
770 4977 1122 5033 concedimus
1147 5021 1162 5046 ,
1207 4992 1261 5038 et
1292 4991 1545 5055 praesenti
1595 4994 1816 5052 decreto
1845 5005 2105 5060 corrobo-

526 5073 731 5114 ramus.
776 5063 1086 5133 Apostolica
1131 5074 1313 5146 itaque
1358 5084 1682 5141 auctoritate
1726 5093 2014 5150 statuimus
2046 5109 2104 5154 ut

525 5152 777 5208 universa
801 5173 920 5226 qum
941 5165 1146 5231 praefati
1177 5172 1406 5228 comites
1432 5176 1513 5230 vel
1541 5177 1631 5232 alii
1660 5181 1886 5250 quilibet
1916 5186 2102 5247 ﬁdeles

521 5244 772 5300 coenobio
825 5263 1002 5308 vestro
1060 5258 1126 5312 de
1178 5263 1290 5317 suis
1342 5263 1689 5326 facultatibus
1742 5279 2098 5349 contuierint,

518 5351 751 5405 quaeque
784 5339 940 5397 hodie
986 5359 1183 5414 posset,
1228 5356 1343 5410 sive
1381 5358 1431 5412 in
1467 5363 1703 5417 futurqu
1751 5372 2101 5430 concessione

519 5428 866 5496 pontiﬁcum,
919 5435 1242 5500 liberalitate
1291 5451 1627 5524 principum,
1687 5462 1770 5514 Vel
1829 5463 2098 5524 oblatione

519 5519 757 5577 fidelium
783 5523 930 5594 juste
956 5540 1116 5600 atque.
1143 5543 1402 5599 canonice
1431 5553 1631 5615 poterit
1657 5553 1902 5623 adipisci,
1942 5561 2096 5618 firma

515 5612 634 5680 tibi,
671 5619 884 5689 tuisque
932 5633 1337 5688 successoribus
1382 5649 1434 5690 et
1476 5641 1676 5697 illibata
1723 5662 2092 5716 permaneant.

516 5703 591 5759 De
621 5707 771 5762 cellis
807 5721 986 5769 autem
1036 5716 1212 5774 Beata:
1256 5723 1479 5794 Agnetis
1523 5742 1577 5786 et
1609 5703 1784 5791 Beata:
1816 5738 1996 5797 Maria:
2041 5747 2090 5798 in

515 5795 636 5850 villa
667 5798 728 5854 N.
757 5806 1079 5865 nominatim
1109 5812 1503 5886 iutcrdicirnus,
1533 5838 1599 5877 ne
1645 5828 1766 5894 quis
1809 5835 2092 5892 occasione

2217 4611 2555 4668 secrationes
2599 4615 2856 4674 altarium
2915 4623 3284 4697 basilicarum,
3328 4634 3530 4689 ordines
3553 4632 3707 4689 clerico-

2217 4717 2368 4768 rum,
2418 4706 2678 4772 chrisma,
2736 4722 2792 4766 et
2841 4726 3037 4771 caatera
3090 4720 3158 4774 ad
3209 4725 3502 4794 episcopale
3541 4723 3704 4779 ofﬁcium

2213 4793 2540 4858 pertinentia
2595 4800 2663 4852 ab
2715 4803 2970 4874 episc0po
3029 4793 3468 4884 Constantiensi,
3517 4816 3560 4868 in
3601 4810 3702 4880 cujus

2211 4882 2344 4935 estis
2377 4883 2618 4954 ditecesi,
2645 4891 2948 4962 accipiatis,
2991 4897 3034 4952 si
3071 4908 3248 4958 tamen
3279 4907 3552 4960 catholicus
3573 4913 3648 4964 εει,
3668 4908 3701 4951 tl

2210 4971 2439 5040 gratiam
2471 4985 2525 5030 et
2552 4983 2985 5041 communionem
3015 4993 3324 5059 apostolicae
3347 4997 3480 5051 sedis
3504 4992 3696 5049 habuerit.

2206 5059 2357 5116 Alias
2387 5079 2517 5119 vero
2545 5066 2706 5124 liceat
2736 5075 2893 5131 vobis
2920 5080 3269 5148 catholicum,
3295 5102 3448 5156 quem
3474 5083 3696 5142 volueritis,

2206 5152 2359 5207 adire
2410 5156 2708 5214 antistitem
2739 5203 2753 5228 ,
2816 5175 2870 5218 et
2908 5169 2976 5222 al:
3014 5185 3078 5225 eo
3126 5179 3533 5232 consecrationis
3572 5188 3696 5230 sacra-

2207 5255 2390 5301 menta
2425 5251 2737 5321 suscipere,
2772 5257 2853 5311 vel
2891 5260 2957 5314 ad
3004 5265 3187 5320 sedem
3221 5270 3543 5336 apostolicam
3569 5277 3694 5320 reatr-

2203 5353 2325 5393 rere
2355 5356 2367 5392 :
2403 5340 2492 5410 qui
2523 5345 2820 5411 apostolica
2871 5349 3036 5409 fultus
3067 5361 3402 5423 auctoritate,
3445 5373 3547 5432 quae
3571 5364 3691 5428 pos!"-

2199 5428 2382 5486 lantur
2435 5433 2731 5506 indulgeat.
2763 5441 2844 5497 Ad
2901 5445 3159 5504 indicium
3197 5460 3372 5508 autem
3419 5428 3686 5542 percepta:

2203 5517 2434 5542 Dm,“
3000 5536 3011 5542 -
3197 5540 3205 5542 μ
3359 5541 3362 5542 ν

2200 5517 2441 5574 Romana
2489 5522 2727 5582 Ecclesia
2778 5529 3207 5594 libertatis-auri
3251 5541 3449 5596 unciam
3473 5534 3685 5610 quotannis

2198 5615 2547 5676 Lateranensi
2575 5625 2774 5694 palatio
2797 5635 3137 5698 persolvetis.
3160 5641 3216 5696 Si
3239 5659 3335 5713 qua
3361 5659 3479 5698 sane
3497 5641 3683 5702 deint‘fl’5

2195 5709 2558 5769 ecclesiastica
2616 5721 2959 5779 saecularisve
2991 5743 3250 5798 persona,
3297 5735 3443 5805 hujus
3485 5727 3680 5804 privilegii

2198 5799 2448 5868 paginam
2490 5805 2668 5862 sciens
2692 5848 2706 5874 ,
2747 5823 2937 5870 contra
2980 5833 3097 5875 eam
3133 5831 3328 5879 temere
3355 5826 3518 5880 venire
3551 5830 3676 5876 tenta-
