3888 6322
76 366 173 423 Sil

51 569 239 625 ctione
286 578 523 635 congrua
562 560 967 624 emendaverit,
1014 558 1299 629 potestatis
1350 558 1642 613 honorisve

50 660 130 714 sui
182 656 447 727 dignitate
495 661 721 716 careat,
778 666 1041 721 reamqne
1093 664 1154 706 se
1210 650 1395 706 divino
1440 648 1643 721 judicio

49 750 292 805 existere
313 746 378 801 de
405 752 717 815 perpetrata
747 742 1039 812 iniquitate
1070 749 1388 812 cognoscat,
1422 750 1584 811 atque
1613 755 1643 793 a

47 841 398 909 sanctissimo
422 851 652 908 corpore
675 843 730 891 et
761 833 1027 904 sanguine
1053 834 1150 889 Dei
1198 850 1262 889 ac
1286 831 1645 902 redemptoris

49 932 223 988 nostri
265 930 392 986 Jesu
424 928 628 985 Christi
677 927 852 983 aliena
897 926 1014 994 (lat,
1045 934 1100 982 et
1147 926 1200 981 in
1230 935 1478 981 extremo
1515 940 1645 979 exa-

42 1026 193 1079 mine
256 1023 518 1078 districta:
570 1020 763 1077 ultioni
821 1019 1119 1089 subiaceat.
1175 1018 1403 1074 Cunctis
1458 1025 1640 1073 autem

38 1119 223 1174 eidem
255 1119 376 1173 loco
404 1116 557 1187 iusta
596 1115 944 1172 servantibus
979 1115 1051 1169 sit
1086 1129 1189 1185 pax
1220 1112 1433 1169 Domini
1472 1114 1645 1168 nostri

44 1209 175 1263 Jcsu
207 1208 441 1272 Christi,
471 1217 744 1279 quatenus
764 1216 818 1261 et
846 1207 936 1261 hic
967 1204 1203 1261 fructum
1234 1206 1388 1261 bona:
1410 1205 1647 1260 actionis

50 1300 377 1371 percipiant,
402 1308 457 1354 et
482 1298 627 1368 apud
651 1296 1216 1367 distrietnmjudicem
1240 1298 1467 1369 ,praamia
1488 1307 1645 1353 teter-

47 1407 125 1446 um
159 1392 318 1461 pacis
355 1392 656 1448 inveniant.

743 1504 965 1562 CCLIV.

47 1616 247 1673 Urbani
274 1618 342 1673 II
368 1620 583 1691 epistola
612 1621 701 1674 ‘ad
750 1620 1085 1685 Rodulp/zum
1135 1621 1395 1674 comitem.
1435 1648 1505 1660 —-
1536 1618 1639 1673 Pro

473 1692 804 1746 immunitate
824 1690 1206 1745 ecclesiastica.

518 1782 687 1852 (Intra
721 1796 811 1835 an.
851 1779 1213 1852 l088-1099.)

446 1874 662 1947 [MANSI,
693 1873 899 1928 Concil.
932 1872 1053 1940 XX,
1088 1873 1241 1948 659.]

114 1964 292 2020 Nosse
327 1973 379 2020 te
404 1967 654 2020 volumus
699 1965 828 2035 quia
863 1965 993 2020 nulli
1038 1966 1385 2021 saecularium
1425 1965 1643 2021 do‘mino

45 2063 383 2121 potestatem
422 2055 472 2109 in
528 2055 761 2111 clericos
813 2056 1015 2112 habere
1068 2055 1196 2112 licet
1242 2072 1257 2123 ;
1316 2057 1410 2111 sed
1455 2070 1643 2111 omnes

36 2146 224 2203 clerici
266 2147 526 2217 episcopo
568 2147 668 2203 soli
711 2162 832 2203 esse
886 2148 1081 2203 debent
1123 2148 1370 2218 subjecti.
1403 2147 1643 2216 Quicum-

48 2254 153 2307 que
208 2254 349 2294 vero
408 2239 566 2295 aliter
620 2240 1065 2310 praesumpserit,
1123 2240 1405 2297 canonica:
1450 2241 1643 2311 procul

43 2332 209 2387 dubio
230 2334 522 2388 sententiae
543 2333 869 2404 subiacebit.

748 2458 946 2524 CCLV.

132 2555 345 2612 Urbani
382 2556 445 2611 II
473 2557 690 2628 epistola
727 2558 796 2611 ad
829 2556 1106 2627 llugonem
1142 2549 1549 2629 Lugdunensem

632 2628 1106 2698 archiepiscopum.

504 2719 680 2792 (Intra
708 2736 797 2774 an.
826 2719 1181 2792 1088-1099.)

459 2812 675 2887 [Maxsn
710 2813 913 2868 Concil.
946 2812 1067 2881 XX,
1097 2814 1247 2885 677.]

105 2906 374 2967 Uanmus
394 2909 434 2965 ll
458 2909 664 2966 HUGONI
694 2909 1038 2980 Lugdunensi
1070 2909 1495 2983 archiepiscopo.

109 3002 499 3074 Lugdunensis
548 3003 803 3072 paroecize
846 3002 1097 3068 clericos,
1128 3017 1264 3073 quos
1306 3012 1494 3058 contra
1530 3012 1643 3060 sta-

41 3102 153 3147 tuta
184 3109 467 3149 canonum
498 3102 551 3149 et
572 3094 639 3148 ab
678 3092 903 3149 alterius
932 3094 1182 3165 paroecize
1207 3094 1476 3166 episcopis
1502 3084 1648 3151 crdi-

1250 351 1606 408 msroua
1648 352 1733 407 ετ
1774 316 2183 407 esttamen.

56 478 218 540 verit,
247 471 483 529 secundo
529 469 754 525 tertiove
785 467 1139 531 commonita,
1187 467 1232 521 si
1280 483 1385 521 non
1416 465 1637 520 satisfa-
1667 471 1710 526 Α

3231 355 3338 413 5‘22

2422 466 2659 522 CCLV".

1748 556 1947 611 Urbani
1973 557 2030 611 ll
2062 557 2279 624 e;.istola
2299 560 2367 611 ad
2400 558 2695 628 llugonem,
2729 560 3025 628 episcopum
3057 559 3338 615 Gradu-o-

1815 628 2669 697 politamnn.—Extraordinaria
2719 630 2940 699 pollutio
2979 634 3032 686 in
3075 634 3336 685 naturali-

1819 700 1911 751 bus
1942 715 2044 752 non
2072 699 2284 769 impedit
2316 700 2729 753 matrimonium.
3396 716 3399 717 '

1928 786 1931 787 ν
2015 790 2494 863 (Fragm.—lnlra
2526 808 2614 847 an.
2658 793 3012 854 l088-I099J

1880 886 2205 958 [II-nariam,
2237 884 2471 952 Decret.,
2498 885 2559 942 C.
2591 903 2755 953 xxxv,
2786 904 2877 959 qn.
2909 888 2964 953 ἓ,
2997 904 3043 943 c.
3082 886 3194 960 ll.]

1814 980 2262 1036 Extraordinaria
2318 979 2544 1050 pollutio
2588 995 2696 1034 non
2752 980 2852 1035 nisi
2897 981 2947 1034 in
3000 980 3338 1035 naturalibus

1749 1071 2004 1137 admissa,
2033 1073 2116 1126 vel
2141 1071 2339 1141 sepius
2379 1071 2658 1136 reiterata,
2704 1069 2838 1126 citra
2870 1072 3171 1126 maritalem
3211 1070 3342 1123 alii»

1748 1177 1915 1235 ctum,
1961 1167 2004 1223 si
2039 1167 2283 1239 praebitis
2335 1168 2688 1223 sacramentis
2742 1168 2816 1223 ita
2867 1183 2987 1224 esse
3031 1168 3338 1224 constiterit

1749 1257 2200 1330 quemadmodum
2239 1256 2395 1312 nobis
2447 1254 2556 1312 tuis
2600 1256 2959 1326 signiﬁcatum
2991 1267 3073 1311 est
3118 1256 3335 1319 litteris,

1744 1367 1855 1406 non
1872 1351 2082 1405 videtur
2105 1349 2507 1404 matrimonium
2532 1348 2815 1420 impedire,
2840 1348 3086 1419 quamvis
3120 1348 3229 1419 ipsa
3256 1360 3339 1403 est

1743 1443 2042 1499 criminosa
2073 1450 2128 1497 et
2154 1440 2494 1496 damnabilis.

2423 1552 2686 1609 CCLVIII.

1752 1651 1955 1708 Urbani
1998 1646 2062 1705 11
2092 1665 2243 1721 papa:
2281 1650 2497 1721 epistola
2520 1650 2592 1704 ad
2630 1649 2903 1720 Ilugouem
2942 1648 3337 1705 Cluniaeeueeut

1819 1720 2237 1777 abbateme-S.
2278 1720 2483 1775 Bcrtim’
2518 1722 2891 1775 monasterium
2923 1723 2969 1775 ei
3009 1721 3167 1789 juxta
3214 1737 3335 1773 rou-

1820 1795 2120 1848 suetudines
2170 1791 2533 1846 Cluniacenses
2587 1791 2980 1862 informandum
3012 1791 3264 1845 concedit.

2189 1882 2354 1953 (intra
2408 1898 2498 1936 an.
2541 1881 2897 1949 10884099.)

1947 1977 2032 2051 [Β.
2068 1978 2343 2043 Bouocer,
2375 1972 2605 2037 Recueil,
2638 1984 2681 2029 t.
2711 1972 2848 2039 XIV,
2882 1989 2934 2045 p.
2976 1972 3123 2046 757.]

1816 2072 2067 2128 URBANUS
2095 2073 2401 2142 cpiscopus,
2431 2084 2621 2124 servus
2656 2082 2936 2122 servorum
2968 2066 3085 2129 Dei,
3116 2079 3340 2121 venera~

1747 2165 1837 2220 bili
1879 2163 2034 2219 fratri
2077 2162 2311 2229 llucom,
2349 2159 2690 2217 Cluniacensi
2744 2158 2948 2227 abbati,
3001 2157 3228 2213 salutem
3285 2167 3340 2209 et

1742 2256 2096 2329 apostolicam
2125 2254 2578 2311 benedictionem.

1816 2345 1989 2403 Justis
2043 2345 2295 2417 precibus
2341 2342 2705 2400 ministerium
2742 2349 2984 2396 nostrum
3014 2339 3203 2394 deesse
3232 2352 3335 2391 non

1750 2440 1928 2495 debet.
1972 2438 2179 2493 idcirco
2210 2435 2560 2491 Flandrensis
2607 2434 2898 2489 comitissm
2950 2446 3163 2501 preces,
3203 2444 3339 2499 quas

1748 2529 1945 2586 abbate
1972 2527 2033 2583 Β.
2055 2516 2258 2584 Βθτὶἰηὶ
2302 2535 2622 2599 suggerente
2651 2523 2948 2588 mandavit,
2978 2522 3339 2577 admittendas

1750 2626 1864 2679 l'ore
1903 2622 2266 2679 decrevimus.
2303 2619 2603 2676 Postulavit
2628 2618 2743 2690 (50)
2768 2617 2911 2672 enim
2946 2624 2999 2670 nl
3028 2614 3089 2669 Β.
3133 2613 3335 2668 Bcrtini

1751 2712 2136 2770 monasterium
2199 2720 2304 2767 tua:
2347 2720 2668 2778 tuorumque
2722 2722 3098 2763 successorum
3154 2703 3339 2775 provi-

1750 2811 1946 2867 dentiae
1972 2806 2365 2879 disponendum
2404 2806 2812 2874 curandumque
2841 2802 3334 2859 connnittercmus:

1749 2903 1892 2976 quod
1922 2917 2045 2967 nos,
2074 2902 2164 2971 qui
2194 2914 2294 2970 pro
2318 2897 2615 2956 commisso
2658 2886 2834 2952 Micio
2886 2893 3044 2950 saluti
3094 2893 3336 2949 omnium

1748 2994 2034 3067 providere
2063 2989 2649 3057 debemus,clemcnter
2677 2986 2983 3042 annuimus.
3012 2982 3182 3039 Tuam
3209 2998 3339 3052 ergo
3410 3058 3431 3069 -

1752 3090 2147 3146 fraternitatem
2158 3084 2367 3141 auctori
2376 3092 2483 3139 tate
2496 3079 2851 3155 praesentium
2873 3079 3175 3134 litterarum
3192 3090 3341 3132 COllt-

52 3193 203 3243 natos
248 3187 563 3242 litterarum
611 3195 827 3241 tuarum
876 3174 1270 3258 signiﬁcatione
1309 3188 1645 3253 monstrasti,
1673 3216 1724 3281 ο
1753 3193 2057 3246 monemus,
2084 3185 2146 3233 ut
2187 3173 2576 3232 monasterium
2620 3172 2794 3241 ipsum
2839 3169 3041 3281 inrtua
3080 3168 3340 3281 IdcincCps

35 3295 164 3334 eum
203 3279 482 3351 graduum
539 3294 761 3335 suorum
816 3279 1021 3334 honore
1072 3279 1316 3349 recipere
1360 3278 1642 3350 religionis

44 3378 143 3423 tute
192 3368 491 3438 prudentia
541 3368 761 3439 poterit,
812 3369 855 3423 si
925 3384 1020 3425 eos
1089 3369 1225 3424 alias
1272 3370 1535 3426 canonice
1586 3380 1639 3427 ct

42 3459 158 3514 sine
190 3459 471 3531 gravitate
497 3459 677 3531 aliqua
717 3460 998 3515 ordinatos
1028 3460 1356 3526 constiterit,
1392 3462 1434 3517 si
1467 3469 1641 3517 tamen

43 3564 229 3604 eorum
291 3549 456 3605 vitam
490 3548 824 3621 probabilem
877 3547 930 3603 id
974 3547 1323 3621 indulgentia:
1352 3564 1646 3620 prospexe-

44 3639 119 3696 ris
147 3639 487 3709 promereri.
518 3639 772 3710 Legimus
795 3639 993 3709 quippe
1014 3648 1260 3696 sanctum
1283 3637 1644 3711 Epiphaniam

36 3728 362 3798 episcopum
407 3743 473 3783 ex
512 3727 737 3783 ὀίωοθεί
775 3728 947 3784 sancti
988 3726 1220 3785 Joannis
1270 3728 1643 3800 Chrysostomi

41 3818 316 3885 quosdam
346 3818 575 3873 clericos
614 3813 917 3885 ordinasSe,
978 3821 1121 3890 quod
1159 3827 1384 3875 sanctus
1416 3820 1501 3875 vir
1521 3837 1642 3877 om-

44 3909 172 3964 nino
200 3924 319 3965 non
366 3908 607 3974 fecisset,
640 3909 685 3964 si
713 3909 793 3966 eis
818 3908 1201 3965 detrimentum
1230 3910 1371 3966 ferre
1414 3924 1645 3983 perpen-

44 4001 232 4057 disset.
269 4004 420 4068 Quos
444 4001 612 4071 igitur
641 4001 976 4071 recipiendos
1028 4002 1332 4058 moderatio
1360 4012 1452 4058 tua
1502 4006 1647 4059 arbi-

44 4104 189 4150 trata
245 4095 440 4162 fuerit,
490 4095 729 4166 iniuncta
761 4094 1153 4151 satisfactionis
1204 4095 1378 4166 gratia
1430 4104 1646 4167 prapter

46 4186 356 4243 Ecclesiam
417 4202 580 4257 quam
635 4184 980 4243 offenderunt
1032 4201 1270 4257 congrua
1331 4186 1646 4257 paznitentia

48 4278 421 4335 miserationis
443 4279 639 4334 intuitu
666 4278 719 4332 in
748 4292 847 4333 suo
874 4293 1142 4349 quemque
1161 4278 1366 4334 honore
1397 4277 1646 4349 recipias,

40 4371 189 4425 salva
220 4373 285 4426 in
318 4370 570 4427 omnibus
595 4379 910 4427 sanctorum
939 4384 1209 4425 canonum
1234 4369 1539 4438 disciplina.

758 4505 977 4563 CCLVI.

43 4597 256 4657 Urbani
289 4600 351 4655 11
377 4600 595 4671 epistola
619 4601 687 4654 ad
721 4599 1166 4660 E‘breduuensem,
1205 4598 1577 4671 Vapincenseut
1604 4611 1650 4653 et

114 4672 371 4727 Diemem
409 4670 1089 4741 episcopos.—Antequant
1136 4670 1555 4741 reconcilientur,
1586 4672 1654 4738 ﬁ-

115 4744 389 4797 delitatem
416 4740 883 4797 eacontnmnicatis
909 4740 1084 4794 nullus
1115 4756 1324 4795 servare
1344 4740 1567 4812 cogitur.

354 4827 839 4902 (Fragm.-—lntra
890 4844 979 4884 an.
1027 4827 1377 4900 1088-1099.)

234 4920 576 4996 νίϐιιΑτιΑΝη
605 4921 844 4987 Decret.,
877 4918 937 4975 C.
971 4936 1059 4983 xv,
1098 4936 1192 4992 qu.
1234 4919 1286 4985 6,
1319 4935 1367 4975 c.
1396 4918 1479 4993 5.]

117 5014 347 5074 Juratos
388 5016 588 5072 milites
625 5015 836 5086 llugoni
882 5015 1110 5083 comiti,
1156 5031 1223 5071 ne
1254 5014 1377 5087 ipsi,
1418 5016 1655 5086 quandin

56 5110 564 5166 excommunicatus
594 5117 697 5174 est,
728 5105 987 5173 serviant,
1025 5109 1339 5180 prohibeto.
1372 5106 1471 5176 Qui
1502 5107 1547 5162 si
1573 5123 1659 5162 sa-

56 5208 341 5255 cramenta
365 5199 773 5270 praetenderit",
803 5209 1125 5255 moneantur
1143 5207 1394 5270 oportere
1413 5198 1519 5253 Deo
1542 5212 1657 5253 ma-

51 5291 136 5359 gis
159 5292 373 5346 servire
395 5306 552 5361 qnam
582 5290 914 5346 hominibus.
944 5289 1286 5344 Fidelitatem
1313 5290 1457 5344 enim
1487 5305 1649 5360 quam

51 5380 373 5436 Christiano
411 5380 643 5453 principi
690 5381 968 5451 iurarunt,
1021 5379 1130 5434 Deo
1186 5378 1409 5449 ejusque
1451 5380 1655 5434 sanctis

52 5472 392 5538 adversanti,
436 5481 492 5527 et
527 5487 714 5528 eorum
740 5480 1010 5541 praecepta
1040 5470 1291 5535 calcanti,
1338 5469 1481 5523 nulla
1505 5470 1654 5523 cohi-

55 5561 261 5615 bentur
286 5562 611 5618 auctoritate
631 5560 962 5632 persolvere.
1410 5552 1413 5555 λ

129 5714 255 5785 (50)
300 5714 430 5784 Quae
484 5715 636 5786 prius
692 5715 1080 5771 Cluniacenses
1136 5715 1203 5770 ad
1254 5712 1651 5786 informandum

59 5784 341 5842 Sithiense
364 5787 421 5843 S.
466 5784 665 5844 Bertini
695 5788 1080 5843 monasterium
1124 5786 1487 5841 advocaverat
1524 5784 1650 5839 Cle-

58 5857 294 5922 mentia,
342 5859 528 5913 eadem
580 5873 722 5911 anno
765 5857 903 5910 illa
940 5867 997 5912 nt
1036 5858 1158 5913 inde
1196 5857 1523 5927 ejicerentur
1575 5855 1649 5910 illi

398 5952 666 6013 Parnm.
714 5948 841 6010 CLI

1750 3270 2060 3344 provisione
2085 3268 2372 3339 suscipias,
2410 3266 2793 3334 abbatemque,
2826 3261 2872 3317 si
2902 3259 3201 3332 disciplina
3223 3271 3338 3311 mo-

1744 3361 2373 3421 nasticaainconveniens
2405 3356 2587 3423 fuerit,
2618 3368 2872 3409 amovere
2920 3350 3148 3405 Iacultas
3189 3348 3341 3401 vobis

1745 3458 1912 3513 libera
1949 3455 2312 3525 permittatur,
2355 3449 2507 3505 salvo
2539 3447 2757 3519 quidem
2783 3443 3072 3500 ditecesani
3099 3442 3337 3512 episcopi

1739 3547 1882 3617 jure,
1926 3546 2132 3602 scilicet
2153 3553 2211 3598 ut
2244 3541 2397 3596 vobis
2426 3540 2479 3594 in
2508 3534 2822 3594 monasterii
2875 3536 3212 3590 correctione
3236 3533 3337 3586 ob-

1748 3641 1891 3694 viare
1921 3652 2027 3692 non
2063 3635 2257 3688 valeat.

2427 3718 2649 3777 CCLIX.

1747 3820 2105 3891 Privilegium_
2151 3813 2453 3891 ([rbauiil
2492 3812 2952 3891 paptzz_ﬂagittero
3004 3809 3180 3864 abbati
3224 3824 3339 3861 mo-

1821 3885 2037 3947 nasterii
2067 3889 2129 3945 S.
2154 3886 2300 3942 Petri
2324 3885 2699 3955 Crispinieusis
2743 3885 2922 3937 Ronnv
2947 3895 3268 3936 concessum.

2194 3978 2361 4051 (Intra
2394 3994 2481 4032 an.
2514 3974 2869 4046 4088-1099..)

1892 4072 2056 4150 [GalL
2078 4071 2302 4137 Christ.,
2359 4079 2489 4124 tom.
2533 4066 2620 4132 Ill,
2659 4067 2941 4130 lustrum,
2974 4080 3027 4135 p.
3050 4063 3168 4136 26.]

1825 4166 2075 4223 [insanus
2100 4162 2402 4233 episcopus,
2436 4172 2626 4213 servus
2651 4170 2931 4211 servorum
2962 4153 3087 4216 :Dei,
3124 4153 3338 4207 charis-

1752 4262 1889 4317 simo
1902 4259 2012 4314 lilio
2021 4255 2407 4312 snolhemeao
2417 4292 2431 4318 ,
2445 4249 2622 4305 abbati
2637 4247 2949 4303 monasterii
2971 4245 3154 4301 Sancti
3166 4244 3313 4300 Petri
3324 4286 3339 4309 ,

1753 4353 1896 4425 quod
1931 4360 2026 4408 est
2072 4349 2234 4405 situm
2293 4346 2347 4402 in
2404 4343 2530 4398 villa
2565 4357 2685 4414 qua;
2743 4350 2966 4397 vocatur
3004 4338 3340 4411 Crispiniunt

1754 4461 1918 4518 super
1936 4444 2163 4498 vlluvium
2186 4440 2326 4507 Ilon,
2357 4439 2408 4493 in
2438 4452 2576 4509 pago
2606 4435 2837 4491 Hainau.

1678 4570 1732 4635 θ
1824 4516 1956 4596 ταῖς
1983 4538 2166 4610 igitur,
2193 4534 2543 4590 dilectissime
2572 4532 2623 4587 in
2655 4530 2875 4587 Christo
2921 4527 3017 4596 Illi,
3066 4527 3227 4635 {ustis
3248 4516 3349 4598 po-i

1758 4631 2140 4692 stulationibus
2169 4635 2469 4684 annuentes
2503 4630 2608 4696 .p'cr
2633 4622 2914 4695 praesentis
2944 4620 3205 4691 privilegii
3234 4635 3339 4689 pa-

1758 4728 1940 4798 ginam
1974 4722 2122 4779 Beati
2150 4719 2294 4776 Petri
2324 4715 2807 4782 monasteriitm,-in
2839 4729 2948 4785 quo
2971 4712 3158 4768 beatus
3182 4711 3343 4767 Chri-

1759 4819 1827 4875 sti
1849 4815 2127 4873 confessor
2156 4809 2485 4866 Landelinus
2513 4807 2761 4894 quiescit,
2786 4806 2949 4860 situm
2978 4804 3038 4858 in
3080 4802 3200 4858 villa
3225 4819 3345 4873 qua:

1759 4912 1955 4967 dicitur
1978 4906 2328 4978 Crispinium,
2356 4917 2517 4974 super
2541 4901 2760 4955 ﬂuvium
2794 4898 2933 4965 llon,
2963 4898 3016 4952 in
3038 4912 3184 4968 pago
3206 4895 3340 4951 ﬂai-

1759 5020 1885 5069 nau,
1907 5001 2203 5073 regendum
2226 5012 2294 5053 ac
2314 4994 2704 5065 disponendum
2732 4991 2827 5047 tibi
2855 4990 3065 5060 tuisque
3089 4989 3343 5059 legitimis

1757 5094 2164 5153 successoribus
2215 5089 2623 5148 conﬁrmamus.
2667 5086 3015 5156 Adjacentem
3045 5084 3214 5145 etiam
3240 5084 3344 5138 vil-

1756 5189 1863 5244 lam
1900 5184 2407 5259 supranominatam
2435 5196 2465 5236 a
2505 5179 2654 5234 Novo
2692 5176 3066 5231 Fmsatozcum
3089 5176 3342 5231 omnibus

1756 5279 2189 5354 possessionibus
2221 5276 2334 5333 suis
2357 5275 2411 5330 in
2443 5271 2632 5344 pratis,
2668 5271 2723 5325 in
2765 5267 2909 5340 agris
2934 5266 3097 5322 cultis
3125 5276 3219 5320 ant
3256 5266 3341 5319 in-

1758 5375 1945 5441 cultis,
1994 5373 2051 5428 in
2090 5371 2247 5441 aquis
2297 5378 2631 5438 aquarnmve
2674 5362 3105 5428 decursibus,et
3142 5359 3340 5414 silvam

1755 5481 1874 5538 quae
1893 5463 2156 5535 Ambligis
2181 5461 2399 5525 dicitur,
2434 5457 2574 5514 sicut
2596 5472 2625 5511 a
2646 5455 2809 5511 tbonre
2848 5451 3123 5509 memoria:
3136 5449 3344 5505 comite

1755 5557 2016 5614 Balduino
2057 5562 2112 5612 ct
2159 5563 2334 5609 matre
2382 5552 2500 5623 ejus
2546 5548 2791 5605 Itichildc
2824 5547 2994 5603 beato
3038 5542 3341 5599 Lantlelino

1754 5722 1895 5777 vires
1916 5728 1979 5776 et
2008 5718 2249 5788 animum
2285 5713 2561 5788 applicuit.
2584 5711 2667 5788 ne
2699 5725 2810 5788 quo
2836 5702 3341 5788 legendtntlsnlpcrlus

1754 5775 1893 5865 apud
1920 5775 2261 5854 Martenium,
2296 5775 2426 5843 toin.
2470 5786 2535 5842 Ill
2568 5775 2852 5843 Anecitot.,
2885 5775 2988 5834 col.
3030 5775 3153 5829 608.

2792 5936 2861 5995 17
