3888 6322
593 319 702 375 525

1946 321 2003 376 Β.
2038 322 2192 377 CRB;

2277 324 2290 378 l
2333 322 2373 378 n
2412 322 2631 377 eam:
3668 346 3728 404 ω

606 435 839 499 reddita,
876 440 932 487 et
976 448 1003 486 a
1043 433 1333 488 venerabili
1366 433 1483 489 viro
1536 434 1778 490 Gerardo
1831 435 2190 513 Cameracen-
2218 444 2265 498 Α
2295 438 2540 494 minuere
2585 439 2669 494 vel
2699 441 3007 496 temerariis
3052 444 3415 501 vexationibus
3458 448 3641 522 fatigare,
3674 468 3729 513 mi

600 529 744 585 siam
810 527 1066 597 episcopo
1136 527 1455 581 conﬁrmata
1519 536 1674 593 sunt,
1757 529 1970 596 integra
2033 545 2193 599 pror-

591 636 687 677 sus
740 628 797 677 et
846 619 992 676 omni
1049 619 1332 675 exactione
1380 619 1553 675 libera
1615 619 1840 690 praefato
1898 620 2048 675 Beati
2090 620 2185 676 Pe-

591 711 662 768 tri
710 710 1040 767 monasterio
1089 710 1145 764 in
1200 719 1519 783 perpetuum
1575 712 1898 782 possidenda
1965 714 2185 768 manere

590 786 951 857 decernimus.
995 799 1264 856 Prreterea
1306 802 1595 870 apostolica
1644 801 1964 857 auctoritate
2002 802 2189 858 statui-

582 908 712 949 mus
739 901 798 946 ut
837 908 1171 962 qumcunque
1210 893 1368 948 hodie
1425 894 1563 949 idem
1609 896 1995 950 monasterium
2044 894 2188 963 jnste

579 985 853 1057 possidet,
881 988 997 1042 sive
1029 988 1080 1041 in
1120 970 1419 1043 crastinum
1463 989 1814 1043 concessione
1844 988 2182 1058 pontificum,

586 1078 880 1149 largitione
932 1079 1237 1150 principum
1296 1078 1381 1133 vel
1438 1079 1711 1133 oblatione
1764 1080 1999 1134 ﬁdelium
2039 1078 2188 1146 juste

592 1182 755 1245 atque
791 1173 1050 1228 canonice
1095 1174 1293 1244 poterit
1336 1172 1584 1242 adipisci,
1624 1173 1777 1227 ﬁrma
1835 1174 1929 1227 tibi
1974 1173 2188 1242 tuisque

593 1265 1003 1320 successoribus
1056 1265 1259 1321 illibata
1316 1274 1697 1335 permaneant,
1733 1265 1883 1321 salva
1934 1264 2189 1319 Camera-

593 1355 771 1410 censis
796 1354 1033 1424 episcopi
1057 1356 1317 1410 canoniea
1350 1357 1672 1412 reverentia.
1691 1356 2040 1411 Decernimus
2057 1370 2188 1426 ergo

592 1459 663 1499 ne
694 1444 785 1499 ulli
820 1446 1041 1501 omnino
1096 1446 1372 1501 hominum
1423 1447 1583 1503 liceat
1614 1448 1752 1503 idem
1797 1446 2188 1502 monasterium

593 1547 797 1592 temere
827 1539 1167 1607 perturbare,
1193 1526 1287 1593 aut
1316 1540 1366 1593 ci
1417 1539 1664 1595 subditas
1695 1540 2068 1610 possessiones
2095 1554 2191 1594 au-

592 1627 760 1694 ferre,
793 1628 1058 1695 minuere,
1087 1630 1173 1684 vel
1199 1632 1503 1686 temerariis
1531 1622 1909 1687 vexationibus
1937 1633 2186 1703 fatigare,

592 1721 690 1775 sed
705 1722 927 1777 camino
957 1723 1163 1793 integra
1191 1734 1579 1779 conserventur
1609 1730 1796 1780 eOrum
1844 1741 1939 1795 pro
1961 1739 2187 1795 quorum

2289 531 2471 585 omnia
2522 532 2727 603 integra
2778 544 3193 599 conserventur,
3240 552 3415 592 eorum
3460 557 3541 612 pro
3586 562 3731 615 quorum

2290 626 2683 681 sustentatione
2714 642 2777 681 ac
2811 629 3203 697 gubernatione
3238 646 3472 688 concessa
3505 649 3601 691 sunt
3621 645 3735 697 asilus
3824 622 3825 679 ἕ

2289 716 2621 773 omnimodis
2689 719 2997 789 profutura,
3076 722 3226 778 salvo
3276 725 3465 781 scilicet
3528 728 3735 790 Parisinus

2290 807 2549 862 Ecclesia:
2572 808 2698 877 jure
2725 812 3011 879 canonico,
3046 813 3118 867 ita
3149 823 3329 868 tamen
3360 820 3483 885 quod
3506 836 3635 889 neque
3651 824 3737 891 ejus-

2289 898 2412 952 dem
2442 900 2695 956 Ecclesiae
2742 904 3019 975 episcopo,
3064 920 3239 975 neque
3292 908 3615 967 archidiacono
3645 916 3737 970 licet

2293 997 3203 1056 temeraria:'excommunicationis
3243 1002 3327 1056 vel
3376 1006 3739 1061 exsecutionism
3824 1010 3825 1021 ‘

2290 1089 2700 1143 consuetudinis
2731 1106 3024 1161 gravamen
3064 1092 3285 1163 aliquod
3330 1094 3551 1150 fratribus
3577 1098 3738 1169 irrogari.

2291 1177 2536 1235 Obeunte
2567 1191 2618 1235 te
2650 1198 2795 1237 nttnc
2836 1182 3078 1251 ejusdem
3127 1186 3229 1241 loci
3283 1188 3482 1253 abbate,
3525 1190 3590 1243 vel
3611 1201 3738 1245 unum

2291 1270 2533 1340 quolibet
2585 1287 2981 1338 successorum,
3027 1277 3207 1332 nullus
3257 1278 3601 1348 ibiqnibusvis
3632 1285 3744 1337 Sttltrr-

2289 1362 2565 1432 ptionibus
2629 1366 2829 1421 astutia
2906 1368 2991 1421 vel
3044 1370 3300 1424 violentia
3358 1370 3654 1441 praeponatur,
3684 1378 3739 1427 tusi

2291 1467 2450 1522 quem
2480 1451 2676 1511 fratres
2708 1457 2981 1511 communi
3035 1473 3327 1519 consensu.
3375 1462 3450 1513 vel
3479 1460 3649 1514 fratrum
3672 1480 3741 1532 pars

2292 1547 2499 1602 consilii
2529 1548 2782 1614 sanioris,
2812 1564 2906 1604 seu
2936 1553 3236 1607 secundum
3268 1553 3359 1606 Dei
3379 1554 3741 1608 timoremetbeati

2291 1634 2567 1692 Benedicti
2628 1639 2869 1710 regulam
2922 1640 3207 1712 elegerint.
3244 1642 3455 1698 Electus
3479 1658 3595 1707 vero,
3616 1660 3634 1694 τι
3660 1644 3741 1696 Pari-

2293 1727 2456 1783 siensi
2486 1729 2741 1800 episcopo
2771 1741 3143 1786 consecretur.
3171 1733 3255 1786 Ad
3277 1733 3518 1802 judicium
3533 1744 3661 1786 autem
3677 1751 3741 1801 per-

594 1814 984 1869 sustentatione
1012 1830 1076 1869 ac
1104 1814 1495 1886 gubernatione
1538 1831 1800 1871 concessa
1839 1824 1965 1871 sunt
2000 1815 2186 1869 usibus
2219 1826 2264 1886 Β
2292 1829 2460 1889 cepta:
2511 1836 2541 1876 τι
2595 1822 2841 1877 Romana
2898 1823 3138 1878 Ecclesia
3175 1824 3443 1879 libertatis
3482 1826 3575 1877 auri
3616 1826 3743 1876 unum

578 1903 896 1972 profutura.
927 1904 1070 1960 Sane
1101 1906 1145 1961 si
1173 1906 1296 1976 quis
1332 1906 1386 1959 in
1414 1907 1714 1962 crastinum
1747 1906 2191 1978 archiepiSCOpus

578 2004 688 2050 «aut
715 1996 1019 2067 episcopus,
1053 1997 1346 2069 imperator
1375 2009 1468 2052 aut
1504 2013 1620 2064 rex,
1647 2000 1900 2069 princeps
1938 2009 2031 2053 aut
2060 2000 2189 2064 dux,

584 2104 776 2144 comes
814 2097 909 2143 aut
931 2080 1249 2157 vieecome's,
1289 2100 1380 2145 aut
1403 2091 1589 2161 judex,
1637 2100 1732 2145 aut
1760 2106 1988 2161 persona
2008 2092 2194 2163 qnzeli-

594 2179 685 2230 bet
724 2192 916 2248 magna
948 2177 1030 2231 vel
1084 2194 1273 2248 parva,
1319 2189 1511 2249 potens
1570 2180 1653 2235 vel
1694 2182 1986 2251 impotens,
2034 2180 2193 2250 hujus

587 2267 767 2322 [nostri
819 2266 1082 2336 privilegii
1118 2267 1369 2337 paginam
1416 2270 1595 2323 sciens
1634 2280 1820 2325 contra
1850 2287 1976 2327 eam
2008 2274 2193 2328 venire

597 2359 909 2424 tentaverit,
961 2360 1197 2413 secundo
1237 2360 1462 2415 tertiove
1500 2362 1831 2417 commonita
1890 2364 1934 2418 si
1971 2380 2075 2419 non
2107 2381 2195 2421 sa-

586 2450 911 2504 tisfactione
940 2465 1173 2519 congrua
1210 2451 1600 2517 emendaverit,
1643 2452 1896 2521 aChristi
1940 2454 2194 2511 Ecclesiae

590 2555 826 2609 corpore
848 2556 968 2594 cum
985 2540 1306 2598 auctoritate
1322 2544 1602 2611 potestatis
1620 2543 1926 2612 apostolica:
1940 2560 2191 2615 segrega-

590 2648 739 2688 mus.
760 2633 1218 2689 Couservantibus
1237 2645 1420 2688 autem
1442 2650 1545 2704 pax
1573 2635 1792 2690 aDeoet
1821 2637 2191 2693 misericordia

597 2727 957 2795 prtesentibus
1000 2741 1063 2782 ac
1096 2722 1299 2781 futuris
1354 2723 1577 2782 smculis
1601 2738 1969 2784 conservetur.
1996 2731 2189 2785 Amen.

1244 2862 1245 2867 η
1295 2819 1493 2878 CCLX.

586 2914 846 2975 Urbanus
868 2916 930 2989 ll
967 2935 983 2967 t
1005 2916 1291 2970 coenobium
1325 2911 1612 2989 Gencrense
1640 2918 1691 2971 in
1713 2916 2009 2973 (luasconia
2038 2920 2089 2972 in
2099 2920 2192 2989 jus

668 3000 715 3041 et
741 2988 1109 3058 praprietatem
1138 2988 1438 3055 apostolica:
1461 2990 1608 3059 sedis
1638 2989 1814 3056 recipit
1843 3000 1889 3042 et
1924 2988 2191 3059 privilegio

669 3057 958 3112 communit
988 3061 1081 3110 sub
1119 3073 1295 3111 animo
1346 3072 1503 3111 censu
1532 3057 1592 3110 ll
1625 3061 1903 3113 unciarum
1925 3057 2070 3114 'aurt'.
2099 3057 2116 3111 ό

1098 3150 1264 3221 (intra
1314 3166 1403 3205 an.
1446 3151 1797 3221 1088-1099.)

658 3242 868 3317 {Gentii
896 3242 1193 3317 Camerarii
1223 3243 1693 3317 Libereensualis,
1724 3244 1867 3317 apud
1902 3243 2190 3301 MUBATOBI

1064 3316 1237 3385 Antiq.
1284 3313 1439 3380 llal.,
1481 3315 1543 3381 V,
1593 3313 1744 3386 885.]

1288 3406 1514 3464 CCLXl.

590 3500 805 3558 Urbani
824 3500 889 3557 ll
909 3519 1060 3573 papa:
1108 3501 1459 3584 privilegium.
1483 3517 1578 3571 pro
1608 3502 1928 3556 monasterio
1958 3464 2195 3555 Latinia-

1320 3590 1481 3626 CBNSI.

918 3732 921 3737 ί
1054 3662 1220 3733 (Intra
1255 3677 1345 3715 an.
1382 3661 1735 3731 10881099.)

673 3752 976 3826 [Mannum
1015 3762 1070 3806 et
1109 3752 1383 3817 Romam,
1420 3751 1583 3806 Ouvr.
1614 3754 1816 3818 postlt.,
1854 3754 1941 3819 lll,
1972 3752 2122 3823 401.}

681 3845 933 3901 URBANUS
957 3844 1263 3913 episcopus,
1299 3858 1488 3898 servus
1521 3858 1805 3899 servorum
1849 3846 1970 3910 Dei,
1995 3847 2197 3902 dileuo

610 3937 722 3992 ﬁlio
754 3937 1046 3990 Anuuwno
1069 3933 1436 3989 Latiniacensi
1461 3935 1638 3989 abbati
1661 3936 1884 4005 ejusque
1914 3952 2197 3995 successo-

594 4030 758 4086 ribus
789 4026 1109 4099 regulariter
1140 4026 1523 4096 promovendis
1549 4026 1601 4081 in
1636 4038 1982 4097 perpetuum.
2024 4054 2029 4067 ι

679 4122 790 4177 Pize
811 4118 1105 4192 postulatio
1128 4116 1425 4173 voluntatis
1437 4116 1630 4172 effectu
1655 4118 1815 4174 debet
1838 4130 2198 4190 prosequente

592 4211 887 4278 compleri,
924 4219 1195 4280 quatenus
1219 4218 1275 4263 et
1299 4209 1605 4265 devotionis
1635 4211 1928 4267 sinceritas
1952 4211 2198 4269 laudabi-

591 4304 732 4359 liter
756 4302 1050 4369 elucescat,
1081 4310 1135 4358 et
1164 4300 1372 4357 utilitas
1402 4301 1673 4371 postulata
1705 4302 1849 4359 vires
1884 4303 2198 4361 indubitan-

605 4404 693 4448 ter
723 4399 991 4447 assumat.
1015 4392 1152 4459 Quia
1181 4392 1345 4463 igitur
1368 4392 1566 4469 electio
1589 4402 1677 4449 tua
1717 4396 1785 4450 ad
1807 4396 1953 4452 sedis
1978 4406 2196 4468 aposto-

595 4485 727 4540 lica:
780 4491 1000 4553 portum
1052 4483 1389 4555 confugiens,
1432 4483 1881 4555 ejustuitionem
1912 4489 2197 4544 devotione

605 4576 791 4633 debita
844 4575 1147 4645 requisivit,
1205 4591 1305 4631 nos
1342 4576 1724 4646 supplicationi
1767 4578 2065 4655 clementer
2092 4596 2192 4634 an-

593 4670 846 4735 .nuimus,
876 4676 935 4723 et.
976 4668 1121 4724 beati
1158 4667 1309 4723 Petri
1359 4667 2190 4739 Latiniacensemonasterium,

595 4762 693 4818 cui
746 4762 857 4817 Deo
916 4770 1140 4815 auctore
1192 4759 1468 4829 praesides,
1513 4768 1569 4815 et
1620 4770 1730 4815 tam
1781 4761 1833 4816 ei
1854 4763 2192 4833 adjacenlem

604 4855 789 4911 villam
814 4869 979 4925 quam
1002 4863 1199 4908 eaztera
1228 4853 1409 4907 omnia
1437 4853 1505 4908 ad
1537 4854 1709 4924 ipsum
1737 4855 2064 4923 pertinentia
2093 4859 2193 4913 sub

607 4949 831 5004 tutelam
862 4944 1176 5018 apostolica:
1224 4945 1370 5001 sedis
1404 4946 1725 5015 excipimus.
1773 4948 1876 5002 Per
1906 4951 2194 5019 praesentis

606 5058 736 5113 ergo
765 5041 1031 5113 privilegii
1051 5040 1305 5111 paginam
1332 5038 1628 5111 apostolica
1658 5042 1979 5099 auctoritate
2006 5044 2196 5098 statui-

606 5149 731 5190 mus
751 5146 809 5190 ut
834 5145 944 5189 tam
972 5133 1200 5205 praefata
1244 5132 1639 5188 Latiuiaeensis
1660 5132 1783 5187 villa
1805 5149 1971 5204 quam
2001 5146 2195 5191 caetera

599 5224 792 5280 omnia
835 5240 959 5295 qua
1001 5234 1245 5280 vestrum
1287 5224 1450 5280 hodie
1498 5224 1887 5281 monasterium
1932 5226 2193 5297 possidet,

608 5319 725 5375 sive
747 5318 800 5372 in
829 5316 1070 5372 futurum
1098 5316 1451 5374 concessione
1495 5317 1841 5388 pontificum,
1875 5318 2197 5374 liberalitate

608 5411 917 5484 principum
932 5409 1018 5466 vel
1036 5411 1309 5467 oblatione
1329 5411 1564 5466 ﬁdelium
1582 5411 1729 5483 justo
1753 5420 1915 5483 atque
1938 5413 2198 5487 canonice

609 5502 813 5572 poterit
850 5500 1099 5572 adipisci,
1128 5501 1283 5556 ﬁrma
1314 5500 1409 5555 tibi
1446 5501 1660 5576 tuisque
1682 5501 2110 5580 successoribus,
2142 5510 2197 5557 et

610 5595 816 5652 illibata
840 5603 1215 5665 permaneant.
1243 5594 1597 5649 Decernimus
1611 5608 1739 5666 ergo
1756 5594 1955 5649 utnulli
1973 5580 2195 5650 omnino

613 5685 897 5742 hominum
925 5679 1086 5741 liceat
1134 5683 1385 5740 eumdem
1432 5682 1610 5739 locum
1638 5692 1840 5740 temere
1875 5684 2197 5756 perturbare

612 5790 705 5837 aut
733 5780 846 5839 eius
878 5779 1254 5838 possessiones
1302 5775 1514 5833 auferre
1552 5777 1641 5831 vel
1683 5777 1887 5834 ablatas
1934 5778 2192 5835 retinere.

2230 4541 2273 4594 D

2293 1915 2585 1983 quotannis
2606 1913 2962 1970 Lateranensi
2990 1915 3193 1985 palatio
3210 1915 3524 1986 persolvetis.
3547 1915 3741 1985 Vosigitai,

2294 2006 2365 2060 ﬁli
2400 2010 2455 2061 in
2508 2007 2726 2062 Christo
2769 2007 2973 2072 dilecti,
3029 2008 3125 2062 Dei
3160 2009 3407 2063 timorem
3443 2018 3491 2062 et
3514 2022 3686 2061 amorem
3716 2008 3742 2057 in

2292 2098 2546 2154 cordibus
2576 2099 2777 2155 habere
2825 2100 3077 2170 satagite,
3114 2110 3175 2155 ut
3223 2109 3422 2170 quanto
3452 2116 3479 2153 a
3518 2098 3742 2153 multum

2296 2190 2613 2246 tumultibus
2657 2191 2938 2246 liberiores
2990 2193 3143 2255 estis,
3206 2201 3358 2246 tanto
3399 2189 3593 2259 amplius
3618 2189 3742 2256 placat

2295 2282 2404 2338 Deo
2467 2284 2633 2338 totius
2689 2283 2887 2339 mentis
2939 2293 2994 2339 et
3023 2285 3223 2339 anima:
3269 2284 3538 2342 virtutibus
3567 2280 3739 2335 anhelelis

2294 2373 2437 2429 Sane
2465 2376 2509 2430 si
2532 2377 2655 2446 quis
2683 2378 2736 2431 in
2761 2375 3060 2431 crastinum
3090 2377 3518 2447 archiepiscopus
3538 2383 3608 2426 aut
3623 2373 3741 2440 apisci

2292 2483 2415 2538 pus,
2447 2469 2743 2540 imperator
2762 2477 2857 2523 aut
2898 2484 3013 2534 rex,
3040 2480 3134 2522 aut
3158 2469 3295 2535 dux,
3326 2482 3512 2531 comes,
3538 2466 3740 2518 vitecums.

2285 2562 2474 2632 judex,
2498 2572 2589 2617 aut
2605 2562 2972 2618 ecclesiastica
2986 2562 3243 2632 qurelibet
3258 2562 3568 2617 sarcularisve
3589 2571 3741 2627 person

2295 2658 2435 2712 hanc
2489 2667 2690 2713 nostra:
2735 2644 3382 2732 auctoritatispagiuam
3434 2655 3597 2716 sciens,
3633 2659 3737 2703 contr.»

2292 2763 2412 2802 eam
2441 2757 2645 2803 temere
2664 2748 2850 2802 venire
2873 2747 3183 2812 tentaverit,
3204 2745 3446 2802 secundo
3466 2744 3642 2798 tertiove
3661 2754 3741 2792 ron:-

2296 2840 2562 2905 monitus,
2588 2839 2631 2895 si
2657 2855 2762 2893 non
2798 2836 3173 2893 satisfactione
3222 2851 3453 2907 congrua
3486 2828 3739 2888 emendarem.

2293 2932 2582 3002 potestatis
2613 2931 2944 3000 honorisque
2980 2931 3059 2984 sui
3094 2929 3362 3000 dignitate
3395 2930 3739 2985 careat,reunntr

2296 3038 2353 3078 se
2368 3004 2565 3079 'divino
2583 3022 2793 3091 judicio
2819 3023 2885 3077 de
2915 3029 3233 3092 perpetrata
3270 3018 3531 3088 iniquitale
3548 3015 3739 3082 cognorat.

2295 3127 2348 3171 et
2377 3133 2405 3170 a
2430 3116 2801 3173 sacratissimo
2825 3129 3053 3184 corpore
3082 3129 3145 3167 ac
3172 3112 3433 3182 sanguine
3463 3108 3541 3161 Dei
3560 3113 3601 3157 et
3620 3098 3739 3153 uouit

2218 3184 2263 3246 (ἶ
2298 3208 2677 3279 Redemptoris
2706 3207 2875 3262 nostri
2908 3205 3035 3261 .lesu
3067 3204 3274 3259 Christi
3324 3204 3512 3257 alienus
3537 3199 3621 3259 fiat,
3652 3200 3740 3257 atqu'

2299 3300 2353 3355 in
2414 3308 2659 3354 extremo
2708 3298 2959 3354 examine
2992 3298 3269 3373 districta:
3335 3294 3504 3349 ultioni
3556 3286 3736 3360 subitus!-

2297 3394 2520 3450 Cunctis
2542 3404 2724 3449 autem
2754 3392 2928 3448 eidem
2973 3390 3090 3447 loco
3118 3391 3269 3467 justa
3308 3385 3605 3466 servantibus
3625 3378 3668 3432 sit
3684 3388 3737 3444 tm

2297 3485 2510 3541 Domini
2553 3484 2721 3541 nostri
2750 3484 2876 3539 .lesu
2909 3483 3134 3551 Christi,
3159 3492 3428 3552 quatenus
3446 3485 3492 3532 et
3509 3475 3578 3527 hic
3602 3470 3736 3523 fructum

2296 3578 2451 3631 bona:
2479 3576 2715 3632 actionis
2738 3575 3041 3647 percipiant
3060 3583 3114 3628 et
3138 3575 3283 3643 apud
3307 3569 3577 3627 districnuu
3597 3561 3737 3617 iudico“

2292 3670 2516 3742 praemia
2548 3680 2762 3725 (uernae
2791 3668 2944 3741 pacis
2970 3668 3268 3736 inveniant.
3305 3668 3482 3721 Amen.

2986 3758 3233 3814 CCLXII.

2299 3854 2501 3909 Urbani
2563 3853 2626 3908 ΙΙ
2673 3852 2894 3925 ερὶδιρζη
2966 3853 3035 3907 ad
3093 3851 3393 3925 [ἔωθεν-ἔμω
3452 3843 3736 3925 Satanam?

2373 3916 2785 3995 episcopum.'—
2816 3923 2883 3978 Ut
2929 3925 2981 3977 in
3012 3916 3346 3994 paroclit'anis
3373 3916 3568 3975 ccclesiis
3597 3916 3736 3963 canon!

2280 4011 2284 4015 ‘
2369 3995 2634 4065 regulares
2675 3997 3009 4049 ordinentur.

2771 4087 2937 4159 (Intra
2961 4102 3049 4142 an.
3080 4083 3425 4151 1088-1099.)
3480 4116 3481 4119 η

2725 4179 2945 4251 [Missa
2974 4177 3164 4231 concil.
3196 4176 3318 4239 XX,
3351 4171 3483 4243 677.]
3576 4259 3613 4263 η
3664 4252 3673 4263 ,

2416 4272 2672 4328 Unaaa'us
2703 4288 2839 4343 papa
2874 4273 3152 4327 Roroeato
3180 4264 3531 4325 Suessionensi
3550 4259 3687 4314 abba”.

2378 4368 2547 4444 Justis
2570 4388 2711 4442 votis
2743 4401 3020 4441 assensum
3064 4386 3326 4456 praebere,
3352 4380 3581 4451 justisque
3600 4362 3738 4459 pontii:

2302 4481 2539 4537 tionibus
2569 4494 2728 4534 aures
2752 4476 3167 4533 accommodare
3192 4490 3293 4529 nos
3314 4468 3551 4529 convenit,
3575 4459 3653 4529 qui.
3673 4452 3739 4503 ίείθί

2302 4575 2526 4644 indigni,
2564 4571 2793 4641 justitia:
2815 4568 3067 4624 custodes
3089 4576 3253 4636 atque
3280 4573 3531 4636 prtecones
3554 4541 3734 4644 illum?

2301 4640 2668 4732 apostolorum
2698 4659 3002 4730 principum
3030 4657 3175 4711 Pclri
3216 4664 3271 4710 el
3296 4652 3435 4708 Pauli
3466 4641 3629 4735 5pc?!"
3824 4658 3825 4669 ‘

2302 4730 2899 4821 Domino'tlispmiente
2956 4749 3207 4803 videmur
3260 4746 3495 4801 existere.
3551 4731 3602 4788 υι
3646 4730 3735 4817 igitur

2301 4847 2561 4920 propositi
2609 4845 2771 4900 vestri
2804 4844 3050 4898 ordinem
3086 4840 3378 4897 secundum
3407 4830 3525 4889 beati

2300 4905 2537 5011 regulam
2586 4937 2861 4994 commissi
2923 4935 3016 4990 tibi
3076 4933 3274 4989 fratres
3319 4920 3565 5015 tranquill.t3

2298 4994 2505 5103 absque
2575 5029 2953 5085 saecularium‘
2998 5026 3323 5080 tumultuum
3384 4994 3732 5103 perturbatiutl'llttb

2301 5089 2574 5177 annuente
2607 5120 2836 5176 Domino
2863 5118 3162 5181 custodire,
3198 5105 3513 5185 postulationi
3535 5111 3608 5156 tua

2268 5206 2273 5207 ί
2301 5230 2384 5273 ter
2414 5214 2727 5278 annuimus,
2751 5221 2805 5267 et
2830 5208 3179 5281 prtesentium
3210 5206 3485 5259 litterarum
3525 5180 3729 5281 ειυςῑοῐξιξξε

2301 5305 2672 5368 concedimus,
2719 5269 2853 5356 utin
2901 5296 3250 5371 parochianis
3276 5288 3498 5350 ecclesiis
3520 5291 3609 5373 tttlffe

2303 5396 2475 5445 strum
2507 5356 3213 5459 monasterium-pertinent,
3237 5380 3485 5451 regulares
3513 5362 3623 5444 vobis
3640 5356 3727 5459 litari.I

2272 5474 2277 5477 Α
2303 5474 2529 5537 claustri
2560 5481 2727 5537 vestri
2756 5474 3345 5551 clericosjcanonicos]
3391 5467 3605 5527 ordinare.
3622 5445 3725 5551 ς1¹¹ξξ¹

2303 5572 2549 5630 ecclesiis
2604 5570 2735 5641 ipsis
2766 5568 3019 5641 religiose
3048 5569 3307 5631 serviant,
3336 5570 3406 5645 ,ει
3438 5542 3723 5651 adiafef'f'ff:

2303 5664 2412 5736 puli
2444 5662 2759 5735 parochiam
2811 5660 3107 5719 secundum
3146 5640 3381 5714 timorem
3423 5633 3706 5736 Dei.

2303 5718 2590 5829 scopi'jnre
2621 5755 2827 5819 dubito,
2850 5751 3084 5809 sollicite
3112 5760 3393 5823 procurare
3412 5754 3498 5796 non
3533 5718 3718 5795 M3533“
