3888 6322
50 370 179 425 ΞΞΞ
1260 347 1616 405 EPISTULA“.
1655 346 1729 400 E'l
1781 344 2186 401 PRIVILEGIA.
3252 341 3353 396 sse

52 494 357 557 quatenus
385 478 563 536 omnia
593 492 714 547 quae
744 474 933 529 domus
964 469 1058 525 Dei
1090 477 1215 521 sunt
1249 482 1277 519 a
1324 464 1662 534 sapientibus
1693 467 1737 522 Α
1768 473 1977 526 serunt,
2020 461 2194 514 redire
2241 457 2462 513 omnino
2487 500 2490 502 η
2514 458 2581 511 ad
2636 455 3039 519 monasterium,
3068 462 3122 510 et
3168 464 3350 510 Votum

50 552 119 632 et
156 576 447 646 sapienter
485 568 949 625 administrentur.
1779 571 1935 612 suum
1966 552 2259 621 adimplere
2291 560 2575 619 cogantur.

143 670 294 723 Data
330 683 367 723 tt
389 665 513 722 ldus
537 661 683 717 Julii.
852 664 857 667 ‘

748 769 1015 830 CCLXIII.

56 875 297 929 Urbani
319 889 471 945 papa:
506 867 829 991 epitrtolaTa7
870 862 1201 918 Bernardum
1231 858 1675 927 archiepiscopum

767 954 794 991 ο
818 946 1054 990 elanttm.

767 946 1054 991 oletamtm.

552 1029 718 1101 (intra
752 1043 846 1081 an.
876 1022 1224 1093 1088-1099.)

508 1123 724 1197 [Mtssr,
753 1117 953 1174 Concil.
984 1114 1103 1180 XX,
1133 1114 1283 1186 701.]

151 1220 422 1280 Ultimus
459 1218 768 1290 episcopus,
793 1225 983 1267 servus
1012 1202 1297 1263 servOrum
1336 1204 1453 1271 Dei,
1484 1202 1682 1258 dilecto

64 1313 252 1369 fratri
286 1320 339 1367 et
367 1306 688 1379 coepiscopo
720 1304 1011 1358 Bsnaanoo
1051 1298 1312 1353 Toletano
1355 1295 1585 1351 salutem
1628 1302 1683 1349 et

64 1401 448 1475 apostolicam
482 1394 934 1453 benedictiOuem.

158 1496 495 1550 Litterarum
526 1486 874 1561 praesentium
904 1484 1044 1539 lator
1079 1480 1155 1536 ad
1199 1494 1299 1535 nos
1337 1479 1563 1534 veniens
1610 1476 1681 1532 ab

68 1586 373 1641 exorcista
403 1595 576 1652 usque
607 1581 673 1633 ad
703 1574 1065 1633 sacerdotium
1110 1572 1314 1628 nullum
1346 1571 1592 1626 ordinem
1626 1583 1686 1624 se

74 1677 377 1747 accepisse
417 1671 703 1730 confessus
746 1676 848 1724 est.
879 1665 1033 1733 Quod
1074 1664 1356 1719 audientes
1394 1661 1685 1732 plurimum

76 1772 299 1827 mirati
336 1783 540 1824 sumus.
582 1765 648 1819 Et
693 1762 820 1833 quia
870 1759 986 1827 eius
1032 1774 1261 1831 persona
1310 1757 1466 1835 nobis
1508 1756 1685 1826 ignota

76 1868 216 1922 sine
262 1863 461 1919 litteris
499 1870 555 1917 et
600 1860 721 1915 sine
750 1844 884 1913 ullis.
904 1855 1120 1911 indiciis
1148 1839 1336 1909 nostro
1360 1868 1419 1909 se
1444 1866 1685 1922 priesen-

83 1960 237 2015 tavit
269 1955 619 2028 conspectui,
668 1970 790 2009 eum
841 1950 1148 2008 stremtitati
1193 1958 1297 2003 tuac
1345 1948 1683 2011 remisimus,

76 2051 483 2121 praecipientes
510 2056 568 2101 ut
596 2060 811 2101 causam
859 2044 976 2113 ejus
1010 2041 1298 2111 diligenter
1330 2038 1600 2108 inquiras;
1632 2047 1687 2092 et

89 2144 141 2196 si
174 2140 323 2211 quod
370 2138 536 2193 refert
563 2151 753 2192 verum
785 2148 906 2190 csse
952 2131 1280 2195 constiterit,
1311 2146 1341 2183 a
1382 2127 1689 2183 sacerdotio

91 2232 247 2287 male
289 2240 345 2285 et
384 2229 685 2284 inordinate
716 2233 971 2295 accepto,
1010 2222 1210 2276 indicta
1260 2234 1422 2289 quam
1469 2217 1686 2286 dignam

91 2324 331 2380 duxeris
379 2313 736 2395 prenitcntia,
784 2314 885 2387 per
933 2308 1134 2369 annum
1197 2316 1411 2367 cessare
1450 2308 1684 2378 iubebis.

94 2419 270 2471 Anno
291 2427 415 2470 vero
446 2419 743 2475 transacto,
778 2410 821 2464 si
850 2406 966 2476 ejus
994 2407 1102 2461 vita
1127 2412 1182 2460 et
1202 2402 1542 2458 cont'ersatio
1571 2396 1693 2455 talis

94 2510 219 2563 visa
269 2506 431 2562 fuerit
475 2513 529 2559 et
571 2503 677 2558 alia
710 2517 815 2557 non
850 2496 1149 2571 impediunt
1181 2504 1246 2551 ut
1283 2497 1492 2550 honore
1530 2493 1690 2565 digna

95 2603 175 2654 sit
207 2608 382 2663 tanto,
410 2610 599 2677 omnes
628 2595 847 2650 ordines
879 2606 1152 2666 quos‘non
1182 2587 1391 2656 accepit
1419 2601 1543 2641 cum
1576 2586 1693 2655 ipso

96 2693 317 2763 pariter
341 2690 745 2761 presbyteratu,
772 2686 1036 2756 siquidem
1060 2680 1492 2754 presbyteratum
1524 2678 1695 2748 gratis

96 2783 488 2854 assumpserit,
516 2780 590 2836 illi
621 2778 901 2834 restituas.

767 2904 1037 2966 CCLXIV.

96 3028 268 3083 Bulla
314 3023 513 3083 Urbani
561 3025 623 3083 II
670 3041 821 3095 papa:
847 3024 917 3077 ad
972 3021 1190 3077 Petrum
1233 3020 1529 3090 episcopum
1578 3016 1700 3071 Jac-

799 3111 1023 3149 εθηδεηι.

568 3189 736 3259 (lutra
766 3195 855 3241 an.
891 3184 1239 3259 rosa-10,99.)

94 3283 445 3351 Illarum,
476 3248 711 3336 Ilisioria
738 3281 801 3351 de
846 3279 899 3332 la
942 3248 1231 3351 [audaciae
1264 3254 1699 3351 y‘antigtt_edad.es

175 3358 245 3408 de
272 3353 390 3478 23$:
411 3342 557 3494 uau
586 3352 650 3406 de
679 3352 730 3404 Ia
767 3342 1282 3418 Pe‘t'ianaraguca,’
1301 3342 1462 3410 1620,
1498 3342 1700 3408 in~iol.,

176 3441 233 3493 p.
348 3444 399 3476 υ.
1441 3440 1443 3442 ·
1588 3430 1595 3442 ι

183 3515 439 3572 [insanus
465 3513 773 3583 episc0pus,
804 3525 993 3565 servus
1017 3522 1297 3563 servorum
1342 3507 1454 3568 Dei,
1477 3518 1702 3559 venera-

100 3607 201 3660 bili
232 3605 386 3659 fratri
439 3603 623 3657 Psrno
655 3600 899 3658 Jaccensi
938 3599 1208 3671 episcopo,
1237 3597 1465 3652 salutem
1496 3604 1550 3650 et
1575 3609 1704 3664 apo-

102 3696 361 3751 stolicam
391 3688 842 3748 benedictionem.
1582 3673 1590 3696 ³

184 3784 323 3838 Cum
376 3782 689 3837 monasticae
738 3780 1012 3849 religionis
1068 3778 1120 3832 in
1176 3776 1427 3847 religioso
1465 3774 1704 3831 claustro

105 3877 420 3932 rudimenta
444 3873 769 3942 susceperis,
793 3872 1053 3925 miramur
1079 3869 1367 3938 plurimum
1391 3868 1535 3937 quod
1562 3867 1704 3937 ejus-

105 3972 234 4023 dem
264 3966 546 4037 religionis
581 3965 728 4018 viros
760 3963 1047 4034 plurimum
1089 3960 1421 4037 adverscris.
1450 3959 1706 4027 Queritur

104 4061 256 4113 enim
302 4057 627 4113 venerabilis
663 4056 803 4110 illius
851 4064 1035 4110 noster
1064 4036 1240 4109 abbas'
1267 4051 1453 4107 Sancti
1482 4038 1705 4106 Joannis

106 4154 161 4206 in
196 4151 375 4205 Pinna
426 4149 569 4221 quod
608 4147 775 4217 ipsius
808 4146 907 4201 laci
955 4142 1327 4201 cmineterium
1359 4143 1707 4198 vehementer

100 4248 423 4315 impugnes,
450 4252 504 4296 et
549 4241 617 4294 ab
656 4254 721 4294 eo
761 4240 908 4292 viros
937 4237 1181 4291 retrahas
1211 4234 1526 4299 saeculares;
1562 4231 1705 4303 quod

102 4353 278 4409 quam
311 4350 477 4407 prave
510 4333 702 4398 iacias,
735 4332 895 4388 e‘tiam‘
944 4328 1290 4384 saecularibus
1317 4336 1469 4397 potes
1498 4325 1707 4394 legibus

102 4427 423 4488 informari.
450 4441 569 4496 qum
599 4425 803 4480 sanctis
833 4421 1095 4477 emnobiis
1123 4428 1502 4484 consonantes,
1530 4427 1708 4473 extre-

1843 647 2061 709 Datum,
2093 654 2201 699 etc.

2447 733 2694 790 CCLXV.
2746 780 2749 783 ,

1822 826 2026 882 Urbani
2058 827 2118 881 11
2145 844 2295 898 papa:
2321 827 2644 897 privilegium
2670 842 2765 895 pro
2795 826 3029 881 Ecclesia
3057 826 3318 882 Jaccenai.

2227 921 2395 990 (Intra
2420 935 2510 973 an.
2552 917 2905 987 1088-1099.)

1782 1013 2005 1085 [At‘ttsa,
2039 1011 2370 1073 Fundacion.
2410 1011 2754 1074 excelencias,
2793 1010 3084 1079 grandem:
3124 1027 3160 1079 ῃ
3208 1027 3357 1064 rosas

2088 1091 2428 1147 memorables
2456 1090 2519 1143 de
2548 1088 2781 1152 Huesca,
2814 1104 2868 1159 p.
2901 1087 3051 1160 559.]

1851 1185 2106 1242 Hacanos
2133 1184 2437 1255 episcopus,
2467 1196 2656 1237 servus
2684 1195 2964 1235 servorum
2998 1180 3119 1245 Dei,
3152 1180 3361 1251 Pereo,

1782 1278 2036 1334 Oscitano
2068 1276 2342 1347 episcopo,
2384 1274 2610 1353 ejusque
2644 1273 3053 1331 successoribus
3092 1255 3362 1349 canonice

1784 1366 2169 1440 promovendis
2191 1367 2244 1421 in
2274 1344 2614 1438 perpetuum.
3092 1344 3117 1419 ’.
3362 1414 3363 1421 η

1788 1482 1791 1487 ·
1856 1460 2238 1518 Misericordiae
2265 1469 2439 1537 mater
2471 1468 2531 1526 et
2559 1443 2795 1527 ‘justitia‘.
2836 1465 3019 1512 custos
3056 1456 3214 1511 sedes
3257 1453 3365 1537 Rof

1785 1570 1945 1611 mana
1979 1570 2009 1610 a
2056 1552 2288 1608 Domino
2315 1536 2443 1629 Iesu
2488 1551 2728 1617 Christo,
2772 1550 2862 1620 qui
2900 1549 3074 1604 beatis
3107 1530 3366 1618 apostolis

1788 1647 1948 1703 Petro
1995 1655 2052 1703 et
2094 1645 2266 1701 Paulo
2319 1644 2520 1715 ligandi
2559 1653 2725 1714 atque
2761 1641 3000 1698 solvendi
3045 1649 3363 1715 potestatem

1790 1741 2081 1804 concessit,
2103 1736 2396 1795 observare
2421 1737 2694 1807 justitiam
2725 1744 2781 1791 et
2808 1734 3237 1803 misericordiam
3270 1733 3368 1797 im:

1720 1819 1763 1873 Β
1791 1831 2025 1903 pendere
2057 1829 2262 1887 didicit.
2299 1826 2600 1898 Sequentes
2637 1826 2801 1896 igitur
2831 1823 3237 1881 constitutionis
3273 1840 3370 1894 pa«

1788 1925 1965 1995 ginam
2013 1920 2429 1993 prmdeccssoris
2481 1918 2650 1974 nostri
2703 1917 2805 1972 PP.
2851 1916 3093 1987 Gregorii
3144 1914 3255 1980 Yll,
3303 1916 3370 1968 de

1790 2014 2037 2069 terminis
2064 2012 2259 2067 Oscen.
2310 1998 2655 2085 episcopatus
2705 2016 2761 2062 et
2803 2004 3022 2061 Jaccen.
3054 2021 3213 2075 quos
3259 2006 3372 2085 ipse

1782 2108 1907 2178 jure
1936 2102 2276 2173 antiquitatis
2305 2082 2531 2158 summae
2556 2108 2629 2170 .et
2657 2099 2907 2169 precibus
2960 2097 3177 2169 gloriosi
3229 2082 3372 2167 regis
3396 2126 3397 2129 η

1791 2195 2059 2252 Ranimiri
2112 2194 2223 2249 lilio
2257 2194 2373 2264 ejus
2419 2200 2473 2247 et
2532 2199 2720 2246 nostro
2787 2188 3110 2245 charissima
3164 2187 3373 2243 Garsiaa

1789 2288 2041 2359 episcopo
2062 2282 2258 2340 Oscen.
2281 2291 2336 2337 et
2360 2281 2581 2338 Jaccen.
2614 2280 2666 2335 in
2696 2286 2851 2349 parte
2875 2276 3123 2333 orientali
3151 2290 3373 2332 conces—

1796 2378 1900 2442 sit;
1928 2376 2067 2432 sicut
2093 2375 2255 2430 Cinca
2279 2372 2504 2428 Fluvins
2526 2388 2555 2426 a
2580 2369 2831 2425 Pirannis
2853 2368 3127 2443 montibus
3148 2367 3375 2423 descen-

1794 2465 1961 2530 dens,
1997 2480 2095 2536 per
2139 2473 2394 2519 montana
2442 2471 2498 2517 et
2550 2460 2709 2531 plana
2752 2458 3040 2533 discurrit,
3088 2471 3263 2530 usque
3305 2459 3373 2511 ad

1793 2557 1985 2613 vallem
2018 2556 2328 2626 Lupariam,
2361 2553 2498 2608 infra
2528 2551 2956 2622 quosterminos
2996 2552 3160 2607 etiam
3196 2549 3373 2607 eccle-

1796 2651 1907 2706 sias
1935 2650 2001 2704 de
2023 2649 2201 2716 Belsa,
2229 2656 2286 2702 et
2324 2647 2392 2701 de
2426 2645 2651 2710 Ceston,
2684 2655 2739 2700 et
2774 2645 2843 2700 de
2885 2643 3175 2712 Alquezar,
3224 2652 3278 2697 et
3310 2643 3377 2697 de

1797 2742 2087 2798 Barbastro
2123 2743 2303 2797 eidem
2336 2742 2665 2799 antecessori
2703 2751 2815 2803 tuo,
2852 2755 2886 2794 o
2911 2738 3091 2805 Petre,
3122 2736 3377 2806 episcopo

1798 2833 1995 2890 Oscen.
2048 2832 2313 2904 privilegii
2372 2833 2675 2890 assertione
2730 2829 3073 2886 conﬁrmavit
3130 2845 3144 2881 :
3194 2834 3377 2885 etnos

1800 2932 2015 2997 qudque
2051 2924 2166 2996 pari
2196 2926 2392 2995 spiritu
2420 2925 2640 2989 eosdem
2666 2922 2929 2979 terminos
2955 2936 3078 2976 cum
3107 2917 3378 2990 prmdicti-

1800 3020 2049 3076 ecclesiis
2072 3029 2133 3075 et
2168 3018 2416 3074 terminis
2451 3032 2670 3084 earum,
2706 3023 2761 3071 et
2801 3013 3080 3070 canonicis
3109 3011 3214 3067 tuis
3246 3026 3379 3081 pra:-

1803 3112 1944 3168 senti
1993 3112 2315 3168 auctoritate
2341 3112 2781 3174 corroboramus,
2810 3116 2863 3162 et
2890 3122 3082 3162 omnes
3113 3103 3248 3158 alias
3266 3103 3379 3158 Ee-

1724 3175 1770 3236 C
1802 3206 2146 3275 clesias,qua:
2169 3206 2271 3260 hac
2292 3206 2344 3260 in
2368 3205 2454 3260 die
2483 3212 2608 3260 sunt
2629 3203 2769 3257 inter
2790 3203 2895 3257 duo
2909 3197 3128 3255 ﬂumina
3147 3198 3381 3252 Alcana-

1802 3307 1887 3355 tre
1909 3295 2450 3364 videlicet,etCinca,
2470 3296 2555 3350 vel
2578 3296 2632 3350 in
2655 3302 2933 3366 posterum
2955 3292 3065 3346 Deo
3088 3291 3381 3347 miserante

1804 3393 1858 3447 in
1925 3390 2247 3462 praescripto
2299 3388 2534 3445 termino
2586 3384 3035 3441 (ediﬁcabuntur:
3068 3388 3128 3434 ut
3174 3379 3379 3436 scilicet

1804 3482 2063 3553 deinceps
2116 3478 2371 3550 querela,
2432 3491 2596 3549 quam
2652 3472 3021 3529 archidiaconi
3074 3470 3150 3525 tui
3194 3468 3382 3538 Luppo

1803 3572 2158 3629 Fortnnionis
2205 3580 2259 3626 et
2295 3569 2485 3640 Luppo
2520 3566 2789 3624 Eneconis
2814 3563 3059 3620 iecerunt
3094 3558 3382 3636 uobisqpro

1800 3666 2071 3729 ecclesiis,
2122 3678 2268 3734 quas
2320 3663 2385 3717 de
2430 3660 2576 3716 sedis
2627 3669 2734 3714 tuae
2784 3655 3043 3727 parochia
3096 3653 3382 3724 condignis

1802 3757 2258 3831 postulationibus
2284 3754 2491 3812 Sanctii
2528 3752 2705 3824 Regis,
2736 3749 2863 3821 quia
2897 3758 3097 3804 terram
3122 3761 3243 3802 cum
3267 3745 3379 3818 gla-

1802 3851 1893 3905 dio
1929 3847 2282 3919 acquisierat,
2317 3843 2537 3916 capella:
2583 3858 2693 3898 sua:
2740 3838 3228 3907 Moutis—Aragonis
3256 3852 3385 3891 con-

1805 3954 2179 4004 cesseramus,
2232 3938 2285 3993 in
2325 3924 2617 4007 posterum
2681 3932 2907 3988 omnino
2959 3928 3281 3999 sopiretur:
3330 3938 3386 3983 ct

1806 4029 2063 4107 Ecclesia:
2096 4036 2196 4084 tuae
2226 4043 2325 4098 pro
2353 4041 2419 4081 co
2450 4022 2593 4095 quod
2620 4023 2989 4094 praedecessor
3014 4029 3138 4075 tuus
3160 4017 3385 4073 Garsias

1806 4106 2093 4190 cpiscOpus
2135 4128 2321 4173 contra
2367 4109 2654 4172 censuram
2698 4109 2967 4185 privilegii
3018 4108 3270 4187 Romani,
3316 4108 3384 4162 de

1806 4212 2045 4268 Ecclesia
2068 4211 2181 4282 jam
2226 4207 2642 4280 prteuominata,
2684 4204 2933 4261 videlicet
2981 4202 3047 4257 de
3093 4201 3404 4270 Alquezar,

1807 4319 1903 4375 per
1925 4302 2236 4357 violentiam
2262 4300 2439 4354 fuerat
2466 4298 2743 4370 expulsus,
2768 4313 2865 4368 per
2894 4305 3133 4351 nostram
3164 4309 3382 4347 manum

1773 4467 1777 4475 ‘
1810 4396 1929 4452 illas
1966 4393 2225 4451 eetlesias
2258 4407 2381 4447 cum
2410 4392 2522 4447 suis
2553 4389 2895 4461 pertinentiis
2948 4387 3137 4451 libere,
3182 4393 3237 4440 et
3268 4385 3385 4438 sine

455 4476 567 4496 τη.
843 4476 852 4477 κ
1490 4476 1500 4484 ,

102 4536 232 4576 mas
253 4518 617 4574 deficientium
644 4515 947 4569 voluntates
978 4520 1122 4566 ratas
1142 4510 1329 4591 baberi
1351 4510 1694 4564 constituunt.

1811 4489 2197 4561 inquietatione
2228 4483 2596 4556 quorumlibet
2623 4492 2963 4553 posterorum
2998 4480 3049 4534 in
3083 4492 3214 4549 pace
3242 4476 3384 4531 bona

1913 4588 1922 4592 -
2039 4578 2050 4592 ι
2193 4576 2287 4592 ,s--
2342 4582 2415 4592 -,.
2452 4570 2457 4573 '
2498 4574 2547 4592 ι-
2595 4581 2740 4592 ..-...-
2782 4572 2937 4592 Δις-.μ
2978 4565 3382 4592 ---υ-...κτιιηηιζ

102 4612 328 4669 Dixerit
358 4611 519 4665 etiam
560 4604 782 4664 devotas
808 4601 1138 4661 monasterio
1165 4602 1525 4673 viros,‘prava
1558 4600 1704 4655 illinc

102 4704 396 4767 suasione,
438 4692 740 4764 retrahere,
777 4692 842 4753 de
869 4696 1066 4767 quibus
1101 4696 1426 4766 magnopere
1456 4702 1703 4747 metuen-
1778 4740 1787 4755 ι

102 4798 245 4849 dum
278 4802 383 4859 est,
415 4807 483 4847 ne
511 4788 804 4847 secundum
826 4788 1064 4861 Apostoli
1084 4787 1284 4843 dictum
1306 4772 1705 4841 damnationem
1780 4840 1785 4843 _

104 4887 425 4943 incurrant,
478 4880 604 4950 quia
668 4878 896 4949 primam
954 4876 1115 4933 ﬁdem
1180 4874 1389 4931 irritam
1440 4872 1705 4928 fecerunt.

108 4976 294 5031 Tuam
310 4974 470 5045 igitur
492 4971 835 5027 dilectionem
856 4968 1052 5041 litteris
1079 4966 1432 5038 przesentibus
1452 4967 1707 5021 admone-

112 5083 244 5122 mus
296 5074 457 5136 atqne
504 5062 883 5138 prrec‘ipimus,
950 5076 1035 5132 ne}
1077 5059 1305 5133 ulterius
1346 5058 1710 5133 quorumlibet
1782 5114 1785 5117 ,

79 5157 401 5236 βυθείοηε,
448 5156 626 5211 locum
670 5153 841 5217 illum,
899 5150 991 5222 qui
1040 5150 1141 5206 sub
1207 5150 1351 5205 beati
1400 5146 1542 5203 Petri
1588 5145 1708 5216 jure
1776 5207 1779 5213 I

114 5249 435 5322 specialiter
453 5238 784 5313 continetur,
813 5244 1118 5313 hujusmodi
1149 5229 1527 5299 vexationibus
1562 5239 1711 5313 defa-

117 5346 293 5414 tiges;
330 5357 430 5397 nec
458 5357 489 5395 a
543 5340 897 5396 conversione
925 5338 1170 5406 devotos,
1203 5350 1303 5390 nec
1332 5328 1359 5389 a
1396 5333 1709 5390 cmmeterio

118 5443 372 5493 mortuos
418 5432 646 5501 ulterius
668 5430 871 5485 retrahi
896 5429 1141 5500 patiaris.
1175 5426 1353 5497 Super
1391 5426 1712 5480 detrimento
1778 5476 1781 5481 .

118 5529 315 5589 etiam,
336 5525 481 5595 quod
538 5539 633 5594 per
666 5504 976 5599 liuiusmodi
1017 5520 1336 5585 occasiones
1366 5518 1713 5583 monasterio
1778 5556 1783 5559 -

123 5622 333 5679 illatum
355 5628 460 5684 est,
489 5627 579 5672 aut
602 5616 864 5689 justitiam
888 5616 1171 5686 integram,
1198 5613 1712 5677 autconvenientem
1776 5652 1781 5657 η

124 5711 496 5775 concordiam,
529 5706 842 5777 supradicto
865 5703 1045 5759 abbati
1078 5701 1420 5774 praecipimus
1446 5699 1711 5757 exhiberi.

126 5802 212 5861 Illi
237 5816 360 5858 vero
387 5800 480 5873 qui
510 5806 699 5857 contra
728 5805 913 5855 votum
944 5810 1099 5852 suum
1128 5809 1159 5849 a
1179 5793 1507 5849 monasterio
1536 5805 1712 5846 reces-

1808 4578 2145 4649 postmodum
2179 4570 2457 4632 obtineatJ
2498 4574 2554 4628 In
2595 4581 2746 4642 parte
2776 4572 2940 4627 etiam
2976 4565 3386 4639 septentrionali

1809 4660 1995 4726 eodem
2051 4657 2268 4735 tenore,
2322 4682 2431 4736 quo
2484 4680 2580 4737 per
2647 4660 2885 4733 ejusdem
2934 4659 3077 4731 regis
3126 4655 3385 4737 Rauimiri

1810 4758 2059 4817 similiter
2107 4748 2453 4822 instantiam,
2494 4771 2617 4811 cum
2657 4768 2818 4823 supra
2875 4749 3065 4821 positis
3100 4726 3388 4817 assignatis

1811 4837 2057 4913 terminis
2095 4851 2364 4917 videlicet,
2390 4859 2445 4906 et
2477 4863 2647 4918 usque
2679 4844 2747 4900 ad
2783 4836 2973 4899 locum
3002 4841 3091 4911 qui
3132 4838 3286 4908 vulgo
3307 4828 3388 4919 dri-

1810 4947 1959 5021 citur‘
1992 4944 2350 5021 Plauamayor
2401 4940 2609 4997 inclusa
2672 4945 2785 4992 tota
2845 4944 2991 4989 terra
3030 4931 3287 4994 Pintana,
3333 4937 3388 5021 et

1811 5018 2205 5102 valle‘O’rsella,
2235 5049 2358 5089 cum
2397 5028 2642 5089 ecclesiis
2683 5026 3081 5097 suppositorum
3132 5010 3386 5103 castello-

1814 5112 1931 5187 rum
1971 5131 2038 5185 de
2072 5129 2145 5185 Us
2170 5127 2398 5191 scilicet,
2432 5125 2584 5180 etde
2622 5121 2744 5185 Sos,
2792 5126 2846 5174 et
2886 5117 2952 5172 dc
2997 5113 3182 5178 Lusia,
3229 5104 3389 5191 etde

1813 5223 1926 5289 Bel,
1956 5232 2011 5278 et
2035 5223 2100 5278 dc
2129 5222 2431 5291 Aguero,et
2454 5216 2519 5271 de
2542 5212 2788 5269 Moriello
2814 5229 2825 5264 :
2854 5220 2902 5264 et
2932 5222 3147 5289 nos"...
3168 5204 3388 5261 eosdem

1813 5314 2012 5372 Oscen.
2045 5320 2101 5368 et
2144 5310 2363 5366 Jaccen.
2394 5304 2650 5362 Ecclesite
2691 5302 2743 5357 in
2782 5306 3099 5372 perpetuum
3139 5282 3389 5349 concedi-

1814 5421 1956 5472 mus,
1985 5403 2207 5475 dignum
2240 5400 2549 5472 judicantes
2581 5405 2638 5448 ut
2669 5402 2776 5447 tam
2808 5392 2907 5445 ista
2932 5401 3093 5458 quam
3134 5383 3237 5439 alia
3269 5397 3387 5438 om-

1814 5498 1903 5553 nia
1951 5472 2073 5567 quze
2110 5477 2364 5564 przel‘atus
2408 5504 2501 5545 rex
2550 5487 2637 5542 dic
2688 5500 2791 5555 qua
2831 5478 3090 5538 canonica
3133 5476 3190 5532 in
3227 5472 3389 5530 Jacca

1814 5587 1919 5644 fuit
1964 5585 2259 5643 constituta
2308 5582 2561 5654 episcopo
2600 5585 2655 5631 ct
2694 5570 2970 5630 canonicis
3012 5566 3391 5645 inpraesentia

1818 5697 2009 5739 novem
2048 5662 2387 5750 pontiﬁcum,
2417 5674 2483 5729 ad
2513 5669 2716 5731 ordinis
2750 5664 3196 5723 sustentationem
3222 5656 3391 5714 libere
3486 5692 3490 5695 λ

1817 5749 2061 5842 donavit,
2099 5771 2303 5830 scilicet
2333 5767 2549 5825 Liertiac
2580 5762 2780 5829 villam,
2800 5768 2854 5816 et
2882 5757 3102 5820 Scsave,
3132 5760 3185 5806 et
3214 5749 3391 5804 locum
