3888 6322
590 336 690 393 527

1900 320 1974 379 5B.
2014 322 2264 381 URBANI
2303 323 2345 377 ll
2382 318 2581 376 PAPJS
3682 331 3747 389 ω

586 454 687 525 qui
712 450 907 507 dicitur
934 454 1140 518 septem
1173 445 1370 512 fontes,
1398 454 1518 499 eum
1551 440 2017 494 omnibuscorurn
2054 452 2176 507 per-
2205 443 2250 499 Α
2281 435 2525 506 pellanus
2587 433 2841 505 populum
2893 432 3037 488 illius
3084 440 3239 490 terra:
3292 436 3521 505 regebat,
3563 437 3744 509 baptism

584 546 857 611 tinenliis,
888 542 1048 599 cultis
1088 549 1143 594 ct
1169 538 1387 593 incultis
1413 545 1468 592 et
1504 548 1628 589 cum
1675 528 2172 586 decimisornnium

589 638 860 695 redituum
898 633 1180 704 regalium,
1231 642 1501 686 eteorum
1547 626 1639 696 qui
1669 625 2079 694 quibuscunque
2106 634 2175 674 ex

578 731 766 802 'causis
808 727 1023 798 regibus
1071 738 1308 794 unquam
1352 718 1731 792 persolventur
1777 715 1829 769 in
1888 712 2070 776 Jacea,
2114 719 2177 766 et

588 804 1012 893 circumquaque
1033 834 1130 889 per
1178 825 1343 872 totam
1374 812 1731 883 Aragoniam,
1776 806 1981 862 illibata
2021 804 2177 860 dein-

582 930 715 985 ceps
744 911 968 969 servitio
1025 906 1411 964 eanonieor’urn
1451 917 1547 973 per
1585 899 1795 954 inﬁnita
1833 895 2029 951 saecula
2075 895 2176 949 ha-

588 984 843 1064 beantur.
904 1000 962 1055 Si
1013 1015 1120 1070 qua
1172 1011 1304 1053 sane
1352 996 1405 1049 in
1456 1000 1733 1063 posterum
1781 984 2177 1049 ecclesiastica,

591 1095 941 1155 smcularisve
970 1105 1223 1163 persona,
1249 1088 1407 1158 hujus
1438 1090 1638 1139 nostra:
1667 1077 1987 1135 assertionis
2025 1084 2179 1130 teno-

588 1202 708 1243 rem
761 1184 961 1246 sciens,
1016 1189 1204 1235 contra
1251 1192 1373 1232 eum
1415 1184 1619 1230 temere
1649 1183 1833 1226 venire
1867 1164 2180 1230 tentaverit,

590 1277 829 1336 secundo
856 1274 1084 1330 tertiove
1112 1269 1495 1335 commonitus,
1528 1265 1573 1321 si
1602 1280 1708 1321 non
1748 1274 1989 1332 congrue
2020 1257 2181 1314 satis-

591 1368 808 1434 fecerit,
839 1363 1131 1436 potestatis
1153 1361 1479 1429 honorisque
1506 1357 1588 1413 sui
1640 1355 1902 1426 dignitate
1927 1357 2179 1407 careat...

591 1460 786 1517 Divino
808 1456 1011 1527 judicio
1042 1455 1108 1510 de
1141 1461 1448 1525 perpetrata
1477 1449 1765 1519 iniquitate
1792 1452 2104 1516 cognoscat,
2128 1451 2183 1496 et

594 1569 625 1608 a
668 1549 1040 1607 sacratissimo
1090 1561 1318 1617 corpore
1348 1560 1412 1599 ac
1448 1540 1713 1613 sanguine
1766 1536 1980 1594 Domini
2013 1536 2181 1590 nostri

588 1643 722 1701 Jesu
751 1641 953 1698 Christi
981 1640 1158 1694 aliena
1188 1638 1300 1691 ﬁat.
1350 1634 1574 1691 Cunctis
1602 1641 1783 1687 autem
1815 1629 2035 1701 praeﬁxa
2086 1627 2160 1681 Ec

592 1733 774 1789 elesite
820 1733 1017 1787 Oseen.
1055 1740 1107 1784 et
1153 1728 1371 1783 Jaecen.
1406 1725 1528 1796 jura
1574 1721 1924 1778 servantibus
1955 1719 2025 1774 sit
2077 1732 2181 1788 pax

592 1823 807 1879 Domini
838 1822 1005 1877 nostri
1040 1820 1167 1875 Jesu
1198 1818 1418 1882 Christi,
1448 1825 1502 1872 et
1530 1816 1638 1870 vita
1667 1823 1891 1869 aeterna.

1258 1932 1529 1988 CCLXVI.

596 2028 841 2086 Urbanus
865 2026 1194 2091 Petronium,
1232 2026 1526 2096 episcopum
1558 2022 1947 2096 Legionensent,
1979 2034 2041 2096 ea:
2069 2034 2174 2096 ma-

667 2111 743 2222 tr:
773 2116 875 2222 nlon
902 2097 1132 2169 legitima
1183 2089 1414 2161 editum,
1460 2094 1524 2147 ab
1547 2089 1704 2161 hujus
1734 2091 1931 2160 peccati
1975 2089 2181 2142 vinculo

667 2190 695 2222 α
737 2187 789 2222 so
816 2179 903 2222 vtt.

666 2187 903 2225 αυςοιινιι.

1050 2256 1219 2327 (Intra
1247 2272 1333 2311 an.
1368 2253 1718 2323 10884099.)

829 2350 1145 2422 manus”
1178 2347 1379 2401 Decret.
1414 2362 1454 2411 ι,
1484 2346 1612 2399 dist.
1639 2343 1728 2408 56,
1755 2358 1804 2396 c.
1844 2341 1955 2413 IL]

669 2448 807 2514 Quia
854 2443 1173 2514 simpliciter
1220 2442 1286 2496 ad
1334 2440 1518 2496 sedem
1562 2436 1912 2508 apostolicam
1962 2435 2183 2490 veniens

588 2538 881 2598 humiliter
908 2543 1192 2607 peceatum
1223 2532 1505 2589 confessus
1529 2545 1589 2586 es
1642 2528 1784 2600 quod
1813 2526 2074 2597 pontiﬁcii
2107 2526 2182 2581 tui

592 2632 889 2689 "videbatur
906 2626 1138 2683 oliieium
1163 2624 1443 2696 impedire,
1464 2622 1734 2686 videlicet,
1755 2619 1897 2691 quod
1922 2634 1987 2674 ex
2014 2627 2183 2673 matre

590 2740 706 2781 non
737 2722 979 2793 legitima
1014 2725 1335 2790 procreatus
1355 2715 1459 2779 sis,
1504 2729 1664 2784 quam
1705 2713 1924 2767 vivente
1964 2709 2181 2781 propria

592 2830 770 2872 uxore
817 2820 973 2885 pater
1010 2820 1133 2866 tuus
1181 2807 1497 2879 cognovisse
1525 2804 1890 2876 dignoscitur;
1955 2806 1995 2869 -l-
2049 2800 2182 2867 Nos,

599 2906 907 2979 apostolicae
923 2900 1347 2958 mansuetudinis
1368 2898 1539 2970 gratia
1558 2896 1905 2961 admonente,
1921 2910 1949 2948 a
1972 2892 2183 2949 caeteris

591 3014 721 3069 quas
795 2995 1160 3052 sacerdotium
1216 2990 1520 3060 impediunt
1574 2986 1893 3043 criminibus
1941 2993 2053 3041 tam
2103 2986 2182 3039 tui

596 3088 939 3161 professione
982 3098 1147 3155 quam
1191 3081 1421 3136 fratrum
1472 3077 1812 3141 testimonio,
1838 3076 1960 3146 ’qui
2000 3084 2182 3130 tecum

592 3190 750 3247 sunt,
802 3181 1098 3234 immunem
1133 3183 1183 3230 te
1213 3180 1572 3243 agnoscentes
1601 3178 1656 3226 et
1676 3169 1844 3223 vitam
1878 3179 2024 3223 tuam
2058 3165 2181 3221 reli-
2208 3164 2254 3226 C

596 3274 807 3344 giosam
838 3268 1142 3335 audientes,
1171 3266 1239 3321 ab
1268 3265 1426 3336 lmjus
1465 3271 1516 3317 te
1542 3260 1747 3332 peccati
1775 3258 1997 3315 vinculo
2029 3258 2189 3313 abso-

600 3362 772 3416 lutum
819 3360 871 3413 in
914 3365 1167 3427 suscepto
1207 3352 1528 3410 sacerdotali
1568 3351 1745 3407 olﬁcio
1774 3349 2181 3406 conﬁrmamus.

1244 3466 1538 3526 CCLXVII.

602 3563 843 3617 Urbanus
880 3560 942 3615 II
971 3578 1108 3632 papa
1141 3559 1422 3632 committit
1446 3555 1695 3632 {lat/rimi
1720 3554 2002 3632 cornitissa?
2037 3554 2189 3632 rem}
2260 3605 2265 3609 _

578 3665 583 3673 ι
674 3635 923 3686 tationem
963 3624 1192 3685 ecclesia:
1239 3627 1715 3690 SanctioFloriant’,
1771 3626 2067 3694 faciendam
2121 3624 2186 3676 ab

668 3703 907 3822 «Episcpfo
956 3701 1249 3753 Mantuano
1287 3700 1354 3752 ad
1396 3698 1624 3767 favorem
1672 3692 1976 3749 monasterii
2004 3692 2186 3747 Sancti

719 3787 810 3822 ene
852 3771 939 3822 icti
971 3771 1035 3822 de
1069 3768 1423 3822 Padolurone.

719 3768 939 3824 enedicti
971 3771 1035 3823 de
1069 3768 1423 3838 Padolyrone.

1004 3858 1167 3927 (Intra
1207 3874 1409 3913 annum
1443 3857 1796 3927 1088-1099.)

844 3950 1193 4024 [Manmmsn
1225 3950 1435 4005 Bullar.
1486 3949 1688 4016 Casin.,
1720 3950 1783 4015 Il,
1816 3950 1965 4021 118.]

630 4082 644 4096 .
676 4045 928 4101 Unnauus
960 4044 1270 4115 episcopus,
1309 4058 1501 4099 servus
1525 4058 1805 4099 servorum
1831 4042 1949 4108 Dei,
1976 4042 2189 4113 inclytae

602 4134 901 4200 MATHILDI,
945 4136 1119 4191 unicze
1158 4135 1298 4190 beati
1336 4134 1483 4191 Petri
1523 4134 1669 4203 ﬁliae,
1714 4134 1944 4191 salutem
1980 4144 2032 4191 et
2060 4150 2191 4206 apo-

601 4228 845 4282 stolicam
878 4227 1333 4282 benedictionem.

686 4317 1028 4388 Conquestus
1056 4328 1140 4375 est
1168 4319 1307 4374 ﬁlius
1334 4328 1516 4375 uoster
1545 4318 1776 4375 cmnobii
1808 4317 1994 4374 Sancti
2024 4315 2191 4371 Bene-

608 4409 742 4466 dicti
772 4410 940 4466 abbas
964 4425 1126 4482 super
1158 4410 1391 4481 quadam
1418 4411 1648 4466 ecclesia
1679 4409 1866 4465 Sancti
1894 4407 2131 4463 Floriani
2160 4421 2189 4461 a

602 4503 779 4559 beatae
819 4504 1093 4559 memoriae
1142 4511 1295 4574 patre
1347 4512 1438 4557 tuo
1483 4502 1548 4557 Β.
1601 4503 1654 4557 in
1700 4502 1906 4573 "praedio
1949 4500 2188 4570 ejusdem
2220 4523 2266 4578 υ

599 4593 918 4649 monasterii
966 4593 1209 4659 fundata,
1267 4602 1322 4649 et
1370 4609 1398 4648 a
1448 4593 1713 4665 religione
1762 4602 1852 4648 tua
1889 4594 2000 4665 jam
2040 4593 2185 4648 dicto

600 4685 858 4739 eoenobio
902 4694 1087 4757 postea
1138 4685 1367 4739 reddita.
1408 4684 1578 4751 Quam
1625 4700 1748 4739 cum
1795 4684 2183 4740 monasterium

572 4848 573 4851 η
602 4772 731 4829 illud
760 4774 942 4845 quiete
979 4773 1240 4829 tenuisset
1282 4781 1336 4827 et
1367 4787 1394 4825 a
1428 4771 1719 4841 eapellanis
1747 4775 1858 4827 suis
1897 4787 2015 4827 eam
2046 4771 2182 4842 regi,

608 4873 797 4935 utpote
841 4865 983 4935 quod
1037 4878 1193 4919 suum
1244 4871 1380 4926 erat.
1413 4863 1527 4917 sine
1579 4864 1823 4919 molestia
1872 4870 1928 4919 et
1953 4864 2184 4934 alicujus

611 4956 987 5011 controVersia
1034 4953 1403 5010 administrari
1448 4955 1667 5010 fecisset
1703 4955 1846 5010 facta
1886 4962 2184 5009 commuta-

604 5046 750 5102 tione
778 5047 918 5102 inter
946 5045 1299 5102 Mantuanum
1329 5045 1660 5116 episcopum,
1685 5054 1738 5100 et
1770 5045 2178 5111 monasterium,

606 5139 672 5193 de
693 5140 1034 5194 monasteriis
1062 5140 1426 5211 episcopatus,
1462 5148 1516 5194 et
1550 5140 1616 5195 de
1652 5137 1901 5195 ecclesiis
1933 5137 2181 5205 abbatiae,

603 5228 747 5283 sicut
798 5228 934 5284 bene
980 5230 1130 5285 novit
1159 5230 1444 5300 prudentia
1496 5238 1608 5297 tua,
1647 5243 1879 5299 cumque
1916 5237 2098 5300 postea
2130 5230 2184 5284 id

604 5321 938 5377 destructum
963 5323 1172 5389 fuisset,
1196 5322 1441 5394 utrisque
1461 5323 1728 5394 partibus,
1744 5321 1885 5392 quod
1906 5322 2182 5392 proprium

604 5421 745 5477 erat,
793 5412 1204 5481 recipientibus,
1236 5413 1377 5469 hanc
1420 5414 1588 5470 solam
1624 5414 1939 5478 ecclesiam,
1980 5412 2047 5468 de
2078 5428 2183 5483 qua

606 5500 667 5554 t
692 5500 1055 5569 querimonia,
1078 5502 1363 5571 cpiscopus
1398 5501 1497 5557 sibi
1531 5502 2031 5572 retinuit,'eamqne
2064 5515 2182 5556 mo-

566 5666 567 5669 η
607 5590 849 5645 uasterio
876 5591 1103 5647 reddere
1128 5590 1316 5646 noluit.
1352 5593 1577 5659 Quando
1603 5595 1766 5648 etiam
1799 5593 2182 5650 monasterium

567 5754 574 5771 ι
608 5681 735 5737 Illud
763 5682 1020 5740 Ecclesiae
1043 5682 1232 5742 Sancti
1264 5684 1428 5750 Petri,
1455 5684 1561 5752 cui,
1592 5684 1717 5741 licet
1744 5687 1970 5758 indigni,
2000 5687 2185 5757 prtesi-

608 5775 814 5845 demus,
860 5779 1209 5835 concessione
1256 5787 1344 5832 tua
1386 5778 1637 5834 traditum
1699 5788 1816 5843 est;
1849 5780 2056 5834 abbatis
2095 5796 2184 5835 ca-

2276 526 2674 589 eelebrabat,ct
2698 523 2955 594 quidquid
2977 524 3045 579 ad
3066 523 3366 578 animarum
3392 541 3554 581 curam
3572 532 3745 599 pertinet,

2276 624 2635 688 permissione
2659 622 3070 678 Mantuanorum
3098 622 3464 691 episcOporum
3493 623 3556 677 ibi
3585 629 3747 696 regebat.

2282 716 2542 773 Volumus
2573 717 2757 787 itaque
2790 725 2845 770 et
2878 713 3221 784 praecipimus
3251 722 3309 767 ut
3346 717 3673 771 monasterium
3693 737 3749 773 nt:-

2274 817 2487 874 strum,
2512 810 2664 881 quod
2707 823 2863 865 suum
2907 815 3046 870 erat,
3087 804 3473 876 quodquejure
3502 810 3684 873 tenebat,
3712 830 3750 865 ei

2278 901 2491 970 integro
2530 899 2802 970 recipiat;
2853 897 3165 967 nullamque
3200 896 3461 951 bonorum
3505 912 3676 953 suorum
3704 903 3750 955 ili-

2280 996 2636 1051 minutionem
2678 993 2952 1049 ullomodo
2983 994 3049 1048 de
3077 993 3162 1047 his
3192 1007 3314 1061 qua:
3361 992 3553 1047 tenebat
3576 997 3751 1063 patiatur.

2280 1087 2508 1157 Oportet
2533 1087 2703 1157 igitur
2732 1095 2787 1140 ut
2818 1086 2870 1139 in
2896 1084 3187 1156 praesentia
3216 1082 3492 1153 Regiensis
3512 1084 3752 1154 episeopi,et

2280 1179 2509 1234 aliorum
2559 1176 2906 1248 prudentium
2961 1175 3230 1239 virorum,
3284 1172 3596 1228 Mautuanum
3626 1178 3742 1245 episco

2281 1286 2408 1342 pum
2452 1268 2781 1326 conveniens
2821 1268 2981 1338 eique
3021 1265 3307 1336 praecipias
3338 1274 3481 1319 utea
3520 1279 3617 1333 qus:
3635 1282 3753 1320 morta-

2281 1366 2432 1421 sterii
2474 1364 2694 1420 fuerunt
2736 1362 2839 1418 sibi
2890 1361 3141 1417 restituat
3185 1369 3243 1415 et
3284 1357 3390 1413 alia
3431 1357 3481 1413 in
3511 1373 3619 1428 pace
3650 1360 3754 1429 ipsum

2281 1454 2561 1527 possidere
2587 1453 2888 1526 permittat.

2923 1558 3245 1617 CCLXVIII.

2287 1655 2489 1712 Urbani
2520 1654 2581 1710 II
2614 1652 2843 1725 epistola
2882 1653 2962 1725 ad,
2985 1651 3183 1725 clerum
3239 1650 3569 1725 populumque
3603 1650 3755 1706 δαείω

2472 1722 2674 1782 (animi.
2714 1755 2786 1765 —
2809 1724 2917 1778 Pro
2947 1723 3281 1777 immunitate
3302 1722 3635 1777 ecclesiastica.

2746 1812 2915 1887 (Intra
2941 1831 3033 1870 an.
3066 1813 3426 1885 i088-1099.)

2709 1907 2925 1981 [Mansn
2957 1906 3161 1963 Concii.
3194 1905 3267 1972 Χ,
3297 1905 3441 1978 660.]

2357 2004 2611 2060 URBANUS
2634 2002 2949 2071 episcopus,
2988 2015 3180 2055 servus
3200 2013 3482 2054 servorum
3506 1997 3605 2061 Dei,
3629 1996 3757 2050 dileuis

2284 2093 2409 2150 ﬁliis
2437 2092 2585 2148 clero
2610 2102 2666 2147 et
2689 2090 2887 2162 populo
2918 2090 3275 2146 Salernitano
3304 2088 3523 2145 salutem
3564 2097 3608 2143 et
3628 2098 3756 2158 aposro-

2285 2185 2443 2241 licam
2471 2183 2923 2239 benedictionem.

2352 2276 2664 2333 Lanzonem
2709 2277 3118 2346 presbyterum,
3168 2274 3265 2344 qui
3324 2272 3584 2329 ecclesiam
3626 2270 3756 2325 Sanctr

2285 2368 2470 2425 Mariae
2503 2384 2600 2439 per
2634 2383 2855 2423 manum
2896 2367 3090 2422 laiearn
3122 2366 3349 2431 invasit,
3401 2365 3601 2435 expulso
3632 2377 3679 2416 co
3710 2363 3757 2428 qui

2284 2460 2525 2533 legitime
2552 2458 2886 2529 possidebat,
2905 2457 3168 2511 noveritis
3194 2456 3464 2533 sententia
3488 2465 3637 2508 nostra
3656 2448 3757 2503 adicio

2283 2530 2619 2610 etibeneﬁeio
2636 2548 2983 2605 interdictum
2994 2588 3007 2601 .
3021 2548 3223 2603 Omnes
3238 2530 3493 2618 prteterea
3506 2546 3581 2613 qui
3598 2541 3757 2597 ecclesia

2284 2645 2370 2701 vel
2392 2642 2759 2699 ecclesiastica
2772 2639 3031 2696 beneﬁcia
3054 2648 3147 2693 aut
3169 2638 3494 2708 eapellanias
3503 2638 3599 2690 sine
3610 2632 3757 2703 episcopi

2285 2737 2368 2794 sui
2395 2750 2663 2792 consensu
2712 2747 2810 2803 per
2836 2746 3054 2786 manum
3089 2732 3288 2787 laicam
3331 2729 3643 2790 obtinuerint,
3661 2726 3759 2779 dormt

2285 2830 2623 2888 satisfaciant
2684 2841 2783 2881 suo
2842 2827 3133 2897 episeopo,
3185 2825 3488 2879 secundum
3546 2828 3758 2875 sanctorum

2287 2938 2558 2979 canonum
2587 2921 2903 2985 constituta,
2935 2918 3002 2974 ab
3026 2916 3198 2972 olIicio
3249 2927 3308 2970 et
3338 2915 3580 2970 beneﬁcio
3618 2908 3759 2965 interdi-

2284 3010 2477 3066 cimus.

2933 3137 3203 3194 CCLXIX.

2291 3232 2492 3289 Urbani
2542 3229 2602 3284 ΙΙ
2655 3229 2875 3299 epistola
2926 3229 2994 3282 ad
3038 3228 3335 3291 Godinum,
3378 3224 3626 3299 antistitem
3653 3217 3759 3299 britt-

2357 3320 2501 3357 num.
2523 3331 2595 3342 --
2625 3290 2846 3354 Mandat
2884 3309 2940 3353 ut
2972 3300 3145 3352 sedem
3185 3290 3550 3365 episcopalem,
3587 3294 3632 3365 in
3653 3290 3757 3365 utier!

2354 3373 2403 3428 U
2414 3375 2545 3427 riam
2567 3370 2830 3442 quondam
2853 3368 3193 3432 translatam,
3214 3360 3501 3421 Brundisio
3524 3363 3617 3418 urbi
3634 3360 3757 3413 redde.

2735 3462 2903 3532 (Intra
2932 3476 3023 3516 an.
3057 3457 3424 3527 1088-1099.)

2598 3554 2890 3626 mortem,
2928 3552 3093 3607 Italia
3120 3568 3301 3618 sacra,
3331 3550 3420 3612 IX,
3447 3546 3551 3618 30.]

2360 3645 2611 3703 URBANUS
2643 3647 2684 3702 ll
2711 3647 3018 3717 cpiscopus,
3046 3659 3243 3700 servus
3275 3656 3544 3700 servorum
3568 3635 3659 3698 Dei,
3678 3631 3756 3687 dﬂc

2288 3744 2378 3792 eto
2424 3737 2480 3792 in
2536 3739 2755 3794 Christo
2809 3738 2967 3792 fratri
3013 3736 3263 3801 Gomno,
3316 3734 3531 3790 Oritano
3579 3722 3755 3783 antistiti.

2286 3826 2516 3883 salutem
2544 3837 2606 3884 et
2628 3828 2980 3898 apostolicam
3010 3824 3466 3882 benedictionem.

2354 3920 2499 3987 Quia
2528 3922 2685 3977 nobis
2714 3922 2957 3976 virorum
2982 3920 3259 3975 veracium
3290 3916 3588 3976 assertione,
3611 3907 3754 3977 quirem

2290 4011 2578 4083 diligenter
2604 4012 3026 4083 investigarunt,
3068 4018 3413 4079 compertum
3436 4016 3513 4062 est
3546 3999 3754 4059 cathedram

2293 4113 2461 4172 tuam,
2491 4119 2613 4174 quas
2641 4119 2784 4158 nunc
2814 4104 2955 4173 apud
2987 4102 3276 4158 Oritanum
3324 4096 3633 4168 municipium
3656 4087 3755 4144 lube

2288 4204 2403 4261 tur,
2435 4195 2576 4265 apud
2616 4193 2907 4248 Brundusii
2934 4193 3208 4248 civitatem
3240 4191 3530 4262 antiquitus
3555 4181 3753 4243 exstitisse,

2292 4295 2475 4357 postea
2526 4285 2751 4340 civitate
2788 4282 3030 4338 desolata
3086 4282 3139 4337 in
3184 4280 3469 4338 Oritanum
3509 4270 3752 4357 municipiltﬂl

2289 4394 2409 4435 esse
2427 4378 2768 4445 translatam,
2792 4392 2959 4444 nunc,
2985 4375 3285 4431 miserante
3306 4374 3542 4436 Domino,
3559 4356 3752 4422 Brundusii

2290 4481 2375 4528 est
2412 4470 2605 4526 civitas
2654 4470 2926 4535 restituta,
2975 4469 3226 4524 volumus
3268 4477 3324 4524 et
3353 4461 3605 4539 praesentis
3622 4452 3752 4527 pagi!ue

2291 4563 2617 4619 auctoritate
2666 4562 2947 4617 sancimus
2985 4570 3044 4615 ut
3089 4560 3279 4615 eadem
3320 4552 3613 4630 episcopalis
3637 4542 3752 4601 cathe-

2285 4655 2384 4710 dra
2414 4654 2782 4710 Brundusium
2821 4655 3114 4720 referatur,
3151 4668 3216 4709 eo
3267 4664 3452 4709 tenore
3498 4637 3751 4703 utGoll‘ridIIS

2286 4746 2540 4817 egregius
2584 4760 2773 4801 comes
2817 4756 3021 4802 noster,
3051 4746 3104 4801 in
3154 4745 3371 4800 Christo
3414 4742 3540 4796 ﬁlius
3570 4731 3749 4808 pollicitus

2283 4845 2389 4900 est,
2413 4845 2519 4891 etc.

2948 4969 3199 5027 CCLXX.

2285 5103 2487 5175 Urbani
2530 5104 2748 5175 epistola
2784 5105 2854 5157 ad
2916 5103 3136 5158 Vitalem
3177 5104 3519 5175 presbyterum

2352 5172 2513 5246 sem].
2543 5168 2610 5214 .'_
2635 5173 2702 5228 In
2740 5168 3290 5246 dignitate_:sertta'ttda
3327 5168 3744 5246 Simoniacit‘lf'”

2356 5232 2584 5299 ricordia
2613 5254 2777 5315 potest
2797 5232 3060 5315 impendi,
3090 5244 3138 5298 si
3172 5261 3258 5299 eos
3282 5246 3383 5298 vita
3410 5232 3687 5296 commenda!-

2732 5333 2903 5405 (Intra
2941 5349 3030 5388 an.
3065 5333 3407 5401 1088-1099.)

2497 5422 2787 5495 [Gnarum
2823 5422 3054 5489 Decret.,
3086 5423 3149 5478 C.
3193 5439 3230 5489 ι,
3262 5438 3349 5493 qu.
3385 5423 3436 5486 5,
3462 5434 3505 5472 e.
3535 5412 3600 5483 ἲ.)

2353 5514 2461 5570 Eos
2507 5515 2598 5585 qui
2644 5513 2928 5570 ecclesiam
2997 5489 3294 5582 emerunt,
3351 5513 3395 5569 si
3451 5515 3634 5580 persona
3668 5489 3741 5546 talis

2288 5606 2453 5661 fuerit
2487 5620 2652 5676 quam
2681 5606 2793 5661 vita
2839 5606 3207 5671 commendet,
3230 5604 3465 5661 videlicet
3494 5604 3541 5651 ut
3570 5594 3611 5647 in
3633 5594 3738 5641 σω·

2285 5699 2408 5762 niis,
2433 5698 2520 5753 vel
2543 5697 2888 5753 monasteriis
2916 5698 3247 5768 regulariter
3278 5698 3434 5759 vivat,
3473 5693 3519 5747 in
3542 5683 3606 5741 sui

2286 5787 2362 5839 ris
2413 5784 2611 5847 oll‘ieio,
2656 5783 3086 5839 misericorditer
3139 5776 3598 5841 condeseemlendo.
3636 5770 3733 5816 ³³³⁸
