3888 6322
98 364 186 419 529
1225 337 1577 400 EPISTOLE
1614 338 1699 396 ET
1748 334 2156 393 PRIVILECIA.

3221 331 3325 388 530

93 485 247 532 strare
274 450 634 530 concedimus,
667 438 885 532 absque.
905 466 1089 515 tamen
1140 466 1457 514 sanctorum
1483 471 1644 513 cano-
1672 460 1720 518 Α
1746 451 2008 524 Spiritum
2031 456 2299 513 sanctum,
2337 464 2446 520 quo
2474 448 2587 521 ipss
2615 445 2870 520 indignus
2899 451 3019 503 erat
3048 446 3328 516 (quoniam

93 578 203 622 nam
228 557 545 631 prajudicio.

703 644 980 702 CCLXXI.

89 748 158 803 Ad
180 745 424 803 eumdem.
455 772 522 783 -—
550 738 705 805 Filii,
730 738 807 794 vel
831 738 959 808 ﬁlia:
984 745 1106 792 ante
1166 736 1247 790 vel
1276 744 1391 806 post
1420 750 1631 803 compa-

203 812 685 883 ternitatemigeuiti
717 810 946 881 legitime
984 808 1232 878 conjungi
1266 814 1503 877 possunt.

506 903 673 974 (Intra
704 917 795 956 an.
832 897 1181 968 1088-1099.)

156 990 165 1001 ’
259 998 543 1072 [Gnarum
573 995 806 1060 Decret.,
830 992 889 1049 C.
924 1008 1056 1059 xxx,
1080 1006 1171 1062 qu.
1197 991 1254 1056 5,
1275 1005 1327 1046 c.
1357 989 1438 1062 4.]

147 1092 310 1162 Super
357 1087 555 1159 quibus
608 1084 842 1142 consulit
900 1099 1000 1140 nos
1057 1091 1148 1138 tua
1216 1080 1471 1149 dilectio,
1535 1080 1639 1136 hoc

84 1188 274 1241 videtur
313 1181 469 1237 nobis
517 1196 585 1236 ex
637 1177 909 1235 sententia
951 1174 1423 1247 respondendum;
1477 1180 1538 1228 ut
1585 1180 1640 1227 et

84 1266 355 1350 baptismus
374 1275 463 1339 sit,
488 1274 533 1329 si
562 1273 799 1328 instante
822 1269 1152 1326 necessitate
1182 1266 1383 1323 femina
1407 1279 1637 1334 puerum

85 1375 130 1427 in
155 1369 354 1425 nomine
383 1365 669 1421 Trinitatis
695 1361 1075 1433 baptizaverit,
1117 1368 1170 1416 et
1199 1359 1341 1430 quod
1378 1357 1636 1428 spiritua-

83 1460 195 1515 lium
216 1465 492 1529 parentum
520 1454 635 1520 lilii,
666 1452 752 1508 vel
794 1452 938 1517 ﬁlia,
970 1459 1125 1517 ante,
1158 1450 1241 1505 vel
1268 1457 1387 1520 post
1420 1462 1639 1518 compa-

87 1551 367 1607 ternitatem
399 1548 569 1618 geniti
602 1555 833 1619 possunt
861 1545 1103 1616 legitime
1128 1542 1406 1613 conjungi,
1441 1549 1640 1612 prater

84 1645 207 1701 illam
238 1656 521 1714 personam
568 1656 663 1713 per
689 1655 853 1711 quam
884 1647 1194 1708 compatres
1213 1645 1341 1691 sunt
1364 1632 1573 1691 eﬂ‘ecti.

693 1749 993 1808 CCLXXII.
1044 1813 1048 1816 _

1742 553 1801 599 ut
1827 543 2089 613 scriptum
2117 550 2218 604 est,
2249 540 2483 609 Spiritus
2536 549 2751 596 sanctus
2778 538 3072 609 dtsciplime
3114 538 3329 609 eﬂ'ugiet

1738 637 1918 707 [ictum
1943 635 2102 708 [Sap.
2136 633 2238 707 1]),
2280 633 2375 690 sed
2424 633 2568 700 ideo,
2599 640 2863 702 quantum
2926 632 2981 686 in
3022 631 3139 701 ipso
3186 640 3326 696 erat,

1740 743 1923 784 emere
1943 728 2133 793 voluit,
2185 735 2341 782 ntex.
2392 726 2702 782 venditione
2755 726 3034 795 signorum
3066 739 3187 795 qua
3234 738 3332 794 per

1739 821 1987 878 eumdem
2053 821 2255 877 flebant
2331 820 2747 891 multiplicatam
2818 819 3099 890 pecuniam
3166 833 3329 887 quam

1739 911 2014 969 obtulerat
2090 911 2417 969 lucraretur.
2490 908 2601 968 Nec
2657 909 2933 981 apostolus
2996 907 3328 979 emptionem

1741 1003 1984 1077 Spiritus
2020 1004 2197 1060 sancti
2222 1019 2384 1075 quam
2413 1004 2552 1060 bene
2580 1010 2804 1058 neverat
2830 1000 2947 1056 ﬁeri
2993 1015 3100 1055 non
3148 1015 3330 1071 posse,

1739 1095 1835 1150 sed
1862 1094 2214 1149 ambitionem
2242 1095 2367 1151 talis
2395 1103 2654 1165 quastus,
2675 1093 2726 1149 id
2749 1104 2832 1149 est
2854 1092 3162 1158 avaritiam,
3186 1091 3332 1163 quod

1740 1194 1825 1243 est
1847 1186 2115 1241 idolorum
2147 1186 2405 1253 servitus,
2443 1187 2498 1242 in
2543 1187 2735 1242 eodem
2781 1185 3002 1242 Simone
3029 1186 3328 1246 exhorruit,

1739 1286 1797 1334 et
1820 1278 2219 1334 maledictionis
2250 1278 2430 1349 iaculo
2460 1279 2711 1350 perculit.

1810 1369 2076 1442 Quisquis
2102 1372 2289 1443 itaque
2317 1387 2406 1427 res
2428 1371 2837 1427 ecclesiasticas
2882 1386 3005 1441 qtae
3050 1368 3142 1423 Dei
3194 1370 3333 1423 dona

1740 1470 1887 1530 sunt,
1918 1463 2174 1533 quoniam
2229 1479 2258 1518 a
2306 1464 2416 1519 Deo
2472 1460 2721 1518 ﬁdelibus
2782 1470 2836 1517 et
2871 1476 2900 1516 a
2953 1459 3199 1515 ﬁdelibus
3224 1459 3335 1514 Deo

1741 1556 2040 1621 donantur,
2069 1569 2302 1626 quaque
2324 1555 2393 1610 ab
2440 1554 2631 1610 eodem
2660 1553 2829 1625 gratis
2878 1552 3244 1624 accipiuntur,
3279 1560 3335 1605 et

1739 1644 1864 1701 ideo
1888 1647 2058 1718 gratis
2111 1647 2231 1702 dari
2279 1646 2498 1713 debent,
2546 1655 2768 1717 propter
2816 1660 2911 1701 sua
2960 1644 3109 1699 lucra
3149 1643 3336 1698 vendit

1738 1736 1826 1793 vel
1855 1738 2009 1806 emit,
2044 1752 2169 1793 cum
2218 1738 2410 1794 eodem
2466 1736 2689 1793 Simone
2736 1735 2937 1791 donum
2964 1736 3059 1791 Dei
3100 1734 3353 1806 pecunia.

84 1846 151 1899 Ad
183 1847 425 1901 eumdem.
447 1873 522 1885 ——
553 1841 699 1897 Uxor
721 1842 878 1897 simul
901 1857 1019 1895 cum
1056 1840 1165 1895 viro
1201 1838 1372 1908 [ilium
1406 1836 1637 1909 alicujus
1664 1828 1712 1889 Β
1740 1829 2006 1900 possideri
2060 1830 2360 1885 existimat.
2416 1829 2541 1885 Ideo
2598 1829 2688 1899 qui
2725 1828 2940 1884 easdem
2980 1843 3068 1882 res
3105 1843 3211 1881 non
3266 1827 3334 1879 ad

425 1917 484 1970 in
512 1916 821 1981 baptismate
849 1928 952 1967 non
983 1910 1257 1980 suscipiat.

497 2006 667 2077 (Intra
703 2021 793 2060 an.
830 2002 1181 2075 1088-1099.)

233 2082 539 2169 .[Gua'rtam
576 2095 807 2161 Decret.,
830 2094 891 2149 C.
917 2110 1048 2162 xxx,
1080 2110 1173 2164 qtt.
1196 2092 1254 2159 4,
1286 2109 1336 2149 c.
1361 2092 1440 2166 6.]

143 2190 275 2257 Quod
298 2200 479 2245 autem
513 2204 649 2245 uxor
674 2203 797 2244 cum
822 2187 1020 2242 marito
1043 2187 1096 2241 in
1118 2185 1449 2256 baptismate
1475 2184 1640 2240 simul

85 2297 177 2336 non
195 2281 374 2336 debeat
396 2280 678 2351 suscipere
703 2290 949 2351 puerum,
977 2278 1121 2334 nulla
1149 2279 1473 2334 auctoritate
1495 2291 1642 2349 repe-

87 2372 204 2426 ritur
214 2372 555 2441 pronibitum.
571 2368 677 2425 Sed
695 2378 750 2424 ut
762 2370 971 2442 pnritas
987 2369 1067 2440 spi
1078 2368 1286 2424 ritualis
1298 2366 1643 2438 paternitatis

85 2464 143 2518 ab
156 2463 283 2518 omni
298 2461 421 2521 labe
436 2471 501 2517 et
518 2460 735 2519 infamia
749 2469 1100 2517 conservetur
1122 2460 1398 2525 immunis,
1421 2459 1641 2527 dignum

86 2569 185 2610 esse
220 2554 575 2610 decernimus
609 2561 666 2608 ut
697 2554 914 2623 utrique
960 2552 1183 2608 insimul
1220 2552 1290 2607 ad
1341 2552 1445 2606 hoc
1493 2551 1642 2621 aspi-

84 2661 186 2702 rare
209 2647 417 2703 minime
454 2654 807 2717 prasumant.
834 2644 969 2712 Quia
1000 2658 1129 2701 vero
1170 2643 1448 2714 piaculare
1481 2640 1637 2711 ﬂagi-

85 2736 195 2790 tium
243 2737 549 2802 commisit,
615 2735 708 2805 qui
767 2735 978 2790 duabus
1037 2732 1425 2789 commatribus
1493 2729 1644 2784 velut

84 2825 261 2881 duabus
314 2824 601 2881 sororibus
658 2825 871 2895 nupsit,
940 2838 1133 2894 magna
1188 2820 1341 2891 juxta
1421 2820 1640 2876 modum

86 2915 228 2987 culpa
254 2916 575 2986 poenitentia
602 2915 705 2972 sibi
737 2915 895 2971 debet
925 2913 1155 2986 injungi.

689 3027 1007 3084 CCLXXIII.

84 3121 149 3174 Ad
176 3123 398 3189 Lucium,
419 3122 767 3191 rte-repositum
797 3121 981 3177 Sancti
997 3118 1248 3173 Iuventii.
1274 3116 1435 3191 -—-D_e
1465 3116 1638 3191 ualere

1742 1921 1851 1978 hoc
1875 1921 1943 1976 ad
1988 1921 2134 1992 quod
2163 1920 2425 1977 instituta
2471 1930 2618 1988 sunt,
2673 1920 2766 1975 sed
2794 1920 2861 1974 ad
2903 1918 3120 1990 propria
3162 1918 3332 1977 lucra,

1740 2029 1967 2071 munere
2000 2013 2239 2085 lingua,
2272 2012 2357 2068 vel
2390 2013 2619 2069 indebiti
2667 2011 2938 2082 obsequii,
2972 2011 3056 2067 vel
3106 2010 3343 2081 pecunia

1740 2106 1974 2177 largitur
2011 2106 2097 2163 vel
2125 2107 2467 2178 adipiscitur,
2499 2105 2845 2162 Simoniacus
2896 2114 3002 2172 est,
3032 2120 3151 2160 cum
3184 2104 3333 2174 prin-

1741 2200 1931 2272 cipalis
1957 2201 2188 2256 intentio
2220 2200 2458 2256 Simonis
2494 2199 2660 2254 fuerit
2700 2198 2816 2256 sola
2858 2196 3104 2269 pecunia
3154 2195 3333 2250 avari-

1743 2291 1836 2357 tia,
1860 2290 1913 2346 id
1936 2300 2020 2347 est
2048 2290 2377 2355 idololatria,
2418 2299 2478 2345 ut
2515 2290 2591 2345 ait
2614 2289 2888 2359 apostolus
2935 2288 3157 2343 Paulus.
3186 2286 3334 2340 Alio-

1740 2382 1869 2453 quin
1900 2397 2004 2438 cur
2058 2381 2297 2455 synodus
2322 2381 2786 2438 Chalcedonensis
2818 2388 3198 2435 sexcentorum
3233 2377 3333 2430 tri-

1746 2474 1899 2545 ginta
1949 2474 2327 2544 episcOporum
2384 2482 2797 2542 procuratorem
2849 2469 2934 2523 vel
2994 2467 3345 2524 defensorem.

1739 2563 2024 2629 Ecclesia,
2076 2562 2162 2618 vel
2209 2575 2539 2633 quemquam
2588 2559 2786 2631 regula
2824 2558 3151 2629 subjectum,
3197 2556 3333 2611 adeo

1741 2665 1841 2721 per
1890 2649 2179 2721 pecuniam
2221 2646 2468 2703 ordinari
2520 2646 2797 2717 prohibet,
2831 2653 2892 2699 ut
2938 2646 3351 2698 interventores.

1740 2758 1957 2814 quoque
1981 2742 2119 2797 tanti
2150 2740 2374 2798 sceleris
2401 2738 2850 2803 anathematizet,
2877 2737 2979 2791 nisi
3028 2734 3172 2806 quod
3210 2748 3335 2788 cos-

1741 2835 1863 2891 dem
1902 2834 2246 2891 Simoniacos
2283 2832 2536 2904 iudicet?
2573 2828 2729 2897 Quod
2776 2828 2821 2884 si
2867 2826 3079 2899 praefati
3130 2825 3339 2881 milites

1741 2927 2001 2984 Ecclesia
2026 2926 2097 2983 ob
2146 2923 2307 2994 hujus
2336 2923 2514 2980 scelus
2538 2921 2719 2978 taliter
2744 2919 3137 2991 percelluntur,
3171 2931 3333 2973 nemo

1740 3020 1958 3090 sapiens
1978 3018 2202 3090 negabit
2232 3032 2338 3071 non
2365 3014 2664 3070 militantes
2708 3011 2964 3067 Ecclesia
2985 3009 3155 3065 multo
3180 3009 3333 3064 dam.-

1740 3111 1974 3168 nabilius
1992 3112 2135 3166 hanc
2168 3110 2237 3165 ob
2264 3122 2510 3175 causam,
2534 3105 2588 3162 id
2610 3113 2693 3161 est
2726 3103 3051 3160 venditionis
3093 3100 3178 3156 vel
3220 3115 3333 3157 eme-

141 3188 743 3277 baptisnti4aliorui‘nque
774 3200 1228 3245 sacramentorum
1276 3205 1308 3242 a
1337 3188 1633 3246 criminosis
1664 3190 1709 3254 C
1739 3204 1968 3277 ριεοηίε,
1993 3204 2193 3259 debere
2222 3200 2467 3272 pel-cem.

139 3264 477 3318 sacerdotibus
509 3262 844 3318 collatorum.

516 3383 682 3455 (Intra
708 3397 798 3437 an.
832 3381 1189 3450 1088—1099.)

449 3472 669 3545 [tum
704 3470 907 3529 Concil.
936 3470 1057 3538 xx,
1086 3470 1237 3545 660.]

142 3562 369 3621 URBANUS
399 3566 717 3635 episcopus,
746 3578 935 3619 servus
988 3578 1269 3618 servorum
1300 3561 1417 3627 Dei,
1441 3560 1638 3615 dilecto

83 3656 176 3712 ﬁlio
206 3658 378 3727 Lucro,
410 3658 708 3730 praposito
736 3656 981 3712 ecclesia
1012 3656 1198 3711 Sancti
1232 3652 1469 3710 Juventii
1499 3653 1638 3723 apud

81 3745 316 3816 Ticinum,
346 3751 579 3806 salutem
608 3760 663 3806 et
682 3749 1031 3821 apostolicam
1056 3745 1511 3803 benedictionem.

141 3840 369 3898 Salvator
388 3842 651 3915 pradixit
680 3842 734 3896 in
758 3841 1051 3912 Evangelio
1072 3841 1219 3895 circa
1251 3838 1416 3894 linem
1456 3838 1636 3894 saculi

81 3933 497 3999 pseudochristos
546 3941 602 3988 et
623 3931 1121 4003 pseudoprophetas
1150 3944 1394 4000 surgere,
1419 3938 1475 3985 et
1502 3930 1639 3985 mul-

84 4033 155 4079 tos
177 4028 448 4097 seducere,
479 4035 533 4084 et
558 4027 746 4082 fideles
778 4041 906 4082 suos
937 4026 990 4081 in
1035 4025 1240 4080 mundo
1263 4024 1461 4081 multas
1484 4025 1640 4081 habi-

84 4125 211 4171 turos
233 4135 517 4188 prcssuras
543 4137 558 4187 ;
589 4119 685 4175 sed
739 4127 917 4174 tamen
951 4127 1137 4189 portas
1168 4116 1326 4173 inferi
1379 4118 1641 4173 adversus

82 4204 351 4268 Ecclesium
400 4227 512 4268 non
564 4212 972 4283 pravalituras.
1021 4209 1182 4264 Proin
1233 4209 1404 4280 quia,
1459 4218 1520 4265 ut
1564 4211 1641 4265 ait

81 4298 339 4368 Apostolus
391 4304 447 4378 (Ι
478 4304 599 4359 Cor.
632 4304 731 4375 χι),
771 4312 970 4374 oportet
1017 4302 1240 4357 haereses
1284 4318 1414 4368 esse,
1465 4311 1520 4356 ut
1550 4303 1640 4374 qui

81 4390 258 4458 probati
282 4406 399 4449 sunt
431 4395 699 4464 manifesti
747 4395 899 4464 ﬁant,
931 4402 1147 4466 oportet
1193 4408 1294 4449 nos
1348 4408 1473 4449 cum
1514 4408 1643 4464 pro—

83 4478 220 4548 pheta
248 4498 310 4539 ex
352 4488 585 4542 adverso
646 4485 960 4550 ascendere,
1018 4492 1074 4539 et
1119 4498 1331 4538 murum
1366 4498 1641 4554 opponere

1810 3297 1917 3355 Sed
1942 3306 1997 3353 et
2019 3297 2216 3353 beatus
2268 3292 2638 3366 praedecessor
2684 3296 2874 3345 noster
2908 3284 3187 3342 Paschalis
3215 3283 3333 3355 (5t)

1741 3389 1807 3444 de
1837 3388 2272 3450 consecratione,
2319 3393 2376 3440 et
2407 3382 2476 3438 de
2510 3384 2675 3436 rebus
2720 3394 2843 3450 qua
2891 3374 3216 3448 proveniunt
3265 3388 3335 3428 ex

1740 3480 2173 3544 consecratione,
2188 3476 2422 3532 allirmat
2443 3474 2585 3545 quod
2607 3472 2855 3544 quisq-tis
2882 3469 3118 3525 alterunt
3142 3482 3333 3523 eorum

1739 3570 1948 3636 vendit,
1976 3571 2099 3626 sine
2120 3584 2228 3640 quo
2267 3568 2500 3623 alterum
2527 3564 2732 3621 habere
2778 3577 2884 3617 non
2932 3568 3132 3632 potest,
3176 3566 3336 3614 neut-

1740 3679 1859 3719 rum
1888 3678 1998 3719 non
2025 3661 2304 3718 venditum
2333 3657 2686 3728 derelinquit.
2720 3656 2801 3711 Ac
2826 3668 2922 3725 per
2954 3653 3059 3709 hoc
3081 3666 3205 3707 eum
3238 3648 3332 3719 qui

1738 3772 1853 3813 rem
1877 3756 2135 3813 Ecclesia
2158 3754 2342 3810 vendit
2362 3752 2447 3808 vel
2470 3751 2604 3807 emit
2629 3748 2999 3806 Simoniacum
3026 3742 3278 3815 intelligit
3305 3758 3320 3805 ;

1738 3849 1795 3903 in
1820 3846 2040 3902 nomine
2067 3860 2199 3901 vero
2220 3842 2595 3915 procuratoris
2618 3839 2869 3908 intelligit
2893 3836 3116 3909 prafata
3176 3849 3336 3905 syno-

1737 3938 1838 3995 dus
1860 3935 2163 4008 quemlibet.
2212 3933 2710 3991 ecclesiasticarum
2756 3944 2940 3986 rerum
2985 3926 3334 3983 administra-

1739 4036 1936 4094 torem,
1961 4034 2022 4081 ut
2045 4040 2159 4082 ver.
2189 4022 2676 4095 gr..prapositum,
2703 4032 3072 4085 ceconomum,
3115 4016 3335 4072 vicedo-

1739 4120 1987 4174 minum:
2038 4116 2343 4174 defensoris
2367 4114 2589 4170 nomine
2629 4114 2955 4169 advocatum
2992 4109 3107 4165 sive
3137 4106 3336 4164 castal-

1740 4212 1893 4278 dum,
1926 4220 1982 4267 et
2001 4210 2274 4279 judicem:
2304 4209 2359 4266 in
2386 4206 2634 4278 subiecto
2671 4205 2871 4279 regula
2897 4201 3334 4273 archipresbyte—

1736 4316 1884 4367 rum,
1938 4298 2410 4366 archidiaconum,
2466 4297 2807 4363 canonicum,
2852 4294 3198 4361 monachum,
3249 4291 3339 4349 vel

1739 4391 2039 4461 quemlibet
2086 4389 2462 4446 ecclesiastico
2504 4387 2871 4458 mancipatum
2920 4385 3116 4443 ollicio.
3177 4384 3332 4451 Quod

1740 4498 1870 4538 vero
1897 4481 2157 4554 Spiritum
2199 4491 2470 4549 sanctum,
2523 4489 2789 4551 quantum
2820 4479 2876 4535 in
2914 4492 2974 4535 se
3008 4486 3118 4543 est,
3133 4474 3335 4545 vendat

84 4582 167 4636 pro
194 4573 346 4630 domo
378 4575 572 4641 Israel,
597 4586 652 4631 et
681 4591 804 4632 cum
835 4575 1025 4631 eodem
1048 4575 1293 4646 apostolo
1323 4588 1420 4644 per
1440 4575 1638 4631 multas
1668 4564 1717 4626 D
1745 4573 1829 4629 vel
1851 4581 1997 4629 emat
2023 4573 2114 4642 qui
2138 4572 2555 4643 praposituram
2578 4570 2666 4627 vel
2684 4569 2990 4640 huiusmodi
3032 4567 3219 4624 vendit
3243 4566 3341 4628 vel

88 4662 439 4725 tribulatioues
465 4669 672 4724 intrare
719 4668 772 4723 in
799 4684 1023 4739 regnum
1065 4668 1182 4735 Dei,
1208 4671 1351 4724 unde
1376 4683 1483 4723 non
1512 4677 1639 4725 sunt

86 4754 339 4826 condigna
400 4759 685 4831 passiones
737 4759 897 4830 hujus
956 4762 1217 4831 temporis
1273 4763 1341 4817 ad
1402 4761 1639 4817 futuram

85 4842 287 4909 gloriam
345 4865 467 4919 qua
531 4850 863 4906 revelabitur
923 4851 978 4906 in
1041 4851 1217 4906 nobis.
1287 4852 1457 4925 Igitur
1512 4854 1639 4925 quia

87 4930 341 4993 iunotuisti
366 4941 523 4996 nobis
549 4942 695 5012 quod
723 4942 816 4997 tibi
845 4942 1102 5012 obiicitur
1131 4960 1144 4997 :
1185 4943 1381 4999 Utrum
1408 4950 1642 5003 vendere

87 5023 487 5085 ecclesiasticam
505 5047 618 5086 rem
636 5030 1004 5086 Simoniacum
1027 5031 1132 5088 sit?
1158 5033 1259 5089 hoc
1273 5033 1642 5092 Simoniacum

88 5124 193 5167 esse
243 5124 492 5185 patenter
541 5120 815 5191 colligitur
862 5137 929 5177 ex
982 5123 1085 5177 hoc
1142 5124 1286 5195 quod
1334 5125 1394 5181 Β.
1450 5126 1645 5183 Petrus

89 5205 346 5268 apostolus
392 5210 468 5264 ait
527 5210 736 5266 Simoni
775 5209 1073 5268 :"Pecunia
1123 5221 1216 5266 tua
1259 5225 1429 5270 tecum
1474 5218 1541 5272 sit
1591 5219 1644 5272 in

90 5297 413 5359 perditionem
439 5341 455 5368 ,
503 5303 629 5367 quia
672 5303 983 5360 existimasti
1036 5307 1230 5365 donum
1288 5308 1386 5363 Dei
1427 5311 1646 5379 pecunia

89 5388 326 5450 possideri
348 5391 487 5463 (Act.
519 5394 662 5465 vtu).
695 5395 908 5452 Donum
949 5399 1149 5470 quippe
1176 5400 1272 5456 Dei
1300 5407 1384 5456 est
1412 5400 1646 5472 Spiritus

91 5483 314 5544 sanctus,
342 5488 397 5535 et
419 5481 617 5538 donum
639 5484 732 5540 Dei
754 5494 839 5541 est
871 5501 957 5543 res
982 5488 1150 5558 ipsius
1173 5489 1415 5546 ecclesia
1442 5492 1644 5547 oblata.

94 5560 154 5617 Et
198 5567 239 5622 si
288 5571 426 5627 bene
474 5576 736 5645 advertis,
765 5577 953 5635 Simon
1011 5581 1218 5654 Magos,
1265 5584 1358 5655 qui
1407 5584 1532 5641 flete
1581 5588 1648 5641 ad

92 5654 239 5715 tidem
286 5669 514 5725 accessit
555 5710 571 5737 ,
625 5686 731 5727 non
801 5670 1064 5743 Spiritum
1122 5654 1368 5735 sanctum
1429 5690 1648 5751 propter

154 5799 261 5873 (5|)
297 5805 569 5870 Paschalis
606 5813 830 5884 primus.

1740 4664 1897 4728 emit,
1931 4661 2057 4717 audi
2111 4662 2473 4733 Augustinum
2522 4675 2685 4731 super
2731 4660 2992 4716 Joannem
3026 4675 3040 4713 :
3077 4676 3097 4711 α
3132 4656 3177 4714 Ο
3203 4666 3336 4729 quot

1742 4756 2019 4828 proposita
2044 4754 2293 4811 fecerunt
2320 4755 2334 4809 l
2358 4754 2603 4809 Alterum
2631 4753 2970 4825 propositum
3000 4751 3165 4807 habet
3199 4749 3334 4806 Car-

1753 4845 1973 4916 thagine
1995 4844 2322 4908 Primianus,
2372 4843 2600 4899 alterum
2647 4843 2812 4899 habet
2841 4841 3222 4908 Maximianus,
3259 4838 3335 4893 al-

1746 4950 1923 4996 terum
1970 4939 2137 4995 habet
2188 4937 2243 4993 in
2285 4936 2615 4991 Mauritania
2660 4935 2921 5007 Rogatus,
2954 4933 3187 4989 alterum
3238 4933 3335 4995 ha-

1744 5032 1875 5088 bent
1903 5031 1958 5085 in
1990 5029 2240 5084 Numidia
2279 5029 2354 5084 illi
2380 5038 2437 5085 et
2467 5029 2540 5083 illi
2570 5042 2706 5098 quos
2734 5026 2846 5096 jam
2900 5042 3001 5085 nec
3049 5026 3338 5082 nominare

1744 5123 2060 5179 sollicitans.
2088 5121 2353 5178 Circumit
2373 5135 2504 5191 ergo
2541 5118 2737 5189 aliquis
2760 5133 2945 5173 emere
2966 5117 3273 5183 columbam
3302 5117 3327 5169 ?

1746 5218 2120 5289 unusquisque
2148 5217 2485 5287 propositum
2509 5230 2665 5269 suum
2702 5214 2886 5269 laudat
2911 5214 3053 5284 quod
3077 5212 3283 5279 vendit,
3308 5232 3327 5265 ι

1745 5318 1851 5365 etc.

1816 5399 1955 5455 Ecce
1985 5396 2309 5453 venerabilis
2334 5397 2666 5467 Augustinus
2694 5396 2761 5452 de
2805 5396 3177 5467 prapositura
3212 5395 3329 5452 dis—

1757 5491 2020 5546 traetione
2066 5502 2252 5560 agens,
2316 5488 2373 5543 in
2410 5487 2628 5543 nomine
2666 5486 2931 5545 columba
2989 5488 3161 5543 sancti
3210 5486 3332 5555 Spi-

1753 5582 1890 5638 ritus
1911 5581 2277 5637 venditionem
2314 5580 2405 5636 vel
2463 5580 2790 5651 emptionem
2845 5581 3061 5652 accipit,
3116 5579 3256 5635 sicut
3281 5587 3343 5634 et

1752 5688 1941 5729 omnes
1968 5672 2125 5744 hujus
2167 5672 2464 5742 evangelici
2513 5674 2733 5744 capituli
2784 5683 3126 5731 tractatores.
3186 5668 3336 5726 Pen-
