3900 6322
628 303 736 360 ’531

1867 367 1874 371 .
1924 321 1984 376 Β.
2024 312 2201 377 UllBA

2319 318 2357 374 ll
2396 319 2595 377 PAPJE
3174 350 3178 354 ί
3700 334 3762 393 532

630 423 871 478 nandum
894 437 1023 479 vero
1044 434 1127 480 est
1155 444 1259 497 qua
1289 445 1447 500 paena
1477 433 1891 520 multeutur‘qui
1910 435 2022 505 iam
2055 438 2165 492 Deo
2181 445 2235 493 et
2264 441 2311 500 Α
2340 450 2463 491 cum
2487 435 2681 491 zabulo
2723 446 3087 507 computatur,
3130 438 3221 518 sed
3278 455 3367 517 per
3402 441 3529 496 illum
3558 443 3700 503 Christi
3716 468 3765 504 sa.

640 512 898 567 Ecclesia:
915 529 1023 567 sua:
1037 514 1213 571 oblata
1230 521 1467 577 vendunt
1484 523 1566 578 vel
1581 512 1795 590 emunt,
1806 512 1850 580 si
1866 540 1986 580 cum
2002 524 2229 596 ﬂagellis

640 614 673 654 a
706 600 797 654 Dei
827 600 1023 672 templo
1042 600 1197 670 eiecti
1220 616 1365 673 sunt,
1388 608 1482 677 qui
1512 626 1632 681 qua:
1654 612 1759 668 Deo
1782 623 1939 669 erant
1955 612 2227 670 otferenda

620 724 625 728 ι
642 689 936 746 vendebant
965 692 1045 747 vel
1059 695 1331 753 emebant.
1348 696 1405 754 Si
1429 700 1496 756 de
1518 701 1914 760 otl‘erendorum
1932 706 2226 762 venditori-

635 780 738 835 luts
766 780 849 835 vel
863 786 1197 854 emptoribus
1212 788 1414 847 dictum
1432 802 1517 850 est
1532 811 1547 849 :
1564 792 1663 850 Vos
1679 796 1875 865 fecistis
1890 798 2101 853 domum
2123 796 2229 853 Pa-

634 874 731 927 tris
760 875 863 928 mei
880 875 1093 932 domum
1119 883 1513 952 negotiationis,
1546 896 1595 941 et
1631 888 1932 958 speluncam
1963 890 2228 946 latronum

634 963 816 1024 (Joan.
848 984 917 1033 tt,
956 969 1053 1033 l6;
1087 970 1258 1028 Marc.
1299 991 1386 1040 ιι,
1421 979 1541 1047 li),
1584 981 1713 1050 quid
1765 981 1974 1037 dicetur
2001 984 2115 1053 iam
2162 985 2229 1039 de

633 1055 889 1134 Ecclesiae
920 1060 1225 1117 oblatorum
1251 1066 1621 1125 venditoribus
1653 1070 1733 1125 vel
1760 1073 2137 1143 emptoribus?
2160 1074 2227 1129 Et

640 1166 708 1202 ne
735 1150 860 1220 quis
887 1151 1109 1210 insanus
1131 1156 1355 1226 obiiciat
1398 1161 1593 1227 merito
1646 1163 1746 1218 hos
1799 1164 2095 1221 Dominum
2118 1174 2227 1222 tam

634 1244 832 1297 acerbe
873 1244 1196 1313 vindicasse,
1228 1248 1353 1318 quia
1404 1261 1528 1306 tunc
1558 1252 1644 1307 illa
1693 1254 1745 1308 itt
1774 1254 1867 1311 Dei
1902 1257 2118 1326 templo,
2140 1272 2229 1313 ec-

632 1334 955 1399 clesiastica:
977 1353 1103 1393 vero
1133 1354 1221 1395 res
1252 1343 1412 1397 modo
1438 1354 1592 1397 extra
1624 1346 1891 1417 templum
1921 1347 2227 1405 distrahan-

633 1434 743 1488 tur,
772 1425 1012 1481 attendat
1036 1442 1198 1498 super
1221 1429 1306 1484 his
1330 1431 1616 1502 Augustini
1644 1451 1747 1491 non
1778 1436 2224 1515 determinantem

632 1514 809 1570 locum
843 1519 1171 1577 venditionis
1219 1522 1300 1576 vel
1331 1526 1621 1593 emptionis
1680 1514 2101 1597 propositorum,
2128 1531 2221 1587 sed

635 1614 843 1661 tantunt
906 1606 1185 1673 indeﬁnite
1252 1611 1521 1668 dicentem
1569 1633 1582 1669 :
1637 1635 1661 1669 ι
1706 1615 1975 1673 Circumit
2023 1618 2224 1690 aliquis

631 1711 812 1751 emere
839 1697 1189 1755 columbam?
1226 1720 1244 1754 ι
1275 1705 1642 1775 unusquisque
1681 1709 2014 1778 propositum
2064 1726 2221 1767 suum

2336 534 2677 580 crantenttnn
2744 543 2852 581 non
2915 527 3333 595 contaminatur.
3381 529 3513 597 Quod
3562 548 3635 602 per
3678 538 3764 594 illurn

2332 615 2474 679 ﬂuit,
2504 630 2695 684 purum
2750 627 2855 681 est,
2906 618 3053 688 quod
3091 632 3186 688 per
3225 618 3369 674 illutn
3401 624 3582 687 transit,
3602 624 3766 693 liquidum

2330 718 2438 761 est.
2478 725 2495 759 ι
2538 707 2671 763 item
2709 726 2725 763 :
2759 728 2778 762 ι
2812 710 3125 781 Spiritualis
3181 727 3310 767 vero
3362 712 3514 768 virtus
3552 725 3767 776 sacrauerat

2328 797 2403 852 ita
2432 807 2515 853 est
2540 808 2597 853 ut
2641 800 2754 866 lux,
2778 816 2899 871 quae
2950 810 3006 856 et
3030 802 3099 857 ab
3128 802 3477 860 illuminandis
3509 823 3615 876 pura
3643 812 3765 879 enipi-

2329 898 2437 958 tur,
2470 900 2547 957 et,
2584 893 2628 947 si
2657 909 2753 964 per
2794 894 3069 950 immunda
3117 906 3381 961 transeat,
3417 914 3511 951 non
3548 900 3768 969 inquinatur.

2329 984 2477 1049 Quos
2524 984 2764 1055 baptizat
2806 985 3093 1052 ebriosus,
3129 1003 3265 1058 quos
3312 989 3529 1058 baptizat
3566 982 3769 1053 homicith,

2327 1070 2464 1141 quos
2483 1073 2720 1143 baptizat
2749 1075 2984 1145 adulter,
3021 1077 3273 1133 Christus
3297 1077 3534 1149 baptism.
3552 1098 3567 1129 ι
3590 1078 3769 1135 Etcum

2328 1163 2655 1234 huiusmodi.
2703 1168 2957 1224 Attamen
3000 1169 3314 1226 decessores
3361 1173 3520 1226 nostri
3544 1171 3771 1229 Nicolaum

2326 1255 2623 1328 Gregorius
2653 1274 2682 1313 a
2717 1260 2899 1315 missis
2947 1262 3318 1329 sacerdotum,
3364 1277 3490 1332 quos
3521 1263 3630 1317 tales
3660 1280 3769 1319 men

2325 1362 2448 1403 esse
2491 1350 2825 1417 constiterit,
2878 1352 3066 1408 ﬁdeles
3098 1352 3374 1411 abstinere
3413 1356 3710 1420 decreverunt,
3741 1371 3771 1411 ll

2324 1450 2380 1495 et
2426 1443 2685 1511 peccandi
2712 1443 2985 1499 licentiam
3017 1446 3229 1501 caneris
3274 1448 3549 1515 auferrent,
3590 1460 3631 1503 et
3664 1450 3771 1520 huius

2320 1520 2468 1586 inedi
2496 1550 2497 1553 η
2522 1532 2590 1587 ad
2640 1534 2815 1604 digna:
2879 1536 3218 1606 paenitentia:
3284 1538 3504 1594 lamenta
3550 1555 3768 1595 revocarent

2326 1618 2554 1695 Scripsit
2601 1625 2704 1682 hoc
2734 1628 3102 1697 przedecessor
3146 1639 3334 1685 noster
3368 1630 3629 1702 Gregorius
3657 1632 3771 1685 ltoer

2324 1720 2431 1789 pho
2458 1730 2512 1776 et
2556 1718 2848 1778 Bertholdo
2877 1723 3105 1793 ducibus
3156 1724 3301 1779 inter
3335 1734 3516 1780 cetera
3557 1724 3772 1795 (Garounu

632 1788 815 1844 laudat
868 1792 1012 1861 quod
1046 1793 1271 1862 vendit,
1324 1810 1431 1851 non
1475 1797 1757 1866 adiiciens,
1791 1799 1846 1853 in
1894 1802 2093 1871 templo
2138 1804 2220 1858 vel
2255 1812 2297 1869 Β
2328 1788 2439 1878 VII,
2466 1813 2557 1869 lib.
2589 1830 2648 1881 υ,
2685 1814 2847 1885 epist.
2900 1814 2992 1886 45)
3024 1831 3040 1870 :
3086 1790 3111 1867 ζ
3156 1813 3402 1872 Ollicium
3432 1788 3771 1876 ,Sintouiacoruu.

629 1890 784 1935 extra
822 1883 1098 1953 templum.
1126 1884 1251 1941 llaec
1275 1897 1463 1943 contra
1496 1890 1799 1947 venditores
1842 1890 2219 1963 veiemptores

628 1988 905 2029 sacrarunt
933 1990 1135 2031 rerum.

698 2063 780 2117 Ad
810 2064 912 2119 hoc
940 2080 1067 2120 vero
1092 2072 1235 2137 quod
1267 2068 1320 2124 in
1356 2070 1599 2140 epistola
1618 2080 1706 2127 tua
1728 2074 1996 2145 sequitur,
2022 2075 2075 2131 id
2101 2086 2213 2132 est:

540 2226 543 2227 ν
610 2156 822 2212 .Utrum
845 2158 1064 2214 obedire
1098 2162 1427 2219 tentantibus
1454 2166 1522 2221 ad
1566 2176 1797 2223 mortem
1835 2169 1988 2225 nefas
2014 2170 2089 2226 sit
2116 2172 2140 2225 ?
2164 2182 2219 2228 et

627 2248 773 2303 circa
802 2248 961 2304 linem
989 2248 1229 2319 ejusdem
1276 2254 1520 2323 epistolae
1569 2257 1671 2313 hoc
1710 2259 1852 2313 idem
1888 2260 2086 2316 iterum
2139 2262 2219 2318 in-

628 2338 897 2405 culcatur,
946 2342 1076 2397 illud
1109 2345 1254 2399 beati
1304 2345 1451 2402 Petri
1498 2349 1887 2418 respondemus
1926 2369 1942 2406 :
1995 2351 2217 2408 Obedire

612 2432 741 2493 Deo
777 2445 980 2504 oportet
1014 2438 1181 2509 magis
1232 2455 1392 2510 quam
1433 2442 1731 2498 hominibus
1752 2443 1893 2513 (Act.
1924 2445 1997 2515 v).
2027 2444 2084 2501 ln
2110 2462 2217 2516 quo

631 2526 883 2596 exemplo
903 2528 1200 2583 notandum
1249 2537 1331 2584 est
1358 2530 1668 2587 hominibus
1712 2534 1981 2589 interdum
2009 2536 2215 2592 obediri

627 2616 848 2683 debere,
881 2618 975 2674 sed
1008 2621 1182 2693 magis
1226 2622 1338 2678 Deo
1369 2640 1384 2689 ;
1423 2624 1734 2681 hominibus
1762 2627 1980 2698 quidem
2032 2629 2084 2684 in
2133 2630 2216 2686 his

626 2725 746 2779 quae
773 2720 965 2767 contra
991 2713 1153 2769 (idem
1182 2724 1237 2771 et
1279 2715 1594 2787 religionem
1642 2734 1751 2774 non
1776 2729 1925 2789 sunt,
1958 2724 2213 2793 quoniam

624 2802 776 2858 cives
805 2801 1106 2861 Jerusalem
1129 2805 1358 2877 legimus
1382 2807 1674 2878 Babylonis
1695 2810 1914 2868 civibus
1931 2814 2211 2882 militasse,

611 2906 687 2949 aut
712 2908 960 2952 sanctum
1001 2897 1199 2970 Joseph
1223 2909 1279 2956 et
1306 2902 1484 2957 socios
1504 2900 1743 2959 Danielis
1771 2921 1787 2970 ;
1838 2920 2068 2975 quorum
2099 2907 2214 2977 pri-

608 3004 748 3045 »mus
774 2998 1020 3060 stuprum
1075 2992 1328 3057 dominae,
1359 3002 1649 3063 sequentes
1690 3010 1823 3052 vero
1854 2997 2212 3053 idololatriam

622 3084 1029 3153 perhorrentes,
1064 3088 1176 3141 rem
1207 3085 1476 3157 publicam
1515 3094 1574 3143 et
1612 3087 2043 3160 alienigenarum
2066 3089 2216 3160 prin-

2321 1913 2375 1958 et
2424 1904 2478 1958 in
2532 1903 2894 1960 fornicatione
2934 1905 3237 1975 iacentium
3287 1906 3510 1963 scientes
3554 1907 3664 1963 nullo
3684 1911 3773 1963 muti

2323 1995 2643 2066 recipiatis,
2686 1982 2767 2051 et
2818 1993 3101 2066 quantum
3167 1998 3442 2068 poteSIis,
3495 1999 3604 2054 tales
3652 2002 3773 2053 sanctis

2319 2088 2598 2145 deservire
2644 2090 2918 2162 mysteriis
2946 2092 3025 2157 vi,
3048 2091 3103 2146 si-
3121 2093 3441 2163 oportuerit,
3481 2093 3767 2163 prohibeatis.

2319 2188 2424 2235 CIC.

2391 2272 2562 2329 Porro
2584 2275 2789 2331 atllttec
2826 2291 2945 2347 qua:
2979 2278 3073 2333 tibi
3124 2279 3457 2351 syllogist’ice
3489 2283 3534 2335 in
3559 2280 3771 2348 uideturn-

2317 2367 2455 2422 stola
2478 2367 2829 2438 objiciuntur,
2861 2371 2912 2424 id
2944 2380 3048 2437 est,
3072 2372 3117 2425 si
3143 2388 3347 2444 corpus
3373 2383 3424 2427 et
3445 2373 3629 2442 sanguis
3647 2372 3768 2426 Christi

2317 2473 2423 2513 non
2466 2450 2615 2524 sunt,
2669 2469 2727 2516 et
2777 2460 2881 2515 alia
2928 2478 3049 2532 qua:
3095 2460 3463 2532 prtediximns,
3503 2463 3770 2534 proprium

2317 2547 2522 2603 habent
2546 2549 2768 2603 virtutis
2821 2548 3295 2621 dignitates,quid
3346 2553 3598 2623 agentibus
3626 2552 3770 2611 eluunt;

2315 2636 2460 2709 quod
2488 2641 2533 2695 si
2575 2636 2798 2707 habent,
2853 2659 2952 2696 cur
2977 2653 3335 2712 spernuntur,
3368 2644 3524 2700 sicubi
3569 2644 3623 2699 ab
3645 2644 3772 2713 indiga"

2314 2736 2721 2795 praesumuntur
2748 2729 2771 2780 ’ἒ
2802 2728 2882 2782 Ad
2907 2729 3045 2792 hmo,
3087 2730 3338 2798 inquam,
3370 2732 3438 2786 ita
3468 2729 3771 2800 respmdems:

2314 2811 2571 2884 Proprias
2597 2814 2815 2885 quidem
2843 2817 3046 2872 habent
3085 2818 3307 2874 virtutis
3342 2816 3616 2889 dignitates,
3642 2826 3679 2870 ut
3696 2832 3772 2885 pra-

2315 2902 2459 2960 fattts
2490 2906 2827 2976 Augustinus
2867 2908 2943 2963 ait
2979 2924 3142 2978 super
3175 2908 3440 2965 Joannem
3488 2920 3641 2965 contra
3672 2909 3772 2962 Dm

2315 2997 2490 3062 tistas,
2521 2999 2615 3053 sed
2657 3000 2942 3070 agentibus
2986 3002 3071 3055 vel
3110 3003 3527 3073 suscipientibus
3568 3000 3702 3057 eadem
3726 3015 3772 3053 sa-

2314 3100 2594 3145 cramenta
2652 3080 3223 3161 eontraprzefatorutu
3277 3094 3569 3165 pontiﬁcum
3608 3093 3771 3147 instituti.

622 3178 803 3246 cipum
826 3187 1044 3235 strenue
1066 3180 1522 3250 gubernaverunt.
1552 3181 1705 3236 Etin
1737 3182 2025 3255 Evangelia
2047 3182 2214 3239 habes
2240 3180 2280 3237 C
2316 3179 2428 3252 (52)
2459 3182 2561 3236 nisi
2592 3182 2731 3237 forte
2763 3184 2875 3238 sola
2923 3194 3099 3240 morte
3146 3186 3552 3251 interveniente,
3585 3194 3714 3254 υῳοιε
3738 3198 3771 3233 [κ

622 3267 839 3337 (Matth.
867 3270 942 3341 v),
973 3285 1097 3325 cum
1121 3284 1186 3325 eo
1214 3270 1305 3341 qui
1331 3279 1382 3326 te
1410 3273 1774 3344 angariaverit
1796 3291 1905 3330 uno
1932 3275 2210 3341 milliaria,

621 3358 728 3412 alia
756 3359 863 3414 duo
890 3358 1168 3416 ambulare
1186 3360 1417 3427 debere,
1437 3371 1489 3416 et
1517 3363 1744 3420 reddere
1772 3378 1894 3434 quze
1943 3374 2070 3420 sunt
2099 3364 2213 3421 Ca:-

617 3452 759 3508 saris
780 3452 1007 3520 Caesari,
1049 3462 1107 3509 et
1144 3469 1265 3523 qua:
1288 3463 1415 3523 sunt
1468 3455 1563 3511 Dei
1604 3455 1741 3511 Deo.
1770 3456 1903 3512 Item
1950 3456 2212 3529 Hierony-

602 3558 742 3598 mus
771 3558 936 3615 super
983 3545 1214 3614 epistola
1261 3545 1328 3601 ad
1368 3545 1779 3617 Philippenses:
1813 3568 1832 3601 ι
1872 3548 1937 3605 Si
1961 3550 2213 3605 dominus

618 3648 681 3687 ea
723 3632 875 3702 jubet
918 3650 1039 3705 qua:
1073 3651 1179 3692 non
1209 3646 1338 3691 sunt
1385 3639 1610 3694 adversa
1643 3638 1941 3710 Scripturis
1986 3641 2210 3708 Sanctis,

618 3725 939 3794 subiiciatur
970 3727 1197 3782 domino
1242 3743 1473 3796 servus;
1506 3731 1550 3784 si
1605 3746 1734 3786 vero
1758 3733 2034 3788 contraria
2067 3748 2207 3802 prte-

619 3814 772 3884 cipit,
796 3817 965 3887 magis
984 3817 1206 3873 obediat
1228 3819 1453 3889 spiritus
1472 3835 1634 3891 quam
1660 3824 1905 3897 corporis
1924 3825 2163 3891 domino,
2185 3844 2204 3878 ι

603 3920 679 3965 ἐι
702 3909 843 3965 infra
872 3912 893 3965 :'
923 3933 940 3965 r
984 3913 1041 3969 Si
1064 3914 1264 3969 bonum
1300 3924 1384 3970 est
1430 3918 1571 3985 quod
1605 3919 1852 3988 praecipit
1888 3919 2205 3991 imperator,

603 4000 855 4070 iubentis
897 4019 1197 4073 exsequere
1246 4005 1580 4061 voluntatem
1641 4024 1655 4073 ;
1722 4009 1767 4065 si
1826 4010 2065 4076 malum,
2124 4027 2205 4066 re.

620 4093 890 4163 spondere
919 4113 931 4149 :
982 4095 1206 4151 Obedirc
1235 4107 1431 4166 oportet
1457 4096 1563 4151 Deo
1601 4100 1764 4170 magis
1784 4117 1942 4170 quam
1980 4101 2207 4157 homini-

620 4199 713 4239 σοις
736 4184 874 4256 (Act.
903 4186 978 4257 v).
1004 4206 1023 4241 ι

687 4280 769 4335 Ad
799 4281 901 4337 hoc
931 4296 1058 4337 vero
1086 4283 1228 4353 quod
1248 4284 1595 4357 subiungitur
1639 4285 1693 4341 in
1735 4287 1926 4342 eadem
1954 4288 2201 4357 epistola,

617 4369 670 4423 id
699 4380 784 4426 est
818 4390 831 4425 :
870 4368 1071 4428 Utrum
1095 4373 1169 4428 sit
1227 4375 1483 4431 utendum
1526 4377 2047 4434 ordinationibus'et
2074 4380 2203 4434 reli-

616 4460 740 4530 quis
798 4448 1157 4521 sacramentis
1190 4506 1206 4531 ,
1262 4481 1292 4519 a
1339 4466 1649 4527 criminosis
1691 4467 1979 4532 exhibitis,
2030 4478 2091 4522 ut
2133 4469 2202 4523 ab

2315 3271 2432 3327 sine
2483 3273 2808 3344 baptismate
2839 3275 2921 3329 vel
2953 3277 3340 3332 communione
3386 3279 3584 3347 quilibet
3613 3277 3766 3329 immittit:

2315 3363 2476 3419 rebus
2505 3365 2732 3419 excedat
2761 3382 2776 3420 :
2806 3368 2907 3431 eis,
2942 3368 3181 3437 inquam,
3234 3369 3293 3423 in
3350 3378 3541 3424 tantum
3574 3367 3771 3423 obsuntrt

2315 3454 2426 3508 veri
2456 3454 2753 3511 idololatrae
2794 3459 2933 3523 sint,
2957 3474 3080 3512 cum
3112 3459 3319 3514 talibus
3345 3469 3398 3513 et
3424 3457 3771 3515 ordinationumrt

2313 3550 2778 3600 sacramentorum
2811 3547 3100 3611 confectio,
3140 3557 3196 3603 et
3250 3548 3412 3603 aliter
3459 3564 3597 3618 quant
3622 3543 3768 3615 premi:-

2312 3652 2432 3692 sum
2476 3646 2559 3694 est
2609 3639 2845 3695 scienter
2877 3641 3168 3711 susceptio,
3215 3642 3550 3717 vehementer
3590 3657 3613 3693 a
3652 3634 3769 3692 saluii:

2312 3727 2611 3783 canonibus
2662 3729 3037 3799 prohibeatur.
3090 3732 3181 3785 Ait
3230 3748 3464 3803 namque
3507 3729 3673 3787 Samuel
3704 3742 3768 3793 prt-

2311 3818 2473 3889 pheta
2501 3836 2514 3871 :
2547 3818 2811 3886 Quoniam
2838 3832 3107 3890 peccatum
3147 3823 3451 3887 Itariolandi
3477 3833 3539 3877 cst
3571 3832 3767 3889 repugnat.

2308 3921 2356 3966 et
2384 3912 2545 3981 quasi
2586 3912 2753 3967 scelus
2801 3913 3117 3970 idololatria
3150 3916 3261 3970 noli
3313 3902 3608 3985 acquiescere
3634 3909 3672 3981 (Ι
3700 3907 3767 3972 Κιῖῦ

2311 4002 2440 4071 xv).
2480 4001 2605 4056 Hrec
2633 4001 2699 4057 de
2745 4002 2902 4058 malis
2946 4004 3229 4060 catholicis
3271 4007 3362 4076 qui
3412 4007 3543 4062 intra
3580 3997 3767 4055 Eccltsiau

2308 4100 2453 4146 sunt.
2502 4090 2769 4149 Cmtet‘um
2812 4093 3285 4150 scitismaticorurtt
3312 4106 3365 4152 et
3395 4095 3698 4152 hmreticnruxu
3726 4104 3769 4138 ³³·

2308 4192 2608 4249 cramenta,
2634 4185 2890 4253 quoniam
2923 4197 3078 4241 extra
3104 4188 3405 4243 Ecclesium
3444 4184 3683 4255 suntiuvta
3700 4195 3769 4233 9n-

2307 4285 2517 4331 ctorum
2547 4276 2769 4334 Patrum
2795 4279 3143 4346 traditiones,
3184 4282 3393 4338 scilicet
3419 4281 3616 4350 Pelagii,
3646 4276 3768 4339 υττεά

2306 4367 2395 4432 rii,
2417 4367 2689 4440 Cypriani,
2720 4372 3029 4442 Augustini,
3060 4372 3394 4445 Hieronymi,
3428 4364 3767 4437 l'orntautquidw

2305 4471 2794 4529 sacramentorum,
2821 4478 2924 4518 non
2953 4446 3136 4518 autem
3168 4465 3386 4521 virtutis
3417 4464 3631 4519 ell'ectutu
3650 4454 3767 4509 hatrrt

615 4550 881 4607 adulteris
912 4593 928 4617 ,
987 4555 1071 4611 vel
1120 4554 1616 4612 sanetimonialium
1669 4557 2025 4614 violatoribus
2053 4598 2069 4624 ,
2116 4556 2199 4612 vel

2306 4551 2642 4620 proﬁtentur,
2668 4554 2772 4608 nisi
2817 4570 2938 4609 cum
2989 4555 3114 4624 ipsi,
3167 4556 3249 4610 vel
3301 4574 3481 4612 eorum
3527 4542 3766 4609 sachtttcut:

618 4642 967 4712 huiusmodi?
995 4645 1061 4699 ad
1112 4645 1234 4711 hoc,
1265 4646 1505 4716 inquam,
1556 4648 1630 4703 ita
1676 4650 2062 4720 respondemus
2091 4667 2103 4703 :
2139 4650 2198 4705 Si

613 4734 912 4788 schismate
940 4734 1025 4789 vel
1080 4736 1274 4792 lneresi
1314 4738 1385 4793 ab
1420 4738 1660 4794 Ecclesia
1708 4756 1814 4794 non
1856 4751 2198 4810 separantur,

615 4826 928 4880 earumdem
954 4825 1350 4892 ordinationes,
1372 4837 1428 4881 et
1457 4828 1662 4897 reliqua
1705 4840 2045 4885 sacramenta
2076 4846 2194 4887 san-

615 4926 703 4968 eta
737 4924 792 4968 et
836 4916 1142 4971 veneranda
1176 4932 1280 4972 non
1335 4922 1618 4986 negamus,
1650 4928 1938 4987 sequentes
1982 4922 2197 4977 beatum

612 5010 1002 5075 Augustinum,
1032 5008 1123 5078 qui
1153 5024 1315 5077 super
1348 5009 1614 5066 Joannem
1645 5011 1711 5065 de
1750 5010 2055 5079 huiusmodi
2085 5023 2195 5070 tam

602 5098 835 5167 "copiose
862 5115 1022 5168 quam
1056 5102 1331 5165 veraciter
1356 5102 1636 5157 disseruit.
1683 5103 1772 5157 Ait
1801 5103 1946 5158 enim
1975 5122 1987 5157 :
2026 5122 2044 5156 ο
2089 5104 2194 5159 Ba-

616 5190 782 5262 ptizel
813 5206 1001 5257 servus
1032 5194 1228 5257 bonus,
1280 5194 1396 5248 sive
1439 5208 1629 5249 servus
1674 5194 1870 5259 tnalus,
1909 5210 2015 5250 non
2060 5196 2197 5251 sciat

615 5300 676 5337 se
710 5281 799 5336 ille
841 5284 931 5353 qui
964 5284 1272 5355 baptizatur
1312 5286 1578 5355 baptizari
1616 5288 1684 5341 ab
1730 5301 1797 5342 eo
1833 5289 1922 5358 qtti
1957 5304 2062 5343 non
2094 5289 2195 5344 sibi

616 5375 796 5432 renuit
845 5376 1154 5446 baptizandi
1202 5387 1522 5448 potestatem
1574 5396 1590 5444 ;
1653 5400 1675 5433 ι
1727 5390 1783 5435 et
1830 5381 1991 5450 paulo
2029 5391 2190 5451 post:

594 5484 640 5519 »ι
671 5464 787 5520 Non
819 5466 1039 5522 horreat
1067 5468 1311 5524 columba
1336 5470 1692 5527 ministerium
1719 5472 2005 5537 malorum,
2030 5474 2217 5543 respi-’

586 5555 724 5613 .ciat
756 5556 967 5612 Domini
994 5566 1339 5628 potestatent.
1365 5561 1423 5616 Si
1451 5562 1612 5618 fuerit
1636 5563 1905 5632 superbus
1928 5565 2194 5631 minister,

685 5675 961 5753 (52)‘l§isi
1014 5675 1067 5729 in
1119 5691 1247 5730 casn
1304 5678 1643 5734 necessitatis
1684 5696 1703 5730 ε
1735 5678 1833 5745 Qui
1888 5693 1919 5733 a
1973 5681 2197 5753 prazeiso

615 5750 823 5820 accepit
866 5750 1293 5804 sautttttcrttttnt
1343 5758 1493 5803 extra
1563 5765 1749 5805 casum
1808 5750 2192 5817 necessitatis,

2304 4643 2521 4709 initiati,
2547 4661 2642 4714 per
2669 4658 2862 4703 manus
2893 4648 3295 4717 itupositiouctn
3337 4652 3405 4705 ad
3446 4646 3700 4705 catholicam
3722 4652 3765 4687 te

2302 4735 2501 4791 dierint
2531 4738 2818 4793 unitatem.
2852 4802 2857 4807 η

2296 4870 2299 4877 .
2374 4828 2662 4890 Sciendum
2710 4846 2841 4887 vero
2883 4843 2967 4887 est
3013 4836 3155 4904 quod
3209 4852 3443 4892 canones
3493 4830 3763 4902 apostolorum.

2301 4930 2531 4985 quorum
2571 4920 2894 4977 auctoritate
2925 4920 3216 4980 Orientalis
3245 4937 3299 4980 ct
3327 4943 3389 4981 ex
3436 4935 3572 4996 parte
3612 4921 3763 4973 haustu

2300 5010 2489 5064 unitur
2535 5010 2801 5078 Ecclesia,
2854 5024 2909 5069 et
2964 5016 3191 5086 insignis
3244 5028 3445 5088 martyr
3477 5006 3763 5085 Cyprianusﬂ
3854 5076 3855 5081 η

2300 5103 2575 5170 octoginta
2605 5104 2841 5179 episcopi
2866 5121 2989 5162 cum
3017 5109 3206 5163 eodem
3230 5108 3538 5179 baptismum
3576 5096 3761 5158 lucrch
3854 5114 3855 5179 ξ

2301 5207 2421 5246 runt
2451 5192 2724 5251 lavacrum
2749 5196 2948 5252 diaboli
2972 5198 3267 5268 appellant.
3318 5200 3596 5268 Stephanus
3628 5191 3762 5243 temet

2299 5282 2584 5342 Cornelius
2611 5298 2878 5360 martyres
2903 5300 2958 5345 et
2984 5291 3271 5362 pontiﬁces
3320 5290 3553 5353 Romani,
3589 5294 3631 5339 et
3664 5290 3760 5330 πεδί’

2301 5377 2488 5434 rabilis
2532 5380 2865 5452 Augustinus
2905 5384 2958 5438 itt
3002 5384 3141 5439 libro
3182 5386 3257 5439 De
3286 5383 3579 5454 baptismate
3600 5370 3757 5431 cuntdi

2301 5472 2649 5542 Cyprianum,
2692 5484 2747 5530 et
2775 5476 3028 5543 praelatos
3060 5477 3343 5547 episcopos
3377 5480 3504 5533 hanc
3540 5471 3598 5526 ob
3619 5470 3757 5518 causam

2301 5565 2653 5639 vehementer
2712 5566 3085 5637 redarguunt,
3150 5567 3470 5623 allirntantes
3524 5558 3755 5630 ὺθριίεωθω

2302 5688 2509 5755 peccat,
2548 5697 2656 5755 non
2705 5680 2832 5735 item
2865 5682 2955 5755 qui
2984 5697 3032 5736 ea
3066 5683 3225 5737 malo.
3266 5703 3283 5736 ›
3317 5682 3499 5755 (Tuon,
3524 5693 3567 5748 ρ.
3591 5685 3651 5735 ιιι,
3672 5660 3751 5734 Mr

2306 5762 2408 5806 art.
2435 5754 2466 5807 6
2494 5754 2557 5807 ad
2581 5754 2613 5805 ‘2
2641 5768 2654 5816 ;
2686 5762 2737 5805 et
2761 5768 2813 5822 σε.
2849 5753 2880 5806 6
2906 5754 2957 5816 7,
2990 5762 3091 5806 art.
3123 5756 3201 5827 El.)
