3900 6322
92 269 211 357 δδί

1282 284 1640 345 EPISTULAE
1685 283 1774 338 ET
1810 282 2220 343 PRlVlliEClA.

3261 275 3375 340 55L

97 415 202 468 sive
227 407 578 464 abluere-lico
607 406 721 462 sive
747 403 1100 460 schismatico
1125 402 1508 470 ecclesiastico
1535 383 1685 455 more
1717 410 1760 466 Α
1792 399 2082 470 iniquitate
2110 405 2426 467 cognoscat,
2465 405 2630 467 atque
2671 409 2706 451 a
2741 390 3113 450 sacratissimo
3145 407 3373 464 corpore

99 500 431 558 c:lebratttnt
489 507 661 553 ratum
713 511 881 559 esse;
937 504 991 548 et
1042 493 1258 559 merito,
1303 493 1430 560 quia
1480 489 1584 544 alia
1633 491 1686 543 in

93 593 388 664 baptismo,
419 600 478 646 et
498 590 600 644 alia
628 589 681 644 in
715 587 940 658 reliquis
981 589 1342 642 sacramentis
1371 582 1686 639 considera-

97 687 168 741 tio
195 693 318 740 est:
351 685 555 755 quippe
575 699 700 739 cum
741 691 798 737 et
838 681 1031 736 ordine
1065 679 1218 751 prior
1262 686 1319 734 et
1348 677 1689 733 necessarior

94 781 198 843 sit;
242 778 429 833 subito
478 777 620 833 enim
655 775 922 831 morituro
956 773 1108 844 prius
1145 771 1489 843 baptismate,
1525 784 1686 840 quam

94 871 358 926 Dominici
385 870 632 941 corporis
658 853 1044 924 communione
1073 864 1158 922 vel
1181 864 1301 920 aliis
1329 862 1687 918 sacramentis

90 959 417 1019 consulitur.
450 965 515 1018 Et
544 957 668 1017 dum
703 963 844 1018 forte
885 959 1191 1016 catholicus
1237 973 1347 1013 non
1393 957 1684 1022 invenitur,

93 1055 264 1114 satius
285 1064 375 1110 est
425 1054 495 1109 ab
541 1054 799 1110 literetico
854 1051 1108 1122 baptismi
1167 1045 1566 1106 sacramentum
1597 1063 1690 1103 su-

92 1161 236 1202 mere
281 1162 454 1218 quam
499 1146 552 1201 in
599 1155 864 1201 aeternum
915 1144 1117 1216 perire.
1169 1143 1236 1197 Et
1289 1137 1689 1196 hanc'senten-

92 1243 215 1295 tiam
246 1240 696 1310 praescriptorum
746 1238 1064 1308 pontiﬁcum
1101 1234 1360 1300 Cornelii,
1399 1232 1686 1305 Stephani,

89 1344 141 1388 et
177 1332 530 1404 Augustini,
587 1333 760 1388 secuti
813 1341 942 1387 sunt
984 1327 1348 1393 Innocentius,
1407 1324 1638 1380 Siricius
1671 1363 1690 1394 ,

92 1416 215 1492 Leo,
260 1426 595 1481 Anastasius
640 1435 695 1481 et
753 1439 980 1495 magnus
1026 1421 1344 1492 Gregorius,
1398 1427 1457 1474 et
1510 1419 1686 1476 omnis

96 1520 325 1574 Ecclesia
387 1505 684 1576 catholica.
750 1519 816 1572 Et
875 1517 1132 1586 quoniam
1187 1511 1496 1585 epistolaris
1559 1511 1686 1566 bre-

92 1613 224 1666 vitas
287 1599 598 1682 pmpositis
658 1611 753 1667 tibi
819 1608 1212 1680 quaestionibus
1277 1604 1510 1660 fortasse
1577 1619 1684 1658 non

93 1705 273 1760 sullicit
302 1745 318 1771 ,
381 1704 704 1760 earumdem
769 1702 1131 1757 temeritatem
1187 1698 1256 1753 ad
1307 1697 1488 1753 sedem
1553 1709 1685 1765 apo-

1791 501 1847 548 ει
1887 491 2151 563 sanguine
2206 489 2408 545 Christi
2455 490 2549 545 Dei
2607 504 2671 546 ac
2726 486 2938 543 Domini
2993 486 3374 558 Redemptoris

1790 583 1964 638 nostri
2031 579 2160 638 Jcsu
2214 579 2419 642 Christi
2478 580 2656 637 aliena
2711 567 2846 646 liat,
2914 587 2968 633 et
3021 579 3093 655 in,
3127 586 3376 633 extremo

1789 674 2042 749 examine
2081 672 2342 732 districta:
2363 672 2561 752 pltioni
2590 671 2892 742 Vsubjaceat.
2928 669 3150 746 Cunctis
3190 677 3371 724 autem

1789 764 1966 819 eidem
2003 763 2126 818 loco
2147 763 2692 833 justaservientibus
2731 763 2803 817 sit
2831 777 2937 834 pas
2960 761 3172 826 Domini
3201 760 3373 815 nostri

1788 853 1916 909 Jesu
1951 852 2178 920 Christi,
2221 862 2490 923 quatenus
2520 863 2575 908 et
2603 852 2691 908 hic
2715 851 2925 908 fructus
2961 851 3114 908 bona:
3144 849 3375 905 actionis

1789 946 2135 1017 percipiant,
2192 955 2248 1003 et
2301 946 2442 1018 apud
2505 946 2810 1002 districtum
2870 943 3372 1016 judicemprtentia

1787 1049 2005 1098 internae.
2034 1042 2186 1114 pacis
2215 1040 2516 1103 inveniant.
2546 1040 2741 1093 Amen.

2429 1131 2731 1189 CCLXXV.

1794 1227 2043 1284 Urbanus
2068 1245 2206 1300 papa
2256 1229 2308 1300 in
2349 1223 2681 1300 epistola_ad
2729 1222 2980 1300 populum
3019 1221 3078 1277 S.
3115 1219 3386 1276 Vmcentii.

2165 1291 2532 1353 Vulturuensis
2567 1291 2738 1367 jua‘ta'
2757 1291 3015 1364 Capuam.

2241 1391 2409 1464 (Intra
2447 1379 2539 1444 an.
2573 1385 2925 1457 1088-1099.)

2179 1481 2373 1556 [MANSI
2393 1524 2409 1549 ,
2441 1481 2640 1538 Concil.
2673 1480 2770 1536 XX
2791 1521 2806 1548 ,
2833 1477 2982 1548 7M.)

1859 1575 1917 1632 Si
1938 1573 2170 1630 adulteri
2197 1573 2283 1630 vel
2311 1573 2445 1628 alias
2475 1573 2754 1628 criminosi
2777 1571 2970 1628 haeresi
3001 1569 3086 1626 vel
3105 1567 3386 1627 schisma--

1788 1677 1863 1736 te,
1890 1669 1944 1725 id
1968 1677 2052 1725 est
2077 1667 2399 1738 praecisione
2425 1665 2511 1721 vel
2543 1666 2883 1737 depositione
2904 1665 2970 1721 ab
3001 1661 3244 1721 Ecclesia
3267 1677 3375 1718 non

93 1767 332 1852 stolicam
400 1795 781 1852 instruendam
845 1793 1023 1858 mitte,
1077 1797 1205 1856 aut,
1247 1789 1402 1858 juxta
1455 1787 1685 1858 Aposto—
1716 1783 1758 1842 Β
1788 1769 2134 1858 δῗβίξτθηωῗν
2159 1769 2500 1830 sacramenta
2525 1774 2720 1858 θ⁰τ¹¹¹¹¹⁵
2741 1767 2927 1858 sane?
2952 1772 3060 1847 ηοιι
3088 1771 3375 1858 negamus:

97 1888 217 1953 lum,
250 1887 411 1942 veluti
461 1904 611 1942 sana:
661 1886 913 1941 doctrina:
953 1883 1316 1939 adversarium
1347 1891 1462 1950 post
1502 1884 1686 1934 serua;

97 1984 207 2035 dam
251 1991 300 2034 et
350 1981 570 2034 tertiam
623 1978 1000 2048 correptionem
1051 1975 1223 2030 devita
1267 1971 1398 2045 (Tit.
1452 1969 1558 2042 ιιι).
1604 1969 1684 2024 Tu

100 2087 218 2128 vero
241 2056 359 2128 esto
389 2055 572 2127 ﬁdelis
605 2085 776 2147 usque
817 2069 884 2125 ad
927 2077 1183 2134 mortem,
1210 2075 1270 2122 ut
1289 2066 1563 2138 percipias
1589 2080 1684 2120 co-

101 2180 272 2218 ronam
295 2164 442 2219 vitm.

171 2258 296 2311 Data
319 2255 536 2310 Romae.

719 2369 1050 2427 CCLXXIV.

108 2464 335 2541 Urbanus
385 2465 629 2541 ecclesiae
683 2465 744 2522 S.
801 2465 1096 2541 Trinitatis,
1135 2465 1190 2541 in
1229 2462 1345 2541 loco
1396 2461 1495 2541 qui
1537 2456 1681 2541 Pons

167 2535 418 2590 Guinizeli
444 2539 690 2608 itit-itur,
738 2536 1012 2608 privilegia
1049 2530 1296 2600 instituit,
1356 2530 1419 2587 ea
1475 2530 1584 2601 lege
1626 2539 1682 2583 ut

167 2608 331 2661 clerici
377 2627 394 2659 ε
431 2607 851 2673 Mediolanensis
893 2616 1116 2660 moneta:
1153 2620 1392 2668 nummos
1429 2618 1522 2656 sea:
1550 2617 1682 2672 qua-

170 2688 279 2732 tuor
309 2680 464 2732 annis
506 2676 852 2732 Lateranensi
870 2677 1071 2752 palatio
1108 2674 1429 2746 persolvant.
1460 2691 1479 2724 ι

545 2770 714 2834 (Intra
752 2784 844 2824 an.
876 2768 1228 2838 1088-1099.)

277 2861 622 2933 [Memnona
656 2860 778 2915 Rer.
809 2859 937 2914 Ital.
977 2853 1196 2927 Script.,
1231 2855 1297 2925 ν,
1333 2853 1488 2930 479.]

175 2952 412 3010 [luamus
435 2954 758 3024 episcopus,
791 2967 980 3008 servus
1025 2966 1308 3007 servorum
1335 2950 1450 3018 Dei,
1483 2949 1683 3006 dilecto

115 3046 212 3100 lilio
237 3047 532 3113 LIPRA‘NDO,
561 3055 668 3102 etc.

123 3146 125 3148 '
177 3135 470 3193 Statuimus
505 3137 787 3192 ecclesiam
819 3136 966 3190 illam
1002 3151 1124 3192 cum
1165 3132 1440 3205 praediolo,
1491 3133 1544 3187 in
1574 3148 1681 3202 quo

118 3227 317 3282 fundata
339 3239 420 3284 est
477 3269 493 3284 .
553 3269 567 3283 .
636 3267 652 3283 .
714 3227 796 3283 vel
823 3241 918 3298 per
939 3226 1073 3282 alios
1102 3225 1287 3281 lideles
1311 3225 1420 3280 illic
1445 3222 1677 3280 Domino

118 3316 356 3388 largiente
385 3320 590 3376 collata
615 3320 838 3386 fuerint,
878 3320 945 3376 ab
977 3320 1124 3375 omni
1172 3318 1417 3374 smculari
1461 3319 1681 3389 Opposi-

121 3407 250 3466 tione
275 3412 516 3480 quietam
543 3421 805 3483 perpetuo
834 3427 1076 3476 manere,
1100 3419 1155 3467 et
1180 3411 1425 3466 liberam.
1453 3410 1680 3466 Clericis

120 3513 231 3556 vero
283 3504 350 3558 ibi
403 3505 638 3559 victuris
687 3504 898 3559 vivendi
946 3504 1268 3582 regulariter
1329 3503 1680 3559 concedimus

121 3587 424 3662 facultatem,
469 3608 674 3663 eosque
704 3594 1049 3648 decernimus
1089 3601 1199 3647 tam
1250 3592 1499 3665 proprias
1532 3591 1681 3648 ordi-

123 3684 360 3754 nationes,
395 3701 567 3758 quam
609 3685 858 3740 altarium
898 3694 952 3740 et
999 3685 1353 3740 ecclesiarum
1393 3699 1682 3740 consecra-

123 3773 295 3841 tiones,
330 3789 768 3846 ceterorumque
806 3777 947 3831 dona
990 3771 1460 3831 sacramentorum
1504 3790 1534 3830 a
1571 3774 1682 3832 Me-

123 3867 394 3926 diolanensi
439 3870 855 3940 archiepiscopo
903 3869 1200 3939 suscipere,
1245 3869 1288 3923 si
1329 3867 1546 3938 quidem
1595 3884 1683 3925 ca-

125 3959 328 4018 tholicus
351 3964 540 4032 fuerit,
573 3973 628 4019 et
653 3962 1087 4018 communionem
1112 3977 1175 4018 ac
1203 3961 1436 4032 gratiatn
1463 3971 1680 4031 aposto-

124 4051 224 4108 lica:
257 4058 394 4114 sedis
419 4056 701 4122 habuerit,
733 4064 788 4111 et
816 4055 862 4110 si
897 4070 960 4110 ea
987 4055 1158 4124 gratis
1185 4063 1242 4110 et
1267 4070 1375 4110 non
1413 4055 1684 4124 pravitate

125 4144 397 4216 indulserit,
450 4149 587 4205 alias
635 4158 816 4204 autem
860 4147 1093 4203 liberum
1155 4147 1237 4226 eis
1281 4147 1570 4204 arbitrium
1613 4147 1685 4204 sit

125 4250 438 4299 sacramenta
472 4243 660 4298 eadem
689 4241 967 4312 suscipere
995 4256 1024 4294 a
1062 4254 1387 4311 quocunque
1416 4240 1685 4297 voluerint

125 4329 364 4388 catholico
392 4334 672 4404 episcopo.
720 4333 1069 4388 Decernimus
1106 4347 1234 4401 ergo
1261 4340 1322 4386 ut
1359 4346 1536 4401 neque
1574 4330 1682 4388 Me-

125 4416 401 4482 diolanensi
447 4410 889 4496 archiepiscopo,
953 4437 1128 4494 neque
1177 4424 1337 4480 alicui
1384 4423 1680 4478 viventium

126 4509 268 4575 liccat
315 4518 560 4574 eamdem
613 4517 922 4582 ecclesiam,
958 4525 1013 4571 et
1048 4515 1247 4572 fratres
1296 4515 1388 4586 qui
1421 4509 1542 4572 illic
1571 4516 1684 4573 Deo
1718 4510 1761 4565 Ι)

129 4603 406 4673 servierint,
449 4607 690 4678 quolibet
715 4605 1020 4662 occasionis
1045 4606 1175 4677 jugo
1216 4605 1543 4676 deprimere.
1585 4614 1680 4660 aut

130 4690 250 4750 bona
276 4713 459 4757 eorum
491 4700 796 4757 distrahere
819 4709 873 4756 et
900 4699 1015 4754 suis
1049 4699 1234 4756 usibus
1273 4699 1570 4770 applicare,
1598 4700 1682 4753 vel

133 4789 402 4864 temerariis
434 4789 815 4846 vexationibus
843 4788 1097 4860 fatigare,
1123 4791 1217 4845 sed
1248 4789 1427 4845 omnia
1469 4789 1682 4862 integre

131 4886 490 4938 conserventur
517 4883 694 4947 vobis,
735 4891 788 4938 et
822 4883 1234 4939 successoribus
1271 4875 1681 4938 vestris’omni-

135 4969 284 5024 modis
313 4976 612 5043 profutura,
653 4975 801 5030 salva
828 4974 1090 5045 ,ejusdem
1133 4974 1554 5030 Mediolanensis
1590 4989 1681 5028 ar-

135 5053 427 5138 chiepiscopi
461 5067 726 5123 catholica
758 5069 1079 5144 reverentia.
1107 5067 1188 5123 Ad
1218 5067 1473 5122 indicium
1497 5076 1680 5122 autem

141 5145 279 5220 huius
305 5168 569 5230 perceptae
596 5160 867 5216 libertatis
891 5176 922 5213 a
944 5161 1184 5215 Romana
1213 5159 1452 5216 Ecclesia
1479 5159 1683 5215 Medio-

140 5236 342 5304 laneusis
381 5262 610 5308 monetae
640 5269 891 5308 nummos
941 5267 1036 5308 sex
1064 5263 1300 5323 quatuor
1329 5244 1484 5308 annis
1514 5253 1681 5310 Late-

141 5340 326 5395 ranensi
354 5331 549 5412 palatio
579 5345 973 5416 persolveritis.
1020 5344 1076 5400 Si
1123 5361 1230 5416 qua
1266 5345 1430 5416 igitur
1459 5345 1511 5401 in
1554 5329 1678 5402 cra-

143 5420 317 5481 stiuum
372 5433 737 5490 ecclesiastica
790 5435 1134 5491 saecularisve
1187 5417 1464 5506 persona,
1520 5438 1682 5509 hujus

146 5509 316 5573 decreti
342 5520 596 5595 paginam
629 5529 829 5592 sciens,
867 5537 1055 5585 contra
1099 5544 1220 5584 eam
1255 5537 1459 5586 temere
1491 5532 1681 5587 venire

150 5610 418 5694 tentaverit,
453 5621 739 5694 potestatis
793 5620 1122 5692 honorisque
1161 5622 1423 5693 dignitate
1475 5633 1677 5690 careat,

151 5706 368 5784 reantquc
411 5703 464 5770 se
519 5713 704 5770 divino
723 5704 932 5782 j'udit'io
984 5714 1218 5770 existere
1266 5713 1329 5770 de
1373 5722 1678 5790 pet'pctralu

1789 1855 1868 1908 sic
1887 1853 2248 1924 Augustinum
2273 1861 2599 1922 sequentes;
2629 1851 2722 1907 sed
2753 1843 3181 1922 praedecessores
3204 1849 3374 1904 nostri

1785 1943 2083 2016 Gregorius
2109 1951 2165 1997 et
2185 1942 2438 2020 Nicotaus
2461 1958 2491 1998 a
2520 1943 2703 1998 missis
2728 1942 2915 1996 talium
2939 1940 3218 1996 abstinere
3239 1955 3378 2009 pra--

1783 2044 2069 2108 ceperunt,
2101 2044 2161 2091 ut
2188 2037 2293 2091 hoc
2321 2043 2529 2091 terrore
2553 2044 2609 2091 et
2656 2034 2913 2104 peccandi
2960 2032 3233 2110 licentiam
3265 2047 3375 2086 cm-

1786 2132 1919 2186 teris
1973 2129 2274 2206 auferrent,
2307 2139 2363 2186 et
2394 2129 2540 2200 ipsos
2576 2129 2773 2184 rubore
2820 2127 2901 2184 sui
2936 2135 3276 2197 contemptus
3307 2123 3376 2178 ad

1785 2221 1944 2294 digna
1977 2222 2314 2294 poenitentiae
2343 2218 2578 2276 lamenta
2618 2226 2959 2274 revocarent.

1855 2313 1923 2368 Et
1949 2323 2064 2386 post
2100 2313 2366 2368 modicum
2394 2327 2412 2365 :
2441 2310 2696 2382 Proprias
2725 2310 2928 2365 habent
2955 2304 3374 2364 criminosorum

1783 2413 2124 2475 sacramenta
2158 2404 2376 2459 virtutis
2407 2403 2721 2474 dignitates,
2753 2410 2811 2456 ut
2831 2401 3020 2456 beatus
3043 2400 3384 2470 Augustinus

1784 2512 1947 2568 super
1973 2495 2240 2552 Joannem
2289 2505 2476 2551 contra
2510 2493 2822 2550 Donatistas
2843 2491 2947 2560 ait;
2974 2491 3067 2547 sed
3093 2490 3382 2562 agentibus

1783 2597 1839 2645 et
1862 2587 2283 2659 suscipientibus
2311 2586 2500 2641 eadem
2555 2592 2898 2642 sacramenta
2925 2591 3119 2639 contra
3159 2590 3376 2638 sancto-

1785 2694 1904 2735 rum
1934 2677 2251 2748 pontilicum
2292 2675 2564 2742 instituta,
2594 2675 2700 2730 nisi
2745 2673 2886 2731 forte
2931 2671 3045 2730 sola
3096 2680 3272 2727 morte
3301 2672 3378 2726 in-

1787 2770 2146 2835 terveniente,
2181 2777 2366 2840 utpote
2390 2783 2458 2824 ne
2499 2768 2619 2824 sine
2650 2768 2976 2840 baptismate
3018 2765 3103 2822 vel
3126 2782 3374 2822 commu-

1786 2863 1948 2918 nione
1985 2862 2232 2933 quilibet,
2268 2861 2520 2917 humanis
2545 2860 2710 2917 rebus
2735 2859 2983 2926 excedat,
3017 2858 3097 2915 eis
3127 2858 3372 2929 inquam,

1787 2953 1845 3012 in
1873 2963 2081 3009 tantum
2124 2951 2424 3020 obsunt,ut
2449 2952 2563 3008 veri
2611 2951 2908 3008 idololatrm
2952 2949 3376 3018 sint,cumtali-

1786 3043 1887 3098 bus
1929 3053 1984 3098 et
2009 3044 2434 3111 ordinationum,
2467 3052 2522 3098 et
2572 3053 3035 3124 sacramentorum
3081 3041 3373 3109 confectio,

1708 3159 1750 3216 ρ
1784 3145 1838 3191 et
1863 3135 2022 3194 aliter
2072 3151 2234 3211 quam
2278 3137 2617 3207 praemissum
2645 3137 2941 3208 susceptio,
2975 3135 3322 3192 vehementer
3343 3151 3374 3189 a

1782 3229 1956 3285 sacris
1990 3229 2272 3285 ordinibus
2299 3230 2712 3301 prohibeantur.

1857 3325 1984 3377 Item
2011 3333 2128 3394 post
2153 3340 2325 3394 pauca
2351 3338 2370 3376 :
2402 3323 2528 3380 Haec
2551 3324 2616 3379 de
2634 3324 2788 3379 malis
2812 3321 3094 3378 catholicis
3119 3322 3207 3393 qui
3233 3323 3370 3376 intra

1780 3413 2082 3470 Ecclesiam
2143 3426 2288 3471 sunt.
2316 3414 2582 3471 Caeterum
2630 3415 3098 3470 schismaticorum
3125 3423 3178 3467 et
3205 3415 3376 3472 litore:

1786 3508 2021 3562 ticorum
2049 3517 2393 3563 sacramenta
2423 3507 2679 3578 quoniam
2701 3515 2854 3561 extra
2883 3515 3028 3571 sunt,
3055 3505 3207 3575 juxta
3239 3521 3369 3558 san-

1785 3609 1999 3657 ctorum
2046 3599 2266 3656 Patrum
2328 3598 2666 3665 traditiones,
2725 3597 2926 3669 Pelagii
2982 3597 3208 3663 scilicet,
3237 3594 3372 3653 Gre?

1783 3690 1944 3762 gorii,
1971 3689 2254 3762 Cypriani,
2275 3689 2589 3760 Augustini,
2627 3687 2964 3760 Hieronymi,
2987 3687 3215 3744 formam
3247 3689 3372 3756 qui-.-

1785 3782 1907 3838 dem
1950 3773 2443 3848 sacramentOrum,
2491 3797 2600 3837 non
2658 3792 2837 3835 autem
2878 3779 3097 3834 virtutis
3121 3777 3370 3844 effectum

1784 3871 1989 3927 habere
2016 3871 2360 3942 proﬁtemur,
2412 3871 2514 3926 nisi
2538 3855 2660 3926 cum
2693 3871 2791 3942 ipsi
2827 3869 2909 3925 vel
2950 3883 3137 3925 eorum
3184 3884 3372 3924 sacra-

1785 3965 1988 4021 mentis
2015 3965 2210 4044 initiati
2239 3979 2338 4036 per
2382 3979 2573 4020 manus
2628 3964 3024 4036 impositionem
3052 3964 3117 4023 ad
3144 3962 3376 4026 catholi:

1786 4071 1905 4114 cam
1928 4059 2210 4114 veritatem
2243 4058 2524 4114 redierint.

2416 4191 2739 4249 CCLXXVI.

1791 4281 2038 4340 Urbanus
2089 4283 2148 4338 11
2202 4284 2454 4353 permittit
2494 4294 2550 4338 ut
2595 4283 2833 4339 Jordani-
2905 4282 3170 4351 principis
3218 4279 3372 4351 ﬁlia,

1787 4396 1796 4401 .
1861 4355 2130 4424 infantula
2162 4354 2674 4420 Rainuldo,sllodeli
2707 4353 2841 4422 ﬁlio,
2893 4353 3068 4424 invitis
3114 4363 3284 4406 matre
3321 4359 3371 4404 et

1860 4422 2500 4497 parentela,desponsata,
2528 4425 2624 4477 alii
2649 4428 2757 4478 viro
2789 4433 3006 4494 nuptum
3028 4422 3199 4476 detur.

2239 4517 2406 4588 (Intra
2443 4532 2529 4572 an.
2564 4515 2917 4587 1088-1099..)

1959 4611 2251 4685 [Gnarum
2281 4612 2510 4677 Decret.,
2539 4610 2599 4666 C.
2630 4626 2777 4676 χχιι,
2807 4625 2900 4678 qu.
2937 4609 2992 4673 5,
3026 4623 3074 4662 c.
3111 4606 3187 4676 1.]

1861 4701 1920 4758 Si
1970 4717 2158 4757 verum
2214 4717 2336 4759 esse
2387 4702 2740 4767 constiterit,
2803 4699 2948 4770 quod
3002 4698 3158 4752 nobis
3206 4697 3369 4768 legati

1787 4791 2040 4860 Jortlanis
2091 4793 2351 4863 principis
2402 4793 2724 4856 retulerunt,
2771 4791 3016 4854 scilicet,
3054 4789 3198 4863 quod
3249 4789 3369 4860 ipse

1788 4895 2010 4942 coactus
2045 4894 2102 4942 et
2129 4885 2321 4956 dolens
2347 4885 2512 4940 tiliam
2537 4901 2690 4941 suam
2721 4883 3041 4940 infantulant
3067 4883 3362 4948 nolentem,

1786 4976 2026 5043 ﬂentem,
2059 4985 2114 5033 et
2143 4992 2242 5048 pro
2272 4963 2480 5033 viribus
2503 4978 2856 5042 renitentem,
2885 4991 2994 5031 non
3025 4975 3368 5030 assentienti-

1783 5070 1912 5138 bus,
1937 5069 2035 5127 sed
2060 5070 2214 5127 valde
2235 5053 2542 5126 dolentibus
2582 5079 2756 5124 matre
2783 5076 2839 5124 et
2881 5066 3178 5138 parentela,
3224 5066 3368 5138 [lay-

1787 5158 1968 5238 naldo,
1986 5162 2174 5237 Bodeli
2192 5163 2327 5229 lilio,
2348 5162 2790 5241 desponsaverit;
2819 5158 3074 5236 quoniam
3099 5175 3368 5216 canonum

1786 5264 1840 5309 et
1869 5255 2048 5326 legum
2094 5237 2396 5332 auctoritas
2419 5237 2554 5330 Italia
2581 5239 2851 5332 sponsalia
2885 5240 2965 5321 (ut
3011 5250 3151 5332 infra
3178 5261 3362 5307 ostcu.

1790 5348 1956 5419 ditur)
2017 5329 2129 5404 non
2190 5327 2498 5418 approbat,
2537 5327 2634 5402 tne
2678 5327 3063 5418 ignorantibus.
3109 5344 3254 5416 leges
3309 5355 3364 5399 et

1789 5454 2048 5506 Canones,
2096 5439 2260 5496 nimis
2310 5437 2528 5504 durum,
2557 5437 2732 5508 ‘quod
2784 5433 3042 5504 dicimus,
3091 5437 3364 5502 videatu:,

1787 5533 1861 5599 ita
1907 5532 2232 5588 sententiam
2287 5541 2670 5602 temperamus,
2722 5540 2782 5587 ut
2840 5521 3191 5602 si'princeps
3238 5544 3361 5583 cum

1793 5624 1934 5692 tiliae,
1959 5622 2172 5688 matris,
2203 5632 2259 5679 et
2287 5624 2578 5694 parentclte
2603 5639 2851 5690 assensu,
2882 5623 2934 5679 id
2957 5622 3099 5695 quod
3126 5632 3360 5689 coeptum

1731 5773 1742 5786 ,
1791 5724 1907 5784 est,
1957 5715 2217 5784 perlicere
2281 5715 2526 5784 voluerit,
2579 5716 2961 5773 cottrmlamus.
3020 5711 3114 5769 Sin
3180 5707 3366 5770 autem
