3900 6322
573 270 675 327 533

1871 265 1926 319 Β.
1972 264 2159 320 υΙῖΒΑη

2264 263 2306 318 ιι
2350 261 2549 318 eam
3660 274 3725 330 ελ

576 388 793 458 legatus
845 391 1033 439 noster
1064 388 1324 451 utrasque
1356 386 1543 448 partes
1574 377 1785 443 audiat;
1819 386 1875 431 et
1919 377 1965 431 si
2021 375 2154 430 nihil
2183 386 2228 446 Α
2259 383 2461 428 sanctae
2517 380 2703 426 exorta
2735 412 2750 435 ,
2797 372 2890 427 sed
2935 381 3222 429 crescente
3281 374 3502 429 Ecclesia
3522 374 3606 443 jam
3638 398 3724 451 pem

572 480 741 535 fuerit
774 490 839 532 ex
870 484 1030 547 parte
1075 471 1373 544 supradicti
1426 469 1694 541 Raynaldi
1729 465 1983 538 amplius,
2009 467 2152 537 quod

576 570 855 642 impediat,
891 571 960 624 ab
994 568 1109 638 ipso
1153 565 1391 621 Jordane
1432 571 1859 627 secnmentnm,
1898 560 2043 631 quod
2083 560 2153 613 ita

570 671 824 720 constent
865 663 983 718 haec
1014 701 1031 727 ,
1094 667 1153 714 ut
1204 658 1354 714 dicta
1410 665 1574 722 sunt,
1612 655 1884 725 accipiat;
1948 662 2004 708 et
2057 667 2157 707 nos

573 771 846 814 canonum
885 769 949 810 ac
994 754 1174 825 legum
1219 752 1358 808 scita
1405 760 1714 820 sequentes,
1748 747 2005 815 deinceps
2047 760 2155 799 non

571 844 950 915 prohibemus,
996 845 1128 915 quin
1179 842 1269 897 alii
1318 857 1436 896 viro
1486 841 1530 895 si
1586 839 1845 905 voluerit,
1894 836 2152 909 praedicta

569 937 681 993 lilia
719 936 837 1007 ejus
868 937 1062 1002 tmbat,
1102 944 1313 989 tantum
1354 933 1408 987 in
1443 931 1696 986 Domino.

1187 1022 1532 1079 CCLXXVII.

960 1119 1119 1173 Aliud
1147 1116 1350 1172 Urbani
1381 1115 1442 1169 II
1474 1118 1759 1169 decretura.

1024 1210 1188 1279 (Intra
1220 1206 1312 1261 ah.
1348 1205 1700 1274 1088-1099.)

735 1305 1026 1380 [Gnarum
1061 1303 1355 1367 Decretum,
1384 1301 1446 1356 C.
1478 1316 1590 1365 xtx,
1617 1314 1708 1367 qu.
1736 1297 1791 1359 ἓ,
1827 1312 1877 1351 c.
1904 1294 1985 1365 3.]

645 1399 835 1455 Nullus
859 1396 1146 1466 episc0pus
1177 1394 1407 1449 clericos
1435 1408 1582 1456 suos,
1616 1390 1718 1444 nisi
1758 1390 1919 1453 forte,
1951 1386 2154 1456 quibus

571 1492 1072 1549 ecclesiasticarum
1108 1500 1291 1541 rerum
1329 1484 1664 1555 dispensatio
1703 1482 1989 1538 commissa
2040 1479 2155 1534 fne-

572 1588 661 1651 rit,
696 1584 795 1641 sibi
819 1582 1011 1653 jurare
1032 1579 1343 1650 compellat.

1172 1667 1547 1725 CCLXXVIII.

968 1764 1128 1819 Aliud
1155 1763 1354 1818 Urbani
1377 1761 1436 1815 II
1460 1763 1739 1815 decretum.

1026 1855 1190 1923 (intra
1219 1870 1307 1908 an.
1339 1850 1687 1921 1088-1099.)

956 1948 1192 2020 [Mstn
1219 1944 1420 2001 Concil.
1446 1941 1565 2010 XX,
1601 1943 1725 1996 7M.

638 2045 891 2102 Urbanus
919 2056 1054 2110 papa
1100 2039 1391 2102 secundus,
1422 2037 1570 2102 Duae,
1604 2034 1799 2105 inquit,
1827 2034 1974 2103 leges
2004 2040 2154 2098 sunt,

566 2156 671 2194 una
707 2137 943 2209 publica,
990 2134 1160 2189 altera
1214 2133 1457 2201 privata;
1508 2128 1723 2199 publica
1757 2128 1847 2184 lex
1865 2137 1949 2182 est
1978 2143 2098 2197 qute
2126 2142 2155 2181 a

568 2230 775 2286 sanctis
810 2226 1063 2283 Patribus
1117 2224 1324 2294 scripta.
1346 2230 1428 2278 est
1456 2220 1696 2285 firmata,
1748 2228 1805 2273 ut
1833 2228 1921 2274 est
1948 2218 2037 2272 lex
2063 2232 2157 2274 ca-

568 2336 795 2385 nonum,
832 2334 953 2389 quae
984 2316 1201 2388 quidem
1229 2324 1451 2385 prepter
1487 2324 1914 2383 transgressores
1942 2323 2027 2367 est
2052 2321 2159 2366 tra-

564 2414 676 2466 dita
694 2429 708 2477 ;
728 2408 1087 2479 verbigratia,
1112 2407 1387 2462 decretum
1410 2413 1493 2461 est
1516 2404 1568 2459 in
1592 2403 1888 2458 eanonibus
1903 2402 2158 2457 clericum

568 2519 675 2558 non
735 2500 935 2557 debere
977 2497 1047 2554 de
1095 2512 1194 2553 suo
1239 2496 1552 2566 episcopatu
1586 2493 1653 2549 ad
1690 2492 1855 2547 alium
1907 2491 2157 2555 transire,

569 2596 671 2650 nisi
710 2590 1173 2649 eommendatitiis
1216 2587 1414 2644 litteris
1446 2585 1684 2656 episc0pi
1725 2584 1827 2649 sui,
1866 2583 2008 2654 quod
2037 2598 2165 2653 pro-

568 2701 688 2756 pter
703 2684 1028 2741 criminosos
1044 2680 1123 2737 sic
1145 2687 1405 2736 statutum
1429 2686 1536 2744 est,
1552 2690 1651 2732 nec
1664 2674 1917 2730 videlicet
1933 2672 2160 2728 infames

574 2780 642 2835 ab
680 2777 861 2847 aliquo
913 2775 1170 2846 episcopo
1209 2770 1576 2841 suscipiantur
1605 2781 1869 2840 personae.
1904 2764 2165 2822 Solebant

571 2868 717 2923 enim
748 2867 923 2922 oﬂicia
962 2880 1061 2923 sua
1095 2882 1217 2920 enm
1259 2879 1362 2918 non
1411 2870 1663 2933 poterant
1716 2859 1769 2914 in
1818 2873 1941 2924 suo,
1974 2857 2025 2911 in
2055 2856 2162 2927 cpi.-

582 2970 807 3034 scopatn
847 2961 1021 3016 altero
1057 2959 1359 3022 celebrare,
1406 2955 1550 3027 quod
1594 2954 1715 3025 jure
1749 2951 2057 3025 praeceptis,
2108 2958 2163 3005 et

568 3054 790 3126 scriptis
827 3053 1152 3109 detestatum
1203 3059 1306 3105 est.
1336 3048 1449 3103 Lex
1481 3061 1612 3101 vero
1640 3046 1872 3116 privata,
1905 3043 2048 3114 quod
2071 3042 2148 3097 in-

568 3147 830 3202 stinctum
861 3154 945 3201 est
974 3143 1145 3199 sancti
1172 3142 1427 3212 Spiritus,
1457 3141 1511 3195 in
1539 3141 1702 3195 corde
1727 3137 2003 3203 scribitur,
2022 3137 2163 3192 sicut

569 3241 635 3296 de
659 3238 987 3311 quibusdam
1017 3236 1149 3292 dicit
1176 3234 1491 3306 Apostolus,
1521 3233 1612 3302 qui
1645 3233 1847 3290 habent
1866 3232 2039 3301 legem
2068 3229 2165 3286 Dei

568 3330 836 3401 scriptam
864 3328 917 3382 in
945 3327 1201 3383 cordibus
1248 3325 1383 3393 suis,
1408 3333 1461 3381 et
1492 3323 1598 3380 sibi
1628 3332 1685 3379 et
1715 3323 1812 3395 ipsi
1839 3321 2013 3378 sancti
2039 3330 2165 3377 sunt

567 3423 676 3479 lex.
706 3422 763 3479 Si
797 3421 918 3493 quis
956 3422 1148 3477 horum
1178 3420 1229 3475 in
1256 3418 1495 3475 Ecclesia
1522 3433 1621 3473 sua
1660 3416 1761 3473 sub
1788 3415 2043 3486 episcopo
2065 3429 2163 3470 suo

569 3516 844 3585 proprium
910 3516 1134 3580 retinet,
1178 3522 1233 3569 et
1289 3512 1625 3570 smeulariter
1676 3510 1830 3575 vivit,
1868 3510 1913 3566 si
1947 3506 2163 3564 aﬂlante

567 3608 775 3677 Spiritu
830 3616 1020 3662 sancto
1062 3607 1115 3661 in
1146 3606 1328 3676 aliquo
1366 3602 1701 3661 monasterio
1740 3617 1800 3659 se
1829 3602 2040 3659 salvare
2068 3614 2162 3656 vo-

568 3696 754 3764 luerit,
807 3699 933 3769 quia
967 3699 1084 3771 lege
1133 3699 1349 3770 privata
1382 3698 1621 3764 ducitur,
1652 3696 1798 3752 nulla
1829 3694 1968 3751 ratio
1994 3694 2163 3765 exigit

568 3798 629 3843 ut
653 3790 719 3843 ad
758 3790 968 3860 publica
1027 3792 1363 3859 constringat
1396 3792 1484 3863 Π..
1514 3800 1624 3846 uta
1654 3788 1866 3861 publica
1891 3787 2162 3845 constrino

570 3878 790 3952 gatur];
823 3880 1037 3952 dignior
1060 3892 1143 3937 est
1190 3883 1335 3937 enim
1376 3882 1585 3952 privata
1618 3880 1703 3935 lex
1728 3895 1890 3949 quam
1925 3878 2156 3961 publica.

570 3973 811 4043 Spiritus
864 3974 1080 4043 quidem
1123 3974 1216 4029 Dei
1264 3973 1350 4027 lex
1396 3982 1498 4038 est,
1560 3982 1616 4027 et
1667 3972 1758 4042 qui
1807 3971 2009 4039 Spiritu
2063 3970 2158 4024 Dei

573 4074 829 4137 aguntur,
874 4065 991 4134 lege
1022 4065 1115 4121 Dei
1171 4065 1465 4121 ducuntur.
1493 4063 1563 4119 Et
1588 4063 1708 4132 quis
1750 4069 1836 4117 est
1868 4062 1958 4131 qui
1991 4061 2162 4131 possit

575 4156 783 4227 Spiritu
829 4164 1019 4211 sancto
1072 4155 1234 4228 digne
1282 4154 1573 4211 resistere?
1610 4151 1872 4221 Quisquis
1901 4167 2029 4222 ergo
2058 4150 2161 4206 hoc

569 4247 777 4317 Spiritu
835 4246 1074 4312 ducitur,
1106 4255 1160 4301 et
1190 4245 1447 4317 episcopo
1471 4260 1571 4300 suo
1612 4242 2039 4308 contradicente,
2072 4250 2160 4297 eat

567 4341 708 4395 liber
734 4349 918 4396 nostra
953 4339 1301 4395 auctoritate.
1336 4337 1493 4395 .lusto
1522 4337 1666 4393 enim
1697 4336 1781 4392 lex
1814 4351 1920 4390 non
1952 4344 2037 4389 est
2058 4349 2159 4403 po-

2259 465 2469 521 delecta
2520 465 2779 519 instinctu
2830 465 3003 520 sancti
3068 466 3309 536 Spiritus
3359 469 3606 525 suscitatis.
3648 474 3727 533 Du

2258 558 2404 612 enim
2434 557 2503 611 ab
2539 556 2796 612 Ecclesia:
2825 564 3032 612 sancta:
3058 557 3375 628 primordiis
3401 560 3509 615 vita:
3538 563 3628 631 ejus
3653 568 3731 623 iliis
3830 594 3831 599 π

2258 662 2386 706 sunt
2418 651 2703 716 institutm,
2735 666 2868 716 una,
2913 666 3024 720 qua
3063 651 3403 705 infirmorum
3431 651 3634 711 debilitas
3656 664 3732 715 reti.

2259 749 2418 794 netnr
2466 758 2479 794 :
2533 740 2728 807 altera,
2760 758 2867 811 qua
2905 741 3192 797 fortiornm
3229 742 3405 797 virtus
3436 743 3569 799 beata
3598 751 3734 817 perici-

2256 841 2368 885 μην.
2421 830 2537 887 Una
2591 846 2883 892 remanens
2928 831 2982 887 in
3020 831 3193 903 Segor
3255 833 3498 903 parvula,
3546 836 3735 894 alienati

2258 922 2458 976 montis
2504 921 2699 977 altiora
2739 923 3129 979 conscendens.
3157 922 3285 978 Una
3327 922 3558 995 lacrymis
3577 939 3619 981 et
3650 930 3737 984 elec-

2258 1012 2502 1083 ntosynis
2546 1012 2862 1082 quotidiana
2905 1022 3129 1082 peccata
3177 1013 3479 1077 redimens;
3510 1014 3641 1069 altera
3660 1035 3739 1087 qne-

2258 1104 2463 1158 tidiana
2491 1104 2751 1160 instantia
2781 1104 2975 1159 merita
3002 1113 3211 1160 :cterna
3240 1105 3565 1172 conquirens.
3582 1107 3743 1163 Alteram

2259 1206 2507 1253 tenentes
2537 1197 2873 1262 inferiorem,
2904 1197 3138 1252 terrenis
3162 1197 3326 1252 bonis
3352 1208 3573 1263 utuntur,
3595 1199 3739 1253 alteram

2256 1296 2551 1356 sequentes
2578 1287 2941 1357 superiorem,
2982 1288 3177 1341 bonam
3222 1296 3424 1341 terram
3456 1287 3739 1357 despiciunttc

2257 1379 2594 1449 relinquunt.
2641 1380 2767 1435 llaec
2808 1389 2990 1433 autem
3034 1395 3157 1449 qua:
3204 1394 3237 1433 a
3272 1381 3498 1434 terrenis
3530 1382 3741 1447 dirertitnr,

2256 1469 2311 1525 in
2342 1470 2478 1526 duas
2514 1484 2653 1539 pene
2689 1470 2850 1524 unius
2888 1470 3244 1541 ejusdemque
3294 1472 3539 1540 propositi
3575 1473 3740 1527 dividitur

2256 1566 2577 1634 pactiones,
2621 1564 3008 1619 canonicorum
3061 1564 3282 1620 scilicet
3335 1575 3391 1619 et
3443 1566 3742 1621 monachorum.

2261 1651 2462 1709 Harum
2526 1654 2767 1709 secunda
2818 1668 2916 1723 per
2957 1654 3196 1708 divinant
3264 1654 3645 1711 misericordiam
3682 1657 3741 1712 fre-

2188 1740 2231 1801 Β
2257 1754 2516 1814 quentata
2558 1746 2693 1803 satis
2722 1746 2836 1817 jam
2885 1746 3084 1801 smculo
3128 1746 3392 1803 universo
3436 1748 3605 1802 elucet.
3633 1748 3743 1803 l‘tinu

2258 1852 2388 1892 vero
2417 1838 2795 1894 deealescente
2840 1838 3055 1893 fervore
3099 1839 3347 1894 lidelium
3386 1837 3493 1907 jam
3540 1856 3644 1910 pene
3672 1857 3742 1893 om.
3830 1902 3831 1919 χ

2257 1925 2387 1980 nino
2432 1925 2676 1983 deﬂuxit.
2732 1926 2886 1983 lianc
2940 1937 3149 1997 martyr
3196 1937 3255 1983 et
3306 1930 3539 1999 pontifex
3583 1930 3745 1985 Urbanus

2246 2016 2517 2071 instituit.
2559 2016 2711 2072 Hanc
2759 2018 3097 2088 Augustinus
3140 2020 3259 2074 suis
3317 2019 3511 2091 regulis
3548 2020 3740 2074 ordinarii.

2261 2108 2409 2163 lianc
2431 2108 2726 2180 Gregorius
2753 2111 3058 2182 Augustino
3104 2110 3409 2180 Anglorum
3449 2111 3745 2180 archiepiscopo

2260 2202 2647 2259 instituendam
2695 2202 2974 2273 praecepit.
3030 2203 3221 2273 Itaque
3276 2220 3383 2257 non
3434 2203 3622 2257 minoris
3655 2204 3741 2256 asti-

2258 2296 2515 2350 mandum
2548 2304 2635 2350 est
2669 2296 2875 2361 meriti,
2928 2297 3069 2351 hanc
3126 2297 3303 2351 vitam
3362 2295 3589 2350 Ecclesiae
3627 2295 3743 2363 primi-
3830 2290 3831 2293 “

2263 2384 2386 2438 lixae
2407 2385 2686 2455 aspirante
2711 2400 2777 2439 ac
2804 2395 3169 2456 prosequente
3200 2386 3419 2441 Domini
3447 2384 3615 2454 Spiritu
3637 2381 3741 2435 ευθει-
3830 2400 3831 2456 ξ

2263 2489 2406 2543 tare,
2434 2493 2597 2548 quam
2628 2478 2914 2535 ﬂorentem
2944 2480 3343 2537 monachorum
3374 2477 3640 2547 religionem
3659 2475 3743 2542 ejus-

2260 2570 2384 2625 dem
2412 2570 2653 2641 Spiritus
2688 2573 3098 2643 perseverantia
3128 2570 3436 2631 custodire.

2903 2704 3207 2761 CCLXXX.

2267 2795 2469 2851 διὸ(ιηὶ
2494 2796 2714 2862 epistola
2752 2798 2820 2851 ad
2857 2797 3190 2852 Bernardum
3240 2796 3539 2851 Tolelamm
3570 2792 3739 2857 nam.

2335 2884 2569 2937 scopum.
2596 2897 2666 2907 ——
2688 2866 2821 2921 Cum
2847 2867 3077 2921 Ricardo
3135 2868 3188 2921 Μ
3197 2868 3461 2922 asailiensi
3499 2867 3675 2937 episcopo
3702 2872 3738 2937 at

2334 2932 2814 3009 adémptailegatio,
2848 2939 2958 3008 ipse
2997 2938 3232 3009 inuigilet
3270 2938 3501 2991 omnibus
3528 2932 3737 3007 Ἀντῆφὴ

2338 3004 2526 3076 scapus
2563 3004 3015 3077 Contpostellanut
3057 3004 3283 3063 vinculis
3314 3004 3737 3077 calumniarentu-

2331 3072 2513 3132 luatur
2533 3072 2718 3151 oﬂicio'.
2751 3078 2960 3133 Maneat
2984 3081 3069 3133 cui
3094 3078 3514 3133 committendam
3532 3072 3736 3144 legationem

2336 3159 2499 3219 putet.

2723 3243 2889 3313 (intra
2919 3260 3008 3300 au.
3045 3243 3401 3313 1096-1099.)

2658 3334 2876 3407 [Mxxsn
2910 3332 3112 3389 Caucil.
3146 3334 3269 3400 XX,
3303 3332 3452 3403 697.]

2341 3426 2571 3497 Semper
2623 3435 2673 3480 te
2722 3441 3016 3480 memorem
3050 3441 3169 3479 esse
3206 3433 3425 3495 oportet
3459 3414 3735 3475 benedictionis
3830 3414 3831 3469 Ε

2263 3528 2317 3574 et
2343 3518 2552 3590 gratim,
2603 3517 3031 3587 excellentisque
3078 3516 3422 3571 liberalitatis
3462 3505 3733 3583 quamasedc

2263 3609 2553 3682 apostolica
2582 3610 2871 3680 accepisti;
2905 3625 3119 3680 semper
3147 3618 3201 3663 te
3230 3608 3418 3678 quanti
3443 3620 3577 3676 geras
3599 3598 3729 3654 culmen

2263 3702 2443 3768 cilicii,
2480 3710 2534 3758 et
2566 3702 2727 3757 rebus
2773 3703 3107 3768 ostendere;
3161 3702 3340 3756 rivum
3376 3710 3423 3755 te
3451 3716 3476 3752 a
3502 3696 3619 3751 fonte
3646 3687 3733 3745 Petri

2262 3792 2487 3865 apostoli
2534 3792 2898 3859 descendisse,
2950 3802 3006 3847 et
3051 3791 3329 3846 ﬂammam
3382 3804 3528 3862 quam
3565 3786 3616 3839 ab
3650 3779 3729 3849 ignis

2261 3886 2379 3957 ejus
2424 3885 2638 3941 camino
2688 3895 2997 3955 susceptam
3046 3884 3235 3949 foves,
3289 3898 3492 3952 semper
3532 3880 3574 3932 in
3611 3873 3730 3928 altion

2261 3975 2583 4049 producere.
2622 3974 2775 4031 Nunc
2809 3976 3079 4046 prmcipue
3114 3974 3505 4030 fraternitatem
3538 3975 3729 4022 ιιιςιιιιιιιι-

2262 4068 2492 4138 pliorem
2540 4067 2846 4139 principum
2892 4067 3041 4121 Petri
3084 4076 3137 4122 et
3176 4066 3334 4121 Pauli
3375 4060 3649 4132 disciplinam
3680 4051 3728 4103 in-

2262 4168 2496 4224 struere,
2537 4158 2725 4228 tuique
2755 4155 2913 4212 ofﬁcii
2948 4165 3165 4227 oportet
3204 4157 3456 4212 exhibere
3506 4153 3723 4205 censuram;

2260 4264 2404 4304 nunc
2434 4247 2723 4318 przecipue,
2757 4262 2881 4302 cum
2914 4246 3093 4301 nullus
3123 4247 3177 4300 in
3207 4246 3403 4301 vestris
3440 4238 3633 4312 partibus
3653 4243 3732 4297 ape

2260 4338 2466 4396 stolicae
2505 4339 2649 4394 sedis
2690 4339 2897 4410 legatus
2941 4337 3148 4393 existit.
3182 4336 3415 4392 Ricardo
3440 4332 3559 4388 enim
3581 4320 3723 4393 legali?

569 4431 696 4497 sita,
723 4439 777 4486 et
792 4429 880 4485 ubi
913 4429 1149 4501 Spiritus
1175 4429 1384 4485 Domini
1417 4430 1489 4486 ibi
1518 4429 1766 4494 libertas,
1790 4436 1843 4483 et
1874 4428 1919 4482 si
1951 4426 2156 4497 Spiritu
2190 4440 2408 4502 Dncm,
2453 4448 2614 4503 quam
2664 4432 2928 4486 hactenus
2974 4430 3187 4494 habuit,
3226 4426 3591 4501 denegavitnus,
3619 4423 3723 4503 ιιθφξε

569 4521 666 4578 Dei
690 4520 972 4587 ducimini,
1007 4536 1113 4575 non
1140 4519 1275 4576 estis
1300 4520 1404 4575 sub
1436 4519 1571 4591 lege.

1200 4632 1522 4689 CCLXXIX.

568 4725 816 4785 Urbanus
855 4724 915 4780 Il
950 4725 1220 4779 canonicis
1255 4724 1582 4794 regularibus
1628 4721 1942 4794 quibusdam
1981 4719 2162 4775 scribit

779 4798 844 4851 de
872 4797 1249 4850 canonicorum
1287 4792 1567 4863 disciplina
1601 4792 1941 4847 restituenda.

1006 4887 1190 4945 tlntra
1231 4903 1320 4942 an.
1362 4884 1731 4953 l088-l099).

926 4978 1172 5054 [.‘lhxsr,
1223 4976 1427 5033 Concil.
1470 4974 1601 5042 XX,
1640 4974 1743 5029 7Ιῖ
1765 4974 1805 5046 ].

642 5073 867 5145 Oportet
893 5085 1013 5137 nos,
1044 5070 1158 5141 qui,
1216 5069 1344 5125 licet
1375 5067 1616 5140 indigni,
1660 5066 1809 5123 Petri
1859 5066 2159 5145 residemus

570 5166 624 5220 in
668 5163 808 5231 loco,
831 5178 997 5235 prava
1040 5162 1337 5233 corrigere,
1378 5169 1524 5214 recta
1569 5158 1813 5225 ﬁrmare,
1844 5141 1983 5213 et‘in
2010 5155 2157 5213 omni

574 5254 820 5312 Ecclesia
873 5254 1157 5310 arbitrium
1202 5252 1406 5323 judicis
1434 5253 1552 5323 ejus
1595 5251 1858 5323 judicium
1907 5258 2155 5304 nostrum

572 5348 833 5423 prodeat,
882 5346 1023 5403 oculi
1055 5346 1227 5403 nostri
1253 5347 1475 5401 videant
1519 5344 1852 5415 aequitatem.
1898 5340 2157 5413 Omnipo-

572 5441 711 5499 tenti
738 5456 869 5511 ergo
902 5440 1035 5507 Deo,
1064 5440 1218 5512 cujus
1252 5439 1443 5495 melior
1474 5448 1557 5494 est
1586 5437 1961 5495 misericordia
1994 5451 2158 5507 super

570 5535 731 5599 vitas,
779 5533 984 5606 gratias
1018 5532 1228 5603 agimus
1259 5549 1273 5586 :
1322 5532 1466 5602 quod
1510 5546 1608 5587 vos
1637 5531 1771 5587 estis
1800 5531 1893 5601 qui
1941 5536 2156 5585 sancto-

571 5643 693 5683 rum
722 5626 943 5683 Patrum
988 5625 1152 5682 vitam
1184 5624 1516 5696 probabilem
1546 5625 1827 5680 renovatis
1854 5636 1909 5681 et
1941 5632 2189 5695 aposto»

569 5718 673 5775 lica
725 5719 971 5775 instituta
1048 5715 1346 5786 disciplinae
1415 5715 1467 5770 in
1523 5716 1835 5786 primordiis
1902 5716 2156 5773 Ecclesiae

2261 4526 2350 4579 alii
2380 4525 2614 4595 cuipiam
2637 4532 2941 4579 vestrarum
2973 4523 3210 4593 partitnn
3255 4500 3549 4592 legationem
3571 4500 3722 4575 iujnnrio

2262 4635 2402 4673 mus.
2435 4617 2512 4672 Te
2543 4618 2728 4688 igitur,
2768 4626 2826 4670 ut
2854 4617 3180 4686 prudentem
3210 4631 3274 4671 ac
3307 4613 3577 4682 religiosum
3597 4601 3719 4688 virm

2260 4712 2545 4766 hortamur
2578 4719 2631 4764 et
2666 4709 3019 4764 obsecramus
3064 4709 3117 4763 in
3162 4707 3390 4763 Domino
3425 4712 3475 4757 ut
3509 4710 3600 4767 quae
3633 4687 3718 4743 dicit

2260 4812 2386 4858 sant
2435 4803 2676 4858 studiose
2723 4816 3004 4867 exerceas,
3064 4801 3233 4856 bonos
3294 4800 3345 4854 in
3404 4794 3564 4852 melius
3604 4790 3717 4874 acili}

2259 4908 2457 4965 pravos
2494 4893 2762 4964 corrigas,
2794 4902 2849 4948 et
2874 4892 3195 4947 canonicam
3232 4892 3285 4946 in
3317 4888 3537 4946 omnibus
3562 4868 3717 4966 distiPlf

2261 4962 2386 5041 nam
2436 4984 2503 5040 ad
2546 4962 2805 5040 Romana:
2848 4984 3107 5040 Ecclesiae
3163 4983 3386 5054 gloriam
3435 4978 3583 5044 tuique
3615 4962 3714 5020 studii

2261 5078 2608 5144 mercedem,
2682 5076 2958 5132 ferventer
3018 5084 3075 5132 et
3137 5076 3486 5132 indesinenter
3525 5062 3715 5119 ουεεππε

2260 5184 2541 5241 procures.
2605 5170 2825 5233 Adesto,
2883 5168 3147 5240 invigila,
3208 5169 3348 5223 insta
3397 5176 3501 5220 eum
3548 5145 3713 5241 (“illius

2261 5234 2462 5318 nostris
2512 5262 2806 5331 episcopis,
2845 5234 3084 5333 regibus,
3134 5260 3457 5332 principibus
3495 5266 3545 5306 ac
3572 5234 3709 5316 WW1“

2260 5363 2529 5426 quatenus
2551 5354 2870 5409 aberrantes
2900 5355 2966 5409 ad
2999 5362 3208 5409 rectum
3232 5351 3531 5425 propositum
3550 5334 3707 5426 κάξξθίν

2262 5456 2543 5500 manentes
2571 5444 2624 5499 in
2657 5444 2779 5500 fidei
2807 5446 3036 5500 veritate
3069 5446 3136 5500 ad
3166 5420 3367 5500 exitum
3402 5448 3543 5506 usque
3563 5420 3709 5480 viriliter

2260 5544 2628 5607 perseverent.
2661 5535 2717 5590 ιιι
2747 5551 2878 5591 vero
2914 5537 3186 5606 przccipue
3229 5545 3279 5591 te
3318 5534 3527 5589 laborare
3548 5514 3703 5607 tolum”

2257 5606 2312 5682 et
2337 5642 2607 5699 rogamus,
2636 5636 2693 5683 ut
2715 5627 2905 5684 Sancti
2925 5625 3113 5684 Jacobi
3138 5628 3427 5697 episcopus,
3449 5606 3703 5699 οιιιίιιιοξρθξιξδ

2264 5718 2511 5785 vinculis,
2555 5735 2652 5775 suo
2694 5720 3006 5776 restituatur
3051 5718 3246 5776 oﬂicio.
3294 5719 3364 5774 De
3398 5727 3484 5776 duo
3517 5684 3695 5764 ουίάσίηίίο
