3900 6322
100 315 188 371 537

1257 308 1612 366 EPISTOLE
1655 308 1740 366 ET
1777 307 2183 366 PRIVILEGIA.

3232 305 3343 364 558

96 427 366 483 auxiliante
411 424 660 487 Domino,
713 423 911 494 egeris,
957 424 1064 479 luis
1097 423 1254 478 nobis
1289 423 1485 477 litteris
1509 423 1648 477 indi-
1677 434 1724 490 Α
1825 421 2074 478 Relatum
2118 420 2274 478 nobis
2304 429 2388 477 est
2426 422 2569 492 quod
2607 419 2959 479 Carnotensis
2990 421 3274 493 cpiscopus
3305 441 3340 480 a

97 517 251 574 rubis.
298 517 372 572 De
419 515 650 581 caeteris,
681 523 736 570 et
767 531 890 586 qua:
933 515 987 570 in
1037 515 1414 587 Hispaniarum
1466 515 1658 584 regnis

96 626 177 677 per
211 624 306 664 nos
338 608 667 678 disponenda
716 608 1018 679 provideris
1045 649 1059 673 ,
1083 617 1138 664 et
1172 609 1258 664 cui
1298 607 1644 679 potissimum

94 701 460 756 committenda
493 703 634 758 sedis
664 702 975 773 apostolicae
1010 701 1217 773 legatio
1247 703 1514 771 videatur,
1541 704 1652 759 tuis

94 808 178 846 nos
208 792 405 848 nuntiis
441 803 496 848 et
543 794 788 864 apicibus
814 793 1158 852 informabis.
1185 794 1434 851 Labores
1467 806 1646 851 autem

93 899 212 960 quos
238 885 286 937 in
313 885 573 942 membris
597 887 708 942 suis
729 887 1094 958 apostolorum
1119 889 1390 958 principes
1411 887 1660 959 quotidie-

91 977 370 1046 patiuntur,
401 976 568 1032 nolito
600 978 708 1034 ullo
735 981 900 1034 modo
924 979 1168 1036 oblivisci
1194 995 1208 1044 ;
1235 982 1329 1037 sed
1351 996 1416 1036 os
1437 995 1651 1052 semper

92 1068 136 1127 in
168 1068 322 1122 corde
368 1067 640 1139 bajulans,
689 1079 745 1126 et
781 1070 1032 1128 fidelibus
1065 1073 1318 1128 omnibus
1365 1087 1648 1132 commen-

91 1162 230 1225 dans,
271 1159 590 1216 solatiorum
622 1172 928 1219 vestrorum
951 1180 1052 1236 ope
1081 1166 1252 1221 lenire
1282 1165 1501 1222 festina.

688 1273 1014 1331 CCLXXXI.

91 1366 270 1424 Urbani
314 1367 376 1422 11
402 1383 555 1437 papa:
597 1369 817 1438 epistola
852 1371 922 1425 ad
962 1368 1238 1433 Catonem.
1292 1369 1355 1426 S.
1408 1368 1650 1435 Quintini

148 1438 520 1492 Bellovacensis
543 1439 929 1562 Impositum.
964 1471 1034 1481 —
1079 1441 1370 1509 Conﬁrmat
1400 1441 1648 1494 donaio-

151 1526 252 1562 nem
282 1518 434 1562 terra:
456 1509 522 1562 de
591 1508 749 1562 [uella
781 1513 976 1562 factum
994 1529 1028 1562 α
1049 1510 1331 1562 Guillelmo
1359 1509 1649 1562 Parisiemi

151 1526 252 1590 nent
282 1518 434 1564 terra:
456 1509 522 1564 de
543 1508 749 1565 Alnella
777 1513 976 1583 [actam
994 1529 1028 1566 a
1049 1508 1331 1568 Guitlelmo
1359 1509 1648 1566 Parisiensi

149 1596 394 1650 episcopo.

518 1672 539 1741 (
552 1671 693 1729 Intra
723 1690 812 1730 an.
847 1675 1197 1747 {096-1099.)

301 1768 465 1842 [Dom
492 1772 772 1837 Dououer,
807 1769 1045 1836 Recueil,
1073 1769 1217 1834 XIV,
1250 1769 1400 1844 754.]

149 1860 380 1918 URBANUS
411 1864 724 1936 episcopus,
753 1879 947 1922 servus
992 1879 1274 1921 servorum
1308 1864 1426 1928 Dei.
1457 1863 1652 1919 dilecto

89 1955 183 2010 ﬁlio
219 1954 415 2010 Guom
462 1957 600 2030 (55),
655 1958 945 2030 praeposito
976 1956 1219 2014 ecclesia:
1269 1957 1331 2012 S.
1381 1956 1646 2026 Quintilii,

87 2063 189 2115 quae
223 2047 432 2104 Belvaci
463 2049 569 2106 sita
595 2061 702 2118 est,
733 2049 966 2107 salutem
1006 2060 1060 2107 et
1095 2049 1452 2123 apostolicam
1482 2049 1652 2106 benc-

88 2138 369 2194 dictionem.
1651 2201 1654 2204 .

148 2229 206 2283 Et
258 2231 535 2287 commissi
577 2231 735 2288 oﬂicii
772 2249 872 2288 nos
921 2233 1196 2304 compellit
1245 2233 1564 2299 auctoritas,
1597 2243 1652 2290 et

89 2323 306 2388 specialis
333 2323 581 2380 charitas
627 2325 973 2392 exhortatur,
1002 2333 1060 2379 ut
1091 2340 1214 2394 qnte
1255 2334 1402 2380 recte
1447 2334 1650 2381 statuta

89 2421 195 2464 sunt
215 2414 558 2484 confirmare,
595 2425 649 2470 et
677 2413 757 2470 eis
784 2431 905 2487 qua:
954 2414 1054 2470 sub
1087 2415 1253 2471 tutela
1281 2424 1484 2471 nostrte
1505 2417 1653 2472 sedis

89 2503 176 2557 sita
225 2514 362 2568 sunt,
412 2507 832 2576 propensiorem
900 2507 1196 2563 debeamus
1258 2507 1652 2578 protectionem

89 2598 386 2667 impendere.
447 2600 667 2656 Idcirco
718 2599 1067 2656 donationem
1115 2607 1273 2656 terra:
1303 2615 1423 2668 qua:
1455 2599 1653 2655 dicitur

88 2688 284 2753 Muella,
315 2708 341 2743 a
371 2689 674 2746 Parisiensi
706 2691 964 2761 episcopo
999 2689 1290 2746 Guillehno
1315 2690 1428 2761 (5i)
1457 2701 1652 2746 vestrae

86 2777 299 2832 ecclesia:
344 2779 580 2848 factam,
610 2781 963 2850 praesentium
1013 2780 1322 2836 litterarum
1350 2781 1652 2836 assertione

90 2868 336 2924 ﬁrmamus
362 2889 377 2927 :
409 2887 578 2942 quam
605 2872 857 2929 videlicet
882 2882 1081 2928 terram
1115 2875 1408 2946 prtedictus
1445 2874 1652 2944 episco~

88 2974 220 3026 pusa
249 2964 532 3020 canonicis
574 2963 634 3021 S.
657 2963 916 3020 Germani
968 2965 1462 3023 Antissiodorensis
1495 2981 1654 3022 accc-

88 3064 234 3121 perat,
265 3056 381 3111 data
425 3057 691 3114 nimirum
749 3059 800 3112 in
847 3059 1326 3115 commutationem
1365 3059 1649 3129 prtebenda

1751 513 2076 567 charissimo
2111 511 2224 566 lilio
2268 520 2455 567 nostro
2501 512 2798 577 G‘aufredo,
2826 521 3010 568 vestro
3039 512 3255 580 abbate,
3285 515 3338 569 in

1749 603 2159 660 consecratione
2197 617 2361 674 quam
2409 605 2643 674 accepit.
2707 604 2776 659 ab
2831 619 2898 659 eo
2943 601 3338 674 professionem

1749 698 2068 757 extorserit.
2123 696 2296 766 Quam
2346 697 2473 768 quia
2517 707 2709 754 contra
2767 699 3025 753 Romamn
3085 698 3341 754 Ezclesite

1749 790 2130 846 auctoritatem
2161 788 2360 845 factam
2392 789 2734 860 agnovimus,
2776 792 2956 847 abbati
2987 792 3204 860 quidem
3242 808 3342 848 nos

1750 884 2176 940 misericorditer
2194 883 2502 955 hujusmodi
2522 898 2716 937 tunsam
2739 883 3026 940 indulsisse
3056 887 3338 942 noveritis.

1749 975 2149 1034 Professionem
2198 992 2330 1032 vero
2362 978 2535 1047 ipsam
2580 975 2656 1030 ita
2687 975 3049 1044 adnullamus,
3077 988 3136 1032 ut
3165 979 3344 1034 nullas

1751 1070 1978 1139 penitus~
2029 1071 2175 1125 vires
2227 1069 2518 1126 obstineat.
2567 1067 2792 1138 Insuper
2833 1069 3012 1123 etiam.
3055 1085 3123 1125 ne
3173 1071 3343 1126 abbas

1751 1163 2067 1218 monasterii
2121 1163 2288 1218 vestri
2331 1163 2591 1232 deinceps
2648 1162 2901 1232 episcopo
2947 1163 3339 1231 professionem

1753 1254 1936 1320 faciat,
1959 1264 2015 1311 et
2035 1266 2238 1312 nostra:
2259 1256 2602 1312 auctoritatis
2629 1254 2911 1326 privilegio
2939 1255 3210 1310 firmatum
3237 1267 3339 1322 est,

1751 1355 1805 1402 et
1837 1347 2191 1418 praesentibus
2223 1347 2420 1402 litteris
2448 1345 2821 1417 prohibemus.
2851 1345 2906 1400 Si
2938 1346 3061 1416 quis
3082 1358 3263 1400 autem
3289 1347 3342 1401 in

1751 1450 2024 1511 posterum
2075 1450 2266 1496 contra
2318 1441 2434 1496 hanc
2484 1440 2671 1495 venire
2724 1440 3031 1505 tentaverit,
3066 1455 3096 1494 a
3141 1449 3350 1494 sancta!

1750 1531 2006 1588 Ecclesiae
2035 1532 2312 1588 liminibus
2337 1539 2612 1597 arceatur,
2645 1541 2698 1586 et
2729 1541 2941 1586 maneat
2966 1532 3345 1588 excommuni-

1750 1635 1904 1682 catus
1941 1624 2112 1682 donec
2152 1626 2438 1698 resipiscat
2490 1634 2551 1681 et.
2595 1623 2854 1683 Romana:
2885 1626 3141 1683 Ecclesia:
3188 1624 3353 1680 satis—

1752 1717 1936 1772 faciat.

1685 1785 1728 1841 Β
1826 1809 2022 1864 Datum
2052 1808 2238 1866 Romae
2267 1825 2362 1866 vm
2394 1808 2513 1864 Kal.
2549 1808 2801 1864 Deceml).

2379 1899 2729 1956 CCLXXXV.

1757 1990 1956 2049 Urbani
1997 1995 2216 2066 epistola
2244 1995 2314 2048 ad
2347 1997 2768 2066 archiepiscopo:
2797 2004 2845 2048 et
2880 1993 3147 2063 episcopos
3179 1992 3348 2048 Fran-

1824 2067 2039 2136 eiw.—
2073 2065 2370 2133 Philippum
2422 2065 2613 2136 regem,
2653 2066 2743 2132 qui
2775 2066 2994 2118 dimissa
3033 2081 3196 2120 uxore
3233 2081 3346 2118 sese

1823 2135 2082 2191 adultera:
2103 2137 2408 2200 addixerat,
2443 2135 2635 2206 gaudet
2665 2136 2734 2188 at!
2762 2153 2853 2188 cor
2881 2136 3117 2190 rediisse.

2201 2225 2376 2296 (Intra
2406 2243 2495 2280 an.
2532 2224 2888 2296 l097-1099.)

2029 2313 2338 2389 [Dacnenn
2372 2316 2583 2389 Spicil.,
2615 2327 2656 2372 t.
2697 2317 2781 2382 Ill,
2811 2333 2866 2388 p.
2893 2316 3046 2390 43].]

1827 2409 2077 2467 υιωΑΝυδ
2102 2409 2410 2480 episcopus,
2437 2424 2629 2466 servus
2660 2425 2940 2465 servorum
2978 2410 3093 2475 Dei,
3136 2410 3349 2466 charis-

1753 2504 1907 2560 simis
1942 2505 1993 2558 in
2045 2503 2259 2559 Christo
2290 2502 2554 2558 fratribus
2585 2502 2832 2557 Mss-asse
2874 2503 3126 2558 Remensi
3163 2503 3338 2559 archi-

1753 2597 2033 2670 episcopo,
2055 2605 2107 2651 et
2129 2597 2339 2652 caeteris
2359 2611 2454 2668 per
2472 2596 2756 2652 Franciam
2785 2605 2891 2650 tam
2919 2597 3346 2666 archiepiscopis

1753 2705 1914 2760 quam
1946 2689 2235 2760 episcopis,
2266 2689 2497 2742 salutem
2528 2696 2581 2744 et
2618 2687 2972 2758 apostolicam
3009 2687 3347 2742 bcnedictio~

1754 2798 1898 2837 nem.

1826 2873 2147 2931 Charissimi
2209 2871 2304 2926 filii
2358 2871 2528 2926 nostri
2557 2871 2789 2944 Philippi
2818 2872 3151 2930 Francorum
3203 2873 3347 2944 regis

1755 2965 1973 3020 nuntius
2009 2965 2076 3019 ad
2127 2965 2308 3020 sedem
2338 2963 2690 3034 apostolicam
2735 2965 2977 3030 veniens,
3014 2964 3210 3020 debitae
3239 2967 3336 3020 Int-

1756 3057 2003 3113 militatis
2036 3059 2246 3113 litteras
2279 3072 2344 3112 ac
2385 3057 2688 3113 devotionis
2722 3058 2906 3113 attulit
2942 3059 3138 3123 verba;
3181 3067 3346 3128 atque

87 3144 290 3211 quadam
323 3145 659 3204 Parisiensis
709 3148 988 3215 Ecclesiae,
1013 3148 1372 3220 prtesentihus
1413 3156 1468 3204 et
1517 3149 1646 3203 sub-
1680 3135 1726 3199 ὓ
1757 3152 1822 3207 de
1856 3151 1996 3207 illius
2038 3151 2278 3207 mulieris
2315 3151 2499 3222 culpa,
2551 3166 2650 3223 pro
2682 3166 2786 3221 qua
2841 3150 3168 3206 venerabilis
3208 3167 3343 3206 con-

87 3236 419 3294 scribentibus
447 3239 712 3296 fratribus
734 3241 1019 3311 utr-iusque
1050 3239 1294 3312 capituli.
1327 3238 1468 3296 Nulli
1501 3241 1654 3296 dein-

89 3343 196 3394 ceps
221 3332 701 3388 commutationem
734 3334 876 3389 hanc
915 3333 1124 3390 violare
1154 3333 1336 3399 liceat,
1366 3331 1470 3390 nisi
1510 3332 1653 3390 forte

87 3420 365 3496 apostolica:
397 3433 604 3478 nostra:
619 3424 765 3480 sedis
784 3424 991 3494 judicio
1021 3432 1368 3483 retractetur.

701 3536 927 3594 CCLXX
936 3535 1047 3592 XIL

86 3627 100 3642 ‘
138 3623 367 3700 lirhsnns
406 3628 584 3700 mittit
633 3648 651 3680 ι
689 3629 890 3683 litteras
925 3629 978 3684 in
1011 3630 1240 3700 gratiam
1272 3625 1649 3700 monac/torum

145 3695 197 3750 S.
236 3697 464 3754 Andreas
514 3698 820 3770 Viennensis
856 3717 984 3770 quos
1013 3695 1294 3770 eteorum
1318 3695 1544 3770 Abajulos
1597 3698 1650 3770 in

145 3776 333 3821 tantum
380 3779 664 3824 vexat-erat
701 3765 894 3836 ﬂuido,
931 3767 1354 3840 ejusdemiurbis
1395 3765 1655 3840 archiepi-

142 3854 332 3908 scopus,
368 3851 426 3895 ut
459 3841 618 3896 etiam
643 3857 708 3895 ea:
744 3840 824 3895 Itis
855 3837 1133 3895 nonnullos
1171 3839 1227 3894 in
1275 3853 1484 3892 carcere
1531 3837 1656 3891 νεη-

144 3921 290 3963 neret.
323 3931 341 3964 ι

518 4005 698 4076 (Intra
729 4020 818 4058 an.
855 4001 1211 4071 10974099.)

207 4092 368 4168 [Vide
398 4097 656 4154 Romam
690 4098 742 4151 in
775 4097 893 4152 Vita
921 4095 1127 4153 Urbani
1159 4095 1226 4159 ll,
1259 4109 1313 4165 p.
1339 4092 1498 4164 9.92.]

685 4209 912 4266 CCLXX
923 4208 1057 4264 XIII.

145 4306 380 4361 Urbanus
414 4305 568 4360 lvoni
599 4302 908 4358 Carnotensi
943 4313 994 4357 et
1027 4302 1312 4373 Ramnulfo
1338 4297 1656 4373 Santonensi

142 4379 386 4447 episcopis
416 4376 594 4431 scribit
629 4393 648 4426 ι
681 4376 733 4427 in
773 4374 997 4447 gratiam
1031 4369 1411 4447 monachorum
1463 4369 1656 4447 Vindo-

1755 3245 1928 3300 fratcr
1972 3254 2158 3300 noster
2217 3244 2594 3316 Lugdunensis
2617 3245 3060 3316 archiepiscopus
3123 3243 3349 3300 interdi-

1755 3339 1950 3394 ctionis
1989 3339 2043 3394 in
2090 3338 2266 3410 ipsum
2311 3339 2634 3393 sententiam
2689 3340 3009 3409 protulerat,
3042 3341 3344 3396 secundum

1758 3428 1987 3484 fratrum
2017 3439 2325 3486 nostrorum
2343 3429 2630 3484 consilium
2657 3431 2940 3486 satisfecit.
2965 3430 3176 3487 iuravit
3201 3432 3346 3488 enim

1756 3521 1896 3591 quod
1929 3521 2069 3577 idem
2099 3536 2193 3575 rex
2243 3521 2524 3576 nmliercm
2561 3521 2706 3576 illam
2752 3533 3040 3594 postquam
3077 3525 3129 3578 in
3183 3540 3347 3580 manu

1756 3617 1964 3674 nostra,
1994 3608 2102 3663 imo
2128 3624 2225 3680 per
2255 3625 2354 3664 nos
2398 3610 2449 3664 iu
2491 3609 2632 3665 beati
2680 3610 2823 3667 Petri
2861 3628 3022 3668 manu
3067 3611 3344 3677 refutavit,

1757 3717 2032 3772 nunquam
2060 3717 2178 3758 eam
2205 3701 2498 3759 carnaliter
2537 3703 2809 3760 habuerit.
2843 3705 3038 3761 Postea
3064 3721 3192 3762 vero
3222 3722 3348 3763 cum

1757 3795 2119 3851 coufratribus
2149 3796 2350 3851 nostris
2382 3796 2671 3852 consilium
2713 3798 2997 3864 habentes,
3055 3799 3349 3855 statuimus

1757 3895 1817 3941 nt
1840 3902 1932 3942 rex
1956 3887 2022 3942 de
2056 3887 2328 3960 cpisc0pis
2357 3897 2413 3944 et
2443 3889 2593 3960 regni
2619 3889 2702 3944 sui
2732 3890 3057 3961 primatibus
3085 3907 3259 3962 usque
3280 3892 3350 3948 ad

1757 3978 2106 4036 festivitatem
2156 3981 2410 4038 Omnium
2468 3980 2794 4038 Sanctorum
2862 3983 3070 4053 aliquot
3137 3985 3203 4039 ad
3247 4000 3353 4042 nos

1759 4071 1976 4144 dirigat,
2010 4073 2099 4144 qui
2139 4074 2242 4129 hoc
2295 4074 2470 4144 ipsum
2503 4074 2649 4144 quod
2705 4074 2934 4129 nuntius
2962 4074 3082 4144 ejus
3119 4073 3344 4143 juravit,

1758 4163 1992 4220 debeant
2045 4163 2338 4220 afﬁrmare.
2409 4164 2687 4234 Ejusmodi
2749 4165 2915 4236 igitur
2963 4181 3060 4236 per
3109 4165 3351 4236 legatum

1759 4254 1926 4326 ipsius
1951 4255 2326 4311 satisfactione
2349 4264 2597 4328 accepta,
2623 4257 2870 4311 eumdem
2900 4256 3065 4310 filium
3097 4265 3344 4310 nostrum

1760 4361 1942 4419 regem
1971 4347 2038 4403 ab
2071 4347 2487 4414 iuterdictionis,
2517 4363 2636 4419 qua:
2665 4363 2762 4419 pro
2808 4348 2909 4403 hac
2940 4363 3100 4403 causa
3135 4347 3188 4402 in
3219 4363 3352 4406 eum.

144 4437 466 4530 (incuriam.
535 4462 666 4516 quos
724 4437 798 4540 uti
853 4446 995 4540 enini
1063 4445 1422 4514 episcoporum
1481 4440 1655 4512 subje-
1691 4439 1970 4540 l)prolata
2022 4437 2222 4504 fuerat,
2255 4439 2473 4494 vinculo
2515 4439 2873 4506 absolvimus,
2923 4450 2977 4496 et
3014 4439 3198 4496 utendi
3247 4455 3357 4511 pro.

145 4520 303 4574 ctione
341 4515 601 4573 immunes
624 4533 734 4570 esse
763 4515 1020 4569 declarat.
1060 4534 1078 4566 ι

519 4608 688 4679 (Intra
725 4623 815 4661 an.
852 4604 1204 4674 lO97-l099.)

383 4702 547 4778 [Vide
586 4700 729 4772 apud
757 4699 1004 4755 Romam
1028 4698 1116 4752 ubi
1138 4696 1348 4768 supra.]

679 4810 906 4868 CCLXX
917 4809 1051 4867 XIV.

163 4907 471 4963 Honasterii
509 4906 911 4962 Vindocinensis
938 4904 1152 4958 libertas
1181 4903 1547 4958 conﬁrmatur.

525 4997 700 5067 (Intra
727 5011 818 5049 an.
845 4993 1196 5064 1097-1099.)

468 5085 628 5158 [Ορρ.
665 5086 964 5151 Sirntundi,
991 5084 1074 5153 lli,
1104 5083 1255 5157 ‘68.]

153 5172 398 5232 [Ξειυκυδ
420 5178 724 5247 cpiscopus.
761 5191 954 5231 servus
977 5190 1258 5231 servorum
1289 5174 1405 5239 Dei,
1430 5189 1657 5230 venera-

90 5264 172 5320 hili
199 5270 599 5341 congregationi
621 5268 1030 5325 Viudocinensis
1055 5269 1392 5337 monasterii,
1426 5269 1653 5326 salutem

91 5367 142 5413 et
157 5361 501 5430 apostolicam
532 5362 990 5418 benedictionem.

157 5514 263 5584 (53)
299 5518 406 5574 Seu
450 5521 689 5584 Waloni,
740 5521 1004 5592 discipulo
1049 5531 1101 5576 ct
1147 5524 1448 5578 successori
1481 5523 1658 5578 lvonis

95 5585 464 5716 Eﬂggoitmilui
510 5603 567 5647 et
608 5594 722 5666 ipse
779 5585 952 5650 evasit
1005 5593 1330 5650 Parisiensis
1371 5595 1658 5666 cpiscopus

162 5727 268 5800 (ὕει)
302 5732 584 5792 Guillclmo
613 5734 680 5792 de
713 5735 1045 5804 Monteforti,
1086 5736 1238 5797 fratri
1264 5737 1489 5794 famosae
1515 5736 1656 5804 illius

1762 4547 1914 4589 more
1939 4534 2089 4603 regni
2119 4547 2321 4587 corona
2353 4536 2739 4588 auctoritatem
2768 4534 2816 4590 ei
2843 4533 3175 4604 pra-buimus

1829 4628 1962 4682 Data
1995 4625 2252 4681 Laterani
2281 4641 2376 4682 vnt
2407 4627 2532 4682 Idus
2572 4625 2724 4683 Maii.

2360 4737 2734 4798 CCLXXXVI.

1761 4827 1961 4900 Urbani
1989 4828 2210 4899 epistola
2223 4829 2300 4900 ad
2335 4827 2631 4900 "agonem,
2657 4827 3053 4886 Cluniacensem
3081 4830 3341 4886 abbatem.

1829 4929 1898 4941 -—
1926 4898 2024 4954 Illi
2053 4899 2320 4971 signiﬁcat
2367 4919 2388 4954 ι
2427 4898 2480 4955 in
2524 4898 2764 4971 Romana
2807 4917 2973 4970 nuper
3017 4901 3254 4971 synodos
3287 4919 3352 4958 se.

1827 4968 2116 5024 decrevisse
2139 4968 2596 5025 ut‘monasterium
2625 4969 2686 5024 S.
2720 4968 2969 5024 Germani
3009 4968 3345 5026 A'ntissiodo-

1828 5057 1996 5106 rense,
2028 5041 2092 5094 ab
2137 5041 2322 5095 abbate
2365 5041 2418 5095 in
2450 5041 2670 5095 concilio
2707 5039 3055 5096 Nemausensi
3079 5043 3177 5096 sibi
3207 5061 3226 5094 t
3266 5059 3348 5107 req

1832 5113 2083 5182 fututum,
2107 5129 2125 5163 ι
2157 5112 2203 5165 ei
2227 5113 2648 5164 committeretur.

2214 5200 2380 5266 (Intra
2413 5216 2504 5254 an.
2537 5199 2894 5268 1097-1098.)

2009 5294 2253 5368 [Βλωῑη
2280 5293 2504 5347 Misce“.
2526 5293 2657 5348 edit.
2695 5293 2848 5361 Luc.,
2873 5295 2935 5360 Il,
2963 5296 3106 5370 177.]

1831 5392 2084 5448 Uanasus
2132 5391 2437 5462 episcopus,
2467 5402 2658 5443 servus
2711 5404 2990 5446 servorum
3020 5391 3136 5460 Dei,
3181 5409 3339 5450 vene-

1763 5526 2178 5595 Bertradzrqme
2205 5525 2314 5595 regi
2361 5523 2610 5593 Philippo
2643 5524 2843 5594 nupsit.
2877 5524 2973 5582 Hic
3005 5525 3060 5580 in
3097 5525 3340 5581 Ecclesia

1754 5597 2084 5652 Carnotensi
2117 5665 2120 5666 ν
2153 5596 2413 5650 educatus
2461 5596 2563 5650 sub
2634 5595 2917 5666 disciplina
2981 5595 3178 5661 lvonis,
3225 5597 3346 5666 ipso

1761 5665 2366 5738 agentel’arisiensem
2413 5665 2794 5738 episcopatum
2845 5668 3074 5738 adeptus
3110 5677 3197 5722 est
3246 5665 3334 5721 an.

1766 5737 1918 5804 1096,
1954 5737 2074 5795 licet
2104 5737 2242 5794 iul'ra
2271 5737 2565 5809 requisitos
2590 5739 2768 5796 aetatis
2805 5737 2976 5796 annos
2997 5737 3220 5796 electus.
