3900 6322
547 221 648 282 ατε

1859 227 1925 290 Β.
1953 235 2206 293 URBANI
2232 236 2273 293 ll
2312 239 2514 296 ΡΜ)Ᾰί
3657 252 3726 312 5a

553 338 712 410 rabili
742 338 899 395 fratri
939 339 1166 407 Hucosr,
1221 339 1559 401 Cluniacensi
1591 345 1794 414 abbati,
1829 349 2057 404 salutem
2088 358 2142 405 et
2166 353 2217 412 Α
2250 353 2396 410 tione
2424 355 2668 410 avaritiLe
2693 357 2991 424 renovatio,
3031 369 3082 415 et
3116 360 3583 419 ecclesiasticarum
3601 384 3723 427 rerum

551 429 906 503 apostolicam
935 430 1390 488 benedictionem.

625 521 682 575 in
743 519 1095 577 Nemausensi
1142 523 1375 578 concilio
1423 527 1740 585 monasterii
1781 527 1963 583 Sancti
2001 530 2142 585 Ger-

551 613 718 678 mani,
748 613 888 682 quod
919 612 1261 670 Altissibdori
1324 616 1486 672 situm
1537 627 1640 682 est,
1682 621 1848 675 ahhas
1895 623 2140 677 eamdem

551 702 826 758 ahbatiam
877 704 943 782 ini
963 720 1124 760 tnanu
1184 717 1371 762 nostra
1415 707 1693 773 rcfutavit,
1725 719 1779 765 et
1808 726 1950 782 smpe
1979 715 2047 768 ab
2075 729 2142 768 eo

554 795 726 865 rogali
762 795 942 850 locum
1000 797 1174 868 ipsum
1224 801 1596 857 eisrestitttere
1643 802 1932 861 noluimus.
1971 804 2142 861 Filius

543 896 812 957 prteterea
860 896 1048 944 noster
1079 890 1392 961 Stephanus
1442 908 1626 948 comes
1676 909 1798 948 cum
1827 911 1996 950 uxore
2043 912 2138 952 sua

551 993 651 1034 nos
675 978 1000 1048 deprecatus
1043 989 1127 1036 est
1155 990 1213 1036 ut
1254 982 1394 1037 idem
1449 985 1836 1041 monaSterium
1871 987 1963 1041 tibi
1996 1003 2140 1042 com-

551 1068 919 1124 mitteremus.
951 1069 1065 1126 Hoc
1119 1073 1292 1142 ipsum
1341 1074 1393 1128 in
1435 1074 1678 1131 Romana
1719 1093 1890 1148 nuper
1935 1079 2140 1149 synodo

549 1176 732 1216 coram
779 1161 1017 1230 ejusdem
1064 1164 1300 1221 civitatis
1358 1167 1614 1239 episcopo
1651 1179 1706 1223 et
1754 1170 1994 1239 praedicti
2039 1170 2139 1226 loci

553 1253 814 1308 fratribus
861 1269 892 1308 a
939 1255 1093 1310 nobis
1125 1267 1390 1313 statutum
1444 1269 1548 1316 est.
1596 1261 1946 1318 Fraternitati
1978 1263 2142 1334 igitur

554 1358 659 1405 tute
681 1347 874 1405 litteris
901 1353 1255 1420 praesentibus
1284 1355 1605 1411 mandamus
1649 1367 1709 1411 ut
1733 1356 2009 1427 praefatam
2040 1358 2139 1413 ab-

553 1439 756 1494 batiam
785 1440 838 1494 in
881 1451 970 1495 tua
1021 1443 1278 1519 deinceps
1315 1445 1623 1515 provisione
1660 1457 1919 1519 perpetuo
1960 1449 2142 1520 dispo—

554 1532 788 1586 nendam
843 1534 1113 1604 suscipias
1171 1545 1226 1592 et
1274 1542 1634 1594 monasticam
1697 1539 1768 1594 ibi
1823 1540 2138 1612 religionem

551 1625 847 1680 secundum
877 1626 1104 1682 fratrum
1135 1637 1348 1684 tuorum
1369 1631 1835 1687 conversationem
1866 1633 2144 1698 instituas,

2243 445 2529 501 distractio
2555 448 2924 519 contingebat.
2948 449 3118 505 Porro
3146 453 3342 506 altaria
3379 470 3490 524 quae
3515 472 3592 528 per
3613 476 3723 520 om

2244 554 2353 592 xxx
2374 554 2546 595 annos
2576 543 2905 598 monasteria
2937 547 3322 614 possederunt,
3363 549 3490 602 sicut
3522 551 3565 604 in
3591 560 3728 623 synodo

2243 629 2596 684 constitutum
2630 642 2733 697 est,
2773 635 2994 688 immota
3025 637 3103 691 eis
3125 637 3445 706 permanere
3469 641 3678 700 volumus.

2842 743 3226 807 CCLXXXIX.

2246 827 2489 906 Urbanus
2514 831 2879 906 [Iron/irruat
2921 840 3300 893 mmmsterium
3349 837 3672 903 Blaubeurme
3699 855 3730 906 ia

2253 916 2257 918 ‘
2313 902 2539 957 dioecesi
2565 902 2975 973 Caus’lantiensi,
3001 927 3062 962 ac
3092 911 3405 967 donationes
3447 930 3596 970 antae:
3623 902 3733 973 (ideo

2259 1017 2266 1023 .
2313 973 2376 1026 ab
2409 975 2662 1030 Adelat'tle
2688 980 2992 1048 palmisque
3023 980 3218 1048 factas.

2403 1121 2410 1127 ,
2837 1071 3017 1140 (Anno
3041 1073 3237 1143 1099.)

2281 1157 2694 1230 [(IOCQL'ELINES,
2719 1162 2912 1216 bullar.
2946 1163 3096 1219 Rom.
3125 1178 3278 1236 pom.
3314 1169 3518 1224 Collect.
3544 1171 3714 1247 ll,l05.l

2316 1249 2568 1307 URBANUS
2593 1253 2902 1324 cpiscopus,
2935 1269 3124 1310 servus
3167 1274 3452 1315 servorum
3482 1262 3581 1329 Dei,
3605 1266 3734 1322 dilectu

2239 1343 2500 1412 AZELINO,
2535 1348 2876 1404 monasterii
2910 1349 3339 1408 Dlaubcurcnsis
3373 1355 3561 1420 abbati,
3584 1359 3736 1430 ejusqtc

2241 1439 2647 1518 successoribus
2701 1437 3024 1512 regulariter
3073 1444 3470 1503 substituendis
3517 1449 3562 1503 in
3610 1466 3730 1521 perpe-

2243 1536 2416 1584 luunt.

2314 1621 2468 1678 Sicut
2505 1623 2898 1695 irrationabilia
2950 1630 3309 1705 poscentibus
3340 1632 3514 1703 negari
3537 1633 3658 1690 debet
3677 1652 3734 1690 as-

556 1718 633 1773 ita
689 1729 870 1775 tam-cn
898 1731 958 1776 ut
1002 1721 1154 1777 locus
1205 1722 1348 1778 idem
1395 1724 1614 1796 praprio
1660 1725 1854 1781 abbate
1894 1742 1999 1780 non
2045 1741 2137 1780 ca—

2246 1731 2456 1782 sensus,
2485 1704 2732 1789 sicjusta
2767 1704 3065 1789 petentium
3100 1724 3246 1779 votis
3299 1726 3522 1798 benigna
3562 1729 3738 1785 debemus

552 1825 687 1871 ηιαῐ.
1177 1862 1180 1865 .

706 1915 708 1917 ’
787 1936 789 1938 ·
901 1947 907 1956 ι
996 1935 1000 1938 ·
1141 1928 1540 2009 CCLXXXVII.

705 2019 860 2075 Bulla
915 2019 1116 2077 l.'rbaui
1169 2023 1227 2077 Il
1279 2007 1823 2106 (peruliurbustreusis
1874 2023 2023 2078 sales
2068 2009 2072 2012 l

1155 2106 1513 2149 CONSHHUHU’.

860 2239 864 2244 ,
1029 2185 1216 2253 (Circa
1249 2201 1452 2239 annum
1493 2185 1650 2240 1099.

592 2348 594 2351 ι
660 2274 918 2347 [1⁴“ιοιιεῑ,
947 2273 1164 2343 Εδραῆα
1195 2273 1460 2346 Sagradu,
1496 2285 1533 2330 t.
1566 2276 1749 2342 XLVI,
1778 2292 1832 2347 p.
1863 2273 2014 2346 $5.]
2067 2328 2070 2330 .

629 2362 877 2422 Unotsus
905 2367 1212 2437 episcopus,
1242 2383 1433 2422 servus
1488 2383 1772 2423 servorum
1795 2368 1910 2435 Dei,
1947 2369 2140 2423 dilecto

555 2458 666 2513 lilio
695 2457 921 2524 PONTIO,
956 2457 1330 2513 Barbastrcnsi
1368 2457 1642 2528 episcopo.
1739 2461 1744 2466 ’
2143 2461 2148 2468 ’

563 2555 568 2560 '
625 2549 1061 2605 Miserationihus
1101 2548 1313 2603 Domini
1352 2539 1690 2621 multiplices
1733 2550 1990 2606 debemus
2025 2566 2141 2622 gra-

557 2644 755 2698 tiarum
807 2643 1054 2698 actiOnes
1101 2643 1242 2712 quod
1285 2643 1488 2699 nostris
1527 2643 1860 2713 temporibus
1896 2643 2140 2698 Ecclesia

563 2742 931 2812 propagatur,
1003 2733 1399 2792 Saracenorum
1452 2735 1764 2797 dominatio
1796 2721 2138 2802 diminnitnr,

556 2829 811 2899 antiquus
836 2828 1218 2902 cpiscopalium
1239 2829 1448 2884 sedium
1479 2829 1675 2895 lIoIIor,
1704 2837 1999 2900 praestante
2037 2829 2143 2882 Do-

559 2921 730 2988 mino,
765 2931 1119 2978 restaurator.
1150 2922 1294 2978 inter
1313 2937 1455 2998 quas
1482 2922 1650 2978 llerde
1681 2922 1829 2978 urbis
1885 2923 2140 2993 parochia

557 3011 705 3068 Petri
749 3014 1058 3084 Aragonum
1109 3013 1252 3082 regis
1293 3013 1474 3068 studio
1523 3013 1714 3084 majori
1737 3010 1851 3080 iam
1882 3027 1948 3067 ex
1989 3021 2142 3083 parte

558 3102 994 3159 Christianorum
1047 3100 1132 3160 est
1177 3103 1384 3158 reddita
1433 3104 1720 3174 potestati,
1767 3105 1906 3160 unde
1950 3113 2002 3159 et
2047 3120 2144 3161 nos

558 3192 800 3266 ejusdem
836 3197 980 3269 regis
1006 3197 1463 3267 postulationibus
1495 3206 1818 3262 annuentes,
1854 3196 1994 3268 apud
2020 3196 2177 3251 nar--

559 3290 830 3355 hastrnm,
895 3290 1036 3359 quod
1095 3290 1425 3360 praecipuum
1473 3290 1728 3360 Oppidum
1783 3289 1925 3358 apud
1975 3287 2148 3343 llerde

559 3381 794 3452 adiacet,
819 3380 1181 3451 episcopalem
1218 3380 1400 3436 sedem
1428 3395 1649 3436 manere
1679 3379 1992 3436 statuimus.
2017 3378 2150 3434 Om-

561 3489 659 3528 nes
689 3473 851 3538 etiam
885 3471 1125 3540 ejusdem
1179 3471 1588 3528 Bat‘bastrensis
1625 3471 1842 3527 termini
1893 3471 1977 3525 vel
2015 3469 2148 3524 lines

563 3563 630 3618 ad
674 3565 845 3620 llerde
885 3567 1161 3623 dioecesim
1201 3569 1539 3637 pertinentes
1583 3567 1674 3638 qui
1717 3567 1770 3622 in
1819 3565 2151 3622 Christiano;

564 3671 686 3711 rum
720 3656 930 3712 reducti
982 3655 1108 3714 sunt
1158 3659 1243 3713 vel
1288 3659 1480 3714 fuerint
1515 3668 1814 3729 potestate,
1870 3667 1974 3713 tuac
2033 3668 2150 3712 tuo-

566 3763 800 3822 rumque
846 3765 1220 3806 successorum
1289 3751 1626 3823 dispositioni
1673 3737 1964 3822 episcopali
2028 3737 2150 3818 jure

568 3829 853 3909 snhjaeere
888 3824 1232 3912 praecipimus
1267 3859 1387 3896 cmn
1437 3843 1633 3914 Oppido
1664 3843 1954 3914 Alqnezar.
1995 3842 2148 3910 Quod

569 3939 629 3984 ttt
655 3938 949 4000 perpetuus
979 3933 1097 4004 (sic)
1123 3919 1344 3988 lirmum
1367 3929 2149 4003 inviolatoInque'perntaneat,

568 4024 962 4094 omnipotentis
990 4025 1191 4093 Patris,
1226 4026 1367 4092 Filii,
1392 4035 1448 4082 et
1484 4025 1722 4096 Spiritus
1761 4025 1937 4080 sancti
1967 4035 2151 4080 aucto-

569 4113 736 4168 ritate
764 4115 1066 4172 firmamus.

1091 4268 1096 4273 ι
1157 4231 1571 4304 CCLXXXVIII.

563 4317 777 4404 11]νὺᾳηὶ
819 4322 1049 4404 epistola
1089 4323 1158 4378 ad
1202 4302 1582 4404 Illgelfianm-l‘m
1620 4299 2154 4404 Lgutl‘anettsem‘epil-

642 4375 873 4468 transui.
889 4375 970 4433 ἐζ
990 4375 1331 4468 iratiirati.)
1355 4375 2143 4468 Ῑῖάίἓῖίῆὶε“ἑ.”ἱξέο’τὶἑρὶἷὶὶιὶἆὲε

2259 4375 2506 4445 reptione
2555 4377 2640 4432 vel
2683 4379 2938 4433 violentia
2970 4390 3339 4452 prteponatur,

641 4462 1041 4518 Corbiniacense
1070 4466 1327 4518 restituat.
1356 4462 1383 4497 ’-

1167 4555 1346 4624 (Anno
1375 4555 1558 4625 1099.)

962 4645 1177 4720 [Maxsr,
1221 4645 1421 4702 Concil.
1466 4647 1581 4712 XX,
1611 4647 1760 4720 678.]

568 4775 596 4797 ,-
647 4739 896 4796 Uasaxus
923 4741 1230 4810 epist-Opus,
1279 4754 1467 4795 servus
1497 4745 1780 4796 servorum
1811 4740 1924 4805 Dei,
1972 4738 2156 4794 laesi.-

571 4850 766 4900 mxso,
799 4833 1141 4903 Landunensi
1164 4832 1438 4905 episcopo,
1459 4832 1688 4888 salutem
1718 4843 1773 4887 et
1799 4832 2154 4903 apostolicam

569 4927 1026 4992 benedictionem.
1244 4997 1247 4999 p
1683 4927 1687 4932 ί
1760 4921 1764 4926 -
1949 4928 1951 4931 .
2071 4923 2076 4928 .

602 5005 611 5009 ”
649 4999 863 5083 Quanto
895 5001 1217 5074 familiarius
1241 5017 1309 5072 ah
1337 5016 1578 5073 Ecclesia
1613 5017 1856 5072 Romana
1890 5016 2154 5090 diligeris,

579 5116 734 5163 tanto
765 5109 980 5164 charins
1007 5125 1145 5180 quos
1170 5110 1288 5180 ipsa
1341 5108 1538 5179 diligit.
1566 5109 1754 5176 favore
1787 5107 2054 5162 debueras
2102 5115 2158 5161 et

579 5199 860 5272 amplecti;
884 5202 1086 5276 Idcirco
1117 5205 1186 5260 ah
1238 5203 1586 5259 infestatione
1615 5201 1844 5256 fratrum
1872 5201 2022 5256 Beati
2057 5201 2160 5255 Rc-

578 5295 729 5366 tuigii
770 5293 1082 5352 fraternitas
1118 5306 1206 5351 tua
1236 5304 1433 5362 cesset,
1476 5305 1530 5350 et
1550 5296 1720 5350 altare
1756 5295 1899 5364 quod
1949 5294 2002 5348 in
2034 5292 2160 5346 villa

579 5401 702 5458 quzn
743 5383 1112 5462 _Corbiniacus
1164 5387 1363 5441 dicitur
1431 5386 1592 5444 iidem
1653 5387 1870 5440 fratres-
1905 5385 2160 5440 habuisse

578 5462 1015 5555 noscuntur,_eis
1051 5471 1324 5533 restituas.
1369 5479 1585 5535 Etenim
1635 5492 1900 5549 personas
1931 5477 2161 5553 removi-

580 5559 858 5637 Inus,'non
896 5578 1074 5624 tamen
1113 5570 1349 5640 antiqua:
1371 5571 1734 5640 possessionis
1753 5557 1842 5642 jus
1886 5582 2160 5628 monaste-

581 5666 675 5720 riis
707 5654 1050 5721 abstulimus.
1084 5660 1141 5717 In
1179 5659 1266 5717 illa
1301 5661 1564 5731 siquidem
1598 5678 1955 5735 personarum
1989 5673 2158 5718 mula-

2244 1809 2557 1865 assensione
2587 1825 2933 1867 concurrere.
2969 1813 3040 1867 Ea
3067 1816 3302 1886 propter
3337 1817 3630 1874 charissima:
3660 1820 3736 1875 ﬁlia

2242 1911 2442 1957 nostrrc
2491 1904 2772 1959 Adelaidis
2829 1907 3127 1963 comitissze
3171 1910 3450 1966 desiderio
3490 1927 3546 1966 ac
3571 1915 3734 1979 petitioni

2241 1994 2493 2051 duximus
2528 1998 2899 2053 annitendum.
2937 1999 3062 2054 Ilaec
3099 2001 3366 2057 nimirum
3403 2005 3466 2058 ad
3495 2004 3641 2058 limina
3660 2023 3737 2059 sax;-

2242 2096 2451 2142 ctorum
2508 2091 2877 2159 apostolorum
2918 2092 3162 2160 veniens,
3213 2103 3270 2150 et
3301 2103 3464 2159 tuam,
3497 2107 3546 2150 ct
3587 2097 3673 2157 viri,
3706 2107 3735 2148 α

2240 2187 2297 2231 et
2322 2177 2470 2231 leviri
2495 2179 2576 2233 sui
2607 2178 2950 2237 devotionem
2995 2191 3222 2240 strenue
3253 2185 3536 2257 adimplere
3558 2187 3732 2242 curavit:

2243 2261 2679 2327 Burrhonenscm
2709 2259 2945 2343 namque
2989 2275 3308 2343 ecclesiam,
3333 2280 3567 2352 cuinunc
3589 2289 3735 2343 auctore

2245 2361 2358 2418 Deo
2387 2371 2477 2417 tua
2530 2363 2844 2420 fraternitas
2890 2367 3164 2436 praesidet,
3227 2371 3405 2426 soceri
3450 2371 3524 2426 sui
3567 2371 3696 2424 studio
3715 2394 3731 2422 .1

2241 2453 2610 2512 fundamentis
2666 2457 3018 2526 tediﬂcatum,
3071 2463 3379 2516 secundum
3426 2463 3626 2534 ipsorum
3661 2473 3733 2515 ron

2243 2563 2404 2618 supra
2461 2558 2871 2605 sacrosanctum
2901 2549 2962 2607 Β.
3006 2551 3152 2607 Petri
3190 2541 3381 2609 altare
3411 2553 3597 2617 obtulit,
3621 2562 3656 2608 et
3676 2569 3733 2622 per

2243 2652 2462 2691 manum
2493 2648 2736 2694 nostram
2769 2640 2822 2695 in
2876 2644 3150 2712 proprium
3183 2646 3339 2700 sedis
3363 2646 3628 2716 apostolicae
3653 2645 3734 2697 allo-

2243 2725 2390 2780 dium
2418 2728 2684 2809 delegavit
2726 2746 2740 2785 :
2771 2747 2934 2802 quam
2962 2735 3215 2789 videlicet
3243 2738 3552 2792 oblationem
3580 2737 3732 2804 scripto-

2244 2834 2362 2873 rqu
2419 2812 2728 2886 nostrorum
2768 2826 2920 2894 petiit
2963 2823 3297 2884 auctoritate
3347 2830 3632 2885 confirmari.
3666 2828 3731 2881 bis

2245 2909 2410 2980 igitur
2443 2914 2727 2980 praesentis
2750 2915 2951 2971 decreti
2984 2919 3316 2976 auctoritate
3339 2921 3584 2975 sancimus
3606 2929 3645 2972 ut
3666 2928 3728 2971 tam

2245 3002 2508 3072 prtel'atus
2543 3002 2693 3059 locus
2719 3019 2879 3074 quam
2913 3007 3164 3062 universa
3202 3025 3326 3079 qum
3366 3011 3542 3065 ibidem
3565 3008 3731 3078 supradi-

2247 3103 2455 3148 ctorum
2487 3083 2744 3150 comitum
2781 3095 3000 3153 llenrici
3051 3107 3099 3155 et
3129 3099 3392 3172 llngonis,
3423 3117 3508 3157 seu
3534 3097 3731 3170 przenomi-

2248 3183 2389 3240 nata:
2410 3187 2687 3242 Adclaidis
2725 3186 3331 3265 coniitisszelargitione
3355 3194 3533 3249 collata
3556 3202 3661 3254 sunt,
3682 3188 3728 3242 \‘ci

2249 3277 2304 3330 in
2335 3276 2570 3332 futurum
2601 3267 2843 3348 ipsorum
2874 3265 3227 3337 aut'alioI'um
3279 3284 3503 3339 fidelium
3526 3280 3729 3337 oblationi-

2247 3369 2351 3425 bus
2378 3359 2746 3436 conferentnr,
2775 3371 2877 3426 sub
2905 3374 3215 3442 apostolica:
3243 3377 3388 3431 sedis
3430 3373 3571 3430 tutela
3593 3373 3727 3439 integr:

2249 3475 2465 3530 semper
2501 3469 2556 3515 et
2608 3461 2810 3516 illibata
2853 3474 3229 3532 permaneant,
3258 3481 3522 3521 servorum
3567 3461 3634 3516 Dei
3665 3459 3729 3510 illic

2251 3553 2562 3623 degentium
2593 3546 2779 3610 usibus
2804 3555 3132 3611 on‘mimodis
3160 3557 3471 3626 profutura;
3494 3553 3612 3610 salva
3641 3550 3726 3604 Con-

2251 3644 2567 3700 stantiensis
2597 3643 2837 3715 episcopi
2880 3647 3144 3702 canonica
3178 3647 3476 3704 reverentia
3506 3665 3517 3698 :
3542 3653 3590 3697 ut
3614 3651 3727 3694 tamen

2251 3749 2318 3790 ex
2342 3735 2530 3792 eodem
2557 3734 2678 3790 loco
2710 3725 2871 3791 unius
2896 3728 3113 3792 bisantii
3155 3755 3354 3796 census
3377 3753 3563 3793 annuus
3581 3733 3725 3790 Laten-

2253 3829 2404 3884 ncnsi
2433 3817 2634 3899 palatio
2660 3830 3019 3900 persolvatur.

2324 3919 2677 3976 Deccrnimus
2710 3937 2841 3992 ergo
2877 3931 2936 3976 ut
2967 3922 3099 3977 nulli
3127 3925 3352 3979 omnino
3377 3921 3611 3978 hominum
3628 3915 3723 3968 liccat

2253 4012 2397 4067 idem
2424 4012 2742 4068 coenobium
2764 4025 2976 4070 temere
2991 4018 3338 4086 perturbare,
3363 4024 3450 4070 aut
3475 4012 3572 4082 ejus
3588 4021 3728 4081 ροεδδι

2253 4105 2432 4160 siones
2463 4105 2702 4171 auferre,
2731 4105 2998 4172 minuere,
3033 4107 3116 4161 vel
3149 4108 3256 4179 piis
3283 4109 3347 4164 de
3369 4104 3529 4163 causis
3563 4095 3724 4156 suisusi-

2253 4195 2356 4251 bus
2383 4195 2676 4266 applicare.
2708 4195 2956 4253 Obeunte
2998 4205 3051 4254 te
3075 4214 3220 4254 nunc
3240 4199 3342 4255 loci
3373 4198 3562 4260 abbate,
3580 4191 3640 4244 vel
3655 4198 3725 4240 Ino-
3800 4255 3806 4264 ε

2256 4302 2375 4340 rum
2406 4285 2646 4356 quolibet
2669 4288 3070 4357 "successorum,
3103 4291 3283 4346 nullus
3328 4289 3397 4346 ibi
3434 4284 3624 4358 qualibet
3643 4277 3721 4333 sub-

3389 4379 3481 4434 nisi
3517 4385 3638 4446 quem
3658 4365 3722 4420 li:-

2259 4475 2369 4522 trcs
2395 4469 2669 4523 communi
2718 4484 3008 4538 consensu,
3043 4470 3126 4526 vel
3172 4471 3398 4526 fratrum
3441 4480 3546 4538 pars
3586 4452 3721 4548 confilit'

2257 4558 2513 4623 sanioris,
2559 4560 2856 4614 secundum
2896 4561 2993 4615 Dei
3039 4561 3289 4616 timorem
3345 4571 3396 4616 et
3437 4559 3490 4620 Β.
3535 4545 3719 4639 Benedicti

2259 4649 2502 4718 regulam
2527 4651 2810 4722 elegerint.
2842 4651 2900 4706 Si
2924 4653 3046 4722 quis
3092 4653 3257 4722 igitur
3287 4649 3603 4707 sacerdotum,
3623 4635 3720 4692 εΙετέ·

2256 4760 2468 4810 corum,
2493 4745 2712 4809 ducum,
2730 4745 2988 4800 comitum
3021 4754 3076 4800 et
3091 4742 3457 4822 judicum,_vcl
3483 4729 3717 4794 szccularium

2257 4835 2648 4909 personarum,
2706 4828 2845 4893 hanc
2890 4851 3088 4893 nostrae
3139 4834 3518 4894 constitutionis
3554 4824 3716 4909 paginam

2260 4945 2578 5000 agnoscens,
2611 4933 2799 5006 contra
2853 4946 2975 4986 eam
3015 4932 3202 4986 venire
3249 4925 3529 4987 tentaverit,
3564 4908 3714 4972 scendo

2262 5023 2494 5078 tertiove
2523 5023 2908 5089 commonitus,
2937 5023 2980 5078 si
3030 5038 3137 5078 non
3185 5021 3528 5079 satisfactione
3562 5013 3715 5073 conisu“

2260 5103 2654 5180 emendaverit,
2681 5114 2966 5183 potestatis
2993 5114 3318 5185 honorisque
3349 5110 3564 5184 dignitate
3584 5098 3711 5152 careat.

2261 5189 2632 5272 reumqne’se
2687 5201 2853 5258 divini
2891 5203 3081 5274 judicii
3123 5203 3370 5274 existere
3404 5201 3460 5254 de
3507 5187 3712 5262 Mitem”

2265 5293 2552 5362 iniquitate
2597 5301 2912 5363 cognoscat,
2949 5302 3008 5347 et
3054 5308 3083 5346 a
3111 5291 3462 5348 sacratissimo
3488 5277 3708 5363 cutim"?ac

2264 5356 2525 5454 sankuine
2576 5356 2694 5436 Dei“
2719 5391 2774 5436 et
2809 5382 3019 5436 Domini
3070 5378 3436 5452 Redemptoris
3470 5364 3600 5426 nostri
3634 5356 3708 5454 18f“

2263 5447 2464 5530 Christi
2498 5474 2709 5529 alienus
2749 5473 2866 5541 fiat,
2911 5483 3075 5546 atque
3104 5475 3157 5530 in
3186 5447 3419 5529 extremo
3458 5447 3703 5546 examinrdi'

2265 5568 2470 5624 strictae
2493 5553 2681 5622 ultioni
2719 5543 3015 5637 subiaceat.
3043 5565 3280 5625 Cunctis
3315 5575 3470 5622 autem
3495 5543 3704 5649 cide:n

2260 5660 2407 5732 jnsta
2439 5659 2875 5716 servantibussit
2897 5675 3001 5731 pax
3034 5651 3246 5718 Domini
3270 5649 3424 5716 nostri
3444 5650 3540 5706 lesu
3561 5641 3698 5696 Clirisit.

3831 5621 3835 5702 ῐ
