3900 6322
103 372 189 430 511

100 490 361 553 quatenus
396 484 454 529 et
496 471 585 525 hic
622 468 854 522 fructum
902 462 1055 517 boum
1098 454 1328 511 actionis
1371 448 1670 521 percipiant

98 539 151 633 et
186 570 324 642 apud
370 564 672 623 districtum
698 557 939 627 judicent
992 549 1217 623 praemia
1259 556 1475 601 :eterna:
1519 539 1673 612 pacis

104 662 397 721 inveniant.

172 756 358 809 Datum
399 744 643 803 Laterani
676 754 770 812 per
797 752 1020 794 manum
1054 730 1300 790 Joannis,
1343 731 1544 781 sanetae
1567 720 1673 773 Ro~

106 861 269 905 manu:
298 839 552 898 Ecclesizc
572 833 784 891 diaconi
812 825 1135 889 cardinalis,
1160 837 1255 876 vni
1287 818 1403 872 Kal.
1437 814 1675 868 Februa-

106 940 201 1003 rii,
237 934 426 991 indict.
476 928 735 1002 septima,
783 937 925 977 anno
957 915 1251 985 Dominicge
1286 902 1677 966 incarnationis

110 1031 267 1093 1099.
318 995 693 1097 pontiﬁcatus.
722 1027 902 1073 autetn
949 1011 1130 1068 domui
1185 1003 1393 1062 Urbani
1454 995 1674 1056 secundi

109 1139 247 1194 papae
277 1116 564 1174 unalecimo
597 1126 762 1166 anno.

790 1196 985 1254 CCXC.
1669 1235 1673 1238 .

112 1305 298 1362 Urbani
326 1300 384 1355 11
422 1315 569 1367 μίτραι
604 1294 768 1367 bulla,
798 1309 900 1361 qua
929 1284 1303 1367 monasterium
1324 1279 1397 1361 ¹8..
1433 1274 1596 1329 Blasii
1627 1272 1681 1324 in

341 1352 500 1445 sedis.
515 1352 1204 1439 apostolica;protectionem
1232 1352 1435 1421 rrcipil.

694 1456 874 1525 (Anno
906 1449 1087 1517 1099.)

265 1560 351 1632 [1).
382 1558 668 1621 Genesar,
702 1548 842 1602 Hist.
874 1543 1055 1613 Nigra:
1085 1539 1264 1603 Silra’,
1301 1534 1386 1598 Ill,
1418 1528 1535 1600 56.}

177 1653 423 1708 Unnaxus
446 1646 753 1715 episcogius.
781 1650 969 1693 servus
998 1645 1278 1688 servorum
1308 1627 1423 1691 Dei,
1462 1634 1687 1677 venera—

114 1744 196 1813 bili
243 1742 347 1795 lilio
381 1709 591 1792 llcroxt
639 1709 776 1801 (se),
806 1726 985 1782 abbati
1030 1717 1344 1778 monasterii
1394 1716 1450 1768 s.
1502 1709 1686 1772 Blasii,

1185 336 1543 397 EPISTOLA‘I
1571 332 1656 390 ΕΤ
1696 325 2097 387 ριιιγιιιςριι.

1700 456 1745 511 Α
1774 454 2063 503 consensu,
2082 436 2166 491 vel
2188 436 2415 490 fratrum
2432 446 2557 501 pars
2572 425 2803 485 sanioris
2818 421 3025 483 consilii
3053 433 3219 475 sccun
3240 419 3344 473 'nm

3240 302 3342 359 549

1776 535 1868 590 Dei
1903 534 2149 586 timorem
2199 538 2252 582 et
2284 526 2344 579 Β.
2382 521 2656 597 Benedicti
2712 515 2949 586 regulam
2980 511 3258 583 elegerint.
3288 511 3344 565 Si

1776 640 1880 693 qua
1928 622 2093 692 igitur
2140 615 2510 673 ecclesiastica
2559 609 2899 666 sa'cularisve
2937 619 3164 675 persona
3210 601 3350 656 hanc

1778 725 1973 769 nostra:
2024 706 2427 765 constitutionis
2475 702 2722 774 paginam
2780 699 2980 761 sciens,
3016 704 3348 750 eontracam

1778 806 1962 860 venire
1989 800 2367 875 attentaverit,
2397 795 2635 853 secundo
2676 792 2902 847 tertiove
2927 787 3272 848 commonita,
3305 786 3349 838 si

1779 914 1885 951 non
1936 891 2307 949 satisfactione
2353 881 2589 958 congrua
2644 880 3040 945 emendaverit,
3072 876 3355 949 potestatis

1783 988 2109 1054 honorisque
2140 984 2220 1037 sui
2273 981 2535 1051 dignitate
2563 984 2776 1038 careat,
2808 986 3061 1040 reamque
3087 985 3144 1024 se
3175 968 3356 1022 divino

1776 1080 1981 1152 judicio
2007 1079 2072 1133 de
2116 1081 2422 1147 perpetrata
2470 1069 2756 1140 iniquitate
2780 1070 3090 1134 cognoscat,
3117 1071 3171 1115 ct
3209 1077 3236 1111 a
3275 1074 3358 1111 sa~

1781 1176 2089 1241 cratissimo
2140 1185 2367 1240 corpore
2406 1176 2462 1222 et
2499 1164 2760 1234 sanguine
2793 1160 2885 1213 Dei
2913 1168 2969 1213 et
3025 1155 3231 1210 Domini
3264 1154 3363 1206 lte-

1783 1267 2078 1340 dcmptoris
2130 1263 2297 1319 nostri
2349 1260 2474 1316 Jesu
2515 1255 2719 1312 Christi
2761 1254 2933 1307 aliena
2966 1251 3078 1312 (lat,
3116 1258 3275 1315 atque
3310 1245 3362 1297 in

1789 1371 2030 1419 extremo
2052 1356 2302 1413 examine
2324 1352 2581 1407 districta:
2608 1346 2796 1402 ultioni
2822 1343 3119 1412 suhjaceat.
3144 1338 3365 1393 Cunctis

1786 1464 1965 1510 autem
1998 1452 2170 1506 eidem
2199 1444 2480 1514 locojusta
2514 1439 2854 1498 servantibus
2899 1436 2968 1489 sit
3017 1449 3114 1502 pav
3157 1428 3366 1484 Domini

1787 1548 1957 1613 nostri
1986 1546 2111 1601 Jesu
2142 1540 2366 1603 Christi,
2386 1578 2387 1581 η
2407 1545 2677 1607 quatenus
2712 1544 2770 1586 et
2818 1530 2905 1584 hic
2935 1528 3168 1581 fructum
3218 1523 3370 1575 home

1789 1638 2020 1694 actionis
2073 1634 2397 1706 percipiant,
2465 1638 2519 1681 et
2576 1623 2716 1693 apud
2771 1619 3077 1675 districtum
3128 1612 3370 1683 judicent

1792 1729 2011 1802 praemia
2038 1734 2256 1781 aiternIe
2286 1719 2436 1792 pacis
2466 1714 2765 1772 inveniant.
2795 1711 2996 1770 Amen,
3029 1718 3211 1759 anicn.

116 1838 244 1907 quod
266 1846 346 1889 est
369 1832 535 1887 si.nm
564 1830 616 1882 in
644 1827 800 1894 Ngra
834 1820 1000 1881 Silva,
1035 1817 1260 1887 ejusque
1284 1804 1688 1865 successoribus
1722 1818 1766 1876 Β
1862 1796 2140 1889 Scriptum
2176 1829 2271 1884 per
2301 1825 2521 1866 manu“,
2561 1803 2730 1869 pem,
2758 1799 2954 1871 ηοωηᾷ
3005 1792 3297 1865 regimur-li
3322 1800 3376 1844 ει

121 1928 437 1999 regulariter
469 1915 851 1991 prentO‘.‘endis
891 1912 948 1967 in
968 1916 1305 1980 perpetuum.

180 2022 284 2076 l’ia:
309 2014 604 2087 posmlatio
627 2006 920 2064 voluntatis
942 2001 1135 2067 effectu
1158 1997 1314 2053 debet
1333 1999 1692 2063 prosequente

121 2112 382 2182 compleri,
414 2117 691 2178 quatenus
716 2093 1105 2173 etpdevotionis
1138 2086 1422 2145 sinceritas
1453 2076 1694 2135 laudabi-

124 2168 498 2262 liter-crescat,
530 2204 584 2250 et
617 2168 821 2248 utilitas
852 2168 1120 2257 postulata
1151 2180 1293 2235 vires
1320 2172 1694 2230 indubitanter

126 2301 367 2349 assumat.
401 2287 542 2355 Quia
574 2284 738 2354 igitur
765 2278 982 2333 dilectio
1008 2284 1097 2330 tua
1125 2272 1191 2325 ad
1221 2268 1366 2325 sedis
1388 2262 1695 2334 apostolica:

125 2383 414 2458 prmsidium
464 2360 784 2443 confugiens
830 2369 946 2438 ejus
978 2366 1261 2421 tuitionem
1286 2358 1570 2415 devotione
1599 2340 1694 2407 de-

128 2478 223 2532 bita
267 2469 583 2541 requisivit,
608 2482 705 2541 nos
730 2456 1108 2532 supplicationi
1144 2464 1246 2507 tua:
1279 2450 1573 2505 clementer
1599 2460 1697 2497 an-

130 2568 350 2630 nuimus,
375 2573 430 2615 ct
465 2540 855 2614 monasterium
883 2551 967 2607 cui
1018 2550 1126 2603 Deo
1155 2552 1376 2600 auctore
1418 2524 1693 2609 prtrsidcs,

128 2672 238 2711 cum
266 2652 523 2708 omnibus
553 2647 620 2700 ad
652 2659 774 2697 cum
807 2634 1208 2710 pertinentibus
1249 2632 1347 2685 sub
1377 2625 1539 2681 tutela
1572 2637 1699 2691 apo-

131 2746 322 2801 stolica:
348 2742 500 2798 sedis
524 2735 847 2805 excipimus.
878 2730 983 2784 Per
1032 2723 1315 2797 praesentis
1342 2719 1502 2790 igitur
1537 2712 1702 2784 privi-

132 2836 239 2906 legii
292 2833 553 2904 paginam
607 2822 903 2896 apostolica
951 2814 1273 2871 auctoritate
1312 2808 1599 2864 statuimus
1645 2812 1703 2857 ιιι

134 2938 449 2995 utracunque
488 2920 647 2975 hodie
678 2916 821 2970 idem
851 2908 1161 2967 emnohium
1199 2901 1461 2973 possidet,
1491 2898 1606 2951 sive
1650 2895 1702 2947 in

137 3021 354 3073 futurum
378 3011 737 3071 concessione
771 3004 1112 3077 pontiﬁcum,
1146 2994 1472 3051 liberalitate
1501 2987 1705 3060 princi-

139 3130 248 3183 pmu
278 3112 357 3166 vel
384 3108 663 3164 oblatione
692 3099 925 3158 fidelium
956 3093 1101 3162 juste
1132 3101 1185 3145 ct
1213 3087 1474 3145 canonice
1511 3080 1706 3161 poterit

1793 1910 2062 1977 scriniarii
2092 1907 2232 1964 sacri
2255 1903 2464 1977 palatii.

1866 2009 2058 2062 Datum
2087 1996 2339 2055 Laterani
2374 2010 2470 2064 per
2511 2004 2730 2047 mamnn
2756 1982 3005 2047 Joannis,
3040 1986 3241 2034 sanctae
3271 1976 3380 2029 Ro-

1795 2114 1967 2155 mana:
1999 2090 2255 2149 Ecclesia:
2284 2083 2495 2142 diaconi
2537 2078 2849 2139 cardiualis,
2893 2091 2960 2127 vu
3013 2070 3128 2124 Kal.
3158 2066 3377 2137 Aprilis,

1796 2190 2092 2253 indictione
2144 2198 2245 2245 vn,
2275 2193 2420 2233 anno
2469 2172 2760 2231 Dominica:
2800 2161 3189 2222 incarnationis
3221 2156 3378 2220 1099,

1795 2276 2141 2351 pontiticatus
2169 2280 2350 2326 autem
2380 2264 2569 2335 domui
2592 2259 2793 2335 Urbani
2824 2257 2862 2312 ll
2890 2270 3039 2329 papze
3071 2267 3166 2305 xu.

2478 2369 2698 2429 CCXCI.

1799 2480 1957 2539 Bulla
2010 2474 2212 2532 Urbani
2265 2471 2325 2525 If
2375 2485 2471 2535 pro
2518 2462 2853 2539 monasteria
2883 2454 3063 2511 Sancti
3111 2446 3383 2507 Saturnini

2320 2529 2530 2609 in'pngo
2561 2529 2874 2601 Urgellensi.

2402 2626 2578 2698 (Anno
2607 2619 2787 2688 1099.)

2053 2727 2288 2801 [Manca,
2318 2720 2503 2775 Μανία
2534 2712 2842 2789 Hispanico,
2863 2725 2916 2779 p.
2954 2702 3136 2775 1208.]

1804 2896 1809 2905 ‘
1875 2823 2127 2879 Unnanus
2154 2818 2463 2889 episcopus,
2491 2822 2682 2863 servus
2727 2814 3005 2883 servorum
3046 2796 3160 2861 Dei,
3192 2792 3391 2847 dilecto

2663 2893 2751 2905 ..η
2872 2890 3015 2905 ν,,,,

1805 2896 1914 2969 filio
1939 2913 2144 2974 Ρετιιο,
2169 2906 2350 2962 abbati
2385 2886 2695 2957 menasteiii
2721 2878 2904 2949 sancti
2929 2885 3233 2949 Saturnini,
3252 2881 3394 2952 quod

1804 3010 1968 3064 situm
1996 3013 2073 3060 est
2115 3014 2280 3071 prope
2316 3010 2532 3051 amnem
2566 2990 2792 3045 Valeria:
2831 2987 2882 3040 in
2924 2980 3177 3054 paroehia
3210 2974 3396 3046 Urgel-

1806 3100 1966 3164 lensi,
2004 3099 2230 3168 ejusque
2268 3086 2678 3147 successoribus
2717 3078 3037 3153 regulariter
3075 3086 3398 3146 promoven-

138 3203 366 3272 adipisci,
400 3201 564 3257 [irnia
587 3194 685 3251 tibi
734 3191 946 3260 tuisque
989 3178 1395 3240 successoribus
1424 3184 1479 3259 et
1505 3171 1709 3229 illibata
1738 3178 1780 3237 ρ
1804 3193 1895 3256 ὡς
1943 3192 1995 3244 in
2028 3195 2371 3259 perpetuum.

141 3312 212 3362 pc;
228 3299 504 3349 maneant.

204 3384 550 3439 llecernimes
578 3391 708 3446 ergo
738 3386 796 3429 ut
823 3369 958 3428 nulli
984 3366 1205 3422 omnino
1248 3358 1526 3416 hominum
1550 3353 1710 3406 liceat

146 3479 269 3530 idem
304 3471 698 3529 tuonasterium
729 3479 931 3521 temere
964 3457 1302 3531 perturbare,
1333 3459 1425 3505 aut
1450 3448 1566 3517 ejus
1591 3458 1710 3515 pos-

145 3570 396 3623 sessiones
451 3563 689 3625 auferre,
748 3559 831 3612 vel
889 3554 1097 3610 oblatas
1150 3547 1413 3606 retinere,
1447 3539 1710 3597 minuere,

148 3660 221 3714 vel
245 3657 547 3733 temerariis
578 3647 948 3708 vexationibus
992 3642 1255 3710 fatigare;
1288 3634 1382 3713 sed
1413 3629 1592 3685 omnia
1626 3626 1713 3680 iu-

152 3764 285 3825 tcgra
312 3729 709 3807 conserventur
735 3755 921 3798 eorum
944 3752 1041 3807 pro
1070 3744 1298 3804 quorum
1323 3720 1715 3781 sustentatione

150 3855 200 3901 et
233 3840 622 3914 gubernatione
675 3846 927 3889 concessa
973 3834 1131 3889 sunt,
1165 3821 1351 3877 usibus
1392 3810 1717 3871 omnimodis

154 3939 441 4008 profutura.
470 3927 916 3988 Consecrationes
940 3920 1188 3975 altarium
1213 3904 1326 3968 sive
1348 3906 1715 3968 basilicarum,

154 4028 512 4084 ordinationes
563 4017 985 4076 monachorum,
1038 3996 1317 4068 chrisma,
1360 3999 1538 4056 oleum
1601 4009 1718 4049 san-

155 4132 311 4189 ctum,
341 4132 397 4176 et
431 4130 629 4174 caetera
662 4112 728 4166 ad
773 4103 1077 4179 episcopale
1106 4098 1337 4157 oﬂicium
1368 4088 1717 4166 pertinentia,

156 4215 216 4270 ab
246 4214 501 4285 episeopo
529 4200 927 4264 Coustantiensi
946 4239 960 4263 ,
1016 4196 1070 4251 in
1122 4194 1276 4262 cujus
1304 4178 1523 4244 ditecesi
1554 4182 1719 4245 estis.

158 4306 439 4377 accipietis,
490 4301 534 4357 si
587 4310 763 4353 tamen
794 4291 1093 4348 catholicus
1120 4288 1248 4353 erit,
1290 4292 1346 4340 et
1388 4281 1616 4351 gratiam
1660 4293 1723 4331 ac

160 4398 586 4453 communionem
628 4386 937 4460 apostolicae
962 4382 1105 4439 sedis
1135 4376 1407 4442 habuerit,
1433 4383 1486 4428 et
1508 4362 1578 4428 ea
1605 4386 1726 4442 gra—

162 4491 223 4544 tis
249 4502 300 4546 et
327 4479 445 4545 sine
478 4484 744 4557 pravitate
773 4477 1085 4549 impendere
1106 4470 1335 4527 voluerit
1365 4486 1378 4522 :
1406 4466 1536 4520 alias
1567 4463 1725 4516 liceat

162 4585 302 4640 vobis
346 4598 510 4654 quem
564 4573 845 4633 volueritis
891 4570 1041 4625 adire
1095 4562 1426 4626 antistitem,
1460 4568 1514 4613 et
1566 4556 1635 4610 ab
1664 4568 1728 4608 eo

164 4675 619 4732 consecrationum
649 4672 987 4723 sacramenta
1024 4659 1319 4728 suscipere,
1345 4651 1428 4705 vel
1454 4650 1518 4703 ad
1547 4647 1727 4701 sedem

156 4772 500 4842 apostolicam
530 4778 830 4826 recurrere,
854 4759 943 4829 qui
970 4756 1136 4810 fultus
1158 4747 1484 4807 auctoritate
1511 4749 1729 4812 aposto-

164 4867 257 4922 lica
292 4868 404 4921 sine
446 4859 798 4929 ambiguitate
852 4850 1120 4923 postulata
1169 4842 1451 4901 concedat.
1485 4837 1627 4892 Sane
1655 4846 1733 4887 se-

167 4959 419 5027 pulturam
454 4953 693 5023 ejusdem
726 4946 828 5002 loci
859 4944 1080 5000 omnino
1127 4940 1355 4994 liberam
1386 4947 1505 4989 esse
1536 4932 1723 4985 decer-

161 5050 354 5114 nimus,
411 5058 470 5103 ut
512 5058 699 5101 eorum
754 5040 844 5109 qni
891 5036 1001 5091 illic
1047 5032 1264 5103 sepeliri
1316 5022 1729 5082 deliberaverint

173 5142 426 5197 devotioni
458 5150 508 5195 et
558 5124 816 5192 extremae
846 5127 1138 5189 voluntati,
1188 5124 1290 5178 nisi
1335 5121 1473 5175 forte
1520 5129 1735 5171 excom-

175 5234 416 5288 municati
448 5233 578 5295 sint,
607 5244 764 5283 nemo
809 5224 1058 5279 obsistat.
1106 5218 1297 5273 Laicos
1345 5214 1457 5267 sive
1506 5192 1738 5264 clericus

180 5324 446 5381 sweulares
462 5325 536 5391 ad
551 5320 962 5378 conversionem
986 5313 1257 5383 suscipere
1279 5307 1478 5363 nullius
1499 5300 1737 5374 episcopi

183 5413 255 5467 vel
281 5416 545 5486 ιιι-προδὶιί
584 5398 944 5468 contradictio
984 5421 1078 5460 vos
1126 5401 1385 5456 inhibeat.
1418 5397 1660 5452 Oheunte
1688 5401 1740 5447 te

170 5511 310 5562 tunc
337 5507 567 5573 eiusdem
592 5505 693 5559 loci
719 5502 939 5566 abbate,
982 5496 1063 5551 vel
1098 5506 1311 5550 tuorum
1347 5490 1587 5560 quolibet
1613 5502 1737 5540 suc-

184 5602 458 5665 cessorum,
476 5598 653 5654 nullus
675 5594 745 5649 ibi
774 5591 1013 5663 qualibet
1036 5584 1400 5656 subreptionis
1426 5581 1620 5636 astutia
1646 5593 1737 5632 seti

186 5685 418 5743 violentia
466 5694 829 5761 praeponatur,
879 5682 982 5737 nisi
1022 5692 1182 5750 quem
1233 5675 1431 5730 fratres
1468 5669 1739 5727 communi

1877 3254 1989 3335 Pis:
2032 3240 2346 3347 rpostulatio
2422 3265 2715 3323 voluntatis
2764 3240 3161 3317 cﬂ‘ectudebet
3210 3268 3396 3321 pros.‘-

1810 3378 2009 3441 quente
2053 3361 2334 3433 compleri,
2381 3367 2648 3428 quatenus
2677 3361 2730 3407 ct
2769 3346 3067 3404 devotionis
3108 3342 3399 3399 sinceritas

1813 3457 2151 3515 laudabiliter
2200 3453 2506 3516 enitescat,
2561 3455 2615 3502 et
2674 3443 2876 3498 utilitas
2939 3436 3207 3509 postulata
3256 3434 3399 3485 vires

1815 3551 2182 3609 indubitanter
2224 3532 2484 3599 assumat.
2522 3535 2755 3616 Proinde
2786 3548 2882 3587 nos
2913 3526 3256 3601 postulationi
3300 3534 3403 3577 tua:

1813 3654 2048 3718 paterna:
2071 3632 2418 3708 benignitatis
2446 3626 2914 3685 accommodantes
2944 3616 3399 3681 asscnsum,bcati

1818 3731 2100 3793 Saturnini
2139 3723 2446 3785 venerabile
2478 3718 2884 3777 monasterium,
2924 3713 3007 3769 cui
3036 3721 3256 3766 auctore
3296 3708 3408 3760 Deo

1819 3827 2097 3901 praesides,
2123 3823 2223 3879 sub
2257 3817 2568 3891 apostolica:
2608 3813 2753 3868 sedis
2782 3808 2947 3865 tutela
2980 3804 3319 3875 suscipimus,
3354 3813 3409 3877 et

1821 3876 2213 3901 ι’·νν---ν-ιηητ
2294 3876 2308 3891 ι

1821 3919 1873 3973 iu
1925 3932 1988 3970 ea
2038 3927 2252 3983 seraper
2298 3906 2549 3963 libertate
2600 3915 2820 3957 manere
2871 3896 3214 3952 decernimus
3247 3876 3409 3963 quam

1820 4007 2051 4078 egregia:
2103 3999 2378 4059 memoria:
2427 3988 2659 4053 Carolus
2711 3992 3004 4062 imperator
3052 3984 3307 4050 instituit,
3361 3990 3415 4035 et

1824 4099 1954 4161 Leo,
1989 4090 2313 4148 venerabilis
2361 4095 2564 4144 sanctae
2610 4082 2757 4139 sedis
2798 4078 3101 4150 apostolicm
3147 4072 3411 4144 pontifex.

1823 4184 2090 4259 privilegii
2120 4181 2400 4237 sanctione
2432 4174 2683 4238 firmavit,
2708 4166 2766 4227 et
2789 4166 3144 4242 provinciales
3172 4162 3405 4233 episcOpi

1824 4276 2152 4345 scriptorum
2201 4265 2593 4324 assertionibus
2643 4266 3049 4320 consenserunt,
3084 4250 3418 4308 utvidclicct

1827 4372 1928 4427 sub
1974 4368 2095 4438 jure
2147 4378 2359 4435 semper
2414 4369 2468 4416 et
2524 4340 2879 4429 proprietate
2911 4351 3052 4407 sedis
3107 4342 3417 4415 apostolica:

1829 4468 1982 4523 locus
2013 4465 2125 4535 ipse
2154 4451 2421 4520 servetur,
2447 4451 2593 4507 nulla
2618 4461 2777 4517 super
2804 4460 2926 4500 cum
2954 4438 3157 4495 laicalis
3188 4449 3416 4505 persona

1834 4560 2168 4618 dominatum
2208 4556 2481 4611 exerceat,
2512 4542 2605 4600 sed
2636 4540 2831 4612 placita
2861 4536 3039 4590 oniuia
3073 4532 3187 4584 sive
3218 4525 3420 4597 judicia

1835 4665 1891 4711 et
1919 4650 2287 4708 districtiones
2333 4641 2574 4723 omnium
2603 4634 2777 4721 eidem
2819 4632 2870 4684 in
2904 4624 3228 4681 monasterio
3257 4618 3422 4690 ιλιιῑί-

1837 4746 2077 4803 ncntium
2110 4744 2162 4797 in
2194 4712 2402 4796 abbatis
2431 4712 2697 4807 potestate
2722 4712 3051 4799 ~persistant,
3083 4733 3181 4771 nec
3217 4715 3419 4768 dioece—

1840 4855 1975 4893 sano
2024 4835 2278 4906 episcopo
2340 4829 2498 4883 liceat
2559 4823 2793 4892 aliquam
2852 4814 3024 4869 eidem
3096 4800 3425 4862 monasterio

1841 4924 2455 4985 cxcommunieationem
2506 4916 2726 4978 inferre,
2782 4925 2883 4965 nec
2932 4901 3229 4959 molestiam
3290 4897 3428 4950 irro-

1838 5034 1987 5092 gare,
2034 5016 2124 5073 sed
2183 5025 2516 5085 qumcuuque
2570 5007 2623 5060 in
2677 4998 3081 5072 prwseutiarum
3137 4990 3320 5061 quiete
3371 4988 3423 5040 in

1841 5110 2150 5169 authentica
2194 5104 2535 5178 possessione
2562 5095 2841 5169 possidere
2884 5086 3244 5159 cognoscitur,
3277 5096 3426 5150 qua:-

1842 5220 2055 5275 cunque
2086 5202 2138 5256 in
2173 5200 2409 5275 futurum
2441 5188 2793 5255 concessione
2826 5179 3161 5253 pontiﬁcum,
3194 5170 3430 5229 liberali-

1848 5269 2327 5365 tate-principum,
2379 5284 2460 5338 vel
2503 5280 2774 5338 oblatione
2817 5272 3047 5328 fidelium
3085 5269 3228 5339 juste
3268 5273 3429 5334 atque

1846 5386 2108 5443 canonice
2143 5379 2336 5454 poterit
2371 5369 2614 5445 adipisci,
2644 5371 2795 5425 tirma
2832 5363 2924 5420 tibi
2972 5360 3181 5429 tuisque
3216 5368 3432 5411 succes-

1849 5477 2063 5534 soribus
2111 5482 2165 5527 et
2209 5470 2411 5540 illibata
2452 5470 2825 5534 permaneant,
2862 5473 2925 5513 ea
2964 5450 3265 5526 prtesertim
3312 5460 3431 5515 qua:

1847 5566 2174 5626 venerabilis
2194 5560 2466 5617 memoria:
2506 5553 2843 5613 Erimhaldus
2885 5544 3213 5619 Urgcllcnsis
3248 5549 3302 5594 et
3330 5542 3432 5591 Ar-

1850 5663 2029 5720 nult‘us
2069 5652 2477 5727 Ripacorcensis
2514 5650 2797 5722 episcopus
2836 5644 2887 5697 in
2922 5636 3258 5696 dedicatione
3296 5629 3435 5699 ejus-

260 5807 361 5873 (δὲ)
384 5811 475 5867 Est
507 5812 591 5868 hic
613 5809 753 5874 Udo,
786 5821 877 5862 seu
911 5802 1053 5868 L'uo,
1085 5806 1309 5871 quartus
1332 5797 1386 5851 S.
1406 5793 1564 5848 Blasii
1592 5790 1773 5855 abi'as,
1802 5782 2075 5843 Gisiibcrti
2102 5796 2189 5836 an.
2220 5774 2351 5833 1088
2377 5783 2657 5828 successor
2698 5777 2864 5834 usque
2893 5760 2957 5815 ad
2982 5775 3067 5813 an.
3100 5752 3253 5810 1108.
