3900 6322
541 273 645 328 543

541 387 665 444 dem
694 388 1004 443 monasterii
1031 387 1316 444 tradidisse
1336 396 1393 443 et
1417 385 1755 444 concessisse
1791 384 2044 456 leguntur
2075 388 2126 438 in

543 480 813 547 ccclesiis,
857 479 1206 534 ecclesiarum
1247 479 1496 545 decimis,
1533 478 1786 549 primitiis
1819 487 1873 532 et
1897 477 2126 533 oblatio-

543 572 701 626 nibus
730 572 842 627 sive
875 573 1204 628 coemetcriis
1253 587 1350 643 per
1401 571 1766 644 Urgellensem
1815 573 1929 628 sive
1963 571 2125 642 Ripa-

541 678 851 719 corcensem
878 666 1210 734 parochiam,
1257 682 1355 736 per
1385 665 1729 733 Cerdaniam,
1756 665 2122 737 Bergitanum,

540 755 656 808 sive
704 754 972 810 Paliarum
997 798 1011 820 ,
1051 757 1336 813 ecclesiam
1385 773 1600 830 quoque
1636 755 1822 813 Sancti
1871 757 2019 813 Petri
2059 758 2124 812 de

543 842 818 909 Villanita,
849 847 988 916 apud
1040 863 1200 918 quam
1252 856 1449 902 statum
1490 845 1785 916 disciplina:
1815 845 2124 902 monastica:

540 920 899 1003 refortnastis,
958 939 1111 1007 cujus
1155 938 1376 993 castello
1414 952 1513 993 suo
1557 937 1805 1008 Carogio,
1856 947 1912 993 et
1960 938 2121 993 rocha

538 1042 660 1094 quae
691 1026 891 1082 dicitur
926 1026 1108 1083 Sancti
1147 1028 1396 1097 Romani,
1429 1037 1484 1083 et
1521 1028 1732 1083 caneris
1759 1030 1824 1083 ad
1855 1043 1975 1083 eam
2001 1042 2124 1099 pera

541 1117 856 1185 tincnlibus,
904 1131 1106 1187 vestro,
1156 1123 1296 1177 sicut
1338 1123 1498 1178 hodie
1545 1133 1646 1187 est,
1699 1124 2026 1178 tnonasterio
2069 1123 2122 1176 in

541 1221 863 1281 perpetuum
919 1213 1216 1283 subjectum
1269 1231 1390 1271 esse
1443 1215 1810 1271 concedimus.
1865 1216 1945 1270 Ad
2011 1215 2125 1272 Iure

544 1303 863 1371 adjicientes
911 1307 1253 1363 decernimus
1296 1317 1355 1362 ut
1405 1309 1532 1363 nulli
1579 1311 1798 1365 omnino
1845 1309 2122 1364 hominum

543 1394 705 1449 liceat
726 1398 1172 1464 praenominatum
1202 1399 1480 1456 Saturnini
1510 1401 1896 1455 monasterium
1920 1410 2125 1456 temere

543 1486 894 1554 perturbare,
937 1497 1029 1542 aut
1066 1488 1180 1558 ejus
1227 1491 1595 1561 possessiones
1639 1491 1872 1557 auferre,
1911 1492 1991 1547 vel
2031 1493 2126 1547 ab-

545 1576 686 1632 latas
716 1579 965 1642 retinere,
1003 1583 1268 1650 minuere,
1301 1583 1384 1639 vel
1415 1584 1719 1640 temerariis
1750 1585 2124 1640 vexationibus

546 1670 816 1742 fatigare,
866 1675 959 1730 sed
1011 1676 1192 1730 omnia
1246 1677 1453 1748 integra
1504 1686 1891 1733 conserventur
1938 1692 2123 1733 eorum

543 1777 642 1832 pro
679 1779 906 1834 quorum
934 1767 1325 1824 sustentatione
1361 1777 1414 1822 et
1443 1769 1833 1839 gubernatione
1866 1785 2125 1826 concessa

543 1864 668 1908 sunt
706 1856 892 1911 usibus
929 1858 1256 1914 omnimodis
1301 1857 1602 1928 profutura.
1641 1859 1886 1916 Obennte
1927 1861 2125 1916 nihilo—

545 1949 720 2005 minus
755 1950 993 2022 ejusdem
1025 1951 1126 2007 loci
1164 1950 1358 2007 abbate
1391 1953 1472 2008 vel
1507 1962 1716 2008 tuorum
1745 1954 1985 2024 quolibet
2011 1970 2128 2009 suc-

542 2057 855 2108 cessormn,
903 2043 1080 2098 nullus
1121 2043 1192 2098 ibi
1241 2043 1479 2114 qualibet
1521 2045 1885 2114 subreptionis
1927 2047 2126 2100 astutia

543 2147 638 2185 seu
667 2131 916 2186 violentia
946 2143 1309 2202 praeponatur,
1328 2134 1430 2187 nisi
1455 2149 1615 2203 quem
1648 2135 1816 2190 frater
1854 2137 2125 2192 communi

543 2240 828 2292 cmsensu,
849 2227 927 2282 vel
945 2227 1171 2281 fratrum
1195 2242 1318 2297 pars
1341 2228 1548 2283 consilii
1564 2229 1814 2295 sanioris,
1830 2231 2126 2285 secundum

546 2316 642 2370 Dei
673 2316 918 2372 timorem
969 2328 1025 2372 et
1072 2319 1212 2374 beati
1247 2319 1524 2374 Benedicti
1569 2320 1808 2391 regulam
1847 2321 2126 2390 elegerint.

543 2408 627 2461 Ad
670 2407 928 2461 indicium
966 2419 1144 2463 autem
1193 2420 1463 2482 perceptae
1507 2425 1537 2465 a
1588 2411 1831 2465 Romana
1885 2410 2127 2466 Ecclesia

545 2499 839 2566 libertatis,
875 2502 1166 2571 quotannis
1201 2518 1360 2558 unam
1413 2502 1620 2574 argenti
1668 2501 1862 2558 libram
1904 2501 2124 2558 Latera-

548 2590 701 2646 ueusi
727 2591 930 2661 palatio
958 2593 1291 2663 persolvetis.

619 2683 677 2738 Si
703 2699 806 2753 qua
833 2701 964 2741 sane
992 2686 1044 2741 in
1087 2685 1326 2740 futurum
1373 2686 1738 2742 ecclesiastica
1788 2685 2131 2743 saecularisve

546 2789 774 2844 persona
805 2777 944 2833 hanc
984 2786 1180 2833 nostra:
1216 2779 1618 2834 constitutionis
1651 2779 1900 2850 paginam
1931 2780 2128 2846 sciens,

546 2878 733 2924 contra
761 2885 879 2924 eam
919 2880 1122 2926 temere
1173 2872 1357 2926 venire
1393 2872 1704 2939 tentaverit,
1750 2873 1986 2927 secundo
2021 2881 2130 2927 ter-

549 2963 690 3017 tiove
749 2964 1113 3030 commonita,
1177 2964 1221 3020 si
1284 2980 1390 3019 non
1459 2964 1831 3019 satisfactione
1896 2980 2132 3036 congrua

545 3052 954 3120 emendaverit,
1001 3055 1282 3126 potestatis
1340 3049 1670 3124 honorisque
1729 3055 1811 3109 sui
1873 3057 2132 3126 dignitate

497 3211 502 3214 _
547 3151 750 3210 caleat,
785 3159 1040 3214 reamque
1087 3161 1146 3201 se
1193 3146 1373 3201 divino
1413 3146 1618 3216 judicio
1652 3147 1886 3202 existere
1912 3149 1977 3203 de
2006 3163 2133 3220 per-

546 3246 758 3307 petrata
786 3238 1069 3309 iniquitate
1102 3249 1413 3311 cognoscat,
1441 3250 1496 3296 et
1539 3256 1568 3294 a
1616 3241 1982 3296 sacratissimo
2014 3258 2133 3297 eor-

546 3345 678 3400 pure
703 3345 768 3386 ac
792 3332 1055 3402 sanguine
1085 3334 1178 3388 Dei
1207 3343 1261 3388 et
1288 3333 1499 3389 Domini
1546 3333 1924 3405 Redemptoris
1962 3337 2130 3390 nostri

544 3420 670 3478 Jesu
701 3423 898 3480 Christi
931 3425 1104 3482 aliena
1133 3427 1244 3493 ﬁat,
1287 3437 1450 3499 atque
1495 3429 1548 3483 in
1596 3437 1843 3484 extremo
1883 3429 2133 3486 examine

547 3514 809 3571 districta:
835 3516 1022 3573 ultioni
1046 3520 1343 3590 subjaceat,
1373 3521 1583 3576 cunctis
1605 3528 1785 3574 autem
1811 3521 1984 3577 eidem
2014 3521 2132 3576 loco

541 3605 686 3675 justa
718 3610 1055 3665 servantibus
1082 3611 1152 3667 sit
1180 3627 1281 3681 pax
1312 3612 1521 3667 Domini
1555 3612 1722 3667 nostri
1750 3611 1874 3667 Jcsu
1908 3611 2131 3678 Christi,

549 3706 817 3761 quatenus
849 3707 903 3752 ct
937 3698 1026 3753 hic
1064 3700 1296 3755 fructum
1339 3703 1491 3758 home
1539 3703 1768 3758 actionis
1811 3703 2130 3774 percipiant,

551 3797 609 3842 et
647 3787 787 3856 apud
834 3788 1138 3844 districtum
1174 3791 1408 3860 judicem
1457 3794 1676 3865 praemia
1730 3804 1946 3849 icternte
1984 3794 2134 3864 pacis

553 3875 850 3931 inveniant.
882 3878 1073 3943 Amen,
1115 3899 1291 3947 :llllell,
1321 3899 1498 3938 amen.

628 3967 900 4038 Scriptum
931 3985 1026 4040 per
1056 3987 1273 4027 manum
1320 3973 1487 4042 Petri,
1523 3975 1717 4030 notarii
1765 3977 2049 4047 rcgionarii
2081 3987 2134 4033 et

553 4059 827 4114 scriniarii
848 4060 998 4116 .sacri
1038 4061 1246 4131 palatii.

625 4149 819 4204 Datum
853 4151 1034 4208 Roma:
1065 4153 1114 4207 in
1148 4155 1356 4223 porticu
1408 4156 1553 4212 Beati
1605 4156 1747 4212 Petri
1788 4174 1886 4229 per
1915 4175 2132 4215 manum

549 4239 796 4305 Joannis,
827 4250 1026 4298 sanctae
1058 4244 1312 4301 Romana:
1343 4246 1595 4328 Ecclesia:
1638 4249 1849 4305 diaconi
1881 4251 2133 4306 cardina-

552 4335 620 4388 lis
645 4350 742 4389 xm
771 4334 888 4390 Kal.
919 4335 1061 4402 Maii,
1087 4339 1274 4394 iudiet.
1299 4355 1394 4406 vn,
1418 4341 1811 4399 lncaruationis
1840 4344 2132 4400 Dominicar

553 4440 697 4479 aitno
749 4425 920 4494 l099,
969 4429 1314 4497 pontificatus
1371 4439 1550 4488 autem
1599 4433 1781 4489 domui
1837 4433 2038 4491 Urbani
2090 4435 2130 4490 ll

554 4531 708 4588 papae
738 4532 836 4571 xu.

1223 4635 1462 4695 CCXCII.

558 4743 758 4803 Urbani
786 4747 1005 4818 epistola
1027 4750 1097 4826 at!
1132 4749 1890 4826 "agonem,archiepiscopum
1919 4754 2135 4826 Lugdu-

625 4835 854 4895 nensem.
905 4850 977 4861 —
1028 4821 1257 4895 Nuntiat
1316 4824 1524 4895 tandem
1589 4821 1871 4893 primatum
1926 4821 2040 4895 ejtia
2101 4846 2133 4880 a

628 4888 948 4958 Duimberto,
971 4893 1355 4963 archiepiscopo
1373 4888 1679 4963 Senonensi,
1697 4897 1932 4966 agnitum
1947 4888 2134 4951 'Roma:

624 4974 752 5013 ϐεδε.

1138 5054 1320 5126 (Αιιιιο
1359 5055 1542 5113 1099.)

946 5143 1159 5215 [ΜΑΝδῃ
1205 5143 1408 5200 Cancil.
1443 5145 1561 5212 XX,
1591 5145 1739 5220 877.]

631 5252 877 5311 UBBANUS
905 5258 1204 5330 episcopus,
1233 5275 1420 5316 servus
1450 5275 1729 5316 servorum
1771 5261 1890 5328 Dei,
1912 5277 2136 5318 venera-

557 5346 649 5402 bili
683 5345 831 5401 fratri
858 5355 912 5402 et
936 5351 1251 5422 coepiscopo
1274 5351 1504 5415 ilusoar,
1527 5351 1867 5424 Lugdunensi
1896 5354 2133 5425 primati,

558 5439 785 5496 salutem
816 5449 870 5496 et
894 5443 1243 5511 apostolicam
1279 5444 1730 5500 benedictionem.

629 5533 733 5591 Pro
767 5535 988 5604 querela
1033 5551 1193 5605 quam
1240 5538 1498 5592 adversus
1548 5538 1915 5594 Sunonensem
1953 5537 2136 5593 Eccle-

555 5626 694 5681 siam
751 5634 806 5681 et
857 5626 1314 5698 praedecessorum
1371 5639 1583 5685 tuorum
1625 5639 1678 5685 et
1727 5640 1814 5686 tua
1872 5633 2134 5687 hactenus

557 5719 867 5779 fratemitas
897 5721 1245 5779 vehementer
1284 5724 1544 5790 exercuit,
1585 5727 1801 5795 quantis
1833 5726 2133 5782 contentio-

1822 269 1881 324 B.
1931 267 2182 326 UBBANI
2221 267 2262 322 ll
2301 266 2502 327 PM'IE

3650 279 3718 340 5“

2157 389 2205 447 Α
2234 383 2413 449 nibus,
2437 382 2659 453 quantis
2675 383 3020 450 clamoribus,
3051 392 3110 440 et
3125 393 3316 440 nostro
3334 394 3386 440 et
3405 396 3719 455 antecessum

2228 484 2537 530 nostrorum
2567 484 2807 546 tempore
2831 477 2987 532 sedes
3027 477 3324 546 apostolica
3355 478 3641 550 interpellata
3661 491 3718 555 sit,

2228 583 2335 623 non
2384 577 2468 624 est
2514 568 2881 625 necessarium
2916 584 3260 625 memorare:
3299 572 3595 639 quoniamet
3618 593 3722 634 aute-

2228 677 2502 717 cessorum
2528 671 2838 718 nostrorum
2862 662 3061 732 scripta
3090 663 3355 728 indicant,
3381 674 3434 720 et
3455 669 3726 730 conciliorum

2227 768 2346 824 quae
2373 769 2472 810 nos
2501 765 2722 811 auctore
2760 754 2870 811 Deo
2912 755 2967 810 in
3007 754 3197 811 Galliis
3233 755 3612 824 celebravimus,
3632 780 3727 819 mu-

2228 847 2406 901 munis
2445 847 2703 903 memoria
2736 856 3089 919 protestatur.
3126 848 3200 903 Ea
3247 850 3505 920 siquidem
3539 868 3665 910 causa
3694 859 3731 912 in

2226 938 2470 1008 plenario
2490 939 2820 1004 Arvernensi
2859 942 3092 998 concilio
3121 951 3353 997 tractata
3378 959 3440 999 ac
3465 946 3645 1002 deﬁnita
3659 962 3727 1006 est.

2226 1031 2293 1084 Et
2318 1046 2440 1086 cum
2475 1017 2785 1100 Ricberius,
2809 1031 3137 1090 Senonensis
3165 1035 3599 1106 archiepiscopus,
3623 1055 3731 1112 syno-

2227 1119 2332 1174 dali
2385 1120 2684 1177 definitioni
2727 1123 2948 1178 minime
2983 1124 3374 1194 acquievisset,
3417 1126 3466 1180 in
3509 1128 3732 1187 Turoneusi

2225 1213 2431 1283 pariter
2459 1228 2521 1268 ac
2552 1211 2905 1270 Nemausensi
2936 1217 3168 1271 concilio
3215 1231 3320 1286 per
3367 1225 3504 1271 tuam
3542 1229 3607 1274 est
3631 1221 3730 1276 inde

2226 1304 2413 1358 striam
2464 1305 2724 1375 repetita;
2767 1315 2821 1360 et
2871 1306 3217 1378 supradictus
3263 1309 3480 1377 quidem
3525 1309 3731 1368 [lichenes

2225 1411 2324 1466 pro
2373 1412 2469 1451 sua
2517 1398 2812 1468 pertinacia
2869 1399 3189 1454 interdictus
3239 1400 3420 1465 obiit,
3467 1401 3732 1472 sun‘ragaucis

2225 1485 2342 1555 ejus
2385 1488 2480 1542 tibi
2523 1497 2777 1558 tanquam
2816 1489 3038 1559 primati
3081 1499 3135 1544 et
3171 1489 3421 1562 synodali
3457 1490 3626 1560 judicio
3651 1493 3732 1548 obe-

2228 1579 2484 1634 dientiam
2509 1579 2622 1649 jam
2660 1579 2941 1650 professis.
2976 1580 3170 1636 Frater
3201 1592 3389 1638 autem
3433 1592 3593 1639 noster
3615 1585 3734 1640 Daie-

2227 1669 2432 1734 bertus,
2456 1671 2547 1738 qui
2585 1669 2759 1724 eidem
2804 1685 2946 1726 nunc
2992 1669 3256 1726 Ecclesia:
3281 1715 3295 1739 ,
3351 1672 3632 1742 disponente
3666 1674 3734 1729 Do-

2231 1762 2395 1827 mino,
2422 1762 2694 1832 prmsitlet,
2743 1762 2884 1818 sicut
2936 1764 3030 1819 libi
3077 1765 3285 1820 nostris
3331 1764 3650 1834 signiﬁcatum
3683 1776 3736 1820 est

2228 1852 2444 1920 litteris,
2473 1855 2573 1910 sub
2614 1855 2800 1910 cadem
2840 1857 3059 1927 querela
3105 1872 3205 1928 per
3251 1858 3590 1913 ministerium
3613 1873 3730 1913 meo

2228 1944 2457 2016 gratiam
2498 1946 2924 2003 consecrationis
2953 1949 3182 2020 accepit.
3233 1949 3422 2021 Nuper
3463 1959 3738 2015 autem,cum

2228 2037 2293 2092 ad
2357 2037 2722 2108 apostolorum
2773 2039 2989 2106 limina,
3040 2049 3148 2096 tam
3199 2057 3306 2111 pro
3353 2040 3572 2113 ejusdem
3615 2056 3731 2096 causa

2229 2130 2444 2186 actione
2489 2147 2652 2202 quam
2694 2147 2791 2203 pro
2844 2134 3120 2189 communi
3175 2134 3442 2206 synodica
3490 2134 3732 2194 vocalium,

2231 2223 2504 2291 rediisset,
2539 2225 2901 2294 przesentibus
2948 2224 3138 2297 legatis
3185 2226 3318 2293 tuis,
3353 2225 3574 2280 lsmeone
3610 2224 3732 2279 Diensi

2229 2319 2502 2388 episcopo,
2517 2317 2703 2373 Girino
2718 2320 2926 2375 decano
2941 2328 2994 2374 et
3019 2319 3142 2374 item
3160 2319 3225 2375 Gi
3237 2319 3356 2374 riuo
3373 2318 3629 2389 capellauo,
3641 2318 3734 2372 sedis

2230 2410 2536 2480 apostolica:
2575 2419 2800 2480 cogente
2835 2409 3061 2478 judicio,
3105 2411 3257 2465 omni
3309 2411 3514 2464 demtum
3553 2408 3731 2478 tergis-er

2229 2502 2438 2558 satione
2471 2512 2705 2568 eassata,
2734 2501 2786 2556 in
2824 2517 2985 2556 manu
3027 2511 3210 2556 nostra
3247 2502 3514 2573 professus
3544 2511 3611 2555 est
3635 2515 3675 2554 se
3699 2508 3734 2552 et

2231 2592 2604 2663 Lugdunensis
2642 2591 2900 2647 Ecclesiae
2944 2607 3106 2662 super
3136 2591 3499 2647 Senonensem
3526 2591 3729 2661 primatum

2232 2699 2546 2756 agnoscere,
2577 2692 2629 2738 ct
2652 2684 2716 2738 de
2739 2693 2935 2739 caetero
2968 2684 3060 2738 tibi
3089 2685 3306 2753 tuisque
3326 2683 3561 2754 legitimis
3583 2696 3730 2736 succes-

2231 2777 2446 2833 soribus
2470 2785 2722 2847 tauquam
2751 2776 3074 2846 primatilms
3093 2776 3342 2831 obedire.
3376 2775 3606 2830 Similiter
3623 2773 3728 2824 etiam

2232 2868 2506 2940 pollicitus
2533 2878 2614 2923 est
2644 2875 2847 2922 statuto
2886 2882 2914 2920 a
2950 2866 3106 2920 nobis
3154 2876 3420 2937 tempore,
3456 2864 3502 2918 id
3529 2873 3728 2928 estusque

2232 2958 2298 3013 ad
2332 2959 2633 3029 proximam
2659 2957 2798 3012 beati
2830 2957 3069 3028 Dionysii
3099 2957 3514 3021 solemnitatem,
3533 2970 3580 3009 se
3602 2953 3651 3006 ad
3671 2966 3730 3003 tus

2233 3059 2542 3117 venturum,
2592 3057 2647 3104 et
2699 3049 2752 3104 in
2808 3058 3102 3120 conspectu
3152 3049 3517 3122 Lugdunensis
3553 3045 3730 3101 Ecclesia

2235 3138 2468 3209 idipsum
2517 3154 2612 3193 ore
2652 3140 2872 3210 proprio
2909 3139 3312 3210 professarum,
3359 3140 3456 3195 nisi
3497 3137 3725 3194 canonicum

2236 3229 2679 3299 impedimentum
2703 3230 2943 3285 evenerit
2968 3248 2983 3286 :
3008 3246 3114 3300 quo
3140 3240 3416 3286 transacto
3439 3228 3557 3284 inira
3579 3227 3725 3295 triginta

2235 3321 2350 3377 dies
2407 3321 2639 3392 idipsuln
2697 3322 2922 3392 implere
2964 3323 3197 3378 curabit.
3261 3323 3354 3379 Sic
3409 3322 3535 3377 enim
3579 3315 3727 3373 vieariis

2234 3411 2452 3478 vestris,
2477 3427 2575 3480 per
2599 3427 2692 3467 eos
2737 3411 2831 3466 tibi
2863 3427 2925 3467 ac
2959 3411 3307 3483 Lugdunensi
3339 3413 3568 3468 Ecclesia:
3589 3410 3627 3462 in
3652 3420 3724 3459 ma-

2236 3517 2364 3556 ntun
2421 3502 2849 3572 assignavimus,
2887 3503 3250 3574 praesentibus
3292 3503 3531 3559 fratribus
3568 3496 3721 3554 nostris.

2235 3610 2462 3663 quorum
2498 3593 2634 3649 infra
2679 3595 2881 3666 scripta
2931 3605 3058 3650 sunt
3105 3597 3324 3651 nomina
3351 3615 3364 3651 :
3396 3586 3721 3650 Anselmovidc-

2237 3685 2361 3742 licet
2409 3687 2812 3753 Cantuariensi,
2854 3687 3186 3758 Leodcgario
3241 3685 3561 3746 Bituricensi,
3597 3682 3724 3734 Amata

2235 3777 2629 3850 Burdigalensi,
2681 3780 3132 3850 archiepiscopis;
3185 3778 3458 3834 Gualterio
3498 3767 3719 3830 Albaneasi,

2235 3873 2422 3931 Odone
2447 3874 2704 3942 Ostiensi,
2734 3874 3014 3930 Guntardo
3048 3873 3335 3940 Fundano,
3360 3869 3588 3928 Lcutaldo
3607 3864 3721 3918 Silva-

2235 3966 2501 4032 nectensi,
2533 3967 2834 4037 episcopis;
2883 3967 3122 4021 Nunerio
3167 3966 3234 4021 de
3279 3966 3428 4021 titulo
3468 3957 3616 4017 Sancti
3641 3952 3718 4007 Cle-

2235 4061 2454 4125 meutis,
2492 4061 2742 4116 'l‘euzone
2789 4061 2856 4115 de
2914 4059 3066 4115 titulo
3119 4049 3656 4115 Sanctorum-Joannis
3686 4051 3718 4094 et

2232 4151 2411 4218 Pauli,
2443 4150 2652 4207 Joanne
2699 4151 2767 4207 de
2808 4151 2964 4208 titulo
3016 4151 3231 4206 Sancta:
3271 4146 3717 4208 Anastasizemosm

2235 4243 2380 4298 sedis
2431 4242 2736 4314 apostolicae
2795 4242 3129 4314 presbyteris
3191 4241 3567 4299 cardinalibus;
3617 4231 3720 4283 “3"”

2237 4334 2469 4402 Leonis,
2525 4333 2732 4390 Joanne
2772 4333 3114 4404 Frejapane,
3168 4334 3424 4390 Romanis
3472 4322 3713 4401 proceribus.

2158 4461 2211 4522 Β
2239 4425 2352 4480 Tua
2393 4441 2524 4496 ergo
2570 4425 2883 4482 fraternitas
2930 4427 3058 4496 quid
3108 4427 3413 4498 apostolica:
3459 4414 3715 4522 sedi-debiti

2238 4523 2574 4595 propensiori
2614 4524 2870 4595 deinceps
2924 4532 2982 4579 et
3031 4523 3233 4578 amoris
3277 4532 3332 4578 et
3377 4514 3583 4586 obsequii
3617 4506 3712 4562 exhi-

2236 4613 2444 4670 bitione
2481 4614 2805 4685 perpendat.

2309 4707 2501 4762 Datum
2528 4707 2715 4762 Romae
2743 4707 2881 4778 apud
2910 4707 3133 4763 Beatum
3174 4706 3413 4769 Petrum,
3457 4715 3536 4773 per
3566 4699 3712 4750 manum

2236 4798 2457 4854 Joannis
2494 4808 2694 4854 sancta:
2721 4798 2981 4854 Romana:
3009 4797 3266 4854 Ecclesia:
3313 4791 3503 4851 diaconi
3542 4781 3710 4841 cardina-

2237 4889 2323 4955 lis,
2375 4889 2666 4945 indictione
2716 4889 2974 4960 septima,
3022 4904 3119 4944 vnt
3172 4887 3434 4942 Kalendas
3472 4876 3710 4966 Mamerto?

2240 4982 2530 5038 Dominicm
2576 4980 2966 5036 lncarnationis
3018 4979 3174 5045 1099,
3226 4976 3536 5050 pontiﬁcatus
3572 4963 3707 5018 domi!|

2244 5075 2438 5131 Urbani
2469 5089 2619 5146 papa:
2645 5091 2741 5130 xu.

2159 1732 2200 1791 Β

2892 5165 3156 5223 CCXCllL

2239 5257 2256 5278 ⁹
2288 5254 2527 5312 Urbanus
2557 5258 2609 5311 in
2640 5258 2956 5312 monasterio
2984 5257 3189 5312 Caaalis
3218 5255 3279 5313 S.
3308 5253 3440 5311 Petri
3467 5268 3484 5302 ε
3513 5257 3600 5301 eam
3619 5249 3700 5309 πῖ

2307 5343 2398 5394 per
2443 5329 2734 5396 disciplina:
2790 5327 3048 5396 regularis
3097 5328 3457 5396 institutione!!!
3495 5317 3697 5396 συναφθῇ

2301 5391 2659 5495 metuque":
2677 5399 2836 5495 juxta
2847 5391 3413 5495 'Vallumbmfanprum

2308 5457 2632 5522 suetudinem
2673 5457 2940 5536 Andreas,
2983 5467 3286 5523 monasterii
3335 5457 3555 5519 conditor.
3591 5457 3646 5502 ³¹⁸

2308 5538 2478 5593 (ierat.
2512 5560 2529 5592 ι

2830 5631 3009 5702 (Anno
3050 5628 3228 5699 1099.)
3699 5685 3702 5690 .

2445 5723 2603 5797 [Vide
2633 5721 2860 5780 Mum.
2894 5721 3086 5778 Annal.
3123 5720 3338 5787 Bened.,
3364 5716 3421 5782 ν,
3445 5703 3560 5776 406-1
3620 5756 3626 5760 -

3849 3646 3851 3747 ι

3849 3816 3851 3953 4
