3900 6322
82 361 170 420 545
1137 339 1491 397 ΕΡΙΞΤΟῘᾹῑ
1519 340 1603 396 ET
1634 340 1660 395 ῐ

1764 335 2045 394 VILECIA.

714 452 911 511 CCXCI
922 452 981 506 V.

96 568 109 585 '
132 555 418 615 Monasterii
450 553 509 608 S.
546 548 729 606 Crucis
771 545 1149 616 possessiones,
1179 552 1391 616 rogante
1429 542 1639 606 Amata,

282 625 657 693 archiepiscopo
693 612 1094 687 Bu'rdigalensi,
1135 612 1429 681 conﬁrmat.

654 711 833 782 (Anno
873 705 1057 775 1099.)

472 798 627 877 [Vide
651 802 878 857 Manum.
905 798 991 852 ubi
1023 793 1231 866 supra.)

732 908 978 968 CCXCV.

82 1012 266 1067 Urbani
295 1007 507 1079 epistola
545 1006 621 1079 ad_
644 1005 919 1079 Hugonens
946 998 1389 1079 arcitiepiscopnnt
1422 993 1641 1063 Lugdu-

145 1067 363 1136 nensem.
384 1109 452 1122 σ-
478 1077 552 1131 De
584 1067 807 1130 Roberto
832 1073 1019 1126 abbate
1035 1067 1365 1124 Cisterciensi
1389 1081 1452 1119 ex
1474 1079 1643 1118 eremo

134 1150 447 1207 revocando.

665 1236 841 1308 (Anno
867 1230 1049 1302 1099.)

438 1325 663 1406 [Massa
692 1327 920 1393 Concil.,
954 1322 1073 1390 XX,
1103 1316 1256 1392 666.]

135 1421 378 1483 Ursinus
407 1425 714 1494 episcopus,
747 1431 939 1473 servus
988 1427 1273 1470 servorum
1326 1407 1444 1474 Dei,
1483 1421 1650 1462 vene-

82 1519 219 1576 rabili
264 1516 420 1572 fratri
475 1522 530 1569 et
575 1513 830 1584 episcopo
858 1506 1091 1570 Honora,
1142 1500 1454 1574 apostolica:
1502 1496 1648 1554 sedis

76 1612 282 1676 vicario,
323 1609 553 1664 salutem
582 1614 636 1661 et
665 1601 1017 1675 apostolicam
1043 1595 1505 1654 benedictionem.

140 1703 555 1762 Molismcnsium
588 1700 814 1755 fratrum
866 1712 1122 1768 magnum
1169 1695 1223 1749 in
1272 1690 1502 1749 consilio
1540 1686 1651 1743 cla-

74 1813 265 1855 morem
294 1794 627 1864 accepimus,
656 1792 867 1847 abbatis
894 1789 977 1845 sui
1008 1787 1241 1843 reditum
1272 1780 1647 1839 vehementius
1682 1803 1726 1863 Β

76 1890 473 1963 postulantium.
505 1886 766 1941 Dicebant
792 1883 934 1939 enim
977 1881 1293 1950 religionem
1336 1891 1437 1932 suo
1478 1875 1651 1930 choro

82 1998 331 2046 eversam,
355 1994 529 2049 seque
554 1992 651 2048 pro
680 1975 894 2030 abbatis
922 1973 1067 2028 illius
1088 1969 1336 2027 absentia
1360 1968 1485 2024 odio
1510 1965 1653 2036 apud

83 2074 331 2144 principes
361 2080 417 2126 et
451 2080 681 2125 cancros
710 2066 918 2121 vicinos
950 2062 1162 2119 haberi.
1197 2059 1384 2116 Coacti
1429 2056 1651 2112 tandem

83 2183 108 2219 a
155 2164 402 2220 fratribus
462 2160 685 2225 nostris,
742 2156 1016 2213 dilectioni
1070 2164 1173 2209 tuae
1216 2168 1315 2224 per
1362 2147 1652 2221 prmsentia

82 2257 261 2325 scripta
302 2253 650 2315 mandamus,
680 2248 1052 2319 significantes
1076 2252 1292 2316 gratum
1338 2239 1498 2296 nobis
1537 2238 1654 2293 exi-

85 2356 302 2411 sterent,
334 2346 378 2401 si
404 2344 524 2397 fieri
557 2350 758 2412 posset,
798 2340 965 2394 abbas
1003 2338 1094 2392 ille
1123 2335 1191 2390 ab
1217 2347 1404 2390 eremo
1434 2330 1502 2384 ad
1537 2343 1653 2383 mo-

86 2437 355 2491 nasterium
391 2434 711 2489 reducatur.
755 2429 909 2496 Quod
945 2429 990 2483 si
1040 2426 1267 2497 implere
1312 2420 1652 2493 nequiveris,

87 2544 210 2581 cura:
230 2527 319 2581 tibi
348 2525 502 2587 situt
526 2530 582 2577 et
601 2522 691 2591 qui
714 2534 956 2576 eremum
979 2516 1206 2587 diligunt
1232 2513 1649 2582 conquiescant,

84 2620 231 2689 etqui
268 2619 318 2673 in
346 2617 603 2673 etenobio
636 2623 762 2670 sunt
796 2607 1133 2683 regularibus
1158 2604 1456 2676 disciplinis
1481 2602 1657 2657 inscr-

88 2714 216 2766 \Eant

723 2817 995 2876 CCXCVI.

93 2920 268 2974 Urbani
300 2920 357 2974 ΙΙ
394 2916 621 2988 epistola
667 2930 759 2984 pro
800 2911 1007 2992 Joanne
1039 2904 1410 2960 arc/ridiacono
1440 2900 1658 2953 Atreba-

796 2993 947 3035 ιειιίι.

666 3076 845 3145 (Anno
886 3070 1020 3126 1099
1052 3070 1071 3141 )

272 3177 403 3231 Dom
432 3173 714 3234 Bououcr,
749 3164 981 3229 Recueil,
1016 3172 1054 3217 t.
1088 3159 1225 3225 XIV,
1250 3174 1304 3230 p.
1327 3155 1478 3227 239.]
1506 3167 1516 3177 '

148 3266 390 3325 Unaasus
420 3264 741 3334 cpiscopus,
784 3270 974 3312 servus
1004 3266 1283 3309 servormn
1316 3249 1429 3312 Dei,
1462 3249 1659 3303 dilecto

87 3361 191 3413 iiilio
217 3373 310 3413 suo
351 3354 578 3417 Joasm,
619 3344 959 3403 Atrebalensi
992 3341 1399 3403 archidiacono,
1430 3337 1657 3392 salutem

86 3461 138 3504 et
163 3448 507 3520 apostolicam
538 3437 985 3496 benedictionem.

155 3540 406 3607 Quoniam
451 3534 681 3589 relatum
722 3538 805 3583 est
841 3527 893 3581 in
935 3523 1158 3579 auribus
1194 3520 1397 3576 nostris
1429 3527 1481 3573 te
1508 3532 1658 3573 com-

91 3633 224 3685 muni
256 3640 377 3685 voto
416 3625 796 3695 religiosorum
826 3618 1097 3680 virorum,
1132 3622 1238 3668 tam
1281 3609 1466 3667 clerici
1498 3622 1661 3679 quam

92 3722 277 3790 populi,
311 3719 362 3773 in
403 3714 652 3771 Ecclesia
692 3708 981 3766 Morincnsi
1033 3720 1154 3761 esse
1199 3704 1462 3767 electum,
1492 3699 1662 3771 pluri-

96 3833 225 3870 mum
286 3813 715 3885 congaudemus,
752 3807 1078 3862 auctoritate
1134 3801 1300 3872 igitur
1354 3794 1663 3867 apostolicae

90 3906 222 3959 sedis
263 3884 588 3959 electionem
647 3898 792 3951 illam
828 3892 1215 3950 confirmamus
1247 3896 1302 3943 et
1339 3884 1662 3942 corrobora-
1704 3895 1707 3899 ·

97 4012 232 4059 mus,
278 4006 333 4050 et
382 4008 461 4048 ne
514 3991 691 4059 aliqua
759 3984 1044 4041 occasione
1099 3995 1219 4034 eam
1275 3972 1661 4043 subterfugiat,

96 4090 265 4142 eadem
297 4084 622 4140 auctoritate
658 4078 880 4134 omnino
909 4071 1396 4129 interdicimus.....

738 4188 1029 4247 CCXCVII.

98 4294 114 4312 ‘
146 4291 379 4346 Urbanus
412 4286 720 4344 monasterii
756 4277 1167 4336 Psafmodiensis
1210 4273 1500 4346 iibertalent
1546 4284 1665 4346 can:

160 4339 390 4431 [irata-tm:
414 4339 703 4413 "uenalium
749 4352 1159 4406 dominationem
1200 4341 1554 4398 Massilienses
1594 4339 1664 4392 ibi

160 4433 397 4487 habeant.
446 4450 463 4480 ι

681 4514 857 4585 (Anno
896 4507 1078 4578 I099.)

99 4616 244 4686 [Vide
283 4613 604 4686 relationem
647 4603 1204 4686 ξριιιξῃλιιιιιρκρει
1232 4595 1537 4686 ,Βυιιιλιιτλ
1563 4596 1670 4686 an;

634 4658 743 4755 .I—I‘I,
774 4658 913 4739 395,
953 4680 1008 4725 et
1052 4668 1189 4723 infra
1231 4668 1284 4721 in
1330 4659 1559 4733 append.
1604 4658 1668 4710 ad

165 4746 415 4827 epistolas
445 4746 696 4817 Urbani.]

726 4853 1037 4912 CCXCVIII.

108 4962 295 5018 Urbani
342 4959 403 5016 Il
451 4971 601 5028 papae
645 4950 863 5028 epistola
908 4947 975 5028 ad
1010 4930 1673 5028 .canonicos‘ﬁif‘ttt‘lgf

173 5015 620 5101 Barrdegalens'isi
634 5015 684 5064 -—'
694 5020 896 5101 βοιιιῃι
914 5018 1040 5100 acit
1067 5015 1673 5101 certimfontr‘ovees‘tagn

172 5120 281 5156 cum
328 5070 530 5155 ciericis
583 5093 640 5150 S.
687 5070 928 5148 Severini
972 5087 1046 5139 ila
1069 5081 1368 5156 _del_initam
1412 5074 1582 5152 fuisse
1620 5070 1673 5121 in

172 5150 679 5231 concilio-Vlliomano,
718 5172 771 5215 ut
806 5157 1020 5214 ecclesia
1058 5153 1114 5207 S.
1154 5150 1377 5203 Λητὼ-ειν
1404 5150 1672 5224 propritim

174 5243 350 5296 habeat
375 5236 718 5294 camelerium
742 5233 795 5285 in
820 5237 1143 5299 perpetuum.

686 5323 864 5392 (Anno
908 5313 1085 5385 1099.)

354 5424 513 5497 [Dom
538 5421 813 5481 Bouous'r,
851 5408 1079 5471 Recueil,
1108 5403 1246 5469 XIV,
1277 5400 1427 5472 756.]

180 5491 423 5574 [luamus
447 5514 751 5583 episcopus,
786 5517 975 5561 servus
1008 5512 1285 5554 servorum
1318 5494 1433 5559 Dei,
1468 5491 1676 5546 dilectis

121 5610 234 5663 ﬁliis
261 5605 534 5663 canonicis
583 5603 639 5655 S.
682 5598 910 5653 Andrea:
956 5591 1186 5646 Salutem
1223 5596 1276 5640 et
1323 5583 1674 5655 apostolicam

121 5699 550 5756 benedictionem.

188 5790 375 5846 Notum
410 5777 504 5858 sit,
531 5786 729 5843 fratres
774 5775 1103 5840 charissimi,
1147 5768 1421 5827 dilectioni
1463 5774 1673 5827 vestrae,

3219 324 3324 386 διδ

1670 454 1715 510 Α
1742 449 1884 520 quod
1914 446 2323 502 altercationem
2356 462 2516 517 quam
2552 442 2735 501 clerici
2773 442 2832 498 S.
2867 440 3110 499 Severini
3143 445 3326 501 vobis-

1745 554 1866 595 cum
1916 539 2005 593 ditt
2056 538 2360 592 habuerunt
2409 541 2475 593 de
2526 538 2840 593 ctemetcrio
2886 537 3079 591 matris
3130 547 3327 593 vestrm

1745 629 1988 684 ecclesia:
2016 644 2043 682 a
2084 627 2239 683 nobis
2263 643 2360 698 per
2386 628 2478 683 Dei
2510 628 2740 697 gratiam
2771 637 3123 693 consecratae,
3144 628 3210 681 ad
3233 626 3324 696 jn-

1745 729 1887 793 slum
1937 729 1993 775 et
2028 719 2329 789 legitimum
2375 717 2723 789 perduximus
2769 715 2951 772 finem.
3000 717 3055 771 In
3099 718 3328 772 concilio

1746 813 1890 867 enim
1945 810 2228 875 Romano,
2285 809 2428 880 quod
2484 808 2576 863 Dei
2627 808 2904 864 voluntate
2960 817 3087 863 ante
3133 823 3328 878 corpus

1746 900 2049 957 beatissimi
2100 899 2245 954 Petri
2293 899 2657 969 apostolorum
2711 898 2968 968 principis
3013 898 3331 952 solemniter

1747 990 2164 1054 celebravimus,
2197 988 2500 1043 rationibus
2542 988 2737 1042 vestris
2785 1003 2880 1056 per
2924 986 3137 1042 Petrum
3169 988 3331 1043 deoa-

1749 1098 1875 1135 num
1903 1081 2198 1147 enarratis,
2226 1091 2281 1136 et
2306 1082 2743 1136 adversariorum
2780 1092 3080 1136 vestrorum
3112 1081 3330 1153 opposi-

1750 1170 1987 1225 tionibus
2053 1170 2341 1241 diligenter
2403 1172 2790 1241 pertractatis,
2848 1171 3090 1226 decrevit
3143 1182 3331 1225 saneta

1751 1260 2001 1345 Synodus
2050 1270 2280 1317 matrem
2328 1275 2600 1329 vestram,
2628 1261 3081 1333 Burdegalcnsent
3126 1262 3331 1317 scilicet

1750 1358 2070 1424 Ecclesiam,
2090 1357 2254 1412 filiam
2277 1373 2408 1414 vero
2431 1368 2672 1414 nostram
2700 1359 2858 1413 unico
2882 1359 3164 1430 privilegio
3192 1373 3335 1412 amo-

1751 1451 1827 1507 ris
1857 1452 2013 1507 nobis
2040 1465 2255 1520 semper
2270 1450 2601 1522 adiunctam,
2629 1467 2810 1515 suum,
2834 1450 2975 1521 quod
3005 1450 3333 1520 requirebat,

1751 1546 1951 1601 debere
2002 1545 2054 1599 in
2099 1549 2417 1614 perpetuum
2477 1543 2678 1598 habere
2728 1542 3118 1597 cmmcterinm.
3172 1542 3337 1613 Igitur

1752 1636 2025 1692 communi
2049 1638 2270 1693 decreto
2288 1632 2529 1700 concilii,
2559 1632 2953 1698 coemeterium,
2984 1632 3123 1702 quod
3157 1631 3337 1700 requi-

1753 1730 1959 1785 rebatis
1986 1730 2053 1784 ad
2100 1728 2432 1801 sepulturam
2466 1723 2727 1789 ﬁdelium,
2758 1722 3000 1778 ecclesia:
3035 1722 3216 1777 statim
3247 1735 3338 1775 ve-

1754 1831 1880 1877 stra:
1920 1820 2279 1884 restituimus,
2309 1826 2362 1872 et
2394 1815 2519 1885 jure
2548 1824 2810 1883 perpetuo
2851 1813 3181 1867 auctoritate
3213 1825 3339 1879 apo-

1755 1912 1944 1967 stolica
1999 1908 2383 1982 possidendum
2424 1905 2793 1960 conCCSsimus
2820 1922 2831 1956 :
2861 1903 3088 1967 subinde
3119 1901 3335 1955 Petrum

1755 2002 2022 2058 decauum
2054 2010 2294 2057 vestrum
2320 2000 2371 2053 in
2396 2005 2689 2066 conspectu
2722 1996 2934 2050 concilii
2966 2011 3123 2048 manu
3151 2004 3337 2048 nostra

1756 2094 2152 2150 investivimus.
2214 2089 2400 2159 Neque
2466 2102 2595 2157 ergo
2654 2102 2882 2156 persona
2944 2098 3130 2140 contra
3203 2086 3340 2138 banc

1756 2185 1972 2241 concilii
2005 2181 2375 2238 definitionem
2422 2187 2477 2232 et
2514 2187 2751 2232 nostram
2794 2176 3199 2231 concessionem
3242 2174 3343 2227 ali-

1756 2279 1972 2349 quando
2005 2276 2193 2330 venirc
2233 2280 2557 2344 praesumat,
2602 2269 2925 2324 auctoritate
2973 2268 3061 2323 Dei
3094 2269 3341 2336 oumipu-

1757 2371 1940 2436 tcntis,
1967 2378 2023 2423 et
2044 2368 2325 2423 beatorum
2357 2360 2720 2433 apostolorum
2747 2358 2890 2413 Petri
2920 2368 2972 2412 ct
3001 2356 3150 2411 Pauli
3184 2366 3345 2424 atque

1755 2464 2005 2527 Andreas,
2044 2468 2100 2516 et
2128 2467 2332 2521 nostra,
2360 2455 2531 2510 modis
2555 2452 2805 2507 onmibus
2842 2450 3230 2505 interdicimus.

1832 2555 2026 2610 Datum
2074 2552 2257 2607 Roma:
2302 2548 2442 2619 apud
2490 2544 2548 2601 S.
2600 2545 2848 2613 Petrum,
2900 2557 2932 2593 v
2972 2541 3152 2595 Nonas
3198 2520 3375 2608 Maii,’

1758 2649 1947 2704 indict.
1983 2661 2079 2713 vn,
2113 2641 2508 2699 lncarnationis
2538 2638 2827 2691 Dominiete
2855 2650 2997 2689 anno
3030 2633 3186 2699 1099,
3215 2648 3345 2704 pon-

1761 2740 1995 2797 tiﬁcatus
2026 2748 2207 2792 autem
2242 2735 2421 2790 domui
2465 2733 2661 2788 Urbani
2694 2732 2733 2785 ll
2768 2744 2916 2801 papte
2948 2743 3044 2781 χιι.

2410 2824 2682 2883 CCXCIX.

1761 2925 2000 2996 Epistola
2034 2923 2237 2979 Urbani
2261 2922 2334 2996 _ll
2371 2938 2520 2996 papa'
2548 2926 2615 2996 ad
2653 2918 2864 2996 Cetrium
2924 2912 3260 2996 pra’positnm
3297 2922 3345 2966 et

2083 2986 2615 3048 cuitoniros'er'clesiw
2648 2986 3017 3041 Rat/tenensis.

2356 3086 2533 3155 (Anno
2564 3079 2748 3151 1099.)

2167 3178 2414 3253 [B.\ch.,
2450 3174 2672 3230 Misrell.
2715 3172 2802 3237 Ill,
2831 3169 2946 3244 9L]

1774 3352 1779 3355 _
1836 3278 2087 3333 Unnasus
2131 3274 2438 3344 episcopus,
2484 3283 2674 3323 servus
2704 3258 2981 3321 servorum
3021 3262 3134 3326 Dei,
3162 3260 3348 3316 Perna

1761 3354 2053 3443 praeposito
2087 3376 2142 3423 ct
2180 3364 2296 3433 ejus
2339 3361 2597 3417 fratribus
2644 3360 2694 3413 in
2744 3356 2971 3413 ecclesia
3015 3354 3347 3409 Rutbeuensi

1763 3460 2079 3517 canonicam
2107 3457 2271 3511 vitam
2306 3450 2583 3523 professis,
2620 3461 2914 3516 eorumque
2946 3444 3350 3499 sumcswribns

1765 3554 1819 3608 in
1845 3552 2033 3608 eadem
2066 3547 2322 3618 religione
2351 3539 2722 3613 permansuris
2754 3540 2805 3592 in
2832 3546 3174 3606 perpetuum.

1834 3645 1943 3700 Piaa
1968 3640 2257 3714 postulatio
2272 3634 2566 3691 voluntatis
2586 3630 2778 3685 effectu
2803 3629 2960 3685 debet
2983 3634 3351 3697 prosequente

1764 3735 2049 3807 compleri,
2076 3739 2344 3803 quatenus
2392 3735 2446 3782 et
2479 3722 2780 3782 devotionis
2807 3720 3091 3778 sinceritas
3113 3719 3354 3774 laudabi-

1765 3830 1889 3885 liter
1916 3828 2202 3889 enitcscal,
2232 3832 2287 3879 et
2327 3819 2534 3875 utilitas
2564 3816 2832 3889 postulata
2863 3815 3009 3868 vires
3042 3812 3352 3867 indubitan-

1768 3932 1851 3978 ter
1879 3926 2141 3976 assumat.
2172 3914 2308 3983 Quia
2339 3913 2506 3982 igitur
2552 3925 2667 3974 vos,
2715 3923 2748 3963 ο
2780 3907 2872 3962 filii
2897 3904 3230 3967 charissimi,
3258 3920 3354 3972 per

1766 4013 2001 4069 divinam
2029 4007 2257 4082 gratiam
2285 4004 2530 4074 aspirati,
2565 4016 2742 4055 mores
2770 4006 2977 4053 vestros
3020 3995 3119 4051 sub
3138 3993 3353 4065 regulae

1767 4107 1844 4162 ris
1863 4105 1986 4159 vitae
2005 4099 2291 4170 disciplina
2320 4109 2571 4153 coercere
2592 4102 2647 4147 et
2666 4090 3029 4146 communiter
3054 4090 3351 4142 secundum

1767 4204 2079 4272 sanctorum
2124 4190 2346 4244 Patrum
2405 4181 2795 4239 inStitutioncm
2842 4173 3201 4245 omnipotenti
3250 4170 3355 4224 Do-

1768 4266 1916 4344 mino
1951 4282 2224 4341 deservire
2270 4274 2651 4350 proposuistis,
2703 4288 2803 4326 nos
2839 4268 2980 4324 votis
3027 4264 3229 4321 Vestris
3258 4280 3354 4333 pa-

1764 4389 1925 4443 terno
1956 4373 2397 4446 congratulamur
2450 4366 2663 4422 affectu.
2704 4362 2860 4419 Unde
2904 4360 3065 4417 etiam
3110 4356 3352 4428 petitioni

1697 4478 1967 4548 Dvestrac
2018 4464 2350 4535 benignitate
2415 4458 2593 4513 debita
2650 4452 2990 4524 impcrtimur
3047 4464 3106 4501 as
3137 4461 3350 4501 casum.

1776 4562 1908 4617 Vitae
1956 4569 2189 4625 namque
2236 4549 2510 4608 canonica:
2574 4546 2856 4607 ordinem,
2922 4551 3080 4609 quem
3127 4536 3353 4606 professi

1772 4654 1923 4715 estis,
1959 4645 2241 4721 prmsentis
2291 4640 2555 4714 privilegii
2610 4634 2932 4692 auctoritate
2962 4631 3268 4691 firmamus;
3301 4635 3356 4678 et

1775 4761 1841 4802 ne
1871 4718 2100 4813 cui—post
2128 4735 2517 4811 professionem
2557 4728 2852 4785 exbibitam
2905 4721 3180 4795 proprium
3226 4718 3354 4789 quid

1774 4839 2004 4901 habere,
2067 4847 2201 4888 neve
2258 4830 2377 4885 sine
2438 4821 2708 4896 praepositi
2779 4816 2861 4873 vel
2916 4811 3356 4884 congregationis

1776 4928 1991 4987 licentia
2039 4926 2106 4981 de
2154 4923 2396 4978 claustro
2439 4916 2717 4971 discedere
2746 4909 2927 4971 liceat,
2958 4902 3351 4959 interdicimus.

1776 5020 1929 5090 Quod
1981 5018 2024 5073 si
2070 5012 2399 5078 discesserit,
2432 5016 2486 5065 et
2531 5000 2892 5060 commonitus
2916 4995 3092 5052 redire
3114 5002 3356 5049 contem-

1774 5115 1965 5187 pserit,
2019 5109 2113 5164 tibi
2160 5107 2373 5176 tuisque
2412 5095 2818 5157 successoribus
2866 5088 3093 5145 facultas
3118 5086 3187 5141 sit
3208 5084 3355 5153 ejus-

1778 5178 1918 5263 modi
1950 5203 2176 5260 ubilibet
2204 5214 2233 5253 a
2260 5196 2371 5252 suis
2398 5192 2585 5248 ofﬁciis
2619 5186 2975 5248 interdicere;
3012 5178 3354 5235 interdictum

1775 5316 1907 5357 vero
1931 5297 2106 5354 nullus
2133 5292 2505 5363 episcoporum
2537 5283 2859 5337 abbatumve
2882 5274 3163 5346 suscipiat,
3186 5287 3358 5343 quan-

1776 5394 1866 5448 diu
1897 5389 2105 5446 scilicet
2129 5384 2233 5440 illic
2261 5377 2503 5437 canonici
2536 5372 2742 5430 ordinis
2778 5380 2935 5425 tenor
2963 5368 3192 5423 Domino
3211 5378 3352 5434 prte-

1778 5491 1958 5539 stante
1985 5474 2234 5549 vigucrlt.
2270 5470 2431 5526 Vobis
2478 5468 2657 5536 itaque
2698 5461 3001 5530 vestrisque
3030 5452 3355 5512 successori-

1778 5576 1877 5630 bus
1910 5573 1964 5626 in
1989 5568 2178 5625 eadem
2206 5563 2464 5634 religione
2507 5556 2877 5631 permansuris
2919 5569 2980 5608 ea
3018 5549 3199 5609 omnia
3229 5561 3351 5617 per-

1778 5675 1939 5740 petuo
1961 5656 2281 5732 possidenda
2310 5653 2586 5709 sancimus
2613 5666 2732 5722 quae
2756 5648 2807 5703 in
2828 5643 3234 5718 przcsentiarum
3257 5652 3355 5708 pro

1778 5730 2080 5811 communis
2110 5749 2283 5805 victus
2328 5743 2719 5801 sust-:utalionc
2757 5737 3032 5811 possidere
3077 5727 3352 5787 videmini,
