3922 6318
527 343 630 400 ΚΠ

1827 338 1887 392 Β.
1941 327 2191 396 ΕΙίΒᾹΝΙ
2240 334 2280 389 ll
2328 325 2532 390 ΡᾹΡᾸΞ
3684 343 3761 406 5η

527 457 810 516 ecclesiam
845 457 1090 512 videlicet
1126 453 1308 509 Sancti
1343 453 1642 508 S‘alvatoris
1672 453 1737 508 de
1792 452 2105 516 Veirieiras,
2140 457 2183 513 Λ
2215 450 2271 503 S.
2313 449 2669 506 Salernitana:
2697 451 2955 509 Ecclesia:
2984 453 3639 528 archiepiscopo.suisque
3664 477 3758 520 suc.

526 562 581 608 et
608 551 889 609 ecclesiam
920 550 1103 606 Sancti
1145 548 1288 604 Petri
1334 548 1400 602 de
1450 546 1670 612 Colnac,
1719 557 1774 600 ct
1823 546 2110 602 ecclesiam

529 643 714 698 Sancti
743 641 958 720 Geraldi
989 641 1056 695 de
1083 641 1257 702 Salus,
1286 641 1569 694 universas
1593 649 1857 709 praeterea
1895 631 2122 708 paratas’

527 734 641 788 sive
687 733 981 804 symbolas,
1034 748 1170 802 «luas
1208 732 1442 803 synodos
1471 739 1684 795 vocant,
1717 739 1824 786 tam
1855 725 2114 786 ecclesia-

527 838 645 876 rum
671 822 780 893 jam
811 824 1078 878 dictarunt
1127 839 1287 894 quam
1334 835 1400 878 ex
1431 823 1645 878 emteris
1686 821 1932 878 ecclesiis
1975 832 2112 892 quas

525 909 890 968 Ruthenensis
937 913 1194 968 Ecclesiae
1242 914 1542 974 antistites,
1601 913 1794 968 Petrus
1839 913 2116 982 quondam

524 1001 863 1074 Berengarii,
895 999 1128 1059 Peneius
1150 1002 1433 1074 Stephani,
1463 1003 1814 1074 Raymundus
1837 1001 2107 1066 Frotardi,

523 1105 577 1151 et
625 1097 948 1163 Ademarus,
1003 1099 1094 1168 qui
1133 1097 1620 1169 ‘iuprzesentiarum
1673 1099 1848 1154 eidem
1906 1097 2118 1154 ltuthc?

523 1185 676 1240 nensi
707 1182 963 1241 Ecclesia:
991 1185 1262 1257 (praesidet,
1299 1185 1449 1243 vobis
1481 1187 1536 1264 in,
1581 1185 1827 1260 sumptus
1877 1185 2107 1244 vestium

521 1287 931 1332 concesserunt.
974 1277 1391 1349 Przeposituram
1432 1296 1648 1350 quoque
1673 1281 1971 1352 dignariam
1996 1278 2109 1336 Ru-

524 1365 802 1425 thencasis
871 1371 1180 1441 parochias,
1247 1373 1739 1439 arebidiacOniam,‘
1808 1373 2108 1430 oblationes

521 1473 738 1530 quoque
767 1470 960 1517 vestra:
982 1463 1224 1518 ma'tricis
1252 1463 1530 1530 Ecclesiae,
1574 1469 1708 1534 quas
1733 1465 1873 1520 dono
1898 1465 2106 1534 przet'ati

521 1552 780 1608 Adcmari
811 1553 1102 1608 co‘nl‘ratris
1130 1555 1299 1609 nostri
1336 1561 1391 1609 et
1420 1555 1753 1626 coepiscopis
1797 1550 2104 1626 possidetis,

520 1656 716 1702 vestra:
745 1645 1150 1702 communitatis
1183 1645 1371 1702 usibus
1407 1645 1813 1712 conﬁrmamus,
1858 1656 1914 1703 et
1939 1648 2107 1718 quod-

519 1753 731 1806 cunque
754 1737 1010 1818 deinceps
1041 1753 1134 1794 vos
1165 1745 1260 1792 aut
1291 1753 1636 1794 successores
1685 1739 1850 1803 vestri
1884 1751 2107 1793 conces-

521 1823 672 1884 sione
699 1808 1013 1900 pontiﬁcum
1046 1839 1140 1884 aut
1168 1829 1493 1886 liberalitate
1525 1830 1826 1901 principum
1855 1827 2106 1886 velobla-
2138 1808 2181 1864 Β

521 1911 672 1972 ιῐοηὲ
697 1918 931 1974 fidelium
952 1919 1094 1989 justc
1117 1928 1280 1991 atque
1309 1921 1571 1976 canonice
1594 1921 1839 1991 poteritis
1861 1919 2113 1990 adipisci.

520 2003 590 2064 Ct
634 2020 813 2064 autem
867 2010 1222 2081 omnipotenti
1272 2011 1380 2066 Deo
1439 1999 1676 2082 quietius
1729 2009 2005 2067 deservire
2054 2020 2110 2068 et

517 2099 760 2156 canonici
817 2098 1024 2156 ordinis
1087 2102 1429 2173 disciplinam
1473 2100 1775 2158 districtius
1814 2103 2108 2159 observare

517 2193 755 2262 possitis,
793 2193 1167 2251 emmeterium
1194 2195 1348 2250 vobis
1375 2195 1512 2264 apud
1540 2205 1770 2248 matrem
1795 2193 2104 2260 ecclesiam,

519 2283 608 2338 ubi
636 2285 1000 2342 communite‘r
1023 2287 1229 2353 vivitis,
1249 2283 1252 2286 ’
1276 2285 1451 2356 juxta
1471 2287 1680 2359 priel‘ati
1723 2286 1908 2342 fratris
1936 2287 2107 2342 nostri

516 2371 770 2428 Ademari
800 2375 963 2428 vestri
1016 2375 1254 2447 episcopi
1301 2376 1634 2452 petitionem
1671 2376 1870 2432 habere
1896 2381 2106 2432 concc-

520 2467 717 2535 dintns,
761 2467 813 2522 in
845 2483 954 2538 quo
983 2467 1209 2524 fratrum
1257 2459 1558 2524 vestro-rum
1582 2457 1704 2524 isch
1732 2457 2109 2544 ‘paroch'iano-

517 2573 661 2623 rum,
695 2558 890 2628 quibus
919 2559 1220 2616 viventibus
1260 2562 1518 2633 mysteria
1555 2559 1734 2615 divina
1765 2561 2105 2626 ministratis,

516 2646 884 2704 deﬁcientium
911 2665 1142 2720 corpora
1178 2651 1530 2706 tumulentur.
1562 2651 1618 2707 Si
1644 2667 1750 2723 qua
1782 2665 1911 2706 sane
1934 2651 2108 2706 cccleo

516 2740 734 2797 siastiea
775 2741 1122 2798 stccularisve
1145 2747 1154 2754 ‘
1177 2758 1429 2813 persona,
1494 2744 1633 2799 hanc
1668 2751 1868 2799 nostra:
1903 2742 2107 2800 consti-

519 2833 743 2888 tutionis
769 2833 1021 2903 paginam
1053 2847 1252 2900 setcns,
1296 2823 1482 2889 contra
1522 2849 1643 2890 eam
1675 2843 1881 2891 temere
1922 2834 2108 2890 venire

518 2909 1080 2988 tentaverit,secundo
1101 2920 1326 2980 tertiove
1357 2926 1704 2990 commonita,
1737 2925 1780 2980 si
1813 2941 1916 2980 non
1950 2925 2108 2981 satisa

515 3013 752 3068 {actione
777 3030 1014 3087 congrua
1043 3017 1438 3080 emendaverit,
1466 3018 1751 3088 potestatis
1781 3011 2109 3090 honorisque

2215 543 2544 598 cessoribus.

2285 633 2420 699 Quia
2455 635 2784 689 monaSterio
2841 631 2899 690 S.
2933 634 3218 692 Trinitatis
3253 681 3268 704 ,
3322 639 3467 708 quod
3515 637 3564 695 in
3617 656 3757 702 vestra

2214 724 2470 793 parochia
2530 724 2694 779 situm
2749 735 2855 790 est,
2910 727 3160 797 precibus
3201 727 3264 783 P.
3307 731 3520 784 abbatis
3560 732 3757 803 ejusdem

2214 823 2448 871 monast.
2483 831 2580 887 pro
2603 817 2871 872 charitate
2899 812 3123 874 fratrum
3150 820 3201 874 in
3244 836 3309 875 eo
3342 805 3586 892 religiose
3613 827 3760 884 vircn.

2215 907 2345 960 tium
2376 907 2678 982 libertatem
2721 911 3113 976 concessimus,
3169 921 3224 966 et
3266 912 3393 966 illud
3437 917 3537 979 sub
3576 917 3759 976 tuitienc

2212 989 2274 1054 et“
2312 999 2646 1072 subj'ectione
2693 1001 2860 1060 solius
2915 1003 2974 1058 S.
3006 1003 3073 1058 li.
3118 1004 3176 1059 Ε.
3221 1006 3544 1075 recepimus,
3595 1018 3646 1064 et
3684 1011 3758 1083 ipsi

2212 1093 2394 1148 abbati
2425 1094 2646 1164 suisque
2667 1095 3073 1151 successoribus
3094 1097 3487 1167 concessimus,
3515 1109 3571 1154 ut
3587 1101 3759 1161 ablatis

2211 1183 2645 1242 benedictionem
2675 1203 2704 1242 a
2722 1187 2965 1242 Romana
2995 1197 3200 1244 tantum
3216 1189 3458 1246 Ecclesia
3473 1194 3754 1263 reciperent,

2211 1287 2263 1334 et
2293 1279 2672 1346 ecclesiarum,
2698 1287 2752 1334 et
2775 1276 3050 1345 altarium,
3073 1289 3128 1336 et
3157 1279 3480 1336 clericorum
3503 1297 3756 1341 consecra-

2213 1369 2386 1425 tioues
2439 1385 2469 1424 a
2509 1368 2856 1424 Salernitano
2909 1369 3320 1442 archiepiscopo
3359 1373 3682 1442 acciperent,
3725 1378 3758 1431 si

2209 1461 2512 1517 catholicus
2524 1470 2689 1528 esset,
2712 1472 2768 1518 et
2788 1471 3053 1530 nostram,
3069 1477 3554 1532 successurumque
3579 1476 3756 1523 nostro-

2210 1567 2328 1607 rum
2353 1553 2583 1624 gratiam
2611 1553 2860 1618 haberet,
2882 1552 3121 1624 alioquin
3149 1552 3380 1626 prmlato
3406 1552 3580 1608 abbati
3637 1557 3755 1612 suis-

2209 1660 2314 1715 que
2337 1645 2748 1701 successoribus
2784 1644 2972 1701 liceret
3013 1660 3042 1699 a
3071 1659 3402 1716 quocunque
3456 1645 3641 1701 vellent
3663 1651 3754 1718 epi-

2210 1753 2373 1809 scopo
2426 1739 2683 1809 praedicta
2750 1738 3013 1809 recipere.
3081 1738 3241 1793 Modo
3295 1745 3486 1793 vestra:
3542 1737 3761 1795 Ecclesia:

2212 1832 2495 1903 privilegia
2528 1833 2796 1900 videntes,
2830 1849 2951 1904 quae
2997 1833 3148 1904 prius
3179 1833 3582 1904 ignorabamus,
3615 1835 3712 1888 inv
3740 1865 3758 1876 -

2211 1923 2374 1979 ritate
2399 1925 2762 1993 comperimus
2790 1924 2930 1994 quod
2955 1934 3328 1980 antecessores
3350 1925 3519 1980 nostri
3543 1925 3760 1980 Ecclesia
3815 1919 3818 1921 ’

2210 2027 2406 2074 vestite
2427 2018 2800 2074 concesserint
2821 2034 3012 2074 omnes
3041 2016 3332 2082 ecclesias,
3363 2029 3418 2073 et
3463 2019 3633 2073 omnia
3667 2035 3758 2074 mo.

2211 2112 2606 2177 nasteria,tam
2645 2121 2957 2168 constructa
3016 2127 3180 2182 quam
3234 2111 3610 2176 construenda,
3661 2113 3754 2168 sive

2211 2205 2350 2261 infra
2361 2205 2656 2270 civitatem,
2674 2205 2788 2262 sive
2811 2215 2963 2260 extra
2976 2246 2991 2271 ,
3010 2215 3066 2258 ut
3079 2203 3254 2260 eidem
3267 2203 3522 2273 subjecta:
3541 2203 3758 2261 Ecclesia:

2209 2305 2425 2361 vestra),
2450 2297 2800 2368 tat-integrum
2817 2295 2909 2364 jus
2940 2296 2990 2351 in
3014 2296 3166 2366 ipsis,
3204 2306 3259 2350 et
3284 2297 3340 2350 in
3361 2296 3573 2352 clericis
3599 2312 3756 2352 carum

2212 2391 2458 2456 haberet,
2487 2390 2629 2448 sicut
2655 2405 2894 2445 canones
2925 2388 3026 2444 SS.
3056 2389 3280 2444 Patrum
3311 2389 3641 2460 prtecipiunt.
3666 2389 3754 2450 Ade

2210 2482 2472 2538 vertimus
2531 2482 2746 2536 tandem
2795 2481 2950 2536 nobis
3000 2496 3320 2550 persuasum
3385 2480 3551 2535 fuisse
3597 2491 3757 2534 contra

2209 2590 2448 2632 canones
2470 2586 2795 2632 sancientur
2815 2574 3070 2638 Patrum,
3104 2583 3160 2630 et
3195 2584 3386 2629 contra
3418 2574 3761 2638 auctoritatem

2211 2678 2616 2726 antecessorum
2661 2677 2970 2723 nostrorum
2997 2666 3064 2722 de
3113 2666 3366 2721 onmibus
3420 2666 3760 2736 suprascriptis

2209 2778 2330 2834 qua:
2357 2761 2583 2834 praefato
2613 2759 2794 2815 abbati
2848 2759 3072 2829 suisque
3120 2757 3533 2814 successoribus
3573 2771 3762 2811 conces-

2210 2871 2476 2912 seramus.
2497 2853 2732 2924 Ideoque
2770 2853 3138 2923 suprasrripta
3163 2851 3348 2920 omnia
3377 2868 3474 2923 per
3495 2851 3762 2928 s‘ubreptle-

2211 2963 2334 3003 nem
2386 2947 2542 3003 nobis
2599 2954 2851 3016 suggesta
2910 2943 3289 3010 advertimus,
3347 2949 3399 3000 et
3456 2944 3761 3000 advortes-tes

2213 3041 2435 3096 irrita...
2459 3039 2714 3110 deinceps
2739 3035 2856 3093 fore
2869 3037 3236 3104 decernimus,
3251 3044 3305 3091 et
3328 3036 3575 3091 Ecclesia:
3593 3049 3762 3090 vestire

518 3105 600 3159 sui
633 3105 896 3176 dignitate
925 3117 1133 3172 careat,
1166 3122 1424 3182 reamque
1468 3124 1526 3164 se
1551 3109 1734 3164 divino
1763 3108 1969 3180 judicio
1991 3111 2108 3164 exi-

2214 3149 2277 3188 ac
2301 3131 2455 3188 vobis
2478 3131 2784 3200 vestrisque
2811 3126 3218 3185 sueCessoribus
3243 3128 3310 3184 de
3369 3127 3616 3198 prmdieto
3663 3143 3761 3180 mo-

517 3207 666 3254 stere
689 3199 756 3254 de
789 3209 1096 3269 perpetrata
1129 3199 1416 3270 iniquitate
1446 3209 1764 3272 cognoscat,
1787 3208 1841 3256 et
1866 3215 1896 3254 a
1922 3215 2104 3256 sacra-

517 3289 730 3343 tissimo
750 3305 979 3359 corpore
1006 3299 1061 3354 et
1091 3290 1352 3361 sanguine
1401 3291 1494 3345 Dei
1540 3299 1595 3346 et
1633 3290 1845 3346 Domini
1891 3292 2105 3347 redem-

517 3366 874 3450 ptorisnostri
897 3381 1023 3437 Jesu
1049 3381 1251 3438 Christi
1275 3381 1452 3438 aliena
1471 3383 1586 3449 liat,
1603 3392 1764 3454 atque
1790 3384 1842 3438 in
1864 3394 2108 3440 extremo

516 3472 765 3527 cxamiue
794 3466 1056 3527 districta:
1104 3472 1295 3527 ultioni
1327 3471 1626 3539 subiaceat.
1667 3473 1890 3529 Cunctis
1926 3483 2105 3529 autem

515 3563 691 3616 eidem
729 3562 846 3616 loco
873 3560 1018 3630 justa
1053 3552 1399 3618 servantibus
1444 3564 1513 3616 sit
1546 3579 1647 3634 pax
1678 3553 1892 3618 Domini
1935 3551 2106 3618 nostri

515 3651 641 3707 Jesu
669 3652 901 3716 Christi;
936 3661 1207 3723 quatenus
1227 3663 1282 3708 et
1311 3653 1398 3709 hic
1427 3653 1661 3709 fructum
1694 3655 1846 3710 bona:
1874 3655 2109 3710 actionis

519 3743 841 3815 percipiant,
877 3754 932 3798 et
962 3745 1102 3815 apud
1126 3743 1428 3800 districtum
1449 3744 1687 3816 judicem
1707 3745 1928 3816 prmmia
1949 3754 2110 3800 acter-

521 3851 605 3890 nzc
633 3835 784 3905 pacis
802 3822 1112 3890 inveniant.
1300 3857 1304 3860 ·
1594 3843 1600 3849 ’

592 3924 867 3995 Scriptqu
915 3941 1013 3999 per
1061 3943 1278 3982 manum
1335 3927 1521 3995 Petri,
1566 3928 1763 3982 notarii
1817 3910 2108 4000 rcgionarii

521 4015 661 4071 sacri
690 4015 897 4096 palatii.
2004 4032 2006 4034 -
2095 4032 2100 4038 -

595 4111 786 4166 Datum
819 4110 1003 4168 ltoma:
1023 4114 1164 4185 apud
1197 4113 1459 4170 Sanctum
1498 4115 1717 4169 Petrum
1749 4130 1844 4185 per
1889 4129 2109 4170 manum

519 4199 768 4267 Joannis,
797 4211 998 4282 sancta:
1022 4202 1281 4259 Romana:
1309 4205 1566 4260 Ecclesize
1594 4204 1805 4284 diaconi
1859 4205 2106 4260 cardina-

523 4291 589 4346 lis
621 4308 684 4359 ιι,
723 4279 847 4348 ldus
870 4293 1015 4360 Maii,
1051 4295 1345 4350 indictione
1379 4310 1476 4361 vn,
1509 4279 1904 4350 lucarnationis
1929 4281 2111 4350 Domi-

522 4383 658 4438 πίσω
677 4399 822 4439 anno
869 4384 1029 4450 1099,
1073 4386 1420 4457 pontificatus
1451 4395 1630 4441 autem
1672 4385 1880 4441 Domini
1908 4385 2110 4443 Urbani

521 4492 674 4548 papa
700 4477 919 4533 secundi
951 4477 1292 4532 duodecimo.

2213 3217 2474 3286 nosterio,
2497 3230 2554 3278 et
2579 3221 2648 3276 de
2668 3219 2790 3274 aliis
2809 3217 3180 3282 monasteriis,
3230 3225 3286 3272 et
3310 3215 3378 3270 de
3411 3216 3646 3270 onniibus
3669 3231 3760 3269 er.-

2211 3315 2415 3380 clesiis,
2443 3313 2530 3368 vel
2565 3311 2786 3368 clericis
2815 3325 3004 3366 eorum
3041 3308 3340 3366 secundum
3397 3323 3622 3373 canones
3651 3322 3760 3362 sau-

2210 3417 2421 3462 ctorum
2463 3405 2708 3470 Patrum,
2748 3411 2804 3456 et
2855 3401 3154 3458 secundum
3197 3397 3484 3470 privilegia
3542 3406 3761 3453 anteces-

2211 3516 2394 3556 sorum
2419 3507 2733 3558 nostrorum
2761 3501 2958 3552 vestra:
2994 3493 3250 3550 Ecclesia:
3285 3492 3426 3548 facta
3476 3490 3762 3547 canonicum

2203 3595 2294 3667 jus
2322 3591 2595 3649 reddimus
2619 3590 2672 3646 in
2708 3589 2999 3660 integrum.
3059 3585 3328 3640 Praeterea
3381 3585 3446 3649 si
3482 3583 3761 3655 pumlieuuu

2211 3683 2602 3741 monasterium
2633 3681 2716 3736 vel
2743 3678 2848 3733 alia
2873 3678 3207 3733 monasteria
3265 3676 3480 3746 aliquas
3531 3674 3763 3730 ecclesias

2210 3777 2518 3833 habuerunt
2545 3775 2597 3829 in
2629 3771 2886 3843 parochia
2911 3779 3094 3826 vestra
3147 3777 3274 3823 ante
3312 3769 3528 3824 decreta
3560 3778 3758 3820 venera-

2209 3870 2336 3926 bilis
2357 3861 3122 3936 ntem.'Gregorii'\'llpap:e,
3181 3860 3542 3914 antecesseris
3591 3855 3762 3916 nostri,

2211 3960 2330 4016 illas
2385 3957 2641 4014 habeant.
2717 3953 2871 4021 Quod
2935 3952 2981 4007 si
3033 3949 3353 4022 prredictum
3408 3947 3761 4003 uto;.astcr2u:n

2211 4063 2266 4108 et
2291 4052 2498 4122 reliqua
2533 4047 2866 4105 monasteria
2890 4044 3100 4113 aliquas
3133 4043 3396 4099 ecclesias
3418 4050 3538 4112 post
3575 4041 3764 4094 decreta

2212 4141 2423 4216 priel'ati
2450 4156 2601 4212 papa:
2622 4141 2674 4193 in
2706 4148 2886 4192 vestra
2915 4133 3176 4207 parocliia
3205 4134 3319 4187 sive
3363 4141 3542 4186 vestra
3570 4143 3761 4184 conces-

2211 4237 2391 4298 sione,
2417 4231 2502 4287 vel
2522 4229 2978 4302 prtedccessorum
3008 4233 3065 4280 et
3093 4239 3471 4281 successorum
3493 4232 3766 4278 vestrorum

2213 4323 2615 4396 quomodolibet
2632 4320 3020 4392 acquisierunt,
3041 4315 3128 4372 vel
3155 4313 3524 4384 acquisierint,
3541 4307 3765 4396 Ecclesia‘.

2216 4395 2410 4470 vestrae
2460 4410 2580 4466 illas
2639 4409 2917 4464 reddimus
2964 4415 3018 4461 et
3081 4404 3404 4460 stabilimns.
3459 4401 3670 4455 Tantum
3728 4395 3768 4447 si

2143 4507 2472 4580 Dprtedicto
2543 4501 2876 4576 monasterio
2911 4542 2926 4568 ,
2981 4507 3075 4554 aut
3153 4496 3381 4566 reliquis
3456 4487 3771 4547 monasteriis

2216 4593 2514 4666 quamlibet
2553 4588 2874 4660 iniustitiam
2919 4585 3116 4656 aliquis
3161 4581 3374 4646 fecerit,
3431 4587 3486 4634 et
3537 4584 3772 4666 praeterea

1236 4630 1385 4687 CCC.
2026 4672 2032 4678 .

2216 4630 2514 4666 ιιυιιιιιιιυυι
2554 4630 2874 4660 Ιιιδυυυιυσυιιι-
2919 4630 3115 4656 --ηιΊι---
3161 4630 3374 4646 ---ν---ν
3437 4630 3484 4634 ν-
3537 4630 3554 4648 Ι

2270 4688 2284 4697 ι
2319 4677 2322 4680 ’
2423 4685 2477 4697 ιι.
2609 4681 2650 4697 τι
2733 4696 2736 4697 ,
2833 4695 2862 4697 ,_
2909 4677 3162 4697 I3-_I--2_
3199 4673 3536 4697 _-..l".._....:..|
3609 4686 3630 4697 ιι
3676 4665 3745 4697 .II:

560 4741 569 4754 .
612 4745 622 4754 .
715 4745 725 4754 .
818 4745 828 4754 .
921 4745 932 4754 .
1060 4745 1070 4754 .
1240 4674 1385 4687 ww
1421 4744 1452 4754 _
2073 4744 2086 4754 _
2218 4688 2286 4743 ad
2314 4677 2576 4742 auxilium
2609 4681 2871 4737 Romana:
2909 4677 3166 4734 Ecclesia:
3193 4674 3561 4742 confugerint,
3609 4686 3631 4722 τι
3676 4675 3769 4718 tm-

526 4741 725 4798 Urbani
749 4745 964 4814 cpistola
1001 4745 1070 4798 ml
1102 4743 1377 4814 Alfenum,
1414 4744 1812 4802 Satcrmlanum
1855 4743 2111 4814 archiepi-
2219 4741 2364 4834 “and
2418 4785 2626 4842 noslra,
2659 4782 2715 4830 et
2763 4765 3141 4828 success-0mm
3194 4741 3508 4822 nostram“
3558 4760 3632 4816 ma
3673 4771 3772 4810 nun

1197 4833 1430 4870 scouum.
1575 4847 1578 4850 -

1286 4833 1430 4886 pum.

2219 4871 2550 4928 repellimus.
2666 4917 2670 4919 ,

2317 4891 2550 4928 culmus.
2666 4917 2670 4919 .

2283 4891 2695 5018 1ἰὶιιιιιιιιῐὶοιτιειξ
2720 4969 2863 5012 anno
2892 4951 3183 5012 Dominiete
3203 4937 3591 5005 lucarnationis
3623 4934 3764 4996 1098.

2223 5074 2394 5115 meus.
2429 5055 2574 5123 Maii,
2608 5055 2719 5110 iud.
2746 5068 2842 5108 vn.

1121 4927 1296 4998 (Anno
1337 4919 1523 4999 1099‘.)

811 5035 1100 5108 (Battum,
1128 5037 1290 5091 Italia
1317 5055 1490 5104 sacra,
1517 5036 1648 5103 V’lil,
1675 5035 1827 5107 593.]
1887 5038 1890 5040 ’

611 5143 856 5206 vesanus
876 5135 1180 5222 cpiscopus,
1211 5165 1402 5207 servus
1422 5164 1701 5206 servorum
1717 5146 1851 5215 .Dei,
1868 5145 2106 5230 Auaso,
