  <div class='ocr_page' id='page_1' title='image "/cluster/home/n/w/nwhite01/storage/ocr_20150623/151/hvd.32044015473796/280.png"; bbox 0 0 3900 6322; ppageno 0'>
   <div class='ocr_carea' id='block_1_1' title="bbox 76 342 174 398">
    <p class='ocr_par' dir='ltr' id='par_1_1' title="bbox 76 342 174 398">
     <span class='ocr_line' id='line_1_1' title="bbox 76 342 174 398; baseline -0.01 0"><span class='ocrx_word' id='word_1_1' title='bbox 76 342 174 398; x_wconf 63' lang='grc'><strong>539</strong></span> 
     </span>
    </p>
   </div>
   <div class='ocr_carea' id='block_1_2' title="bbox 1285 318 2173 380">
    <p class='ocr_par' dir='ltr' id='par_1_2' title="bbox 1285 318 2173 380">
     <span class='ocr_line' id='line_1_2' title="bbox 1285 318 2173 380; baseline -0.009 0"><span class='ocrx_word' id='word_1_2' title='bbox 1285 321 1636 380; x_wconf 67' lang='lat' dir='ltr'><strong>EPISTOLAZ</strong></span> <span class='ocrx_word' id='word_1_3' title='bbox 1673 319 1761 376; x_wconf 87' lang='lat' dir='ltr'><strong>ET</strong></span> <span class='ocrx_word' id='word_1_4' title='bbox 1788 318 2173 376; x_wconf 62' lang='lat' dir='ltr'><strong>PRIVILEGIA</strong></span> 
     </span>
    </p>
   </div>
   <div class='ocr_carea' id='block_1_3' title="bbox 3230 319 3335 376">
    <p class='ocr_par' dir='ltr' id='par_1_3' title="bbox 3230 319 3335 376">
     <span class='ocr_line' id='line_1_3' title="bbox 3230 319 3335 376; baseline -0.019 0"><span class='ocrx_word' id='word_1_5' title='bbox 3230 319 3335 376; x_wconf 73' lang='grc' dir='ltr'>δ’ἕο</span> 
     </span>
    </p>
   </div>
   <div class='ocr_carea' id='block_1_4' title="bbox 1485 461 1892 585">
    <p class='ocr_par' dir='ltr' id='par_1_4' title="bbox 1485 461 1892 585">
     <span class='ocr_line' id='line_1_4' title="bbox 1485 461 1892 585; baseline -0.007 -3"><span class='ocrx_word' id='word_1_6' title='bbox 1485 461 1892 585; x_wconf 84' lang='lat' dir='ltr'><strong>DUBIA.</strong></span> 
     </span>
    </p>
   </div>
   <div class='ocr_carea' id='block_1_5' title="bbox 761 736 935 794">
    <p class='ocr_par' dir='ltr' id='par_1_5' title="bbox 761 736 935 794">
     <span class='ocr_line' id='line_1_5' title="bbox 761 736 935 794; baseline -0.034 0"><span class='ocrx_word' id='word_1_7' title='bbox 761 736 914 794; x_wconf 62' lang='lat' dir='ltr'><strong>CCCI</strong></span> <span class='ocrx_word' id='word_1_8' title='bbox 923 777 935 788; x_wconf 93' lang='lat'><strong>.</strong></span> 
     </span>
    </p>
   </div>
   <div class='ocr_carea' id='block_1_6' title="bbox 78 844 1646 923">
    <p class='ocr_par' dir='ltr' id='par_1_6' title="bbox 78 844 1646 923">
     <span class='ocr_line' id='line_1_6' title="bbox 78 844 1646 923; baseline -0.009 -15"><span class='ocrx_word' id='word_1_9' title='bbox 78 857 219 918; x_wconf 79' lang='lat' dir='ltr'><strong>anln</strong></span> <span class='ocrx_word' id='word_1_10' title='bbox 259 854 474 912; x_wconf 78' lang='lat' dir='ltr'><strong>Urbani</strong></span> <span class='ocrx_word' id='word_1_11' title='bbox 493 855 725 922; x_wconf 77' lang='lat' dir='ltr'><strong>I&#39;Ipapn:</strong></span> <span class='ocrx_word' id='word_1_12' title='bbox 759 868 860 922; x_wconf 84' lang='lat' dir='ltr'><strong>qua</strong></span> <span class='ocrx_word' id='word_1_13' title='bbox 904 846 1188 923; x_wconf 57' lang='lat' dir='ltr'><strong>beatissimi</strong></span> <span class='ocrx_word' id='word_1_14' title='bbox 1231 844 1547 923; x_wconf 56' lang='lat' dir='ltr'><strong>legislntoris</strong></span> <span class='ocrx_word' id='word_1_15' title='bbox 1581 848 1646 923; x_wconf 40' lang='lat' dir='ltr'><strong>.ct.</strong></span> 
     </span>
    </p>
   </div>
   <div class='ocr_carea' id='block_1_7' title="bbox 136 913 1646 989">
    <p class='ocr_par' dir='ltr' id='par_1_7' title="bbox 136 913 1646 989">
     <span class='ocr_line' id='line_1_7' title="bbox 136 913 1646 989; baseline -0.011 -8"><span class='ocrx_word' id='word_1_16' title='bbox 136 929 505 982; x_wconf 70' lang='lat' dir='ltr'><strong>ineunt/torum</strong></span> <span class='ocrx_word' id='word_1_17' title='bbox 559 913 871 989; x_wconf 73' lang='lat' dir='ltr'><strong>patriarcha:</strong></span> <span class='ocrx_word' id='word_1_18' title='bbox 924 918 1194 989; x_wconf 75' lang='lat' dir='ltr'><strong>Benedicti</strong></span> <span class='ocrx_word' id='word_1_19' title='bbox 1222 913 1416 989; x_wconf 80' lang='lat' dir='ltr'><strong>corpus</strong></span> <span class='ocrx_word' id='word_1_20' title='bbox 1466 913 1646 989; x_wconf 78' lang='lat' dir='ltr'><strong>Casini</strong></span> 
     </span>
    </p>
   </div>
   <div class='ocr_carea' id='block_1_8' title="bbox 130 985 1648 1068">
    <p class='ocr_par' dir='ltr' id='par_1_8' title="bbox 130 985 1648 1068">
     <span class='ocr_line' id='line_1_8' title="bbox 130 985 1648 1068; baseline -0.01 -16"><span class='ocrx_word' id='word_1_21' title='bbox 130 1001 410 1068; x_wconf 72' lang='lat' dir='ltr'><strong>quiescere,</strong></span> <span class='ocrx_word' id='word_1_22' title='bbox 434 1012 499 1050; x_wconf 76' lang='lat' dir='ltr'><strong>ex</strong></span> <span class='ocrx_word' id='word_1_23' title='bbox 520 985 752 1068; x_wconf 72' lang='lat' dir='ltr'><strong>ejusdem</strong></span> <span class='ocrx_word' id='word_1_24' title='bbox 775 992 834 1047; x_wconf 90' lang='lat' dir='ltr'><strong>S.</strong></span> <span class='ocrx_word' id='word_1_25' title='bbox 866 990 1036 1045; x_wconf 84' lang='lat' dir='ltr'><strong>Patris</strong></span> <span class='ocrx_word' id='word_1_26' title='bbox 1063 987 1394 1049; x_wconf 67' lang='lat' dir='ltr'><strong>reuelatione,</strong></span> <span class='ocrx_word' id='word_1_27' title='bbox 1418 997 1465 1039; x_wconf 86' lang='lat' dir='ltr'><strong>et</strong></span> <span class='ocrx_word' id='word_1_28' title='bbox 1501 985 1648 1055; x_wconf 85' lang='lat' dir='ltr'><strong>signa</strong></span> 
     </span>
    </p>
   </div>
   <div class='ocr_carea' id='block_1_9' title="bbox 138 1063 1208 1134">
    <p class='ocr_par' dir='ltr' id='par_1_9' title="bbox 138 1063 1208 1134">
     <span class='ocr_line' id='line_1_9' title="bbox 138 1063 1208 1134; baseline -0.011 -12"><span class='ocrx_word' id='word_1_29' title='bbox 138 1063 382 1122; x_wconf 67' lang='lat' dir='ltr'><strong>restituta?</strong></span> <span class='ocrx_word' id='word_1_30' title='bbox 404 1068 613 1128; x_wconf 81' lang='lat' dir='ltr'><strong>salutis,</strong></span> <span class='ocrx_word' id='word_1_31' title='bbox 639 1063 892 1116; x_wconf 81' lang='lat' dir='ltr'><strong>declarat.</strong></span> <span class='ocrx_word' id='word_1_32' title='bbox 1205 1132 1208 1134; x_wconf 9' lang='grc' dir='ltr'>γ</span> 
     </span>
    </p>
   </div>
   <div class='ocr_carea' id='block_1_10' title="bbox 525 1151 1197 1226">
    <p class='ocr_par' dir='ltr' id='par_1_10' title="bbox 525 1151 1197 1226">
     <span class='ocr_line' id='line_1_10' title="bbox 525 1151 1197 1226; baseline -0.007 -17"><span class='ocrx_word' id='word_1_33' title='bbox 525 1155 689 1226; x_wconf 78' lang='lat' dir='ltr'><strong>(Intra</strong></span> <span class='ocrx_word' id='word_1_34' title='bbox 721 1171 810 1208; x_wconf 89' lang='lat' dir='ltr'><strong>an.</strong></span> <span class='ocrx_word' id='word_1_35' title='bbox 848 1151 1197 1220; x_wconf 70' lang='lat'><strong>1088-1099.)</strong></span> 
     </span>
    </p>
   </div>
   <div class='ocr_carea' id='block_1_11' title="bbox 305 1239 1398 1318">
    <p class='ocr_par' dir='ltr' id='par_1_11' title="bbox 305 1239 1398 1318">
     <span class='ocr_line' id='line_1_11' title="bbox 305 1239 1398 1318; baseline -0.006 -19"><span class='ocrx_word' id='word_1_36' title='bbox 305 1245 663 1318; x_wconf 58' lang='lat' dir='ltr'><strong>[Mancinum</strong></span> <span class='ocrx_word' id='word_1_37' title='bbox 695 1241 897 1296; x_wconf 81' lang='lat' dir='ltr'><strong>Bullar.</strong></span> <span class='ocrx_word' id='word_1_38' title='bbox 933 1239 1144 1306; x_wconf 86' lang='lat' dir='ltr'><strong>Casiu.,</strong></span> <span class='ocrx_word' id='word_1_39' title='bbox 1191 1240 1242 1301; x_wconf 90' lang='grc'><strong>1.</strong></span> <span class='ocrx_word' id='word_1_40' title='bbox 1288 1239 1398 1311; x_wconf 75' lang='grc'><strong>12.]</strong></span> 
     </span>
    </p>
   </div>
   <div class='ocr_carea' id='block_1_12' title="bbox 135 1332 1650 1408">
    <p class='ocr_par' dir='ltr' id='par_1_12' title="bbox 135 1332 1650 1408">
     <span class='ocr_line' id='line_1_12' title="bbox 135 1332 1650 1408; baseline -0.005 -13"><span class='ocrx_word' id='word_1_41' title='bbox 135 1340 382 1397; x_wconf 68' lang='lat' dir='ltr'><strong>Unssxus</strong></span> <span class='ocrx_word' id='word_1_42' title='bbox 411 1338 720 1408; x_wconf 85' lang='lat' dir='ltr'><strong>episcopus,</strong></span> <span class='ocrx_word' id='word_1_43' title='bbox 750 1350 938 1389; x_wconf 90' lang='lat' dir='ltr'><strong>servus</strong></span> <span class='ocrx_word' id='word_1_44' title='bbox 960 1348 1236 1388; x_wconf 88' lang='lat' dir='ltr'><strong>servorum</strong></span> <span class='ocrx_word' id='word_1_45' title='bbox 1255 1332 1372 1397; x_wconf 89' lang='lat' dir='ltr'><strong>Dei,</strong></span> <span class='ocrx_word' id='word_1_46' title='bbox 1397 1333 1650 1388; x_wconf 89' lang='lat' dir='ltr'><strong>omnibus</strong></span> 
     </span>
    </p>
   </div>
   <div class='ocr_carea' id='block_1_13' title="bbox 76 1424 1649 1496">
    <p class='ocr_par' dir='ltr' id='par_1_13' title="bbox 76 1424 1649 1496">
     <span class='ocr_line' id='line_1_13' title="bbox 76 1424 1649 1496; baseline -0.004 -12"><span class='ocrx_word' id='word_1_47' title='bbox 76 1430 310 1486; x_wconf 76' lang='lat' dir='ltr'><strong>Ecclesia:</strong></span> <span class='ocrx_word' id='word_1_48' title='bbox 341 1428 628 1482; x_wconf 73' lang='lat' dir='ltr'><strong>catholicae</strong></span> <span class='ocrx_word' id='word_1_49' title='bbox 649 1425 770 1479; x_wconf 86' lang='lat' dir='ltr'><strong>filiis</strong></span> <span class='ocrx_word' id='word_1_50' title='bbox 791 1424 1169 1493; x_wconf 78' lang='lat' dir='ltr'><strong>Redemptoris</strong></span> <span class='ocrx_word' id='word_1_51' title='bbox 1191 1425 1359 1480; x_wconf 90' lang='lat' dir='ltr'><strong>nostri</strong></span> <span class='ocrx_word' id='word_1_52' title='bbox 1390 1425 1649 1496; x_wconf 73' lang='lat' dir='ltr'><strong>sanguine</strong></span> 
     </span>
    </p>
   </div>
   <div class='ocr_carea' id='block_1_14' title="bbox 75 1511 1650 1596">
    <p class='ocr_par' dir='ltr' id='par_1_14' title="bbox 75 1511 1650 1596">
     <span class='ocr_line' id='line_1_14' title="bbox 75 1511 1650 1596; baseline -0.003 -22"><span class='ocrx_word' id='word_1_53' title='bbox 75 1521 296 1592; x_wconf 84' lang='lat' dir='ltr'><strong>pretioso</strong></span> <span class='ocrx_word' id='word_1_54' title='bbox 322 1518 640 1596; x_wconf 79' lang='lat' dir='ltr'><strong>redemptis,</strong></span> <span class='ocrx_word' id='word_1_55' title='bbox 678 1511 907 1570; x_wconf 88' lang='lat' dir='ltr'><strong>salutem</strong></span> <span class='ocrx_word' id='word_1_56' title='bbox 954 1524 1010 1570; x_wconf 88' lang='lat' dir='ltr'><strong>et</strong></span> <span class='ocrx_word' id='word_1_57' title='bbox 1045 1514 1392 1586; x_wconf 84' lang='lat' dir='ltr'><strong>apostolicam</strong></span> <span class='ocrx_word' id='word_1_58' title='bbox 1426 1515 1650 1571; x_wconf 89' lang='lat' dir='ltr'><strong>benedi-</strong></span> 
     </span>
    </p>
   </div>
   <div class='ocr_carea' id='block_1_15' title="bbox 72 1611 1209 1682">
    <p class='ocr_par' dir='ltr' id='par_1_15' title="bbox 72 1611 1209 1682">
     <span class='ocr_line' id='line_1_15' title="bbox 72 1611 1209 1682; baseline -0.009 -16"><span class='ocrx_word' id='word_1_59' title='bbox 72 1611 310 1666; x_wconf 83' lang='lat' dir='ltr'><strong>ctionem.</strong></span> <span class='ocrx_word' id='word_1_60' title='bbox 734 1620 736 1622; x_wconf 79' lang='lat'><strong>&#39;</strong></span> <span class='ocrx_word' id='word_1_61' title='bbox 1207 1680 1209 1682; x_wconf 74' lang='lat'><em>_</em></span> 
     </span>
    </p>
   </div>
   <div class='ocr_carea' id='block_1_16' title="bbox 139 1683 1650 1768">
    <p class='ocr_par' dir='ltr' id='par_1_16' title="bbox 139 1683 1650 1768">
     <span class='ocr_line' id='line_1_16' title="bbox 139 1683 1650 1768; baseline -0.003 -13"><span class='ocrx_word' id='word_1_62' title='bbox 139 1701 401 1768; x_wconf 81' lang='lat' dir='ltr'><strong>Scriptum</strong></span> <span class='ocrx_word' id='word_1_63' title='bbox 426 1705 534 1762; x_wconf 89' lang='lat' dir='ltr'><strong>est,</strong></span> <span class='ocrx_word' id='word_1_64' title='bbox 564 1697 680 1758; x_wconf 85' lang='lat' dir='ltr'><strong>sine</strong></span> <span class='ocrx_word' id='word_1_65' title='bbox 705 1697 1019 1767; x_wconf 70' lang='lat' dir='ltr'><strong>pmnitentia</strong></span> <span class='ocrx_word' id='word_1_66' title='bbox 1053 1707 1176 1752; x_wconf 87' lang='lat' dir='ltr'><strong>sunt</strong></span> <span class='ocrx_word' id='word_1_67' title='bbox 1198 1697 1334 1752; x_wconf 88' lang='lat' dir='ltr'><strong>dona</strong></span> <span class='ocrx_word' id='word_1_68' title='bbox 1360 1683 1650 1752; x_wconf 41' lang='lat' dir='ltr'><strong>et&#39;vocatio</strong></span> 
     </span>
    </p>
   </div>
   <div class='ocr_carea' id='block_1_17' title="bbox 78 1788 1650 1859">
    <p class='ocr_par' dir='ltr' id='par_1_17' title="bbox 78 1788 1650 1859">
     <span class='ocr_line' id='line_1_17' title="bbox 78 1788 1650 1859; baseline 0 -16"><span class='ocrx_word' id='word_1_69' title='bbox 78 1791 176 1844; x_wconf 89' lang='lat' dir='ltr'><strong>Dei.</strong></span> <span class='ocrx_word' id='word_1_70' title='bbox 202 1790 328 1843; x_wconf 81' lang='lat' dir='ltr'><strong>Illud</strong></span> <span class='ocrx_word' id='word_1_71' title='bbox 354 1805 485 1843; x_wconf 88' lang='lat' dir='ltr'><strong>vero</strong></span> <span class='ocrx_word' id='word_1_72' title='bbox 515 1791 714 1842; x_wconf 78' lang='lat' dir='ltr'><strong>do‘uum</strong></span> <span class='ocrx_word' id='word_1_73' title='bbox 737 1789 879 1857; x_wconf 86' lang='lat' dir='ltr'><strong>quod</strong></span> <span class='ocrx_word' id='word_1_74' title='bbox 903 1788 1245 1859; x_wconf 88' lang='lat' dir='ltr'><strong>omnipotens</strong></span> <span class='ocrx_word' id='word_1_75' title='bbox 1275 1789 1415 1844; x_wconf 91' lang='lat' dir='ltr'><strong>Deus</strong></span> <span class='ocrx_word' id='word_1_76' title='bbox 1447 1789 1650 1843; x_wconf 84' lang='lat' dir='ltr'><strong>beatis-</strong></span> 
     </span>
    </p>
   </div>
   <div class='ocr_carea' id='block_1_18' title="bbox 77 1878 1648 1951">
    <p class='ocr_par' dir='ltr' id='par_1_18' title="bbox 77 1878 1648 1951">
     <span class='ocr_line' id='line_1_18' title="bbox 77 1878 1648 1951; baseline 0.001 -16"><span class='ocrx_word' id='word_1_77' title='bbox 77 1883 198 1935; x_wconf 88' lang='lat' dir='ltr'><strong>simo</strong></span> <span class='ocrx_word' id='word_1_78' title='bbox 231 1878 374 1934; x_wconf 86' lang='lat' dir='ltr'><strong>Patri</strong></span> <span class='ocrx_word' id='word_1_79' title='bbox 402 1889 594 1935; x_wconf 87' lang='lat' dir='ltr'><strong>nostro</strong></span> <span class='ocrx_word' id='word_1_80' title='bbox 626 1879 939 1945; x_wconf 88' lang='lat' dir='ltr'><strong>Benedicto,</strong></span> <span class='ocrx_word' id='word_1_81' title='bbox 984 1890 1038 1936; x_wconf 90' lang='lat' dir='ltr'><strong>et</strong></span> <span class='ocrx_word' id='word_1_82' title='bbox 1086 1896 1183 1951; x_wconf 87' lang='lat' dir='ltr'><strong>per</strong></span> <span class='ocrx_word' id='word_1_83' title='bbox 1211 1897 1334 1937; x_wconf 89' lang='lat' dir='ltr'><strong>eum</strong></span> <span class='ocrx_word' id='word_1_84' title='bbox 1364 1897 1461 1936; x_wconf 91' lang='lat' dir='ltr'><strong>suo</strong></span> <span class='ocrx_word' id='word_1_85' title='bbox 1493 1881 1648 1937; x_wconf 86' lang='lat' dir='ltr'><strong>Casi-</strong></span> 
     </span>
    </p>
   </div>
   <div class='ocr_carea' id='block_1_19' title="bbox 78 1966 1649 2044">
    <p class='ocr_par' dir='ltr' id='par_1_19' title="bbox 78 1966 1649 2044">
     <span class='ocr_line' id='line_1_19' title="bbox 78 1966 1649 2044; baseline 0.002 -18"><span class='ocrx_word' id='word_1_86' title='bbox 78 1974 211 2028; x_wconf 85' lang='lat' dir='ltr'><strong>neusi</strong></span> <span class='ocrx_word' id='word_1_87' title='bbox 259 1966 538 2028; x_wconf 84' lang='lat' dir='ltr'><strong>concessit</strong></span> <span class='ocrx_word' id='word_1_88' title='bbox 563 1972 830 2038; x_wconf 76' lang='lat' dir='ltr'><strong>cmuobio,</strong></span> <span class='ocrx_word' id='word_1_89' title='bbox 869 1973 1016 2028; x_wconf 89' lang='lat' dir='ltr'><strong>nulla</strong></span> <span class='ocrx_word' id='word_1_90' title='bbox 1054 1982 1230 2044; x_wconf 91' lang='lat' dir='ltr'><strong>potest</strong></span> <span class='ocrx_word' id='word_1_91' title='bbox 1272 1974 1482 2029; x_wconf 79' lang='lat' dir='ltr'><strong>ratione</strong></span> <span class='ocrx_word' id='word_1_92' title='bbox 1519 1991 1649 2029; x_wconf 91' lang='lat' dir='ltr'><strong>cou-</strong></span> 
     </span>
    </p>
   </div>
   <div class='ocr_carea' id='block_1_20' title="bbox 81 2037 1726 2138">
    <p class='ocr_par' dir='ltr' id='par_1_20' title="bbox 81 2037 1726 2138">
     <span class='ocr_line' id='line_1_20' title="bbox 81 2037 1726 2138; baseline 0.002 -20"><span class='ocrx_word' id='word_1_93' title='bbox 81 2066 210 2131; x_wconf 68' lang='lat' dir='ltr'><strong>velli,</strong></span> <span class='ocrx_word' id='word_1_94' title='bbox 240 2067 382 2120; x_wconf 89' lang='lat' dir='ltr'><strong>nulla</strong></span> <span class='ocrx_word' id='word_1_95' title='bbox 419 2054 680 2121; x_wconf 84' lang='lat' dir='ltr'><strong>violentia</strong></span> <span class='ocrx_word' id='word_1_96' title='bbox 720 2037 1204 2138; x_wconf 23' lang='lat' dir='ltr'><strong>permutariiqnin</strong></span> <span class='ocrx_word' id='word_1_97' title='bbox 1239 2069 1349 2138; x_wconf 89' lang='lat' dir='ltr'><strong>ipse</strong></span> <span class='ocrx_word' id='word_1_98' title='bbox 1407 2059 1648 2124; x_wconf 85' lang='lat' dir='ltr'><strong>omnium</strong></span> <span class='ocrx_word' id='word_1_99' title='bbox 1683 2037 1726 2097; x_wconf 72' lang='grc' dir='ltr'><strong>Β</strong></span> 
     </span>
    </p>
   </div>
   <div class='ocr_carea' id='block_1_21' title="bbox 79 2155 1653 2226">
    <p class='ocr_par' dir='ltr' id='par_1_21' title="bbox 79 2155 1653 2226">
     <span class='ocr_line' id='line_1_21' title="bbox 79 2155 1653 2226; baseline 0.001 -16"><span class='ocrx_word' id='word_1_100' title='bbox 79 2159 443 2212; x_wconf 80' lang='lat' dir='ltr'><strong>monachorum</strong></span> <span class='ocrx_word' id='word_1_101' title='bbox 491 2156 683 2222; x_wconf 84' lang='lat' dir='ltr'><strong>Pater,</strong></span> <span class='ocrx_word' id='word_1_102' title='bbox 732 2167 785 2211; x_wconf 93' lang='lat' dir='ltr'><strong>et</strong></span> <span class='ocrx_word' id='word_1_103' title='bbox 809 2156 926 2226; x_wconf 90' lang='lat' dir='ltr'><strong>ejus</strong></span> <span class='ocrx_word' id='word_1_104' title='bbox 966 2155 1079 2224; x_wconf 83' lang='lat' dir='ltr'><strong>jam</strong></span> <span class='ocrx_word' id='word_1_105' title='bbox 1115 2157 1320 2212; x_wconf 90' lang='lat' dir='ltr'><strong>dictum</strong></span> <span class='ocrx_word' id='word_1_106' title='bbox 1357 2157 1653 2213; x_wconf 84' lang='lat' dir='ltr'><strong>Casinense</strong></span> 
     </span>
    </p>
   </div>
   <div class='ocr_carea' id='block_1_22' title="bbox 79 2249 1656 2321">
    <p class='ocr_par' dir='ltr' id='par_1_22' title="bbox 79 2249 1656 2321">
     <span class='ocr_line' id='line_1_22' title="bbox 79 2249 1656 2321; baseline 0.002 -20"><span class='ocrx_word' id='word_1_107' title='bbox 79 2250 466 2311; x_wconf 70' lang='lat' dir='ltr'><strong>monasterium,</strong></span> <span class='ocrx_word' id='word_1_108' title='bbox 501 2255 667 2319; x_wconf 87' lang='lat' dir='ltr'><strong>caput</strong></span> <span class='ocrx_word' id='word_1_109' title='bbox 693 2250 934 2303; x_wconf 92' lang='lat' dir='ltr'><strong>omnium</strong></span> <span class='ocrx_word' id='word_1_110' title='bbox 965 2249 1421 2305; x_wconf 82' lang='lat' dir='ltr'><strong>monasteriorum</strong></span> <span class='ocrx_word' id='word_1_111' title='bbox 1466 2264 1656 2321; x_wconf 82' lang='lat' dir='ltr'><strong>perpe-</strong></span> 
     </span>
    </p>
   </div>
   <div class='ocr_carea' id='block_1_23' title="bbox 83 2323 1655 2405">
    <p class='ocr_par' dir='ltr' id='par_1_23' title="bbox 83 2323 1655 2405">
     <span class='ocr_line' id='line_1_23' title="bbox 83 2323 1655 2405; baseline 0.004 -15"><span class='ocrx_word' id='word_1_112' title='bbox 83 2350 161 2393; x_wconf 89' lang='lat' dir='ltr'><strong>tuo</strong></span> <span class='ocrx_word' id='word_1_113' title='bbox 189 2333 478 2405; x_wconf 77' lang='lat' dir='ltr'><strong>Iudicatur;</strong></span> <span class='ocrx_word' id='word_1_114' title='bbox 526 2349 583 2395; x_wconf 86' lang='lat' dir='ltr'><strong>et</strong></span> <span class='ocrx_word' id='word_1_115' title='bbox 632 2341 870 2395; x_wconf 89' lang='lat' dir='ltr'><strong>merito:</strong></span> <span class='ocrx_word' id='word_1_116' title='bbox 905 2357 1028 2395; x_wconf 89' lang='lat' dir='ltr'><strong>nam</strong></span> <span class='ocrx_word' id='word_1_117' title='bbox 1061 2356 1126 2396; x_wconf 77' lang='lat' dir='ltr'><strong>ex</strong></span> <span class='ocrx_word' id='word_1_118' title='bbox 1171 2333 1362 2397; x_wconf 82' lang='lat' dir='ltr'><strong>eodem</strong></span> <span class='ocrx_word' id='word_1_119' title='bbox 1415 2323 1533 2398; x_wconf 87' lang='lat' dir='ltr'><strong>loco</strong></span> <span class='ocrx_word' id='word_1_120' title='bbox 1588 2341 1655 2397; x_wconf 90' lang='lat' dir='ltr'><strong>de</strong></span> 
     </span>
    </p>
   </div>
   <div class='ocr_carea' id='block_1_24' title="bbox 84 2429 1655 2501">
    <p class='ocr_par' dir='ltr' id='par_1_24' title="bbox 84 2429 1655 2501">
     <span class='ocr_line' id='line_1_24' title="bbox 84 2429 1655 2501; baseline 0.004 -19"><span class='ocrx_word' id='word_1_121' title='bbox 84 2430 324 2484; x_wconf 76' lang='lat' dir='ltr'><strong>Benedicti</strong></span> <span class='ocrx_word' id='word_1_122' title='bbox 358 2429 588 2501; x_wconf 86' lang='lat' dir='ltr'><strong>pectore</strong></span> <span class='ocrx_word' id='word_1_123' title='bbox 627 2432 912 2487; x_wconf 87' lang='lat' dir='ltr'><strong>monastici</strong></span> <span class='ocrx_word' id='word_1_124' title='bbox 965 2431 1172 2488; x_wconf 85' lang='lat' dir='ltr'><strong>ordinis</strong></span> <span class='ocrx_word' id='word_1_125' title='bbox 1224 2435 1530 2489; x_wconf 88' lang='lat' dir='ltr'><strong>veneranda</strong></span> <span class='ocrx_word' id='word_1_126' title='bbox 1571 2450 1655 2488; x_wconf 90' lang='lat' dir='ltr'><strong>rc-</strong></span> 
     </span>
    </p>
   </div>
   <div class='ocr_carea' id='block_1_25' title="bbox 81 2523 1651 2595">
    <p class='ocr_par' dir='ltr' id='par_1_25' title="bbox 81 2523 1651 2595">
     <span class='ocr_line' id='line_1_25' title="bbox 81 2523 1651 2595; baseline 0.004 -21"><span class='ocrx_word' id='word_1_127' title='bbox 81 2523 210 2591; x_wconf 80' lang='lat' dir='ltr'><strong>ligio,</strong></span> <span class='ocrx_word' id='word_1_128' title='bbox 237 2525 388 2592; x_wconf 85' lang='lat' dir='ltr'><strong>quasi</strong></span> <span class='ocrx_word' id='word_1_129' title='bbox 413 2523 486 2578; x_wconf 86' lang='lat' dir='ltr'><strong>de</strong></span> <span class='ocrx_word' id='word_1_130' title='bbox 532 2523 770 2594; x_wconf 84' lang='lat' dir='ltr'><strong>paradisi</strong></span> <span class='ocrx_word' id='word_1_131' title='bbox 797 2524 945 2580; x_wconf 88' lang='lat' dir='ltr'><strong>fonte</strong></span> <span class='ocrx_word' id='word_1_132' title='bbox 975 2525 1254 2590; x_wconf 78' lang='lat' dir='ltr'><strong>manavit;</strong></span> <span class='ocrx_word' id='word_1_133' title='bbox 1290 2541 1450 2595; x_wconf 87' lang='lat' dir='ltr'><strong>quem</strong></span> <span class='ocrx_word' id='word_1_134' title='bbox 1487 2527 1651 2581; x_wconf 88' lang='lat' dir='ltr'><strong>etiaut</strong></span> 
     </span>
    </p>
   </div>
   <div class='ocr_carea' id='block_1_26' title="bbox 83 2613 1654 2688">
    <p class='ocr_par' dir='ltr' id='par_1_26' title="bbox 83 2613 1654 2688">
     <span class='ocr_line' id='line_1_26' title="bbox 83 2613 1654 2688; baseline 0.004 -23"><span class='ocrx_word' id='word_1_135' title='bbox 83 2613 204 2667; x_wconf 88' lang='lat' dir='ltr'><strong>idem</strong></span> <span class='ocrx_word' id='word_1_136' title='bbox 237 2615 568 2670; x_wconf 74' lang='lat' dir='ltr'><strong>venerabilis</strong></span> <span class='ocrx_word' id='word_1_137' title='bbox 606 2615 767 2670; x_wconf 83' lang='lat' dir='ltr'><strong>Pater</strong></span> <span class='ocrx_word' id='word_1_138' title='bbox 806 2615 1100 2671; x_wconf 83' lang='lat' dir='ltr'><strong>virtutibus</strong></span> <span class='ocrx_word' id='word_1_139' title='bbox 1149 2625 1203 2672; x_wconf 87' lang='lat' dir='ltr'><strong>et</strong></span> <span class='ocrx_word' id='word_1_140' title='bbox 1249 2632 1346 2671; x_wconf 88' lang='lat' dir='ltr'><strong>sua</strong></span> <span class='ocrx_word' id='word_1_141' title='bbox 1384 2617 1654 2688; x_wconf 85' lang='lat' dir='ltr'><strong>corporali</strong></span> 
     </span>
    </p>
   </div>
   <div class='ocr_carea' id='block_1_27' title="bbox 82 2703 1654 2779">
    <p class='ocr_par' dir='ltr' id='par_1_27' title="bbox 82 2703 1654 2779">
     <span class='ocr_line' id='line_1_27' title="bbox 82 2703 1654 2779; baseline 0.003 -21"><span class='ocrx_word' id='word_1_142' title='bbox 82 2706 247 2776; x_wconf 81' lang='lat' dir='ltr'><strong>requie</strong></span> <span class='ocrx_word' id='word_1_143' title='bbox 274 2705 689 2762; x_wconf 84' lang='lat' dir='ltr'><strong>memorabilem</strong></span> <span class='ocrx_word' id='word_1_144' title='bbox 741 2715 854 2762; x_wconf 91' lang='lat' dir='ltr'><strong>toto</strong></span> <span class='ocrx_word' id='word_1_145' title='bbox 889 2706 1010 2763; x_wconf 87' lang='lat' dir='ltr'><strong>orbi</strong></span> <span class='ocrx_word' id='word_1_146' title='bbox 1059 2704 1258 2762; x_wconf 72' lang='lat' dir='ltr'><strong>ell’ecit.</strong></span> <span class='ocrx_word' id='word_1_147' title='bbox 1312 2703 1479 2779; x_wconf 63' lang='lat' dir='ltr'><strong>Cujus</strong></span> <span class='ocrx_word' id='word_1_148' title='bbox 1528 2707 1654 2763; x_wconf 91' lang='lat' dir='ltr'><strong>dum</strong></span> 
     </span>
    </p>
   </div>
   <div class='ocr_carea' id='block_1_28' title="bbox 85 2797 1658 2868">
    <p class='ocr_par' dir='ltr' id='par_1_28' title="bbox 85 2797 1658 2868">
     <span class='ocr_line' id='line_1_28' title="bbox 85 2797 1658 2868; baseline 0.002 -18"><span class='ocrx_word' id='word_1_149' title='bbox 85 2797 426 2852; x_wconf 77' lang='lat' dir='ltr'><strong>sacratissima</strong></span> <span class='ocrx_word' id='word_1_150' title='bbox 458 2798 680 2862; x_wconf 85' lang='lat' dir='ltr'><strong>limina,</strong></span> <span class='ocrx_word' id='word_1_151' title='bbox 727 2811 879 2853; x_wconf 88' lang='lat' dir='ltr'><strong>more</strong></span> <span class='ocrx_word' id='word_1_152' title='bbox 926 2800 1385 2868; x_wconf 81' lang='lat' dir='ltr'><strong>praedecessorum</strong></span> <span class='ocrx_word' id='word_1_153' title='bbox 1440 2808 1658 2854; x_wconf 89' lang='lat' dir='ltr'><strong>nostro-</strong></span> 
     </span>
    </p>
   </div>
   <div class='ocr_carea' id='block_1_29' title="bbox 86 2877 1656 2961">
    <p class='ocr_par' dir='ltr' id='par_1_29' title="bbox 86 2877 1656 2961">
     <span class='ocr_line' id='line_1_29' title="bbox 86 2877 1656 2961; baseline 0.004 -22"><span class='ocrx_word' id='word_1_154' title='bbox 86 2904 209 2953; x_wconf 83' lang='lat' dir='ltr'><strong>runt,</strong></span> <span class='ocrx_word' id='word_1_155' title='bbox 260 2891 372 2960; x_wconf 86' lang='lat' dir='ltr'><strong>ipso</strong></span> <span class='ocrx_word' id='word_1_156' title='bbox 424 2891 521 2944; x_wconf 86' lang='lat' dir='ltr'><strong>die</strong></span> <span class='ocrx_word' id='word_1_157' title='bbox 551 2890 854 2961; x_wconf 80' lang='lat' dir='ltr'><strong>vigiliarum</strong></span> <span class='ocrx_word' id='word_1_158' title='bbox 887 2891 1130 2961; x_wconf 89' lang='lat' dir='ltr'><strong>ejusdem</strong></span> <span class='ocrx_word' id='word_1_159' title='bbox 1178 2877 1357 2945; x_wconf 77' lang='lat' dir='ltr'><strong>Patris</strong></span> <span class='ocrx_word' id='word_1_160' title='bbox 1381 2890 1656 2945; x_wconf 85' lang='lat' dir='ltr'><strong>visitasse-</strong></span> 
     </span>
    </p>
   </div>
   <div class='ocr_carea' id='block_1_30' title="bbox 89 2981 1656 3046">
    <p class='ocr_par' dir='ltr' id='par_1_30' title="bbox 89 2981 1656 3046">
     <span class='ocr_line' id='line_1_30' title="bbox 89 2981 1656 3046; baseline 0.004 -15"><span class='ocrx_word' id='word_1_161' title='bbox 89 2997 208 3046; x_wconf 78' lang='lat' dir='ltr'><strong>ums,</strong></span> <span class='ocrx_word' id='word_1_162' title='bbox 234 2983 718 3037; x_wconf 57' lang='lat' dir='ltr'><strong>consuetud&#39;iuario</strong></span> <span class='ocrx_word' id='word_1_163' title='bbox 763 2981 951 3037; x_wconf 88' lang='lat' dir='ltr'><strong>lateris</strong></span> <span class='ocrx_word' id='word_1_164' title='bbox 989 2982 1173 3037; x_wconf 86' lang='lat' dir='ltr'><strong>dolore</strong></span> <span class='ocrx_word' id='word_1_165' title='bbox 1212 2982 1400 3037; x_wconf 87' lang='lat' dir='ltr'><strong>attacti</strong></span> <span class='ocrx_word' id='word_1_166' title='bbox 1435 2981 1656 3037; x_wconf 89' lang='lat' dir='ltr'><strong>deveni-</strong></span> 
     </span>
    </p>
   </div>
   <div class='ocr_carea' id='block_1_31' title="bbox 91 3073 1654 3149">
    <p class='ocr_par' dir='ltr' id='par_1_31' title="bbox 91 3073 1654 3149">
     <span class='ocr_line' id='line_1_31' title="bbox 91 3073 1654 3149; baseline 0.003 -25"><span class='ocrx_word' id='word_1_167' title='bbox 91 3089 222 3138; x_wconf 84' lang='lat' dir='ltr'><strong>mus;</strong></span> <span class='ocrx_word' id='word_1_168' title='bbox 253 3089 484 3143; x_wconf 88' lang='lat' dir='ltr'><strong>cumque</strong></span> <span class='ocrx_word' id='word_1_169' title='bbox 517 3073 630 3145; x_wconf 90' lang='lat' dir='ltr'><strong>jam</strong></span> <span class='ocrx_word' id='word_1_170' title='bbox 656 3073 844 3149; x_wconf 84' lang='lat' dir='ltr'><strong>salutis</strong></span> <span class='ocrx_word' id='word_1_171' title='bbox 877 3090 998 3145; x_wconf 91' lang='lat' dir='ltr'><strong>spes</strong></span> <span class='ocrx_word' id='word_1_172' title='bbox 1029 3073 1270 3130; x_wconf 88' lang='lat' dir='ltr'><strong>funditus</strong></span> <span class='ocrx_word' id='word_1_173' title='bbox 1306 3074 1654 3130; x_wconf 84' lang='lat' dir='ltr'><strong>nobisadimi</strong></span> 
     </span>
    </p>
   </div>
   <div class='ocr_carea' id='block_1_32' title="bbox 88 3159 1710 3236">
    <p class='ocr_par' dir='ltr' id='par_1_32' title="bbox 88 3159 1710 3236">
     <span class='ocr_line' id='line_1_32' title="bbox 88 3159 1710 3236; baseline 0.004 -22"><span class='ocrx_word' id='word_1_174' title='bbox 88 3164 352 3230; x_wconf 71' lang='lat' dir='ltr'><strong>videretur,</strong></span> <span class='ocrx_word' id='word_1_175' title='bbox 384 3181 447 3219; x_wconf 88' lang='lat' dir='ltr'><strong>ac</strong></span> <span class='ocrx_word' id='word_1_176' title='bbox 490 3166 558 3220; x_wconf 87' lang='lat' dir='ltr'><strong>de</strong></span> <span class='ocrx_word' id='word_1_177' title='bbox 590 3161 856 3236; x_wconf 76' lang='lat' dir='ltr'><strong>Corporali</strong></span> <span class='ocrx_word' id='word_1_178' title='bbox 901 3159 1140 3234; x_wconf 87' lang='lat' dir='ltr'><strong>ejusdem</strong></span> <span class='ocrx_word' id='word_1_179' title='bbox 1170 3165 1350 3220; x_wconf 85' lang='lat' dir='ltr'><strong>Patris</strong></span> <span class='ocrx_word' id='word_1_180' title='bbox 1379 3164 1655 3220; x_wconf 77' lang='lat' dir='ltr'><strong>Benedicti</strong></span> <span class='ocrx_word' id='word_1_181' title='bbox 1704 3166 1710 3171; x_wconf 85' lang='grc'><strong>’</strong></span> 
     </span>
    </p>
   </div>
   <div class='ocr_carea' id='block_1_33' title="bbox 91 3255 1657 3327">
    <p class='ocr_par' dir='ltr' id='par_1_33' title="bbox 91 3255 1657 3327">
     <span class='ocr_line' id='line_1_33' title="bbox 91 3255 1657 3327; baseline 0.004 -21"><span class='ocrx_word' id='word_1_182' title='bbox 91 3255 134 3307; x_wconf 89' lang='lat' dir='ltr'><strong>in</strong></span> <span class='ocrx_word' id='word_1_183' title='bbox 157 3258 329 3311; x_wconf 67' lang='lat' dir='ltr'><strong>eadem</strong></span> <span class='ocrx_word' id='word_1_184' title='bbox 357 3257 480 3313; x_wconf 90' lang='lat' dir='ltr'><strong>loco</strong></span> <span class='ocrx_word' id='word_1_185' title='bbox 511 3256 821 3327; x_wconf 66' lang='lat' dir='ltr'><strong>prmsentia,</strong></span> <span class='ocrx_word' id='word_1_186' title='bbox 865 3257 917 3311; x_wconf 89' lang='lat' dir='ltr'><strong>in</strong></span> <span class='ocrx_word' id='word_1_187' title='bbox 964 3268 1155 3312; x_wconf 89' lang='lat' dir='ltr'><strong>nostro</strong></span> <span class='ocrx_word' id='word_1_188' title='bbox 1186 3258 1366 3312; x_wconf 90' lang='lat' dir='ltr'><strong>animo</strong></span> <span class='ocrx_word' id='word_1_189' title='bbox 1413 3258 1657 3314; x_wconf 89' lang='lat' dir='ltr'><strong>dubielas</strong></span> 
     </span>
    </p>
   </div>
   <div class='ocr_carea' id='block_1_34' title="bbox 89 3349 1655 3421">
    <p class='ocr_par' dir='ltr' id='par_1_34' title="bbox 89 3349 1655 3421">
     <span class='ocr_line' id='line_1_34' title="bbox 89 3349 1655 3421; baseline 0.006 -25"><span class='ocrx_word' id='word_1_190' title='bbox 89 3359 388 3417; x_wconf 76' lang='lat' dir='ltr'><strong>versaretur,</strong></span> <span class='ocrx_word' id='word_1_191' title='bbox 415 3358 582 3404; x_wconf 80' lang='lat' dir='ltr'><strong>nocte</strong></span> <span class='ocrx_word' id='word_1_192' title='bbox 609 3359 715 3419; x_wconf 87' lang='lat' dir='ltr'><strong>qua</strong></span> <span class='ocrx_word' id='word_1_193' title='bbox 745 3349 984 3418; x_wconf 87' lang='lat' dir='ltr'><strong>ejusdem</strong></span> <span class='ocrx_word' id='word_1_194' title='bbox 1031 3349 1208 3404; x_wconf 86' lang='lat' dir='ltr'><strong>Patris</strong></span> <span class='ocrx_word' id='word_1_195' title='bbox 1258 3354 1523 3421; x_wconf 82' lang='lat' dir='ltr'><strong>agebatur</strong></span> <span class='ocrx_word' id='word_1_196' title='bbox 1567 3365 1655 3405; x_wconf 91' lang='lat' dir='ltr'><strong>so-</strong></span> 
     </span>
    </p>
   </div>
   <div class='ocr_carea' id='block_1_35' title="bbox 95 3434 1655 3504">
    <p class='ocr_par' dir='ltr' id='par_1_35' title="bbox 95 3434 1655 3504">
     <span class='ocr_line' id='line_1_35' title="bbox 95 3434 1655 3504; baseline 0.005 -16"><span class='ocrx_word' id='word_1_197' title='bbox 95 3437 332 3504; x_wconf 83' lang='lat' dir='ltr'><strong>lemuitas,</strong></span> <span class='ocrx_word' id='word_1_198' title='bbox 369 3442 517 3496; x_wconf 87' lang='lat' dir='ltr'><strong>idem</strong></span> <span class='ocrx_word' id='word_1_199' title='bbox 547 3434 924 3496; x_wconf 88' lang='lat' dir='ltr'><strong>sanctissimus</strong></span> <span class='ocrx_word' id='word_1_200' title='bbox 958 3441 1279 3497; x_wconf 84' lang='lat' dir='ltr'><strong>Benedictus</strong></span> <span class='ocrx_word' id='word_1_201' title='bbox 1314 3452 1514 3498; x_wconf 68' lang='lat' dir='ltr'><strong>nostra:</strong></span> <span class='ocrx_word' id='word_1_202' title='bbox 1540 3443 1655 3497; x_wconf 76' lang='lat' dir='ltr'><strong>exi-</strong></span> 
     </span>
    </p>
   </div>
   <div class='ocr_carea' id='block_1_36' title="bbox 95 3524 1653 3603">
    <p class='ocr_par' dir='ltr' id='par_1_36' title="bbox 95 3524 1653 3603">
     <span class='ocr_line' id='line_1_36' title="bbox 95 3524 1653 3603; baseline 0.004 -23"><span class='ocrx_word' id='word_1_203' title='bbox 95 3532 256 3598; x_wconf 68' lang='lat' dir='ltr'><strong>guitati</strong></span> <span class='ocrx_word' id='word_1_204' title='bbox 287 3535 579 3589; x_wconf 86' lang='lat' dir='ltr'><strong>visibiliter</strong></span> <span class='ocrx_word' id='word_1_205' title='bbox 610 3548 878 3603; x_wconf 81' lang='lat' dir='ltr'><strong>apparens</strong></span> <span class='ocrx_word' id='word_1_206' title='bbox 923 3533 1094 3588; x_wconf 81' lang='lat' dir='ltr'><strong>dixit:</strong></span> <span class='ocrx_word' id='word_1_207' title='bbox 1140 3550 1158 3584; x_wconf 85' lang='grc'><strong><em>‹</em></strong></span> <span class='ocrx_word' id='word_1_208' title='bbox 1195 3533 1324 3589; x_wconf 86' lang='lat' dir='ltr'><strong>Cur‘</strong></span> <span class='ocrx_word' id='word_1_209' title='bbox 1353 3535 1418 3588; x_wconf 90' lang='lat' dir='ltr'><strong>de</strong></span> <span class='ocrx_word' id='word_1_210' title='bbox 1468 3524 1653 3589; x_wconf 79' lang='lat' dir='ltr'><strong>ucstra</strong></span> 
     </span>
    </p>
   </div>
   <div class='ocr_carea' id='block_1_37' title="bbox 96 3625 1657 3698">
    <p class='ocr_par' dir='ltr' id='par_1_37' title="bbox 96 3625 1657 3698">
     <span class='ocr_line' id='line_1_37' title="bbox 96 3625 1657 3698; baseline 0.004 -24"><span class='ocrx_word' id='word_1_211' title='bbox 96 3627 330 3694; x_wconf 84' lang='lat' dir='ltr'><strong>corporali</strong></span> <span class='ocrx_word' id='word_1_212' title='bbox 385 3628 684 3698; x_wconf 70' lang='lat' dir='ltr'><strong>prmsentia</strong></span> <span class='ocrx_word' id='word_1_213' title='bbox 746 3625 1004 3681; x_wconf 87' lang='lat' dir='ltr'><strong>dubitas?</strong></span> <span class='ocrx_word' id='word_1_214' title='bbox 1057 3646 1075 3678; x_wconf 71' lang='grc' dir='ltr'><strong><em>ι</em></strong></span> <span class='ocrx_word' id='word_1_215' title='bbox 1141 3625 1310 3693; x_wconf 86' lang='lat' dir='ltr'><strong>Quem</strong></span> <span class='ocrx_word' id='word_1_216' title='bbox 1358 3626 1484 3680; x_wconf 90' lang='lat' dir='ltr'><strong>dum</strong></span> <span class='ocrx_word' id='word_1_217' title='bbox 1533 3627 1657 3696; x_wconf 85' lang='lat' dir='ltr'><strong>quis</strong></span> 
     </span>
    </p>
   </div>
   <div class='ocr_carea' id='block_1_38' title="bbox 97 3704 1654 3789">
    <p class='ocr_par' dir='ltr' id='par_1_38' title="bbox 97 3704 1654 3789">
     <span class='ocr_line' id='line_1_38' title="bbox 97 3704 1654 3789; baseline 0.004 -23"><span class='ocrx_word' id='word_1_218' title='bbox 97 3728 218 3770; x_wconf 81' lang='lat' dir='ltr'><strong>esset</strong></span> <span class='ocrx_word' id='word_1_219' title='bbox 245 3719 755 3789; x_wconf 75' lang='lat' dir='ltr'><strong>interrogassemns,</strong></span> <span class='ocrx_word' id='word_1_220' title='bbox 804 3704 1278 3773; x_wconf 88' lang='lat' dir='ltr'><strong>sanctusDomini</strong></span> <span class='ocrx_word' id='word_1_221' title='bbox 1331 3717 1654 3788; x_wconf 90' lang='lat' dir='ltr'><strong>respondit:</strong></span> 
     </span>
    </p>
   </div>
   <div class='ocr_carea' id='block_1_39' title="bbox 100 3799 1655 3878">
    <p class='ocr_par' dir='ltr' id='par_1_39' title="bbox 100 3799 1655 3878">
     <span class='ocr_line' id='line_1_39' title="bbox 100 3799 1655 3878; baseline 0.006 -24"><span class='ocrx_word' id='word_1_222' title='bbox 100 3822 118 3854; x_wconf 73' lang='lat'><strong>1</strong></span> <span class='ocrx_word' id='word_1_223' title='bbox 159 3805 256 3875; x_wconf 71' lang='lat' dir='ltr'><strong>ligo</strong></span> <span class='ocrx_word' id='word_1_224' title='bbox 277 3826 388 3863; x_wconf 87' lang='lat' dir='ltr'><strong>smn</strong></span> <span class='ocrx_word' id='word_1_225' title='bbox 415 3809 590 3864; x_wconf 79' lang='lat' dir='ltr'><strong>frater</strong></span> <span class='ocrx_word' id='word_1_226' title='bbox 621 3799 968 3875; x_wconf 80' lang='lat' dir='ltr'><strong>Benedictus,</strong></span> <span class='ocrx_word' id='word_1_227' title='bbox 1018 3808 1175 3878; x_wconf 89' lang='lat' dir='ltr'><strong>lmjus</strong></span> <span class='ocrx_word' id='word_1_228' title='bbox 1204 3807 1523 3864; x_wconf 86' lang='lat' dir='ltr'><strong>Casinensis‘</strong></span> <span class='ocrx_word' id='word_1_229' title='bbox 1543 3823 1655 3864; x_wconf 77' lang='lat' dir='ltr'><strong>ca:-</strong></span> 
     </span>
    </p>
   </div>
   <div class='ocr_carea' id='block_1_40' title="bbox 101 3898 1661 3972">
    <p class='ocr_par' dir='ltr' id='par_1_40' title="bbox 101 3898 1661 3972">
     <span class='ocr_line' id='line_1_40' title="bbox 101 3898 1661 3972; baseline 0.004 -23"><span class='ocrx_word' id='word_1_230' title='bbox 101 3900 220 3953; x_wconf 83' lang='lat' dir='ltr'><strong>ncbii</strong></span> <span class='ocrx_word' id='word_1_231' title='bbox 245 3912 418 3956; x_wconf 85' lang='lat' dir='ltr'><strong>custos</strong></span> <span class='ocrx_word' id='word_1_232' title='bbox 454 3910 515 3956; x_wconf 83' lang='lat' dir='ltr'><strong>et</strong></span> <span class='ocrx_word' id='word_1_233' title='bbox 552 3901 827 3956; x_wconf 84' lang='lat' dir='ltr'><strong>habitator</strong></span> <span class='ocrx_word' id='word_1_234' title='bbox 855 3901 908 3955; x_wconf 92' lang='lat' dir='ltr'><strong>in</strong></span> <span class='ocrx_word' id='word_1_235' title='bbox 939 3901 1364 3972; x_wconf 84' lang='lat' dir='ltr'><strong>sempiternum?</strong></span> <span class='ocrx_word' id='word_1_236' title='bbox 1400 3900 1534 3968; x_wconf 85' lang='lat' dir='ltr'><strong>Quia</strong></span> <span class='ocrx_word' id='word_1_237' title='bbox 1565 3898 1661 3955; x_wconf 66' lang='lat' dir='ltr'><strong>ait-</strong></span> 
     </span>
    </p>
   </div>
   <div class='ocr_carea' id='block_1_41' title="bbox 103 3990 1660 4064">
    <p class='ocr_par' dir='ltr' id='par_1_41' title="bbox 103 3990 1660 4064">
     <span class='ocr_line' id='line_1_41' title="bbox 103 3990 1660 4064; baseline 0.005 -25"><span class='ocrx_word' id='word_1_238' title='bbox 103 3997 191 4041; x_wconf 84' lang='lat' dir='ltr'><strong>tem</strong></span> <span class='ocrx_word' id='word_1_239' title='bbox 230 3999 277 4043; x_wconf 91' lang='lat' dir='ltr'><strong>tu</strong></span> <span class='ocrx_word' id='word_1_240' title='bbox 324 4006 408 4046; x_wconf 88' lang='lat' dir='ltr'><strong>me</strong></span> <span class='ocrx_word' id='word_1_241' title='bbox 445 3991 542 4045; x_wconf 87' lang='lat' dir='ltr'><strong>hic</strong></span> <span class='ocrx_word' id='word_1_242' title='bbox 593 3990 851 4045; x_wconf 85' lang='lat' dir='ltr'><strong>dubitasti</strong></span> <span class='ocrx_word' id='word_1_243' title='bbox 891 3993 1192 4062; x_wconf 75' lang='lat' dir='ltr'><strong>quiescere,</strong></span> <span class='ocrx_word' id='word_1_244' title='bbox 1227 3992 1279 4046; x_wconf 90' lang='lat' dir='ltr'><strong>id</strong></span> <span class='ocrx_word' id='word_1_245' title='bbox 1330 4006 1396 4046; x_wconf 88' lang='lat' dir='ltr'><strong>ne</strong></span> <span class='ocrx_word' id='word_1_246' title='bbox 1431 3992 1660 4064; x_wconf 87' lang='lat' dir='ltr'><strong>amplius</strong></span> 
     </span>
    </p>
   </div>
   <div class='ocr_carea' id='block_1_42' title="bbox 105 4071 1656 4156">
    <p class='ocr_par' dir='ltr' id='par_1_42' title="bbox 105 4071 1656 4156">
     <span class='ocr_line' id='line_1_42' title="bbox 105 4071 1656 4156; baseline 0.006 -26"><span class='ocrx_word' id='word_1_247' title='bbox 105 4071 610 4151; x_wconf 80' lang='lat' dir='ltr'><strong>duldtcs,meumque</strong></span> <span class='ocrx_word' id='word_1_248' title='bbox 627 4083 716 4139; x_wconf 88' lang='lat' dir='ltr'><strong>bie</strong></span> <span class='ocrx_word' id='word_1_249' title='bbox 727 4084 1011 4152; x_wconf 84' lang='lat' dir='ltr'><strong>quiescere</strong></span> <span class='ocrx_word' id='word_1_250' title='bbox 1035 4084 1420 4156; x_wconf 81' lang='lat' dir='ltr'><strong>corpusculum</strong></span> <span class='ocrx_word' id='word_1_251' title='bbox 1441 4085 1656 4150; x_wconf 86' lang='lat' dir='ltr'><strong>credas,</strong></span> 
     </span>
    </p>
   </div>
   <div class='ocr_carea' id='block_1_43' title="bbox 105 4169 1662 4246">
    <p class='ocr_par' dir='ltr' id='par_1_43' title="bbox 105 4169 1662 4246">
     <span class='ocr_line' id='line_1_43' title="bbox 105 4169 1662 4246; baseline 0.007 -25"><span class='ocrx_word' id='word_1_252' title='bbox 105 4169 188 4224; x_wconf 85' lang='lat' dir='ltr'><strong>hoc</strong></span> <span class='ocrx_word' id='word_1_253' title='bbox 228 4173 312 4228; x_wconf 88' lang='lat' dir='ltr'><strong>tibi</strong></span> <span class='ocrx_word' id='word_1_254' title='bbox 345 4174 564 4246; x_wconf 81' lang='lat' dir='ltr'><strong>signant</strong></span> <span class='ocrx_word' id='word_1_255' title='bbox 600 4174 721 4229; x_wconf 92' lang='lat' dir='ltr'><strong>erit.</strong></span> <span class='ocrx_word' id='word_1_256' title='bbox 765 4173 900 4229; x_wconf 86' lang='lat' dir='ltr'><strong>Cum</strong></span> <span class='ocrx_word' id='word_1_257' title='bbox 956 4176 1189 4246; x_wconf 89' lang='lat' dir='ltr'><strong>primum</strong></span> <span class='ocrx_word' id='word_1_258' title='bbox 1233 4177 1298 4231; x_wconf 90' lang='lat' dir='ltr'><strong>ad</strong></span> <span class='ocrx_word' id='word_1_259' title='bbox 1343 4178 1662 4233; x_wconf 84' lang='lat' dir='ltr'><strong>nocturnale</strong></span> 
     </span>
    </p>
   </div>
   <div class='ocr_carea' id='block_1_44' title="bbox 106 4262 1661 4345">
    <p class='ocr_par' dir='ltr' id='par_1_44' title="bbox 106 4262 1661 4345">
     <span class='ocr_line' id='line_1_44' title="bbox 106 4262 1661 4345; baseline 0.006 -31"><span class='ocrx_word' id='word_1_260' title='bbox 106 4262 305 4319; x_wconf 81' lang='lat' dir='ltr'><strong>ofﬁcium</strong></span> <span class='ocrx_word' id='word_1_261' title='bbox 358 4268 634 4338; x_wconf 85' lang='lat' dir='ltr'><strong>pulsatum</strong></span> <span class='ocrx_word' id='word_1_262' title='bbox 692 4266 1151 4334; x_wconf 83' lang='lat' dir='ltr'><strong>fuerit,&#39;ulterius</strong></span> <span class='ocrx_word' id='word_1_263' title='bbox 1200 4269 1384 4325; x_wconf 90' lang='lat' dir='ltr'><strong>dolore</strong></span> <span class='ocrx_word' id='word_1_264' title='bbox 1416 4271 1661 4345; x_wconf 63' lang='lat' dir='ltr'><strong>isto&#39;non</strong></span> 
     </span>
    </p>
   </div>
   <div class='ocr_carea' id='block_1_45' title="bbox 102 4350 1665 4429">
    <p class='ocr_par' dir='ltr' id='par_1_45' title="bbox 102 4350 1665 4429">
     <span class='ocr_line' id='line_1_45' title="bbox 102 4350 1665 4429; baseline 0.007 -25"><span class='ocrx_word' id='word_1_265' title='bbox 102 4351 372 4422; x_wconf 82' lang='lat' dir='ltr'><strong>laborabis;</strong></span> <span class='ocrx_word' id='word_1_266' title='bbox 411 4377 429 4409; x_wconf 72' lang='grc' dir='ltr'><strong><em>ι</em></strong></span> <span class='ocrx_word' id='word_1_267' title='bbox 473 4367 531 4412; x_wconf 90' lang='lat' dir='ltr'><strong>et</strong></span> <span class='ocrx_word' id='word_1_268' title='bbox 558 4353 663 4413; x_wconf 84' lang='lat' dir='ltr'><strong>his</strong></span> <span class='ocrx_word' id='word_1_269' title='bbox 688 4350 850 4414; x_wconf 84' lang='lat' dir='ltr'><strong>dictis</strong></span> <span class='ocrx_word' id='word_1_270' title='bbox 883 4352 1166 4429; x_wconf 86' lang='lat' dir='ltr'><strong>disparuit.</strong></span> <span class='ocrx_word' id='word_1_271' title='bbox 1205 4360 1542 4416; x_wconf 84' lang='lat' dir='ltr'><strong>Adveniente</strong></span> <span class='ocrx_word' id='word_1_272' title='bbox 1567 4378 1665 4415; x_wconf 79' lang='lat' dir='ltr'><strong>au-</strong></span> 
     </span>
    </p>
   </div>
   <div class='ocr_carea' id='block_1_46' title="bbox 109 4446 1796 4524">
    <p class='ocr_par' dir='ltr' id='par_1_46' title="bbox 109 4446 1796 4524">
     <span class='ocr_line' id='line_1_46' title="bbox 109 4446 1796 4524; baseline 0.009 -31"><span class='ocrx_word' id='word_1_273' title='bbox 109 4449 195 4496; x_wconf 87' lang='lat' dir='ltr'><strong>tem</strong></span> <span class='ocrx_word' id='word_1_274' title='bbox 223 4446 342 4500; x_wconf 87' lang='lat' dir='ltr'><strong>hora</strong></span> <span class='ocrx_word' id='word_1_275' title='bbox 370 4447 545 4517; x_wconf 75' lang='lat' dir='ltr'><strong>(juxta</strong></span> <span class='ocrx_word' id='word_1_276' title='bbox 574 4451 717 4518; x_wconf 92' lang='lat' dir='ltr'><strong>quod</strong></span> <span class='ocrx_word' id='word_1_277' title='bbox 749 4459 968 4504; x_wconf 90' lang='lat' dir='ltr'><strong>sanctus</strong></span> <span class='ocrx_word' id='word_1_278' title='bbox 1000 4448 1208 4504; x_wconf 91' lang='lat' dir='ltr'><strong>Domini</strong></span> <span class='ocrx_word' id='word_1_279' title='bbox 1255 4451 1488 4524; x_wconf 83' lang='lat' dir='ltr'><strong>dixerat)</strong></span> <span class='ocrx_word' id='word_1_280' title='bbox 1521 4453 1666 4507; x_wconf 83' lang='lat' dir='ltr'><strong>sani-</strong></span> <span class='ocrx_word' id='word_1_281' title='bbox 1719 4464 1721 4466; x_wconf 79' lang='lat'>&#39;</span> <span class='ocrx_word' id='word_1_282' title='bbox 1792 4463 1796 4466; x_wconf 74' lang='grc'><em>’</em></span> 
     </span>
    </p>
   </div>
   <div class='ocr_carea' id='block_1_47' title="bbox 113 4533 1712 4610">
    <p class='ocr_par' dir='ltr' id='par_1_47' title="bbox 113 4533 1712 4610">
     <span class='ocr_line' id='line_1_47' title="bbox 113 4533 1712 4610; baseline 0.013 -31"><span class='ocrx_word' id='word_1_283' title='bbox 113 4533 191 4582; x_wconf 87' lang='lat' dir='ltr'><strong>tati</strong></span> <span class='ocrx_word' id='word_1_284' title='bbox 221 4536 449 4603; x_wconf 67' lang='lat' dir='ltr'><strong>pristina:</strong></span> <span class='ocrx_word' id='word_1_285' title='bbox 484 4538 704 4603; x_wconf 87' lang='lat' dir='ltr'><strong>redditi,</strong></span> <span class='ocrx_word' id='word_1_286' title='bbox 730 4555 852 4593; x_wconf 90' lang='lat' dir='ltr'><strong>cum</strong></span> <span class='ocrx_word' id='word_1_287' title='bbox 883 4539 1153 4609; x_wconf 84' lang='lat' dir='ltr'><strong>episcopis</strong></span> <span class='ocrx_word' id='word_1_288' title='bbox 1189 4541 1664 4610; x_wconf 53' lang='lat' dir='ltr'><strong>et&#39;Cardinalibus,</strong></span> <span class='ocrx_word' id='word_1_289' title='bbox 1709 4584 1712 4586; x_wconf 60' lang='grc' dir='ltr'><strong><em>η</em></strong></span> 
     </span>
    </p>
   </div>
   <div class='ocr_carea' id='block_1_48' title="bbox 105 4617 1666 4704">
    <p class='ocr_par' dir='ltr' id='par_1_48' title="bbox 105 4617 1666 4704">
     <span class='ocr_line' id='line_1_48' title="bbox 105 4617 1666 4704; baseline 0.012 -32"><span class='ocrx_word' id='word_1_290' title='bbox 105 4617 200 4677; x_wconf 80' lang='lat' dir='ltr'><strong>Deo</strong></span> <span class='ocrx_word' id='word_1_291' title='bbox 224 4628 641 4684; x_wconf 76' lang='lat' dir='ltr'><strong>etlsanctissimo</strong></span> <span class='ocrx_word' id='word_1_292' title='bbox 666 4631 962 4687; x_wconf 80' lang='lat' dir='ltr'><strong>confessori</strong></span> <span class='ocrx_word' id='word_1_293' title='bbox 998 4632 1290 4687; x_wconf 82' lang='lat' dir='ltr'><strong>Benedicto</strong></span> <span class='ocrx_word' id='word_1_294' title='bbox 1331 4617 1514 4704; x_wconf 82' lang='lat' dir='ltr'><strong>grates</strong></span> <span class='ocrx_word' id='word_1_295' title='bbox 1543 4649 1666 4704; x_wconf 85' lang='lat' dir='ltr'><strong>per-</strong></span> 
     </span>
    </p>
   </div>
   <div class='ocr_carea' id='block_1_49' title="bbox 111 4715 1664 4797">
    <p class='ocr_par' dir='ltr' id='par_1_49' title="bbox 111 4715 1664 4797">
     <span class='ocr_line' id='line_1_49' title="bbox 111 4715 1664 4797; baseline 0.013 -33"><span class='ocrx_word' id='word_1_296' title='bbox 111 4719 344 4774; x_wconf 72' lang='lat' dir='ltr'><strong>inaxitoas</strong></span> <span class='ocrx_word' id='word_1_297' title='bbox 398 4722 700 4778; x_wconf 79' lang='lat' dir='ltr'><strong>referentes</strong></span> <span class='ocrx_word' id='word_1_298' title='bbox 752 4724 871 4793; x_wconf 88' lang='lat' dir='ltr'><strong>ejus</strong></span> <span class='ocrx_word' id='word_1_299' title='bbox 929 4715 1276 4781; x_wconf 76' lang='lat' dir='ltr'><strong>festivitatem</strong></span> <span class='ocrx_word' id='word_1_300' title='bbox 1331 4725 1493 4797; x_wconf 80' lang='lat' dir='ltr'><strong>digna</strong></span> <span class='ocrx_word' id='word_1_301' title='bbox 1543 4743 1664 4784; x_wconf 91' lang='lat' dir='ltr'><strong>cum</strong></span> 
     </span>
    </p>
   </div>
   <div class='ocr_carea' id='block_1_50' title="bbox 113 4813 1444 4886">
    <p class='ocr_par' dir='ltr' id='par_1_50' title="bbox 113 4813 1444 4886">
     <span class='ocr_line' id='line_1_50' title="bbox 113 4813 1444 4886; baseline 0.026 -30"><span class='ocrx_word' id='word_1_302' title='bbox 113 4813 426 4869; x_wconf 77' lang='lat' dir='ltr'><strong>veneratione</strong></span> <span class='ocrx_word' id='word_1_303' title='bbox 456 4816 787 4886; x_wconf 82' lang='lat' dir='ltr'><strong>peregimus.</strong></span> <span class='ocrx_word' id='word_1_304' title='bbox 1441 4832 1444 4838; x_wconf 81' lang='grc'><em>’</em></span> 
     </span>
    </p>
   </div>
   <div class='ocr_carea' id='block_1_51' title="bbox 174 4896 1671 4976">
    <p class='ocr_par' dir='ltr' id='par_1_51' title="bbox 174 4896 1671 4976">
     <span class='ocr_line' id='line_1_51' title="bbox 174 4896 1671 4976; baseline 0.009 -25"><span class='ocrx_word' id='word_1_305' title='bbox 174 4896 244 4952; x_wconf 89' lang='lat' dir='ltr'><strong>Ob</strong></span> <span class='ocrx_word' id='word_1_306' title='bbox 273 4917 424 4970; x_wconf 84' lang='lat' dir='ltr'><strong>quant</strong></span> <span class='ocrx_word' id='word_1_307' title='bbox 459 4922 570 4960; x_wconf 88' lang='lat' dir='ltr'><strong>rem</strong></span> <span class='ocrx_word' id='word_1_308' title='bbox 611 4922 864 4976; x_wconf 78' lang='lat' dir='ltr'><strong>rogamus</strong></span> <span class='ocrx_word' id='word_1_309' title='bbox 900 4916 956 4962; x_wconf 89' lang='lat' dir='ltr'><strong>et</strong></span> <span class='ocrx_word' id='word_1_310' title='bbox 985 4909 1336 4963; x_wconf 85' lang='lat' dir='ltr'><strong>obsecramus</strong></span> <span class='ocrx_word' id='word_1_311' title='bbox 1365 4909 1415 4962; x_wconf 90' lang='lat' dir='ltr'><strong>in</strong></span> <span class='ocrx_word' id='word_1_312' title='bbox 1444 4909 1671 4964; x_wconf 87' lang='lat' dir='ltr'><strong>Domino</strong></span> 
     </span>
    </p>
   </div>
   <div class='ocr_carea' id='block_1_52' title="bbox 108 4983 1674 5070">
    <p class='ocr_par' dir='ltr' id='par_1_52' title="bbox 108 4983 1674 5070">
     <span class='ocr_line' id='line_1_52' title="bbox 108 4983 1674 5070; baseline 0.009 -30"><span class='ocrx_word' id='word_1_313' title='bbox 108 4983 218 5041; x_wconf 75' lang='lat' dir='ltr'><strong>Jcsu</strong></span> <span class='ocrx_word' id='word_1_314' title='bbox 243 4994 326 5060; x_wconf 90' lang='lat' dir='ltr'><strong>qui</strong></span> <span class='ocrx_word' id='word_1_315' title='bbox 358 5011 452 5064; x_wconf 86' lang='lat' dir='ltr'><strong>pro</strong></span> <span class='ocrx_word' id='word_1_316' title='bbox 482 5006 668 5051; x_wconf 89' lang='lat' dir='ltr'><strong>nostra</strong></span> <span class='ocrx_word' id='word_1_317' title='bbox 691 4997 867 5052; x_wconf 89' lang='lat' dir='ltr'><strong>salute</strong></span> <span class='ocrx_word' id='word_1_318' title='bbox 889 5000 1159 5054; x_wconf 83' lang='lat' dir='ltr'><strong>iacarnari</strong></span> <span class='ocrx_word' id='word_1_319' title='bbox 1181 5010 1238 5054; x_wconf 89' lang='lat' dir='ltr'><strong>et</strong></span> <span class='ocrx_word' id='word_1_320' title='bbox 1259 5000 1396 5054; x_wconf 87' lang='lat' dir='ltr'><strong>mori</strong></span> <span class='ocrx_word' id='word_1_321' title='bbox 1421 4999 1674 5070; x_wconf 79' lang='lat' dir='ltr'><strong>dignatus</strong></span> 
     </span>
    </p>
   </div>
   <div class='ocr_carea' id='block_1_53' title="bbox 119 5085 1671 5162">
    <p class='ocr_par' dir='ltr' id='par_1_53' title="bbox 119 5085 1671 5162">
     <span class='ocr_line' id='line_1_53' title="bbox 119 5085 1671 5162; baseline 0.01 -32"><span class='ocrx_word' id='word_1_322' title='bbox 119 5089 204 5145; x_wconf 88' lang='lat' dir='ltr'><strong>est,</strong></span> <span class='ocrx_word' id='word_1_323' title='bbox 229 5093 366 5153; x_wconf 62' lang='lat' dir='ltr'><strong>etes</strong></span> <span class='ocrx_word' id='word_1_324' title='bbox 397 5091 720 5144; x_wconf 73' lang='lat' dir='ltr'><strong>auctoritate</strong></span> <span class='ocrx_word' id='word_1_325' title='bbox 741 5091 800 5144; x_wconf 82' lang='grc' dir='ltr'><strong>Β.</strong></span> <span class='ocrx_word' id='word_1_326' title='bbox 827 5091 971 5146; x_wconf 86' lang='lat' dir='ltr'><strong>Petri</strong></span> <span class='ocrx_word' id='word_1_327' title='bbox 990 5085 1353 5162; x_wconf 53' lang='lat' dir='ltr'><strong>apoﬂolorum</strong></span> <span class='ocrx_word' id='word_1_328' title='bbox 1385 5092 1671 5161; x_wconf 85' lang='lat' dir='ltr'><strong>principis,</strong></span> 
     </span>
    </p>
   </div>
   <div class='ocr_carea' id='block_1_54' title="bbox 121 5171 1671 5254">
    <p class='ocr_par' dir='ltr' id='par_1_54' title="bbox 121 5171 1671 5254">
     <span class='ocr_line' id='line_1_54' title="bbox 121 5171 1671 5254; baseline 0.01 -30"><span class='ocrx_word' id='word_1_329' title='bbox 121 5171 248 5240; x_wconf 83' lang='lat' dir='ltr'><strong>cujus</strong></span> <span class='ocrx_word' id='word_1_330' title='bbox 273 5180 381 5235; x_wconf 89' lang='lat' dir='ltr'><strong>vice</strong></span> <span class='ocrx_word' id='word_1_331' title='bbox 403 5181 662 5238; x_wconf 71' lang='lat' dir='ltr'><strong>Romana:</strong></span> <span class='ocrx_word' id='word_1_332' title='bbox 693 5183 944 5238; x_wconf 72' lang='lat' dir='ltr'><strong>Ecclesia:</strong></span> <span class='ocrx_word' id='word_1_333' title='bbox 971 5185 1346 5254; x_wconf 76' lang='lat' dir='ltr'><strong>praesidemus,</strong></span> <span class='ocrx_word' id='word_1_334' title='bbox 1388 5195 1443 5240; x_wconf 89' lang='lat' dir='ltr'><strong>et</strong></span> <span class='ocrx_word' id='word_1_335' title='bbox 1473 5187 1527 5241; x_wconf 91' lang='lat' dir='ltr'><strong>in</strong></span> <span class='ocrx_word' id='word_1_336' title='bbox 1562 5189 1671 5242; x_wconf 90' lang='lat' dir='ltr'><strong>vir-</strong></span> 
     </span>
    </p>
   </div>
   <div class='ocr_carea' id='block_1_55' title="bbox 124 5267 1665 5349">
    <p class='ocr_par' dir='ltr' id='par_1_55' title="bbox 124 5267 1665 5349">
     <span class='ocr_line' id='line_1_55' title="bbox 124 5267 1665 5349; baseline 0.014 -38"><span class='ocrx_word' id='word_1_337' title='bbox 124 5270 217 5319; x_wconf 84' lang='lat' dir='ltr'><strong>tute</strong></span> <span class='ocrx_word' id='word_1_338' title='bbox 242 5267 463 5338; x_wconf 85' lang='lat' dir='ltr'><strong>Spiritus</strong></span> <span class='ocrx_word' id='word_1_339' title='bbox 507 5275 682 5330; x_wconf 85' lang='lat' dir='ltr'><strong>sancti</strong></span> <span class='ocrx_word' id='word_1_340' title='bbox 728 5289 984 5346; x_wconf 77' lang='lat' dir='ltr'><strong>expresse</strong></span> <span class='ocrx_word' id='word_1_341' title='bbox 1028 5277 1391 5347; x_wconf 71' lang='lat' dir='ltr'><strong>przecipimus,</strong></span> <span class='ocrx_word' id='word_1_342' title='bbox 1436 5291 1505 5332; x_wconf 84' lang='lat' dir='ltr'><strong>ne</strong></span> <span class='ocrx_word' id='word_1_343' title='bbox 1534 5277 1665 5349; x_wconf 60' lang='lat' dir='ltr'><strong>:quis</strong></span> 
     </span>
    </p>
   </div>
   <div class='ocr_carea' id='block_1_56' title="bbox 125 5355 1669 5429">
    <p class='ocr_par' dir='ltr' id='par_1_56' title="bbox 125 5355 1669 5429">
     <span class='ocr_line' id='line_1_56' title="bbox 125 5355 1669 5429; baseline 0.015 -24"><span class='ocrx_word' id='word_1_344' title='bbox 125 5355 322 5417; x_wconf 83' lang='lat' dir='ltr'><strong>ulterius</strong></span> <span class='ocrx_word' id='word_1_345' title='bbox 349 5363 531 5421; x_wconf 81' lang='lat' dir='ltr'><strong>falsam</strong></span> <span class='ocrx_word' id='word_1_346' title='bbox 572 5367 751 5422; x_wconf 86' lang='lat' dir='ltr'><strong>Patris</strong></span> <span class='ocrx_word' id='word_1_347' title='bbox 780 5368 1052 5424; x_wconf 86' lang='lat' dir='ltr'><strong>Benedicti</strong></span> <span class='ocrx_word' id='word_1_348' title='bbox 1083 5370 1492 5427; x_wconf 89' lang='lat' dir='ltr'><strong>translationem</strong></span> <span class='ocrx_word' id='word_1_349' title='bbox 1524 5373 1669 5429; x_wconf 89' lang='lat' dir='ltr'><strong>cele-</strong></span> 
     </span>
    </p>
   </div>
   <div class='ocr_carea' id='block_1_57' title="bbox 128 5449 1662 5539">
    <p class='ocr_par' dir='ltr' id='par_1_57' title="bbox 128 5449 1662 5539">
     <span class='ocr_line' id='line_1_57' title="bbox 128 5449 1662 5539; baseline 0.012 -33"><span class='ocrx_word' id='word_1_350' title='bbox 128 5449 262 5509; x_wconf 78' lang='lat' dir='ltr'><strong>l&#39;rare</strong></span> <span class='ocrx_word' id='word_1_351' title='bbox 293 5471 592 5528; x_wconf 66' lang='lat' dir='ltr'><strong>praesumat,</strong></span> <span class='ocrx_word' id='word_1_352' title='bbox 631 5450 1297 5536; x_wconf 83' lang='lat' dir='ltr'><strong>contradictoribushujus</strong></span> <span class='ocrx_word' id='word_1_353' title='bbox 1336 5469 1506 5523; x_wconf 88' lang='lat' dir='ltr'><strong>nostri</strong></span> <span class='ocrx_word' id='word_1_354' title='bbox 1537 5484 1662 5539; x_wconf 87' lang='lat' dir='ltr'><strong>apo-</strong></span> 
     </span>
    </p>
   </div>
   <div class='ocr_carea' id='block_1_58' title="bbox 130 5542 1673 5628">
    <p class='ocr_par' dir='ltr' id='par_1_58' title="bbox 130 5542 1673 5628">
     <span class='ocr_line' id='line_1_58' title="bbox 130 5542 1673 5628; baseline 0.015 -36"><span class='ocrx_word' id='word_1_355' title='bbox 130 5542 280 5599; x_wconf 87' lang='lat' dir='ltr'><strong>stolici</strong></span> <span class='ocrx_word' id='word_1_356' title='bbox 331 5549 554 5608; x_wconf 87' lang='lat' dir='ltr'><strong>instituti</strong></span> <span class='ocrx_word' id='word_1_357' title='bbox 604 5555 846 5611; x_wconf 85' lang='lat' dir='ltr'><strong>divinum</strong></span> <span class='ocrx_word' id='word_1_358' title='bbox 891 5559 1152 5628; x_wconf 82' lang='lat' dir='ltr'><strong>judicium</strong></span> <span class='ocrx_word' id='word_1_359' title='bbox 1206 5561 1564 5622; x_wconf 88' lang='lat' dir='ltr'><strong>intentantes,</strong></span> <span class='ocrx_word' id='word_1_360' title='bbox 1617 5570 1673 5615; x_wconf 87' lang='lat' dir='ltr'><strong>et</strong></span> 
     </span>
    </p>
   </div>
   <div class='ocr_carea' id='block_1_59' title="bbox 132 5637 1668 5724">
    <p class='ocr_par' dir='ltr' id='par_1_59' title="bbox 132 5637 1668 5724">
     <span class='ocr_line' id='line_1_59' title="bbox 132 5637 1668 5724; baseline 0.016 -41"><span class='ocrx_word' id='word_1_361' title='bbox 132 5637 452 5700; x_wconf 82' lang='lat' dir='ltr'><strong>anathematis</strong></span> <span class='ocrx_word' id='word_1_362' title='bbox 471 5647 684 5704; x_wconf 82' lang='lat' dir='ltr'><strong>vinculo</strong></span> <span class='ocrx_word' id='word_1_363' title='bbox 726 5651 1068 5709; x_wconf 82' lang='lat' dir='ltr'><strong>innodantes.</strong></span> <span class='ocrx_word' id='word_1_364' title='bbox 1105 5653 1170 5708; x_wconf 82' lang='lat' dir='ltr'><strong>Et</strong></span> <span class='ocrx_word' id='word_1_365' title='bbox 1199 5653 1323 5724; x_wconf 82' lang='lat' dir='ltr'><strong>quia</strong></span> <span class='ocrx_word' id='word_1_366' title='bbox 1350 5667 1415 5707; x_wconf 81' lang='lat' dir='ltr'><strong>cx</strong></span> <span class='ocrx_word' id='word_1_367' title='bbox 1445 5653 1668 5724; x_wconf 88' lang='lat' dir='ltr'><strong>dispen-</strong></span> 
     </span>
    </p>
   </div>
   <div class='ocr_carea' id='block_1_60' title="bbox 136 5727 1668 5820">
    <p class='ocr_par' dir='ltr' id='par_1_60' title="bbox 136 5727 1668 5820">
     <span class='ocr_line' id='line_1_60' title="bbox 136 5727 1668 5820; baseline 0.017 -42"><span class='ocrx_word' id='word_1_368' title='bbox 136 5727 313 5789; x_wconf 81' lang='lat' dir='ltr'><strong>satione</strong></span> <span class='ocrx_word' id='word_1_369' title='bbox 341 5741 711 5808; x_wconf 73' lang='lat' dir='ltr'><strong>sacratissima:</strong></span> <span class='ocrx_word' id='word_1_370' title='bbox 749 5745 893 5801; x_wconf 88' lang='lat' dir='ltr'><strong>sedis</strong></span> <span class='ocrx_word' id='word_1_371' title='bbox 923 5747 1064 5803; x_wconf 83' lang='lat' dir='ltr'><strong>beati</strong></span> <span class='ocrx_word' id='word_1_372' title='bbox 1115 5747 1259 5804; x_wconf 86' lang='lat' dir='ltr'><strong>Petri</strong></span> <span class='ocrx_word' id='word_1_373' title='bbox 1301 5749 1668 5820; x_wconf 76' lang='lat' dir='ltr'><strong>apostolorum</strong></span> 
     </span>
    </p>
   </div>
   <div class='ocr_carea' id='block_1_61' title="bbox 1635 689 3336 776">
    <p class='ocr_par' dir='ltr' id='par_1_61' title="bbox 1635 689 3336 776">
     <span class='ocr_line' id='line_1_61' title="bbox 1635 689 3336 776; baseline 0.001 -18"><span class='ocrx_word' id='word_1_374' title='bbox 1635 755 1638 758; x_wconf 82' lang='lat'><strong>.</strong></span> <span class='ocrx_word' id='word_1_375' title='bbox 1676 689 1726 747; x_wconf 74' lang='grc' dir='ltr'><strong>Α</strong></span> <span class='ocrx_word' id='word_1_376' title='bbox 1755 703 2033 774; x_wconf 85' lang='lat' dir='ltr'><strong>principis,</strong></span> <span class='ocrx_word' id='word_1_377' title='bbox 2064 703 2147 758; x_wconf 90' lang='lat' dir='ltr'><strong>cui</strong></span> <span class='ocrx_word' id='word_1_378' title='bbox 2175 703 2281 758; x_wconf 87' lang='lat' dir='ltr'><strong>Deo</strong></span> <span class='ocrx_word' id='word_1_379' title='bbox 2307 711 2548 767; x_wconf 88' lang='lat' dir='ltr'><strong>auctore,</strong></span> <span class='ocrx_word' id='word_1_380' title='bbox 2584 704 2709 760; x_wconf 87' lang='lat' dir='ltr'><strong>licet</strong></span> <span class='ocrx_word' id='word_1_381' title='bbox 2731 705 2958 776; x_wconf 80' lang='lat' dir='ltr'><strong>indigni,</strong></span> <span class='ocrx_word' id='word_1_382' title='bbox 2981 705 3336 761; x_wconf 84' lang='lat' dir='ltr'><strong>administra-</strong></span> 
     </span>
    </p>
   </div>
   <div class='ocr_carea' id='block_1_62' title="bbox 1754 795 3335 869">
    <p class='ocr_par' dir='ltr' id='par_1_62' title="bbox 1754 795 3335 869">
     <span class='ocr_line' id='line_1_62' title="bbox 1754 795 3335 869; baseline 0.003 -21"><span class='ocrx_word' id='word_1_383' title='bbox 1754 811 1893 860; x_wconf 90' lang='lat' dir='ltr'><strong>mus,</strong></span> <span class='ocrx_word' id='word_1_384' title='bbox 1924 796 2090 851; x_wconf 86' lang='lat' dir='ltr'><strong>totius</strong></span> <span class='ocrx_word' id='word_1_385' title='bbox 2121 795 2381 851; x_wconf 89' lang='lat' dir='ltr'><strong>Dominici</strong></span> <span class='ocrx_word' id='word_1_386' title='bbox 2412 797 2591 868; x_wconf 77' lang='lat' dir='ltr'><strong>gregis</strong></span> <span class='ocrx_word' id='word_1_387' title='bbox 2619 812 2802 852; x_wconf 89' lang='lat' dir='ltr'><strong>curam</strong></span> <span class='ocrx_word' id='word_1_388' title='bbox 2840 814 3050 869; x_wconf 76' lang='lat' dir='ltr'><strong>gerere,</strong></span> <span class='ocrx_word' id='word_1_389' title='bbox 3080 799 3335 869; x_wconf 84' lang='lat' dir='ltr'><strong>pastorali</strong></span> 
     </span>
    </p>
   </div>
   <div class='ocr_carea' id='block_1_63' title="bbox 1753 887 3337 962">
    <p class='ocr_par' dir='ltr' id='par_1_63' title="bbox 1753 887 3337 962">
     <span class='ocr_line' id='line_1_63' title="bbox 1753 887 3337 962; baseline 0.001 -20"><span class='ocrx_word' id='word_1_390' title='bbox 1753 888 2115 942; x_wconf 88' lang='lat' dir='ltr'><strong>sollicitudine</strong></span> <span class='ocrx_word' id='word_1_391' title='bbox 2165 887 2559 958; x_wconf 85' lang='lat' dir='ltr'><strong>compellimur,</strong></span> <span class='ocrx_word' id='word_1_392' title='bbox 2613 888 2892 944; x_wconf 81' lang='lat' dir='ltr'><strong>Casiuensi</strong></span> <span class='ocrx_word' id='word_1_393' title='bbox 2933 892 3337 962; x_wconf 76' lang='lat' dir='ltr'><strong>congregationi</strong></span> 
     </span>
    </p>
   </div>
   <div class='ocr_carea' id='block_1_64' title="bbox 1751 979 3336 1053">
    <p class='ocr_par' dir='ltr' id='par_1_64' title="bbox 1751 979 3336 1053">
     <span class='ocr_line' id='line_1_64' title="bbox 1751 979 3336 1053; baseline 0.003 -20"><span class='ocrx_word' id='word_1_394' title='bbox 1751 979 1936 1037; x_wconf 79' lang='lat' dir='ltr'><strong>divino</strong></span> <span class='ocrx_word' id='word_1_395' title='bbox 1969 981 2133 1036; x_wconf 88' lang='lat' dir='ltr'><strong>cultui</strong></span> <span class='ocrx_word' id='word_1_396' title='bbox 2171 990 2429 1053; x_wconf 88' lang='lat' dir='ltr'><strong>perpetuo</strong></span> <span class='ocrx_word' id='word_1_397' title='bbox 2474 980 2583 1050; x_wconf 88' lang='lat' dir='ltr'><strong>jttri</strong></span> <span class='ocrx_word' id='word_1_398' title='bbox 2634 984 2975 1052; x_wconf 70' lang='lat' dir='ltr'><strong>maneipatae,</strong></span> <span class='ocrx_word' id='word_1_399' title='bbox 3033 993 3183 1038; x_wconf 87' lang='lat' dir='ltr'><strong>tanto</strong></span> <span class='ocrx_word' id='word_1_400' title='bbox 3234 999 3336 1038; x_wconf 88' lang='lat' dir='ltr'><strong>nos</strong></span> 
     </span>
    </p>
   </div>
   <div class='ocr_carea' id='block_1_65' title="bbox 1751 1070 3340 1142">
    <p class='ocr_par' dir='ltr' id='par_1_65' title="bbox 1751 1070 3340 1142">
     <span class='ocr_line' id='line_1_65' title="bbox 1751 1070 3340 1142; baseline 0.004 -20"><span class='ocrx_word' id='word_1_401' title='bbox 1751 1070 1872 1141; x_wconf 88' lang='lat' dir='ltr'><strong>plus</strong></span> <span class='ocrx_word' id='word_1_402' title='bbox 1904 1071 2103 1127; x_wconf 86' lang='lat' dir='ltr'><strong>debere</strong></span> <span class='ocrx_word' id='word_1_403' title='bbox 2127 1073 2313 1142; x_wconf 79' lang='lat' dir='ltr'><strong>gratiae</strong></span> <span class='ocrx_word' id='word_1_404' title='bbox 2339 1072 2563 1137; x_wconf 84' lang='lat' dir='ltr'><strong>scimus,</strong></span> <span class='ocrx_word' id='word_1_405' title='bbox 2611 1081 2816 1141; x_wconf 86' lang='lat' dir='ltr'><strong>quanto</strong></span> <span class='ocrx_word' id='word_1_406' title='bbox 2844 1087 2940 1141; x_wconf 87' lang='lat' dir='ltr'><strong>per</strong></span> <span class='ocrx_word' id='word_1_407' title='bbox 2986 1072 3204 1128; x_wconf 85' lang='lat' dir='ltr'><strong>Patrem</strong></span> <span class='ocrx_word' id='word_1_408' title='bbox 3239 1073 3340 1128; x_wconf 88' lang='lat' dir='ltr'><strong>Be-</strong></span> 
     </span>
    </p>
   </div>
   <div class='ocr_carea' id='block_1_66' title="bbox 1753 1163 3341 1234">
    <p class='ocr_par' dir='ltr' id='par_1_66' title="bbox 1753 1163 3341 1234">
     <span class='ocr_line' id='line_1_66' title="bbox 1753 1163 3341 1234; baseline 0.002 -17"><span class='ocrx_word' id='word_1_409' title='bbox 1753 1163 2026 1218; x_wconf 89' lang='lat' dir='ltr'><strong>nedictum</strong></span> <span class='ocrx_word' id='word_1_410' title='bbox 2067 1179 2165 1218; x_wconf 86' lang='lat' dir='ltr'><strong>nos</strong></span> <span class='ocrx_word' id='word_1_411' title='bbox 2208 1164 2430 1219; x_wconf 88' lang='lat' dir='ltr'><strong>sanitati</strong></span> <span class='ocrx_word' id='word_1_412' title='bbox 2484 1163 2726 1234; x_wconf 74' lang='lat' dir='ltr'><strong>pristinae</strong></span> <span class='ocrx_word' id='word_1_413' title='bbox 2772 1164 2967 1218; x_wconf 86' lang='lat' dir='ltr'><strong>redditi</strong></span> <span class='ocrx_word' id='word_1_414' title='bbox 3023 1181 3246 1230; x_wconf 88' lang='lat' dir='ltr'><strong>sumus,</strong></span> <span class='ocrx_word' id='word_1_415' title='bbox 3287 1175 3341 1220; x_wconf 87' lang='lat' dir='ltr'><strong>et</strong></span> 
     </span>
    </p>
   </div>
   <div class='ocr_carea' id='block_1_67' title="bbox 1752 1256 3342 1327">
    <p class='ocr_par' dir='ltr' id='par_1_67' title="bbox 1752 1256 3342 1327">
     <span class='ocr_line' id='line_1_67' title="bbox 1752 1256 3342 1327; baseline 0 -17"><span class='ocrx_word' id='word_1_416' title='bbox 1752 1256 1873 1313; x_wconf 80' lang='lat' dir='ltr'><strong>illos</strong></span> <span class='ocrx_word' id='word_1_417' title='bbox 1903 1259 1972 1313; x_wconf 90' lang='lat' dir='ltr'><strong>ab</strong></span> <span class='ocrx_word' id='word_1_418' title='bbox 2000 1257 2148 1313; x_wconf 92' lang='lat' dir='ltr'><strong>omni</strong></span> <span class='ocrx_word' id='word_1_419' title='bbox 2197 1257 2441 1313; x_wconf 67' lang='lat' dir='ltr'><strong>sarculari</strong></span> <span class='ocrx_word' id='word_1_420' title='bbox 2500 1257 2871 1327; x_wconf 90' lang='lat' dir='ltr'><strong>inquietudine</strong></span> <span class='ocrx_word' id='word_1_421' title='bbox 2915 1258 3174 1312; x_wconf 89' lang='lat' dir='ltr'><strong>convenit</strong></span> <span class='ocrx_word' id='word_1_422' title='bbox 3221 1273 3342 1314; x_wconf 58' lang='lat' dir='ltr'><strong>(55c</strong></span> 
     </span>
    </p>
   </div>
   <div class='ocr_carea' id='block_1_68' title="bbox 1754 1350 3346 1421">
    <p class='ocr_par' dir='ltr' id='par_1_68' title="bbox 1754 1350 3346 1421">
     <span class='ocr_line' id='line_1_68' title="bbox 1754 1350 3346 1421; baseline -0.001 -16"><span class='ocrx_word' id='word_1_423' title='bbox 1754 1361 2012 1417; x_wconf 90' lang='lat' dir='ltr'><strong>remotos,</strong></span> <span class='ocrx_word' id='word_1_424' title='bbox 2062 1359 2329 1420; x_wconf 88' lang='lat' dir='ltr'><strong>quatenus</strong></span> <span class='ocrx_word' id='word_1_425' title='bbox 2378 1350 2551 1405; x_wconf 83' lang='lat' dir='ltr'><strong>fidelis</strong></span> <span class='ocrx_word' id='word_1_426' title='bbox 2609 1350 3083 1421; x_wconf 80' lang='lat' dir='ltr'><strong>mens,.expcdita</strong></span> <span class='ocrx_word' id='word_1_427' title='bbox 3118 1351 3346 1420; x_wconf 80' lang='lat' dir='ltr'><strong>impedi-</strong></span> 
     </span>
    </p>
   </div>
   <div class='ocr_carea' id='block_1_69' title="bbox 1753 1442 3344 1507">
    <p class='ocr_par' dir='ltr' id='par_1_69' title="bbox 1753 1442 3344 1507">
     <span class='ocr_line' id='line_1_69' title="bbox 1753 1442 3344 1507; baseline 0 -9"><span class='ocrx_word' id='word_1_428' title='bbox 1753 1443 1951 1500; x_wconf 86' lang='lat' dir='ltr'><strong>meutis</strong></span> <span class='ocrx_word' id='word_1_429' title='bbox 1991 1442 2373 1507; x_wconf 88' lang='lat' dir='ltr'><strong>mundialibus,</strong></span> <span class='ocrx_word' id='word_1_430' title='bbox 2422 1450 2477 1497; x_wconf 89' lang='lat' dir='ltr'><strong>et</strong></span> <span class='ocrx_word' id='word_1_431' title='bbox 2533 1442 2696 1498; x_wconf 83' lang='lat' dir='ltr'><strong>etiam</strong></span> <span class='ocrx_word' id='word_1_432' title='bbox 2755 1445 3020 1498; x_wconf 88' lang='lat' dir='ltr'><strong>intensius</strong></span> <span class='ocrx_word' id='word_1_433' title='bbox 3076 1444 3344 1498; x_wconf 83' lang='lat' dir='ltr'><strong>creatoris</strong></span> 
     </span>
    </p>
   </div>
   <div class='ocr_carea' id='block_1_70' title="bbox 1751 1518 3340 1606">
    <p class='ocr_par' dir='ltr' id='par_1_70' title="bbox 1751 1518 3340 1606">
     <span class='ocr_line' id='line_1_70' title="bbox 1751 1518 3340 1606; baseline -0.001 -16"><span class='ocrx_word' id='word_1_434' title='bbox 1751 1535 1833 1590; x_wconf 89' lang='lat' dir='ltr'><strong>sui</strong></span> <span class='ocrx_word' id='word_1_435' title='bbox 1868 1518 2115 1589; x_wconf 86' lang='lat' dir='ltr'><strong>laudibus</strong></span> <span class='ocrx_word' id='word_1_436' title='bbox 2135 1532 2430 1606; x_wconf 82' lang='lat' dir='ltr'><strong>{iusistat|,</strong></span> <span class='ocrx_word' id='word_1_437' title='bbox 2467 1543 2522 1589; x_wconf 90' lang='lat' dir='ltr'><strong>et</strong></span> <span class='ocrx_word' id='word_1_438' title='bbox 2556 1550 2652 1606; x_wconf 85' lang='lat' dir='ltr'><strong>nos</strong></span> <span class='ocrx_word' id='word_1_439' title='bbox 2678 1543 2988 1589; x_wconf 87' lang='lat' dir='ltr'><strong>sanctarum</strong></span> <span class='ocrx_word' id='word_1_440' title='bbox 3033 1536 3340 1591; x_wconf 85' lang='lat' dir='ltr'><strong>orationum</strong></span> 
     </span>
    </p>
   </div>
   <div class='ocr_carea' id='block_1_71' title="bbox 1752 1627 3342 1698">
    <p class='ocr_par' dir='ltr' id='par_1_71' title="bbox 1752 1627 3342 1698">
     <span class='ocr_line' id='line_1_71' title="bbox 1752 1627 3342 1698; baseline -0.001 -14"><span class='ocrx_word' id='word_1_441' title='bbox 1752 1627 2022 1698; x_wconf 74' lang='lat' dir='ltr'><strong>suffragiis</strong></span> <span class='ocrx_word' id='word_1_442' title='bbox 2065 1636 2414 1698; x_wconf 87' lang='lat' dir='ltr'><strong>peccatorum</strong></span> <span class='ocrx_word' id='word_1_443' title='bbox 2464 1642 2632 1682; x_wconf 87' lang='lat' dir='ltr'><strong>onere</strong></span> <span class='ocrx_word' id='word_1_444' title='bbox 2678 1627 3042 1682; x_wconf 87' lang='lat' dir='ltr'><strong>subleveumr.</strong></span> <span class='ocrx_word' id='word_1_445' title='bbox 3075 1628 3342 1694; x_wconf 75' lang='lat' dir='ltr'><strong>Quocirca</strong></span> 
     </span>
    </p>
   </div>
   <div class='ocr_carea' id='block_1_72' title="bbox 1751 1719 3346 1792">
    <p class='ocr_par' dir='ltr' id='par_1_72' title="bbox 1751 1719 3346 1792">
     <span class='ocr_line' id='line_1_72' title="bbox 1751 1719 3346 1792; baseline -0.001 -14"><span class='ocrx_word' id='word_1_446' title='bbox 1751 1730 2043 1792; x_wconf 88' lang='lat' dir='ltr'><strong>sequentes</strong></span> <span class='ocrx_word' id='word_1_447' title='bbox 2095 1721 2301 1777; x_wconf 81' lang='lat' dir='ltr'><strong>statuta</strong></span> <span class='ocrx_word' id='word_1_448' title='bbox 2351 1728 2664 1776; x_wconf 87' lang='lat' dir='ltr'><strong>sanctorum</strong></span> <span class='ocrx_word' id='word_1_449' title='bbox 2724 1719 3210 1787; x_wconf 68' lang='lat' dir='ltr'><strong>praedecessoruut</strong></span> <span class='ocrx_word' id='word_1_450' title='bbox 3244 1737 3346 1776; x_wconf 71' lang='lat' dir='ltr'><strong>no,-</strong></span> 
     </span>
    </p>
   </div>
   <div class='ocr_carea' id='block_1_73' title="bbox 1725 1811 3340 1880">
    <p class='ocr_par' dir='ltr' id='par_1_73' title="bbox 1725 1811 3340 1880">
     <span class='ocr_line' id='line_1_73' title="bbox 1725 1811 3340 1880; baseline -0.002 -10"><span class='ocrx_word' id='word_1_451' title='bbox 1725 1811 2412 1880; x_wconf 82' lang='lat' dir='ltr'><strong>_strorum,coniirmamus</strong></span> <span class='ocrx_word' id='word_1_452' title='bbox 2439 1811 2490 1866; x_wconf 92' lang='lat' dir='ltr'><strong>in</strong></span> <span class='ocrx_word' id='word_1_453' title='bbox 2505 1822 2825 1880; x_wconf 81' lang='lat' dir='ltr'><strong>perpetuum</strong></span> <span class='ocrx_word' id='word_1_454' title='bbox 2849 1812 3340 1868; x_wconf 84' lang='lat' dir='ltr'><strong>sancto&#39;Casinensi</strong></span> 
     </span>
    </p>
   </div>
   <div class='ocr_carea' id='block_1_74' title="bbox 1753 1901 3340 1980">
    <p class='ocr_par' dir='ltr' id='par_1_74' title="bbox 1753 1901 3340 1980">
     <span class='ocr_line' id='line_1_74' title="bbox 1753 1901 3340 1980; baseline -0.001 -20"><span class='ocrx_word' id='word_1_455' title='bbox 1753 1905 2008 1961; x_wconf 69' lang='lat' dir='ltr'><strong>coenobio</strong></span> <span class='ocrx_word' id='word_1_456' title='bbox 2041 1903 2302 1980; x_wconf 85' lang='lat' dir='ltr'><strong>quidquid</strong></span> <span class='ocrx_word' id='word_1_457' title='bbox 2325 1917 2357 1957; x_wconf 87' lang='lat' dir='ltr'><strong>a</strong></span> <span class='ocrx_word' id='word_1_458' title='bbox 2392 1904 2726 1976; x_wconf 77' lang='lat' dir='ltr'><strong>temporibus</strong></span> <span class='ocrx_word' id='word_1_459' title='bbox 2756 1901 2952 1957; x_wconf 86' lang='lat' dir='ltr'><strong>Justiui</strong></span> <span class='ocrx_word' id='word_1_460' title='bbox 2977 1914 3031 1955; x_wconf 85' lang='lat' dir='ltr'><strong>et.</strong></span> <span class='ocrx_word' id='word_1_461' title='bbox 3051 1902 3340 1958; x_wconf 86' lang='lat' dir='ltr'><strong>Justiniaui</strong></span> 
     </span>
    </p>
   </div>
   <div class='ocr_carea' id='block_1_75' title="bbox 1757 1994 3344 2069">
    <p class='ocr_par' dir='ltr' id='par_1_75' title="bbox 1757 1994 3344 2069">
     <span class='ocr_line' id='line_1_75' title="bbox 1757 1994 3344 2069; baseline -0.003 -16"><span class='ocrx_word' id='word_1_462' title='bbox 1757 2000 2148 2069; x_wconf 85' lang='lat' dir='ltr'><strong>imperatorum</strong></span> <span class='ocrx_word' id='word_1_463' title='bbox 2179 2010 2350 2066; x_wconf 89' lang='lat' dir='ltr'><strong>usque</strong></span> <span class='ocrx_word' id='word_1_464' title='bbox 2369 1995 2434 2050; x_wconf 88' lang='lat' dir='ltr'><strong>ad</strong></span> <span class='ocrx_word' id='word_1_465' title='bbox 2463 1995 2607 2049; x_wconf 91' lang='lat' dir='ltr'><strong>lumc</strong></span> <span class='ocrx_word' id='word_1_466' title='bbox 2634 1994 2774 2048; x_wconf 89' lang='lat' dir='ltr'><strong>diem</strong></span> <span class='ocrx_word' id='word_1_467' title='bbox 2802 1995 2976 2049; x_wconf 87' lang='lat' dir='ltr'><strong>cidem</strong></span> <span class='ocrx_word' id='word_1_468' title='bbox 3004 1994 3120 2050; x_wconf 88' lang='lat' dir='ltr'><strong>loco</strong></span> <span class='ocrx_word' id='word_1_469' title='bbox 3146 2010 3240 2064; x_wconf 88' lang='lat' dir='ltr'><strong>per</strong></span> <span class='ocrx_word' id='word_1_470' title='bbox 3271 2006 3344 2049; x_wconf 57' lang='lat' dir='ltr'><strong>l0?</strong></span> 
     </span>
    </p>
   </div>
   <div class='ocr_carea' id='block_1_76' title="bbox 1758 2083 3342 2148">
    <p class='ocr_par' dir='ltr' id='par_1_76' title="bbox 1758 2083 3342 2148">
     <span class='ocr_line' id='line_1_76' title="bbox 1758 2083 3342 2148; baseline -0.004 -4"><span class='ocrx_word' id='word_1_471' title='bbox 1758 2097 1871 2144; x_wconf 91' lang='lat' dir='ltr'><strong>tum</strong></span> <span class='ocrx_word' id='word_1_472' title='bbox 1900 2088 2090 2144; x_wconf 89' lang='lat' dir='ltr'><strong>orbem</strong></span> <span class='ocrx_word' id='word_1_473' title='bbox 2119 2093 2387 2141; x_wconf 88' lang='lat' dir='ltr'><strong>terrarum</strong></span> <span class='ocrx_word' id='word_1_474' title='bbox 2417 2083 2678 2148; x_wconf 89' lang='lat' dir='ltr'><strong>oblatmn,</strong></span> <span class='ocrx_word' id='word_1_475' title='bbox 2711 2099 3046 2148; x_wconf 83' lang='lat' dir='ltr'><strong>concessum,</strong></span> <span class='ocrx_word' id='word_1_476' title='bbox 3069 2085 3342 2140; x_wconf 84' lang='lat' dir='ltr'><strong>venditum</strong></span> 
     </span>
    </p>
   </div>
   <div class='ocr_carea' id='block_1_77' title="bbox 1757 2174 3392 2250">
    <p class='ocr_par' dir='ltr' id='par_1_77' title="bbox 1757 2174 3392 2250">
     <span class='ocr_line' id='line_1_77' title="bbox 1757 2174 3392 2250; baseline -0.005 -12"><span class='ocrx_word' id='word_1_477' title='bbox 1757 2182 1839 2238; x_wconf 86' lang='lat' dir='ltr'><strong>vel</strong></span> <span class='ocrx_word' id='word_1_478' title='bbox 1865 2187 2255 2238; x_wconf 86' lang='lat' dir='ltr'><strong>commutatum</strong></span> <span class='ocrx_word' id='word_1_479' title='bbox 2293 2187 2400 2243; x_wconf 88' lang='lat' dir='ltr'><strong>est,</strong></span> <span class='ocrx_word' id='word_1_480' title='bbox 2431 2179 2552 2250; x_wconf 13' lang='lat' dir='ltr'><strong>sive,</strong></span> <span class='ocrx_word' id='word_1_481' title='bbox 2577 2178 2720 2248; x_wconf 86' lang='lat' dir='ltr'><strong>quod</strong></span> <span class='ocrx_word' id='word_1_482' title='bbox 2744 2177 2938 2232; x_wconf 86' lang='lat' dir='ltr'><strong>amodo</strong></span> <span class='ocrx_word' id='word_1_483' title='bbox 2961 2175 3340 2232; x_wconf 82' lang='lat' dir='ltr'><strong>et&#39;iufuturum</strong></span> <span class='ocrx_word' id='word_1_484' title='bbox 3390 2174 3392 2176; x_wconf 71' lang='grc'>’</span> 
     </span>
    </p>
   </div>
   <div class='ocr_carea' id='block_1_78' title="bbox 1757 2268 3346 2344">
    <p class='ocr_par' dir='ltr' id='par_1_78' title="bbox 1757 2268 3346 2344">
     <span class='ocr_line' id='line_1_78' title="bbox 1757 2268 3346 2344; baseline -0.004 -16"><span class='ocrx_word' id='word_1_485' title='bbox 1757 2283 1968 2344; x_wconf 88' lang='lat' dir='ltr'><strong>tempus</strong></span> <span class='ocrx_word' id='word_1_486' title='bbox 1999 2271 2148 2342; x_wconf 88' lang='lat' dir='ltr'><strong>juste</strong></span> <span class='ocrx_word' id='word_1_487' title='bbox 2196 2279 2252 2326; x_wconf 91' lang='lat' dir='ltr'><strong>et</strong></span> <span class='ocrx_word' id='word_1_488' title='bbox 2299 2269 2559 2326; x_wconf 87' lang='lat' dir='ltr'><strong>canonice</strong></span> <span class='ocrx_word' id='word_1_489' title='bbox 2591 2270 2791 2340; x_wconf 91' lang='lat' dir='ltr'><strong>poterit</strong></span> <span class='ocrx_word' id='word_1_490' title='bbox 2836 2269 3085 2338; x_wconf 88' lang='lat' dir='ltr'><strong>adipisci.</strong></span> <span class='ocrx_word' id='word_1_491' title='bbox 3135 2268 3346 2323; x_wconf 74' lang='lat' dir='ltr'><strong>Confirs-</strong></span> 
     </span>
    </p>
   </div>
   <div class='ocr_carea' id='block_1_79' title="bbox 1757 2361 3345 2434">
    <p class='ocr_par' dir='ltr' id='par_1_79' title="bbox 1757 2361 3345 2434">
     <span class='ocr_line' id='line_1_79' title="bbox 1757 2361 3345 2434; baseline -0.003 -13"><span class='ocrx_word' id='word_1_492' title='bbox 1757 2374 1966 2422; x_wconf 90' lang='lat' dir='ltr'><strong>mantes</strong></span> <span class='ocrx_word' id='word_1_493' title='bbox 2005 2365 2230 2434; x_wconf 91' lang='lat' dir='ltr'><strong>insuper</strong></span> <span class='ocrx_word' id='word_1_494' title='bbox 2257 2366 2440 2418; x_wconf 89' lang='lat' dir='ltr'><strong>omnia</strong></span> <span class='ocrx_word' id='word_1_495' title='bbox 2470 2362 2752 2432; x_wconf 81' lang='lat' dir='ltr'><strong>privilegia</strong></span> <span class='ocrx_word' id='word_1_496' title='bbox 2799 2361 3168 2416; x_wconf 85' lang='lat' dir='ltr'><strong>Romanorum</strong></span> <span class='ocrx_word' id='word_1_497' title='bbox 3209 2378 3345 2433; x_wconf 91' lang='lat' dir='ltr'><strong>pou-</strong></span> 
     </span>
    </p>
   </div>
   <div class='ocr_carea' id='block_1_80' title="bbox 1758 2456 3345 2529">
    <p class='ocr_par' dir='ltr' id='par_1_80' title="bbox 1758 2456 3345 2529">
     <span class='ocr_line' id='line_1_80' title="bbox 1758 2456 3345 2529; baseline -0.004 -16"><span class='ocrx_word' id='word_1_498' title='bbox 1758 2458 1980 2521; x_wconf 82' lang='lat' dir='ltr'><strong>tificum,</strong></span> <span class='ocrx_word' id='word_1_499' title='bbox 2033 2456 2767 2529; x_wconf 71' lang='lat' dir='ltr'><strong>prazceptaimperatorum,</strong></span> <span class='ocrx_word' id='word_1_500' title='bbox 2812 2471 3020 2525; x_wconf 83' lang='lat' dir='ltr'><strong>regum,</strong></span> <span class='ocrx_word' id='word_1_501' title='bbox 3080 2456 3345 2511; x_wconf 85' lang='lat' dir='ltr'><strong>marcltio:-</strong></span> 
     </span>
    </p>
   </div>
   <div class='ocr_carea' id='block_1_81' title="bbox 1757 2547 3346 2619">
    <p class='ocr_par' dir='ltr' id='par_1_81' title="bbox 1757 2547 3346 2619">
     <span class='ocr_line' id='line_1_81' title="bbox 1757 2547 3346 2619; baseline -0.003 -14"><span class='ocrx_word' id='word_1_502' title='bbox 1757 2567 1910 2618; x_wconf 88' lang='lat' dir='ltr'><strong>nttm,</strong></span> <span class='ocrx_word' id='word_1_503' title='bbox 1959 2556 2154 2605; x_wconf 86' lang='lat' dir='ltr'><strong>ducum</strong></span> <span class='ocrx_word' id='word_1_504' title='bbox 2190 2557 2246 2603; x_wconf 89' lang='lat' dir='ltr'><strong>et</strong></span> <span class='ocrx_word' id='word_1_505' title='bbox 2291 2548 2618 2619; x_wconf 84' lang='lat' dir='ltr'><strong>principum.</strong></span> <span class='ocrx_word' id='word_1_506' title='bbox 2651 2557 2707 2604; x_wconf 90' lang='lat' dir='ltr'><strong>et</strong></span> <span class='ocrx_word' id='word_1_507' title='bbox 2738 2547 3040 2602; x_wconf 90' lang='lat' dir='ltr'><strong>oblationes</strong></span> <span class='ocrx_word' id='word_1_508' title='bbox 3086 2558 3346 2617; x_wconf 89' lang='lat' dir='ltr'><strong>quorum-</strong></span> 
     </span>
    </p>
   </div>
   <div class='ocr_carea' id='block_1_82' title="bbox 1757 2640 3345 2714">
    <p class='ocr_par' dir='ltr' id='par_1_82' title="bbox 1757 2640 3345 2714">
     <span class='ocr_line' id='line_1_82' title="bbox 1757 2640 3345 2714; baseline -0.003 -16"><span class='ocrx_word' id='word_1_509' title='bbox 1757 2656 1972 2712; x_wconf 90' lang='lat' dir='ltr'><strong>cuuque</strong></span> <span class='ocrx_word' id='word_1_510' title='bbox 1997 2640 2258 2706; x_wconf 82' lang='lat' dir='ltr'><strong>ﬁdelium,</strong></span> <span class='ocrx_word' id='word_1_511' title='bbox 2288 2656 2410 2712; x_wconf 78' lang='lat' dir='ltr'><strong>qurc</strong></span> <span class='ocrx_word' id='word_1_512' title='bbox 2441 2641 2510 2714; x_wconf 80' lang='grc' dir='ltr'><strong>Β.</strong></span> <span class='ocrx_word' id='word_1_513' title='bbox 2542 2641 2836 2696; x_wconf 86' lang='lat' dir='ltr'><strong>Benedicto</strong></span> <span class='ocrx_word' id='word_1_514' title='bbox 2871 2648 2926 2695; x_wconf 90' lang='lat' dir='ltr'><strong>et</strong></span> <span class='ocrx_word' id='word_1_515' title='bbox 2964 2655 3060 2710; x_wconf 88' lang='lat' dir='ltr'><strong>per</strong></span> <span class='ocrx_word' id='word_1_516' title='bbox 3087 2656 3211 2695; x_wconf 88' lang='lat' dir='ltr'><strong>eum</strong></span> <span class='ocrx_word' id='word_1_517' title='bbox 3241 2643 3345 2694; x_wconf 79' lang='lat' dir='ltr'><strong>(Ia-</strong></span> 
     </span>
    </p>
   </div>
   <div class='ocr_carea' id='block_1_83' title="bbox 1757 2733 3344 2803">
    <p class='ocr_par' dir='ltr' id='par_1_83' title="bbox 1757 2733 3344 2803">
     <span class='ocr_line' id='line_1_83' title="bbox 1757 2733 3344 2803; baseline -0.004 -13"><span class='ocrx_word' id='word_1_518' title='bbox 1757 2735 1960 2790; x_wconf 89' lang='lat' dir='ltr'><strong>sinensi</strong></span> <span class='ocrx_word' id='word_1_519' title='bbox 1987 2734 2237 2790; x_wconf 88' lang='lat' dir='ltr'><strong>coenobio</strong></span> <span class='ocrx_word' id='word_1_520' title='bbox 2267 2748 2526 2789; x_wconf 88' lang='lat' dir='ltr'><strong>concessa</strong></span> <span class='ocrx_word' id='word_1_521' title='bbox 2561 2743 2706 2788; x_wconf 91' lang='lat' dir='ltr'><strong>sunt.</strong></span> <span class='ocrx_word' id='word_1_522' title='bbox 2736 2733 2791 2786; x_wconf 89' lang='lat' dir='ltr'><strong>Si</strong></span> <span class='ocrx_word' id='word_1_523' title='bbox 2825 2748 2945 2803; x_wconf 71' lang='lat' dir='ltr'><strong>quae</strong></span> <span class='ocrx_word' id='word_1_524' title='bbox 2985 2747 3116 2788; x_wconf 87' lang='lat' dir='ltr'><strong>sane</strong></span> <span class='ocrx_word' id='word_1_525' title='bbox 3166 2733 3219 2803; x_wconf 81' lang='lat' dir='ltr'><strong>in</strong></span> <span class='ocrx_word' id='word_1_526' title='bbox 3248 2749 3344 2803; x_wconf 86' lang='lat' dir='ltr'><strong>pn-</strong></span> 
     </span>
    </p>
   </div>
   <div class='ocr_carea' id='block_1_84' title="bbox 1757 2824 3346 2895">
    <p class='ocr_par' dir='ltr' id='par_1_84' title="bbox 1757 2824 3346 2895">
     <span class='ocr_line' id='line_1_84' title="bbox 1757 2824 3346 2895; baseline -0.002 -15"><span class='ocrx_word' id='word_1_527' title='bbox 1757 2835 1988 2891; x_wconf 88' lang='lat' dir='ltr'><strong>sterum,</strong></span> <span class='ocrx_word' id='word_1_528' title='bbox 2039 2824 2430 2891; x_wconf 87' lang='lat' dir='ltr'><strong>ecclesiastica,</strong></span> <span class='ocrx_word' id='word_1_529' title='bbox 2481 2825 2868 2895; x_wconf 75' lang='lat' dir='ltr'><strong>smculartsque</strong></span> <span class='ocrx_word' id='word_1_530' title='bbox 2900 2839 3156 2894; x_wconf 81' lang='lat' dir='ltr'><strong>persona.</strong></span> <span class='ocrx_word' id='word_1_531' title='bbox 3209 2826 3346 2879; x_wconf 70' lang='lat' dir='ltr'><strong>liauc</strong></span> 
     </span>
    </p>
   </div>
   <div class='ocr_carea' id='block_1_85' title="bbox 1759 2915 3344 2986">
    <p class='ocr_par' dir='ltr' id='par_1_85' title="bbox 1759 2915 3344 2986">
     <span class='ocr_line' id='line_1_85' title="bbox 1759 2915 3344 2986; baseline -0.001 -17"><span class='ocrx_word' id='word_1_532' title='bbox 1759 2925 1958 2971; x_wconf 68' lang='lat' dir='ltr'><strong>nostrzc</strong></span> <span class='ocrx_word' id='word_1_533' title='bbox 2003 2915 2408 2976; x_wconf 85' lang='lat' dir='ltr'><strong>constitutionis</strong></span> <span class='ocrx_word' id='word_1_534' title='bbox 2448 2916 2626 2977; x_wconf 79' lang='lat' dir='ltr'><strong>sciens</strong></span> <span class='ocrx_word' id='word_1_535' title='bbox 2667 2918 2946 2986; x_wconf 82' lang='lat' dir='ltr'><strong>paginam,</strong></span> <span class='ocrx_word' id='word_1_536' title='bbox 2992 2925 3181 2971; x_wconf 89' lang='lat' dir='ltr'><strong>contra</strong></span> <span class='ocrx_word' id='word_1_537' title='bbox 3224 2932 3344 2969; x_wconf 84' lang='lat' dir='ltr'><strong>eam</strong></span> 
     </span>
    </p>
   </div>
   <div class='ocr_carea' id='block_1_86' title="bbox 1761 3009 3348 3075">
    <p class='ocr_par' dir='ltr' id='par_1_86' title="bbox 1761 3009 3348 3075">
     <span class='ocr_line' id='line_1_86' title="bbox 1761 3009 3348 3075; baseline 0.001 -15"><span class='ocrx_word' id='word_1_538' title='bbox 1761 3014 1966 3063; x_wconf 88' lang='lat' dir='ltr'><strong>temere</strong></span> <span class='ocrx_word' id='word_1_539' title='bbox 2001 3009 2191 3064; x_wconf 88' lang='lat' dir='ltr'><strong>venire</strong></span> <span class='ocrx_word' id='word_1_540' title='bbox 2228 3009 2539 3075; x_wconf 90' lang='lat' dir='ltr'><strong>tcntaverit,</strong></span> <span class='ocrx_word' id='word_1_541' title='bbox 2573 3011 2812 3067; x_wconf 85' lang='lat' dir='ltr'><strong>secundo</strong></span> <span class='ocrx_word' id='word_1_542' title='bbox 2846 3014 3072 3066; x_wconf 85' lang='lat' dir='ltr'><strong>tertiove</strong></span> <span class='ocrx_word' id='word_1_543' title='bbox 3107 3025 3348 3066; x_wconf 86' lang='lat' dir='ltr'><strong>commo-</strong></span> 
     </span>
    </p>
   </div>
   <div class='ocr_carea' id='block_1_87' title="bbox 1760 3099 3346 3174">
    <p class='ocr_par' dir='ltr' id='par_1_87' title="bbox 1760 3099 3346 3174">
     <span class='ocr_line' id='line_1_87' title="bbox 1760 3099 3346 3174; baseline 0.002 -21"><span class='ocrx_word' id='word_1_544' title='bbox 1760 3099 1892 3164; x_wconf 86' lang='lat' dir='ltr'><strong>nita,</strong></span> <span class='ocrx_word' id='word_1_545' title='bbox 1916 3099 2665 3162; x_wconf 70' lang='lat' dir='ltr'><strong>secundumsatisfactionem</strong></span> <span class='ocrx_word' id='word_1_546' title='bbox 2698 3117 2994 3174; x_wconf 78' lang='lat' dir='ltr'><strong>congruam</strong></span> <span class='ocrx_word' id='word_1_547' title='bbox 3025 3120 3130 3158; x_wconf 91' lang='lat' dir='ltr'><strong>non</strong></span> <span class='ocrx_word' id='word_1_548' title='bbox 3157 3119 3346 3159; x_wconf 79' lang='lat' dir='ltr'><strong>emcn-</strong></span> 
     </span>
    </p>
   </div>
   <div class='ocr_carea' id='block_1_88' title="bbox 1761 3192 3346 3266">
    <p class='ocr_par' dir='ltr' id='par_1_88' title="bbox 1761 3192 3346 3266">
     <span class='ocr_line' id='line_1_88' title="bbox 1761 3192 3346 3266; baseline 0.001 -19"><span class='ocrx_word' id='word_1_549' title='bbox 1761 3192 1993 3257; x_wconf 89' lang='lat' dir='ltr'><strong>daverit,</strong></span> <span class='ocrx_word' id='word_1_550' title='bbox 2039 3194 2329 3263; x_wconf 89' lang='lat' dir='ltr'><strong>potestatis</strong></span> <span class='ocrx_word' id='word_1_551' title='bbox 2367 3193 2658 3249; x_wconf 86' lang='lat' dir='ltr'><strong>honorisve</strong></span> <span class='ocrx_word' id='word_1_552' title='bbox 2698 3196 2780 3250; x_wconf 89' lang='lat' dir='ltr'><strong>sui</strong></span> <span class='ocrx_word' id='word_1_553' title='bbox 2827 3196 3091 3266; x_wconf 85' lang='lat' dir='ltr'><strong>dignitate</strong></span> <span class='ocrx_word' id='word_1_554' title='bbox 3138 3199 3346 3259; x_wconf 67' lang='lat' dir='ltr'><strong>&#39;careat,</strong></span> 
     </span>
    </p>
   </div>
   <div class='ocr_carea' id='block_1_89' title="bbox 1760 3285 3349 3359">
    <p class='ocr_par' dir='ltr' id='par_1_89' title="bbox 1760 3285 3349 3359">
     <span class='ocr_line' id='line_1_89' title="bbox 1760 3285 3349 3359; baseline 0.003 -19"><span class='ocrx_word' id='word_1_555' title='bbox 1760 3298 2022 3355; x_wconf 87' lang='lat' dir='ltr'><strong>reamque</strong></span> <span class='ocrx_word' id='word_1_556' title='bbox 2052 3298 2112 3340; x_wconf 87' lang='lat' dir='ltr'><strong>se</strong></span> <span class='ocrx_word' id='word_1_557' title='bbox 2149 3285 2332 3340; x_wconf 88' lang='lat' dir='ltr'><strong>divino</strong></span> <span class='ocrx_word' id='word_1_558' title='bbox 2360 3285 2568 3356; x_wconf 89' lang='lat' dir='ltr'><strong>judicio</strong></span> <span class='ocrx_word' id='word_1_559' title='bbox 2601 3286 2669 3341; x_wconf 90' lang='lat' dir='ltr'><strong>de</strong></span> <span class='ocrx_word' id='word_1_560' title='bbox 2704 3297 3010 3358; x_wconf 86' lang='lat' dir='ltr'><strong>perpetrata</strong></span> <span class='ocrx_word' id='word_1_561' title='bbox 3065 3288 3349 3359; x_wconf 83' lang='lat' dir='ltr'><strong>iniquitate</strong></span> 
     </span>
    </p>
   </div>
   <div class='ocr_carea' id='block_1_90' title="bbox 1682 3377 3348 3460">
    <p class='ocr_par' dir='ltr' id='par_1_90' title="bbox 1682 3377 3348 3460">
     <span class='ocr_line' id='line_1_90' title="bbox 1682 3377 3348 3460; baseline 0.002 -29"><span class='ocrx_word' id='word_1_562' title='bbox 1682 3397 1728 3460; x_wconf 71' lang='grc' dir='ltr'>ο</span> <span class='ocrx_word' id='word_1_563' title='bbox 1759 3384 2070 3451; x_wconf 81' lang='lat' dir='ltr'><strong>cognoscat,</strong></span> <span class='ocrx_word' id='word_1_564' title='bbox 2099 3385 2154 3433; x_wconf 88' lang='lat' dir='ltr'><strong>et</strong></span> <span class='ocrx_word' id='word_1_565' title='bbox 2181 3393 2210 3431; x_wconf 87' lang='lat' dir='ltr'><strong>a</strong></span> <span class='ocrx_word' id='word_1_566' title='bbox 2242 3377 2662 3434; x_wconf 86' lang='lat' dir='ltr'><strong>sanctissimoet</strong></span> <span class='ocrx_word' id='word_1_567' title='bbox 2693 3380 3064 3434; x_wconf 86' lang='lat' dir='ltr'><strong>sacratissimo</strong></span> <span class='ocrx_word' id='word_1_568' title='bbox 3083 3382 3348 3450; x_wconf 78' lang='lat' dir='ltr'><strong>&#39;sauguiuo</strong></span> 
     </span>
    </p>
   </div>
   <div class='ocr_carea' id='block_1_91' title="bbox 1760 3465 3346 3538">
    <p class='ocr_par' dir='ltr' id='par_1_91' title="bbox 1760 3465 3346 3538">
     <span class='ocr_line' id='line_1_91' title="bbox 1760 3465 3346 3538; baseline 0.003 -18"><span class='ocrx_word' id='word_1_569' title='bbox 1760 3467 1853 3520; x_wconf 92' lang='lat' dir='ltr'><strong>Dei</strong></span> <span class='ocrx_word' id='word_1_570' title='bbox 1875 3475 1931 3521; x_wconf 88' lang='lat' dir='ltr'><strong>et</strong></span> <span class='ocrx_word' id='word_1_571' title='bbox 1957 3465 2171 3522; x_wconf 88' lang='lat' dir='ltr'><strong>Domini</strong></span> <span class='ocrx_word' id='word_1_572' title='bbox 2197 3468 2775 3538; x_wconf 77' lang='lat' dir='ltr'><strong>Redemptorisuostri</strong></span> <span class='ocrx_word' id='word_1_573' title='bbox 2801 3468 3144 3525; x_wconf 82' lang='lat' dir='ltr'><strong>JesuChristi</strong></span> <span class='ocrx_word' id='word_1_574' title='bbox 3169 3471 3346 3526; x_wconf 89' lang='lat' dir='ltr'><strong>aliena</strong></span> 
     </span>
    </p>
   </div>
   <div class='ocr_carea' id='block_1_92' title="bbox 1759 3559 3350 3629">
    <p class='ocr_par' dir='ltr' id='par_1_92' title="bbox 1759 3559 3350 3629">
     <span class='ocr_line' id='line_1_92' title="bbox 1759 3559 3350 3629; baseline 0.001 -15"><span class='ocrx_word' id='word_1_575' title='bbox 1759 3559 1872 3627; x_wconf 87' lang='lat' dir='ltr'><strong>fiat,</strong></span> <span class='ocrx_word' id='word_1_576' title='bbox 1906 3567 2072 3629; x_wconf 84' lang='lat' dir='ltr'><strong>atque</strong></span> <span class='ocrx_word' id='word_1_577' title='bbox 2099 3559 2152 3614; x_wconf 92' lang='lat' dir='ltr'><strong>in</strong></span> <span class='ocrx_word' id='word_1_578' title='bbox 2177 3568 2422 3616; x_wconf 78' lang='lat' dir='ltr'><strong>extremo</strong></span> <span class='ocrx_word' id='word_1_579' title='bbox 2451 3561 2704 3616; x_wconf 82' lang='lat' dir='ltr'><strong>examine</strong></span> <span class='ocrx_word' id='word_1_580' title='bbox 2726 3561 2984 3617; x_wconf 77' lang='lat' dir='ltr'><strong>districta:</strong></span> <span class='ocrx_word' id='word_1_581' title='bbox 3011 3562 3350 3624; x_wconf 61' lang='lat' dir='ltr'><strong>UlliOIIiSth</strong></span> 
     </span>
    </p>
   </div>
   <div class='ocr_carea' id='block_1_93' title="bbox 1752 3649 3350 3724">
    <p class='ocr_par' dir='ltr' id='par_1_93' title="bbox 1752 3649 3350 3724">
     <span class='ocr_line' id='line_1_93' title="bbox 1752 3649 3350 3724; baseline 0.004 -21"><span class='ocrx_word' id='word_1_582' title='bbox 1752 3649 1952 3720; x_wconf 90' lang='lat' dir='ltr'><strong>jaceat.</strong></span> <span class='ocrx_word' id='word_1_583' title='bbox 1968 3649 2190 3706; x_wconf 88' lang='lat' dir='ltr'><strong>Cunctis</strong></span> <span class='ocrx_word' id='word_1_584' title='bbox 2210 3661 2387 3705; x_wconf 90' lang='lat' dir='ltr'><strong>autem</strong></span> <span class='ocrx_word' id='word_1_585' title='bbox 2407 3651 2582 3724; x_wconf 85' lang='lat' dir='ltr'><strong>eidem</strong></span> <span class='ocrx_word' id='word_1_586' title='bbox 2598 3651 2876 3720; x_wconf 73' lang='lat' dir='ltr'><strong>loco-iusta</strong></span> <span class='ocrx_word' id='word_1_587' title='bbox 2899 3656 3246 3710; x_wconf 82' lang='lat' dir='ltr'><strong>servantibus</strong></span> <span class='ocrx_word' id='word_1_588' title='bbox 3279 3657 3350 3710; x_wconf 87' lang='lat' dir='ltr'><strong>sit</strong></span> 
     </span>
    </p>
   </div>
   <div class='ocr_carea' id='block_1_94' title="bbox 1759 3740 3348 3815">
    <p class='ocr_par' dir='ltr' id='par_1_94' title="bbox 1759 3740 3348 3815">
     <span class='ocr_line' id='line_1_94' title="bbox 1759 3740 3348 3815; baseline 0.004 -21"><span class='ocrx_word' id='word_1_589' title='bbox 1759 3758 1862 3812; x_wconf 76' lang='lat' dir='ltr'><strong>pax</strong></span> <span class='ocrx_word' id='word_1_590' title='bbox 1890 3742 2102 3798; x_wconf 91' lang='lat' dir='ltr'><strong>Domini</strong></span> <span class='ocrx_word' id='word_1_591' title='bbox 2142 3740 2270 3799; x_wconf 78' lang='lat' dir='ltr'><strong>Jesu</strong></span> <span class='ocrx_word' id='word_1_592' title='bbox 2296 3742 2521 3809; x_wconf 83' lang='lat' dir='ltr'><strong>Christi,</strong></span> <span class='ocrx_word' id='word_1_593' title='bbox 2576 3752 2841 3815; x_wconf 90' lang='lat' dir='ltr'><strong>quatenus</strong></span> <span class='ocrx_word' id='word_1_594' title='bbox 2887 3755 2942 3800; x_wconf 92' lang='lat' dir='ltr'><strong>et</strong></span> <span class='ocrx_word' id='word_1_595' title='bbox 3003 3747 3055 3801; x_wconf 91' lang='lat' dir='ltr'><strong>iu</strong></span> <span class='ocrx_word' id='word_1_596' title='bbox 3105 3746 3348 3802; x_wconf 83' lang='lat' dir='ltr'><strong>futurum</strong></span> 
     </span>
    </p>
   </div>
   <div class='ocr_carea' id='block_1_95' title="bbox 1762 3834 3350 3910">
    <p class='ocr_par' dir='ltr' id='par_1_95' title="bbox 1762 3834 3350 3910">
     <span class='ocr_line' id='line_1_95' title="bbox 1762 3834 3350 3910; baseline 0.003 -23"><span class='ocrx_word' id='word_1_597' title='bbox 1762 3834 1918 3888; x_wconf 59' lang='lat' dir='ltr'><strong>bona:</strong></span> <span class='ocrx_word' id='word_1_598' title='bbox 1949 3835 2179 3910; x_wconf 86' lang='lat' dir='ltr'><strong>actionis</strong></span> <span class='ocrx_word' id='word_1_599' title='bbox 2201 3835 2510 3898; x_wconf 84' lang='lat' dir='ltr'><strong>mercedem</strong></span> <span class='ocrx_word' id='word_1_600' title='bbox 2531 3835 2869 3906; x_wconf 85' lang='lat' dir='ltr'><strong>percipiunt,</strong></span> <span class='ocrx_word' id='word_1_601' title='bbox 2901 3847 2958 3892; x_wconf 90' lang='lat' dir='ltr'><strong>et</strong></span> <span class='ocrx_word' id='word_1_602' title='bbox 3000 3838 3139 3906; x_wconf 84' lang='lat' dir='ltr'><strong>apud</strong></span> <span class='ocrx_word' id='word_1_603' title='bbox 3167 3839 3350 3892; x_wconf 81' lang='lat' dir='ltr'><strong>distri-</strong></span> 
     </span>
    </p>
   </div>
   <div class='ocr_carea' id='block_1_96' title="bbox 1763 3923 3206 3998">
    <p class='ocr_par' dir='ltr' id='par_1_96' title="bbox 1763 3923 3206 3998">
     <span class='ocr_line' id='line_1_96' title="bbox 1763 3923 3206 3998; baseline 0.004 -22"><span class='ocrx_word' id='word_1_604' title='bbox 1763 3932 1909 3977; x_wconf 87' lang='lat' dir='ltr'><strong>ctum</strong></span> <span class='ocrx_word' id='word_1_605' title='bbox 1945 3923 2184 3990; x_wconf 89' lang='lat' dir='ltr'><strong>judicem</strong></span> <span class='ocrx_word' id='word_1_606' title='bbox 2220 3926 2441 3997; x_wconf 70' lang='lat' dir='ltr'><strong>prmmia</strong></span> <span class='ocrx_word' id='word_1_607' title='bbox 2469 3935 2688 3982; x_wconf 82' lang='lat' dir='ltr'><strong>aeterme</strong></span> <span class='ocrx_word' id='word_1_608' title='bbox 2716 3928 2871 3998; x_wconf 88' lang='lat' dir='ltr'><strong>pacis</strong></span> <span class='ocrx_word' id='word_1_609' title='bbox 2906 3929 3206 3984; x_wconf 88' lang='lat' dir='ltr'><strong>inveniant.</strong></span> 
     </span>
    </p>
   </div>
   <div class='ocr_carea' id='block_1_97' title="bbox 1836 4013 2193 4081">
    <p class='ocr_par' dir='ltr' id='par_1_97' title="bbox 1836 4013 2193 4081">
     <span class='ocr_line' id='line_1_97' title="bbox 1836 4013 2193 4081; baseline 0.006 -13"><span class='ocrx_word' id='word_1_610' title='bbox 1836 4013 2054 4081; x_wconf 87' lang='lat' dir='ltr'><strong>Datum,</strong></span> <span class='ocrx_word' id='word_1_611' title='bbox 2086 4024 2193 4070; x_wconf 90' lang='lat' dir='ltr'><strong>etc.</strong></span> 
     </span>
    </p>
   </div>
   <div class='ocr_carea' id='block_1_98' title="bbox 2462 4193 2658 4251">
    <p class='ocr_par' dir='ltr' id='par_1_98' title="bbox 2462 4193 2658 4251">
     <span class='ocr_line' id='line_1_98' title="bbox 2462 4193 2658 4251; baseline -0.005 0"><span class='ocrx_word' id='word_1_612' title='bbox 2462 4193 2658 4251; x_wconf 74' lang='lat' dir='ltr'><strong>CCC&quot;.</strong></span> 
     </span>
    </p>
   </div>
   <div class='ocr_carea' id='block_1_99' title="bbox 1767 4325 3355 4403">
    <p class='ocr_par' dir='ltr' id='par_1_99' title="bbox 1767 4325 3355 4403">
     <span class='ocr_line' id='line_1_99' title="bbox 1767 4325 3355 4403; baseline 0.004 -22"><span class='ocrx_word' id='word_1_613' title='bbox 1767 4325 2012 4403; x_wconf 64' lang='lat' dir='ltr'><strong>Urbanus</strong></span> <span class='ocrx_word' id='word_1_614' title='bbox 2048 4327 2220 4403; x_wconf 69' lang='lat' dir='ltr'><strong>Petro</strong></span> <span class='ocrx_word' id='word_1_615' title='bbox 2259 4329 2638 4403; x_wconf 80' lang='lat' dir='ltr'><strong>Hispaniarum</strong></span> <span class='ocrx_word' id='word_1_616' title='bbox 2681 4331 2791 4400; x_wconf 84' lang='lat' dir='ltr'><strong>regi</strong></span> <span class='ocrx_word' id='word_1_617' title='bbox 2829 4333 3044 4403; x_wconf 80' lang='lat' dir='ltr'><strong>ejusque</strong></span> <span class='ocrx_word' id='word_1_618' title='bbox 3089 4349 3355 4388; x_wconf 70' lang='lat' dir='ltr'><strong>successo-</strong></span> 
     </span>
    </p>
   </div>
   <div class='ocr_carea' id='block_1_100' title="bbox 1840 4401 3356 4467">
    <p class='ocr_par' dir='ltr' id='par_1_100' title="bbox 1840 4401 3356 4467">
     <span class='ocr_line' id='line_1_100' title="bbox 1840 4401 3356 4467; baseline 0.002 -16"><span class='ocrx_word' id='word_1_619' title='bbox 1840 4401 2109 4467; x_wconf 84' lang='lat' dir='ltr'><strong>ribus_rite</strong></span> <span class='ocrx_word' id='word_1_620' title='bbox 2137 4401 2514 4456; x_wconf 83' lang='lat' dir='ltr'><strong>substituendis</strong></span> <span class='ocrx_word' id='word_1_621' title='bbox 2540 4403 2772 4457; x_wconf 84' lang='lat' dir='ltr'><strong>concedit</strong></span> <span class='ocrx_word' id='word_1_622' title='bbox 2805 4422 2821 4453; x_wconf 79' lang='grc' dir='ltr'>ι</span> <span class='ocrx_word' id='word_1_623' title='bbox 2856 4401 2913 4455; x_wconf 85' lang='lat' dir='ltr'><strong>ut</strong></span> <span class='ocrx_word' id='word_1_624' title='bbox 2942 4401 3186 4457; x_wconf 64' lang='lat' dir='ltr'><strong>ecclesias</strong></span> <span class='ocrx_word' id='word_1_625' title='bbox 3210 4405 3356 4456; x_wconf 73' lang='lat' dir='ltr'><strong>t-ilt’n-</strong></span> 
     </span>
    </p>
   </div>
   <div class='ocr_carea' id='block_1_101' title="bbox 1841 4473 3354 4543">
    <p class='ocr_par' dir='ltr' id='par_1_101' title="bbox 1841 4473 3354 4543">
     <span class='ocr_line' id='line_1_101' title="bbox 1841 4473 3354 4543; baseline 0.003 -22"><span class='ocrx_word' id='word_1_626' title='bbox 1841 4486 1977 4533; x_wconf 85' lang='lat' dir='ltr'><strong>runt,</strong></span> <span class='ocrx_word' id='word_1_627' title='bbox 2007 4480 2113 4524; x_wconf 82' lang='lat' dir='ltr'><strong>tam</strong></span> <span class='ocrx_word' id='word_1_628' title='bbox 2141 4487 2321 4525; x_wconf 88' lang='lat' dir='ltr'><strong>earum</strong></span> <span class='ocrx_word' id='word_1_629' title='bbox 2347 4489 2478 4543; x_wconf 86' lang='lat' dir='ltr'><strong>quas</strong></span> <span class='ocrx_word' id='word_1_630' title='bbox 2501 4474 2556 4526; x_wconf 88' lang='lat' dir='ltr'><strong>in</strong></span> <span class='ocrx_word' id='word_1_631' title='bbox 2585 4473 2972 4528; x_wconf 86' lang='lat' dir='ltr'><strong>Saracenorum</strong></span> <span class='ocrx_word' id='word_1_632' title='bbox 2997 4477 3148 4528; x_wconf 79' lang='lat' dir='ltr'><strong>terris</strong></span> <span class='ocrx_word' id='word_1_633' title='bbox 3171 4491 3354 4542; x_wconf 78' lang='lat' dir='ltr'><strong>Cupetc</strong></span> 
     </span>
    </p>
   </div>
   <div class='ocr_carea' id='block_1_102' title="bbox 1839 4543 3356 4615">
    <p class='ocr_par' dir='ltr' id='par_1_102' title="bbox 1839 4543 3356 4615">
     <span class='ocr_line' id='line_1_102' title="bbox 1839 4543 3356 4615; baseline 0.001 -23"><span class='ocrx_word' id='word_1_634' title='bbox 1839 4543 2123 4615; x_wconf 71' lang='lat' dir='ltr'><strong>potuerint,</strong></span> <span class='ocrx_word' id='word_1_635' title='bbox 2156 4559 2313 4612; x_wconf 86' lang='lat' dir='ltr'><strong>quam</strong></span> <span class='ocrx_word' id='word_1_636' title='bbox 2340 4560 2523 4615; x_wconf 83' lang='lat' dir='ltr'><strong>earum</strong></span> <span class='ocrx_word' id='word_1_637' title='bbox 2547 4561 2678 4615; x_wconf 84' lang='lat' dir='ltr'><strong>quas</strong></span> <span class='ocrx_word' id='word_1_638' title='bbox 2706 4544 2804 4614; x_wconf 88' lang='lat' dir='ltr'><strong>ipsi</strong></span> <span class='ocrx_word' id='word_1_639' title='bbox 2833 4546 2886 4598; x_wconf 87' lang='lat' dir='ltr'><strong>in</strong></span> <span class='ocrx_word' id='word_1_640' title='bbox 2906 4561 3063 4613; x_wconf 84' lang='lat' dir='ltr'><strong>regno</strong></span> <span class='ocrx_word' id='word_1_641' title='bbox 3092 4545 3356 4614; x_wconf 75' lang='lat' dir='ltr'><strong>mli/imre</strong></span> 
     </span>
    </p>
   </div>
   <div class='ocr_carea' id='block_1_103' title="bbox 1842 4611 3356 4684">
    <p class='ocr_par' dir='ltr' id='par_1_103' title="bbox 1842 4611 3356 4684">
     <span class='ocr_line' id='line_1_103' title="bbox 1842 4611 3356 4684; baseline 0.001 -21"><span class='ocrx_word' id='word_1_642' title='bbox 1842 4611 2090 4684; x_wconf 76' lang='lat' dir='ltr'><strong>fecerint,</strong></span> <span class='ocrx_word' id='word_1_643' title='bbox 2140 4629 2231 4681; x_wconf 84' lang='lat' dir='ltr'><strong>per</strong></span> <span class='ocrx_word' id='word_1_644' title='bbox 2274 4630 2392 4684; x_wconf 69' lang='lat' dir='ltr'><strong>quae</strong></span> <span class='ocrx_word' id='word_1_645' title='bbox 2443 4611 3094 4679; x_wconf 48' lang='lat' dir='ltr'><strong>voluerint&#39;monastérin,</strong></span> <span class='ocrx_word' id='word_1_646' title='bbox 3146 4611 3356 4668; x_wconf 75' lang='lat' dir='ltr'><strong>sedibus</strong></span> 
     </span>
    </p>
   </div>
   <div class='ocr_carea' id='block_1_104' title="bbox 1765 4682 3356 4755">
    <p class='ocr_par' dir='ltr' id='par_1_104' title="bbox 1765 4682 3356 4755">
     <span class='ocr_line' id='line_1_104' title="bbox 1765 4682 3356 4755; baseline 0.001 -19"><span class='ocrx_word' id='word_1_647' title='bbox 1765 4733 1769 4736; x_wconf 93' lang='lat'><em>_</em></span> <span class='ocrx_word' id='word_1_648' title='bbox 1842 4682 2099 4755; x_wconf 76' lang='lat' dir='ltr'><strong>duntaxat</strong></span> <span class='ocrx_word' id='word_1_649' title='bbox 2128 4682 2508 4753; x_wconf 69' lang='lat' dir='ltr'><strong>episcdpalibus</strong></span> <span class='ocrx_word' id='word_1_650' title='bbox 2543 4687 2768 4755; x_wconf 71' lang='lat' dir='ltr'><strong>exceptis</strong></span> <span class='ocrx_word' id='word_1_651' title='bbox 2787 4725 2801 4749; x_wconf 92' lang='lat'><strong>,</strong></span> <span class='ocrx_word' id='word_1_652' title='bbox 2827 4685 3181 4749; x_wconf 80' lang='lat' dir='ltr'><strong>distribuunt;</strong></span> <span class='ocrx_word' id='word_1_653' title='bbox 3215 4687 3356 4754; x_wconf 75' lang='lat' dir='ltr'><strong>regni</strong></span> 
     </span>
    </p>
   </div>
   <div class='ocr_carea' id='block_1_105' title="bbox 1841 4753 3359 4821">
    <p class='ocr_par' dir='ltr' id='par_1_105' title="bbox 1841 4753 3359 4821">
     <span class='ocr_line' id='line_1_105' title="bbox 1841 4753 3359 4821; baseline 0.002 -17"><span class='ocrx_word' id='word_1_654' title='bbox 1841 4753 2158 4821; x_wconf 55' lang='lat' dir='ltr'><strong>proceribus»</strong></span> <span class='ocrx_word' id='word_1_655' title='bbox 2186 4757 2424 4810; x_wconf 79' lang='lat' dir='ltr'><strong>eamdem</strong></span> <span class='ocrx_word' id='word_1_656' title='bbox 2468 4753 2735 4810; x_wconf 83' lang='lat' dir='ltr'><strong>licentiam</strong></span> <span class='ocrx_word' id='word_1_657' title='bbox 2764 4757 3078 4820; x_wconf 79' lang='lat' dir='ltr'><strong>concedens,</strong></span> <span class='ocrx_word' id='word_1_658' title='bbox 3110 4769 3164 4808; x_wconf 84' lang='lat' dir='ltr'><strong>ut</strong></span> <span class='ocrx_word' id='word_1_659' title='bbox 3195 4753 3359 4807; x_wconf 57' lang='lat' dir='ltr'><strong>mu-</strong></span> 
     </span>
    </p>
   </div>
   <div class='ocr_carea' id='block_1_106' title="bbox 1846 4823 3359 4895">
    <p class='ocr_par' dir='ltr' id='par_1_106' title="bbox 1846 4823 3359 4895">
     <span class='ocr_line' id='line_1_106' title="bbox 1846 4823 3359 4895; baseline 0.001 -21"><span class='ocrx_word' id='word_1_660' title='bbox 1846 4823 2107 4895; x_wconf 66' lang='lat' dir='ltr'><strong>siasquas</strong></span> <span class='ocrx_word' id='word_1_661' title='bbox 2146 4824 2199 4876; x_wconf 89' lang='lat' dir='ltr'><strong>in</strong></span> <span class='ocrx_word' id='word_1_662' title='bbox 2239 4824 2821 4895; x_wconf 79' lang='lat' dir='ltr'><strong>Saracenorumterris</strong></span> <span class='ocrx_word' id='word_1_663' title='bbox 2859 4827 2984 4895; x_wconf 83' lang='lat' dir='ltr'><strong>jure</strong></span> <span class='ocrx_word' id='word_1_664' title='bbox 3023 4829 3139 4878; x_wconf 82' lang='lat' dir='ltr'><strong>belli</strong></span> <span class='ocrx_word' id='word_1_665' title='bbox 3180 4843 3359 4895; x_wconf 58' lang='lat' dir='ltr'><strong>nrt/m-</strong></span> 
     </span>
    </p>
   </div>
   <div class='ocr_carea' id='block_1_107' title="bbox 1767 4893 3354 4965">
    <p class='ocr_par' dir='ltr' id='par_1_107' title="bbox 1767 4893 3354 4965">
     <span class='ocr_line' id='line_1_107' title="bbox 1767 4893 3354 4965; baseline 0.002 -20"><span class='ocrx_word' id='word_1_666' title='bbox 1767 4936 1802 4948; x_wconf 82' lang='grc'><strong>.,</strong></span> <span class='ocrx_word' id='word_1_667' title='bbox 1848 4893 2052 4965; x_wconf 70' lang='lat' dir='ltr'><strong>sierint,</strong></span> <span class='ocrx_word' id='word_1_668' title='bbox 2091 4896 2165 4947; x_wconf 80' lang='lat' dir='ltr'><strong>vel</strong></span> <span class='ocrx_word' id='word_1_669' title='bbox 2200 4895 2262 4965; x_wconf 13' lang='lat' dir='ltr'><strong>in,</strong></span> <span class='ocrx_word' id='word_1_670' title='bbox 2294 4896 2520 4965; x_wconf 85' lang='lat' dir='ltr'><strong>propriis</strong></span> <span class='ocrx_word' id='word_1_671' title='bbox 2565 4893 2959 4951; x_wconf 47' lang='lat' dir='ltr'><strong>Istereditntt&#39;bus</strong></span> <span class='ocrx_word' id='word_1_672' title='bbox 2999 4893 3354 4965; x_wconf 73' lang='lat' dir='ltr'><strong>fundurcrin‘,</strong></span> 
     </span>
    </p>
   </div>
   <div class='ocr_carea' id='block_1_108' title="bbox 1846 4962 3358 5035">
    <p class='ocr_par' dir='ltr' id='par_1_108' title="bbox 1846 4962 3358 5035">
     <span class='ocr_line' id='line_1_108' title="bbox 1846 4962 3358 5035; baseline 0.002 -19"><span class='ocrx_word' id='word_1_673' title='bbox 1846 4962 1947 5016; x_wconf 80' lang='lat' dir='ltr'><strong>sibi</strong></span> <span class='ocrx_word' id='word_1_674' title='bbox 1993 4965 2202 5032; x_wconf 87' lang='lat' dir='ltr'><strong>suisque</strong></span> <span class='ocrx_word' id='word_1_675' title='bbox 2247 4962 2540 5020; x_wconf 67' lang='lat' dir='ltr'><strong>htcrcdibus</strong></span> <span class='ocrx_word' id='word_1_676' title='bbox 2589 4983 2706 5020; x_wconf 83' lang='lat' dir='ltr'><strong>cum</strong></span> <span class='ocrx_word' id='word_1_677' title='bbox 2757 4962 3007 5035; x_wconf 69' lang='lat' dir='ltr'><strong>primitiis</strong></span> <span class='ocrx_word' id='word_1_678' title='bbox 3050 4978 3096 5020; x_wconf 87' lang='lat' dir='ltr'><strong>et</strong></span> <span class='ocrx_word' id='word_1_679' title='bbox 3142 4969 3358 5019; x_wconf 62' lang='lat' dir='ltr'><strong>decimis</strong></span> 
     </span>
    </p>
   </div>
   <div class='ocr_carea' id='block_1_109' title="bbox 1847 5035 3358 5103">
    <p class='ocr_par' dir='ltr' id='par_1_109' title="bbox 1847 5035 3358 5103">
     <span class='ocr_line' id='line_1_109' title="bbox 1847 5035 3358 5103; baseline 0.002 -18"><span class='ocrx_word' id='word_1_680' title='bbox 1847 5035 2182 5103; x_wconf 83' lang='lat' dir='ltr'><strong>propriarum</strong></span> <span class='ocrx_word' id='word_1_681' title='bbox 2225 5035 2484 5088; x_wconf 73' lang='lat' dir='ltr'><strong>duntaxat</strong></span> <span class='ocrx_word' id='word_1_682' title='bbox 2532 5037 2896 5090; x_wconf 66' lang='lat' dir='ltr'><strong>hereditatum</strong></span> <span class='ocrx_word' id='word_1_683' title='bbox 2953 5038 3227 5103; x_wconf 77' lang='lat' dir='ltr'><strong>retineant,</strong></span> <span class='ocrx_word' id='word_1_684' title='bbox 3279 5037 3358 5089; x_wconf 73' lang='lat' dir='ltr'><strong>rei</strong></span> 
     </span>
    </p>
   </div>
   <div class='ocr_carea' id='block_1_110' title="bbox 1845 5102 3358 5227">
    <p class='ocr_par' dir='ltr' id='par_1_110' title="bbox 1845 5102 3358 5227">
     <span class='ocr_line' id='line_1_110' title="bbox 1845 5102 3358 5227; baseline 0.005 -73"><span class='ocrx_word' id='word_1_685' title='bbox 1845 5102 2194 5227; x_wconf 49' lang='lat' dir='ltr'><strong>quggttutlibct</strong></span> <span class='ocrx_word' id='word_1_686' title='bbox 2226 5105 2547 5174; x_wconf 84' lang='lat' dir='ltr'><strong>capellarum</strong></span> <span class='ocrx_word' id='word_1_687' title='bbox 2572 5107 2648 5160; x_wconf 77' lang='lat' dir='ltr'><strong>vel</strong></span> <span class='ocrx_word' id='word_1_688' title='bbox 2681 5109 3114 5160; x_wconf 81' lang='lat' dir='ltr'><strong>monasteriorum</strong></span> <span class='ocrx_word' id='word_1_689' title='bbox 3141 5107 3358 5180; x_wconf 70' lang='lat' dir='ltr'><strong>dictioni</strong></span> 
     </span>
     <span class='ocr_line' id='line_1_111' title="bbox 1846 5183 2142 5227; baseline 0.003 -1"><span class='ocrx_word' id='word_1_690' title='bbox 1846 5191 1906 5226; x_wconf 85' lang='lat' dir='ltr'><strong>su</strong></span> <span class='ocrx_word' id='word_1_691' title='bbox 1983 5183 2092 5227; x_wconf 88' lang='lat' dir='ltr'><strong>ant.</strong></span> <span class='ocrx_word' id='word_1_692' title='bbox 2124 5192 2142 5227; x_wconf 77' lang='grc' dir='ltr'><strong>ι</strong></span> 
     </span>
    </p>
   </div>
   <div class='ocr_carea' id='block_1_111' title="bbox 1846 5183 2142 5228">
    <p class='ocr_par' dir='ltr' id='par_1_111' title="bbox 1846 5183 2142 5228">
     <span class='ocr_line' id='line_1_112' title="bbox 1846 5183 2142 5228; baseline 0.003 -2"><span class='ocrx_word' id='word_1_693' title='bbox 1846 5183 2092 5228; x_wconf 83' lang='lat' dir='ltr'><strong>subdant.</strong></span> <span class='ocrx_word' id='word_1_694' title='bbox 2124 5192 2142 5227; x_wconf 77' lang='grc' dir='ltr'><strong>ι</strong></span> 
     </span>
    </p>
   </div>
   <div class='ocr_carea' id='block_1_112' title="bbox 2229 5289 2912 5363">
    <p class='ocr_par' dir='ltr' id='par_1_112' title="bbox 2229 5289 2912 5363">
     <span class='ocr_line' id='line_1_113' title="bbox 2229 5289 2912 5363; baseline 0 -20"><span class='ocrx_word' id='word_1_695' title='bbox 2229 5289 2394 5360; x_wconf 89' lang='lat' dir='ltr'><strong>(Intra</strong></span> <span class='ocrx_word' id='word_1_696' title='bbox 2430 5305 2519 5342; x_wconf 86' lang='lat' dir='ltr'><strong>an.</strong></span> <span class='ocrx_word' id='word_1_697' title='bbox 2563 5289 2912 5363; x_wconf 62' lang='lat'><strong>10384099.)</strong></span> 
     </span>
    </p>
   </div>
   <div class='ocr_carea' id='block_1_113' title="bbox 1780 5386 3358 5462">
    <p class='ocr_par' dir='ltr' id='par_1_113' title="bbox 1780 5386 3358 5462">
     <span class='ocr_line' id='line_1_114' title="bbox 1780 5386 3358 5462; baseline 0.004 -22"><span class='ocrx_word' id='word_1_698' title='bbox 1780 5386 2078 5459; x_wconf 68' lang='lat' dir='ltr'><strong>[ARBUEGO,</strong></span> <span class='ocrx_word' id='word_1_699' title='bbox 2104 5388 2630 5462; x_wconf 18' lang='grc' dir='ltr'><strong>(ΣιιτιναιγιάςξιζὶδιξυρςιιΔ</strong></span> <span class='ocrx_word' id='word_1_700' title='bbox 2649 5388 3036 5462; x_wconf 23' lang='lat' dir='ltr'><strong>deAZarngnza.</strong></span> <span class='ocrx_word' id='word_1_701' title='bbox 3061 5389 3358 5462; x_wconf 64' lang='lat' dir='ltr'><strong>Zaragcsa,</strong></span> 
     </span>
    </p>
   </div>
   <div class='ocr_carea' id='block_1_114' title="bbox 2285 5459 3292 5534">
    <p class='ocr_par' dir='ltr' id='par_1_114' title="bbox 2285 5459 3292 5534">
     <span class='ocr_line' id='line_1_115' title="bbox 2285 5459 3292 5534; baseline 0.002 -22"><span class='ocrx_word' id='word_1_702' title='bbox 2285 5459 2445 5528; x_wconf 76' lang='grc'><strong>1655,</strong></span> <span class='ocrx_word' id='word_1_703' title='bbox 2480 5460 2531 5513; x_wconf 89' lang='lat' dir='ltr'><strong>in</strong></span> <span class='ocrx_word' id='word_1_704' title='bbox 2563 5459 2678 5528; x_wconf 83' lang='lat' dir='ltr'><strong>fol.,</strong></span> <span class='ocrx_word' id='word_1_705' title='bbox 2710 5460 2860 5534; x_wconf 75' lang='lat'><strong>659.]</strong></span> <span class='ocrx_word' id='word_1_706' title='bbox 3003 5471 3005 5473; x_wconf 83' lang='lat'>&#39;</span> <span class='ocrx_word' id='word_1_707' title='bbox 3088 5466 3094 5477; x_wconf 84' lang='lat'><em>&quot;</em></span> <span class='ocrx_word' id='word_1_708' title='bbox 3173 5459 3226 5480; x_wconf 70' lang='lat'>&quot;</span> <span class='ocrx_word' id='word_1_709' title='bbox 3287 5477 3292 5482; x_wconf 81' lang='lat'><em>‘</em></span> 
     </span>
    </p>
   </div>
  </div>
