3900 6322
575 289 673 345 5M

1193 392 1383 450 eccm
1413 391 1551 460 (ac).

581 496 827 551 [ἵν-Ιιηηηε
877 491 1016 545 clero
1067 499 1113 542 et
1161 487 1352 558 populo
1384 483 1765 558 rLemoyuiceuai
1810 481 2044 550 prteripit
2102 488 2159 532 ut

660 563 954 620 Ilumbaldo
1002 557 1607 630 episropodeSimouia
1650 565 1890 625 purgato,
1942 569 1973 604 a
2007 567 2162 620 seque

655 639 706 690 iu
732 637 985 703 integrant
1017 632 1278 694 restituto,
1306 629 1569 682 obcdiant.

1181 743 1358 810 (Auno
1389 741 1570 810 1094.)

972 835 1218 908 ῘΒΑιιυῑη
1250 835 1498 898 Μὶκειιη
1531 833 1592 898 ll,
1627 833 1748 890 £82.

651 953 903 1009 URBANUS
927 951 1232 1021 episcopus,
1266 965 1456 1005 servus
1483 964 1766 1004 servorum
1793 946 1911 1013 Dei,
1937 945 2085 1001 clero
2111 955 2166 1000 ct

577 1046 778 1117 populo
815 1045 1068 1099 universo
1106 1041 1570 1097 Lemovicensium
1603 1038 1830 1094 salutem
1863 1045 1919 1092 et
1951 1045 2170 1107 aposto»

578 1139 740 1195 licam
762 1135 1219 1194 benedictionem.

655 1228 948 1286 Universos
961 1242 1056 1282 vos
1087 1226 1230 1282 scire
1249 1224 1523 1281 credimus
1542 1221 1995 1294 quemadmodum
2025 1234 2168 1277 anno

583 1322 860 1395 praeterito
888 1328 1073 1376 vester
1091 1319 1398 1390 episcopus,
1423 1333 1545 1372 cum
1574 1331 1632 1372 se
1652 1325 1839 1370 nostro
1854 1313 2166 1383 conspectui

583 1421 966 1485 praesentasset
1010 1423 1173 1480 super
1220 1409 1544 1480 quihusdam
1595 1406 1846 1476 capitulis
1884 1414 2169 1461 accusatus

582 1522 704 1576 qua:
749 1503 1042 1560 secundum
1087 1510 1396 1557 sanctorum
1445 1514 1716 1556 canonum
1768 1497 2009 1568 regulam
2061 1506 2166 1550 tam

580 1596 901 1651 electionem
923 1593 1038 1662 ejus
1060 1608 1219 1662 quam
1246 1591 1714 1647 consecrationem
1741 1588 1878 1658 ejus,
1903 1594 2170 1656 przeseute

585 1688 752 1742 etiam
790 1685 1114 1740 Bituricensi
1143 1684 1576 1754 archiepiscopo,
1613 1681 1701 1752 qui
1733 1696 1855 1736 eum
1882 1693 2170 1735 consecra-

587 1787 763 1844 verat,
803 1776 1170 1842 inﬁrmabant,
1219 1791 1388 1846 super
1429 1775 1624 1845 quibus
1663 1773 1914 1829 omnibus
1950 1787 2071 1828 cum
2109 1786 2170 1827 se

581 1868 844 1925 canonice
897 1881 1198 1936 expurgare
1243 1866 1576 1936 nequiverit,
1625 1865 1924 1934 imparatus
1972 1863 2173 1933 quippe

579 1958 700 2016 sine
727 1957 1104 2014 defensoribus
1140 1967 1384 2023 venerat,
1416 1956 1524 2022 ille,
1555 1954 1888 2025 episcOpatu,
1929 1955 2030 2008 sub
2070 1967 2172 2024 spe

581 2049 706 2105 licet
765 2049 1173 2114 misericordiae,
1223 2048 1494 2114 abdicato,
1553 2045 1944 2117 Jerosolymam
1995 2045 2170 2115 petiit,

583 2143 801 2199 rediens
825 2141 1252 2196 misericordiam
1283 2139 1613 2210 imploravit,
1647 2153 1745 2193 nos
1768 2137 1952 2192 multis
1978 2136 2173 2192 multo-

583 2247 704 2288 rum
749 2230 982 2286 illiorum
1018 2239 1325 2285 nostrorum
1363 2230 1616 2300 precibus
1652 2227 1893 2284 inclinati
1929 2227 2171 2283 eamdem

590 2338 816 2380 causam
846 2321 1286 2382 reverentissimo
1319 2320 1575 2376 confratri
1615 2329 1803 2376 nostro
1849 2318 1914 2373 ii.
1958 2318 2176 2388 Lugdu-

588 2417 744 2472 nensi
799 2417 1208 2487 archiepiscopo
1250 2415 1598 2488 permisimus
1642 2414 1782 2468 intra
1841 2412 2173 2484 provinciam

587 2510 917 2582 diligentiori
947 2510 1200 2566 examine
1221 2508 1588 2580 qumrendam,
1613 2507 1702 2563 ubi
1725 2516 1778 2561 et
1801 2513 2173 2562 accusatorum

586 2616 830 2672 persona:
855 2609 998 2657 notae
1031 2608 1182 2665 sunt,
1204 2609 1259 2656 et
1281 2598 1569 2671 episcopus
1589 2598 1655 2654 de
1691 2597 1908 2653 testium
1932 2595 2175 2652 absentia

585 2694 849 2766 conqueri
891 2693 1039 2749 nullo
1074 2694 1236 2749 modo
1275 2692 1498 2747 valeret.
1534 2690 1712 2746 Causa
1752 2690 1918 2761 igitur
1955 2689 2178 2760 diligen-

585 2787 694 2842 tius
736 2786 1016 2857 requisita,
1067 2802 1189 2842 cum
1239 2785 1603 2842 Simoniacum
1658 2799 1781 2838 eum
1834 2791 2179 2838 accusatores

587 2880 822 2950 probare
850 2880 1224 2949 nequiverint,
1263 2877 1653 2934 misericordia:
1699 2884 1755 2930 et
1795 2875 2178 2930 ecclesiasticae

588 2971 739 3043 pacis
783 2970 979 3025 intuitu
1033 2969 1260 3025 facultas
1301 2970 1351 3024 ei
1386 2983 1645 3024 concessa
1676 2975 1760 3023 est
1793 2975 1852 3020 ut
1880 2982 1940 3022 sc
1979 2967 2046 3021 ab
2076 2967 2178 3021 hoc

1906 277 1964 332 Β.
2007 275 2177 332 URBA

2295 277 2336 327 ιι
2373 275 2573 328 l’Al'A‘S
3673 288 3737 348 ες

2195 388 2244 450 Α
2273 385 2561 455 praesentia
2590 386 2894 448 convocari,
2923 385 3218 464 Stirpensis
3243 387 3306 443 F.
3336 399 3388 442 et
3407 389 3452 444 J.
3481 393 3738 456 Floriaceaas

2266 475 2491 530 abbates
2545 477 2783 545 pariter,
2827 477 2927 531 viri
2989 478 3243 532 nimirum
3305 482 3546 553 religiosa:
3588 490 3674 546 rit:
3706 507 3738 546 η

2264 565 2422 623 fauue
2453 567 2698 639 intcgra‘,
2730 585 2852 625 cum
2887 570 3008 626 aliis
3039 572 3207 628 tribus
3233 573 3450 630 clericis
3488 578 3604 645 suis,

2265 659 2465 714 mentis
2491 668 2863 715 asseruerunt.
2895 660 3030 714 Eum
3063 661 3245 732 itaque
3274 663 3342 717 ad
3373 679 3464 718 vos
3488 680 3590 720 cum
3615 682 3742 728 nostra

2260 750 2453 820 gratiae
2469 759 2536 806 et
2553 752 2876 823 episcopalis
2897 753 3058 809 cilicii
3086 753 3418 824 plenitudine
3446 761 3741 822 renuntiantes.

2265 853 2328 899 ut
2364 845 2462 915 ipsi
2513 855 2768 916 tanquam
2807 849 3017 918 pastori
3058 849 3279 918 proprio
3318 849 3561 906 obediatis
3591 867 3746 922 plasm-

2269 936 2413 992 tibus
2447 938 2691 1008 apicibus
2721 938 3096 994 admonemus.
3139 938 3464 996 Obedicntes
3490 955 3573 998 vos
3604 947 3742 1000 missi-

2264 1029 2452 1084 cordia
2482 1029 2663 1084 divina
2691 1029 2984 1085 custodiat.

2906 1146 2908 1148 ’
2953 1158 3170 1219 cccw.

2266 1249 2421 1309 Clem
2453 1265 2500 1310 et
2536 1255 2730 1326 pupula
2768 1249 3124 1338 Lentoriceusi
3162 1257 3516 1338 [lumbaldum
3550 1260 3744 1332 (piscatu:

2783 1330 2968 1380 iterum
2992 1330 3351 1382 commendat.

2842 1419 3018 1489 (Auno
3055 1418 3297 1486 eodem.)

2669 1507 2894 1582 [Βλιυῑ.
2934 1507 3186 1572 Miscell.,
3228 1507 3295 1573 ll,
3330 1499 3472 1581 ξεῖ]

2345 1617 2596 1675 [insanis
2619 1618 2919 1693 .episcopus
2939 1659 2953 1684 ,
2994 1633 3186 1674 servus
3221 1633 3498 1673 servorum
3541 1620 3638 1687 Dei,
3665 1621 3750 1676 duo

2202 1740 2243 1798 Β
2272 1717 2326 1762 et
2349 1707 2546 1779 pepulo
2567 1709 2820 1763 universo
2840 1708 3315 1764 Lemovicensium
3331 1709 3545 1764 salutem
3561 1720 3749 1780 etaposm.

2277 1801 2435 1858 licam
2458 1801 2915 1857 benedictionem.

2347 1891 2583 1952 Veniens
2616 1895 2682 1950 ad
2714 1910 2813 1951 nos
2854 1895 3130 1951 coni'rater
3176 1904 3368 1952 noster
3405 1896 3678 1952 llumballus
3702 1914 3750 1950 ur-

2276 1998 2404 2044 s'tra:
2440 1988 2684 2044 civitatis
2735 1988 3025 2060 episcopus
3078 1989 3288 2045 multas
3335 1990 3488 2043 matri
3529 1988 3750 2044 Ecclesia:

2276 2082 2403 2138 ﬁliis
2421 2083 2534 2138 suis
2555 2089 2780 2153 questus
2808 2091 2892 2138 est
2923 2081 3150 2150 iniurias
3181 2084 3432 2154 irrogari.
3461 2082 3648 2148 Quidam
3669 2083 3749 2134 eain

2279 2173 2512 2230 militum
2553 2183 2606 2230 et
2645 2173 3012 2230 Ecelesiarum
3061 2175 3221 2231 bonis
3267 2174 3520 2229 violenter
3558 2174 3751 2226 abutuntur:-

2277 2273 2334 2319 et
2383 2264 2620 2320 honores
2682 2271 2938 2334 tanquam
3000 2263 3404 2334 possessionem
3467 2260 3750 2318 hereditariae

2276 2355 2523 2428 exigunt,
2555 2365 2608 2411 et
2631 2371 2737 2410 non
2762 2355 3128 2410 consentienti
3155 2355 3415 2426 episcopo
3437 2363 3649 2423 tanquam
3669 2354 3750 2406 hosti

2277 2448 2555 2503 molestias
2592 2448 2870 2518 ingerunt.
2907 2446 3061 2502 Unde
3095 2461 3197 2501 nos
3241 2445 3566 2501 dilectionem
3601 2453 3750 2497 restrain

2277 2553 2402 2594 cum
2443 2537 2642 2593 litteris
2679 2537 3038 2608 praesentibus
3089 2535 3441 2590 exhortamur
3480 2542 3614 2603 atque
3638 2531 3752 2600 pra-u-

2273 2631 2457 2700 pimus
2499 2639 2558 2684 ut
2602 2645 2631 2684 a
2675 2628 3101 2698 praesumptione
3148 2627 3257 2682 hac
3296 2625 3553 2681 abstinere
3591 2623 3752 2690 deiectis

2277 2720 2502 2778 omnino
2532 2719 2816 2791 satagatis.
2844 2717 3000 2785 Quod
3037 2717 3082 2773 si
3113 2725 3242 2787 post
3271 2717 3388 2772 lucc
3411 2711 3752 2784 contempserim.

2279 2824 2661 2881 quamcunque
2717 2810 3047 2864 sententiam
3096 2809 3150 2862 in
3211 2822 3311 2864 vos
3359 2807 3608 2877 episcopus
3643 2811 3750 2856 restet

2278 2902 2545 2959 canonica
2615 2901 2943 2958 auctoritate
2989 2900 3326 2966 dictaverit,
3371 2911 3598 2953 assensus
3648 2897 3750 2948 nostri

2280 2992 2603 3047 auctoritate
2639 2989 3045 3044 conﬁrmamus.
3091 2988 3204 3044 Nos
3241 2989 3385 3043 enim
3415 2987 3648 3042 universas
3674 2984 3751 3038 die-

589 3079 694 3162 ?”
725 3078 846 3162 c'f'"
890 3062 1097 3162 ίίξίξηθίδ
1131 3061 1358 3162 ιθθίῘ-δθδ
1377 3069 1723 3133 expurgare"
1760 3059 1926 3162 "3i"?
1945 3059 2177 3124 θωθνίδο
2207 3105 2248 3162 C
2279 3083 2423 3140 cesis
2451 3083 2711 3138 ecclesias
2739 3082 2995 3152 episcopo
3023 3081 3301 3152 sulijectas
3330 3095 3446 3135 esse
3467 3087 3513 3134 et
3535 3075 3749 3132 canonicam

588 3156 715 3210 licet
755 3154 1145 3223 depositionem
1185 3154 1354 3210 solam
1386 3163 1659 3220 asserant,
1690 3151 1996 3224 apostolicae
2025 3167 2180 3205 man-

589 3245 896 3301 suetudinis
924 3246 1124 3315 pietate
1161 3256 1380 3318 propter
1407 3261 1594 3316 pacem
1640 3253 1692 3300 et
1731 3244 2178 3314 tranquillitatem

593 3347 793 3392 vestra:
833 3337 1089 3393 Ecclesiae
1130 3338 1383 3404 indultis,
1415 3336 1724 3394 Simoniaco
1769 3335 1972 3391 scelere
2003 3334 2179 3405 jusju-

595 3431 825 3487 randum
867 3434 1121 3504 praestitit
1163 3435 1304 3504 quod
1337 3449 1433 3504 pro
1476 3433 1825 3504 adipiscendo
1864 3431 2180 3502 episcopatu

594 3524 880 3592 pecuniam
931 3541 1030 3581 nec
1077 3526 1191 3596 ipse
1237 3527 1442 3582 dederit
1473 3535 1568 3580 aut
1599 3525 1912 3596 promiserit
1957 3534 2050 3578 aut
2084 3539 2182 3593 pro

594 3617 714 3685 ipso
742 3615 880 3672 alius
916 3632 975 3673 se
1006 3619 1230 3674 sciente.
1271 3619 1424 3686 Quod
1467 3618 1716 3674 videlicet
1754 3625 2178 3680 sacramentum,

593 3708 720 3777 quia
758 3723 856 3778 per
900 3717 1079 3764 tantas
1107 3710 1269 3780 hujus
1313 3711 1570 3780 temporis
1612 3710 1888 3780 angustias
1931 3723 2182 3779 compro-

596 3800 856 3858 vinciales
889 3802 1126 3873 episcOpi
1168 3817 1351 3858 coram
1389 3811 1574 3857 nostra
1615 3800 1930 3871 neu-liquam
1962 3807 2183 3871 possent

2275 3175 2531 3250 [volumus
2567 3173 2929 3228 reverentiam
2961 3172 3260 3238 exhibere,
3291 3171 3467 3232 salvis,
3496 3170 3534 3224 si
3561 3182 3640 3238 qua
3663 3176 3749 3223 sunt.

2284 3265 2543 3320 Romana:
2581 3262 2840 3318 Ecclesia:
2887 3262 3209 3333 privilegiis.
3264 3259 3527 3317 Universis
3561 3271 3658 3312 sane
3688 3266 3751 3305 tau

2285 3356 2502 3413 clericis
2548 3369 2712 3426 quam
2753 3353 2910 3408 laicis
2960 3369 3084 3409 eum
3125 3353 3544 3408 commendatum
3575 3345 3749 3401 voluntte.

2288 3458 2545 3518 tanquam
2597 3445 2665 3500 ad
2725 3461 2823 3502 vos
2878 3461 3002 3500 cum
3047 3445 3404 3516 benignitatis
3449 3451 3612 3497 nostra:
3645 3435 3748 3507 sum
3838 3435 3839 3500 Ῑ

2289 3547 2671 3596 revertentem.
2724 3537 3054 3592 Obedientcs
3086 3552 3180 3591 vos
3221 3538 3438 3591 monitis
3468 3530 3630 3587 nostris
3650 3526 3749 3580 misc-

2285 3634 2519 3690 ricordia
2559 3633 2740 3688 divina
2770 3631 3062 3687 custodiat.

2358 3727 2490 3781 Data
2517 3723 2654 3780 Pisis
2680 3738 2728 3778 vl
2759 3723 2880 3778 ldus
2907 3721 3174 3778 ()clohris.

673 3955 787 4026 (56)
812 3953 1122 4024 Supposita,
1150 3962 1210 4008 ut
1246 3961 1301 4008 et
1345 3967 1600 4022 sequens,
1634 3952 1700 4006 ab
1740 3949 2038 4019 lluinbaldo
2067 3948 2461 4003 Lemovicensi.

1693 4036 3738 4079 __________________________.______....

978 4213 1604 4310 EPISTOLAE
1681 4213 2466 4312 DIVERSORUM
2539 4212 2690 4302 AD
2764 4211 3350 4304 URBANUM
3425 4209 3507 4299 II

604 4644 844 4715 Epistola
889 4642 1181 4715 licamumli
1218 4641 1468 4715 principis
1502 4639 1836 4715 AAutiochire,
1883 4638 2182 4715 Ilaymttudi

672 4717 875 4771 comitis
893 4712 1074 4769 Sancti
1101 4711 1328 4782 Egidii,
1343 4709 1616 4782 Godefridi
1637 4711 1785 4782 ducis
1806 4710 2180 4782 Lothariugitv,

581 4820 590 4825 -
677 4785 893 4840 Robem’
956 4779 1192 4837 comitis'
1226 4779 1648 4843 Nortltmauuite,
1713 4779 1919 4833 Iloberti
1979 4781 2182 4834 comitis

678 4855 1050 4915 Flnudreusis,
1081 4864 1128 4906 et
1160 4850 1434 4906 Eustachii
1461 4852 1664 4906 comitis
1686 4849 1952 4917 Bolouia’,
1984 4849 2052 4903 ad
2075 4848 2184 4901 Ur-

675 4928 869 4982 banum
897 4924 956 4978 ΙΙ
988 4941 1176 4994 papam
1208 4923 1406 4994 (57‘9).

842 5018 1062 5089 (Bawz.
1093 5015 1318 5070 Misccll.
1339 5015 1472 5069 edit.
1497 5012 1625 5067 Luc.
1651 5013 1716 5068 lll
1735 5055 1748 5079 ,
1772 5029 1824 5084 p.
1857 5013 1972 5084 60.)

591 5108 596 5112 ’
681 5107 908 5165 Domino
935 5119 988 5164 et
1010 5107 1299 5164 venerabili
1346 5124 1495 5179 papm
1529 5106 1746 5163 Unnuo
1782 5107 2105 5162 Boauusous
2132 5116 2185 5162 et

609 5201 940 5257 “AYIUNDUS
985 5216 1167 5257 comes
1211 5199 1395 5256 Sancti
1447 5199 1676 5270 Egidii,
1727 5215 1790 5254 ac
1843 5199 2187 5255 Gonernmcs

612 5300 742 5361 dux,
773 5297 1057 5352 Rosea-rus
1075 5311 1179 5368 que
1199 5310 1384 5352 comes
1409 5293 1847 5359 Northmanuia’,
1890 5303 2049 5363 atque
2079 5292 2188 5349 Ro-

613 5404 820 5445 acn'ws
847 5403 1030 5443 comes
1054 5386 1468 5442 Fla-ndrensium
1498 5395 1554 5442 et
1589 5401 1771 5442 eomes
1809 5385 2073 5449 Bolouize,
2101 5401 2188 5440 sa-

613 5484 779 5537 lutem
803 5488 860 5535 et
890 5479 1066 5534 fidelia
1094 5480 1333 5544 servitia,
1367 5490 1420 5534 et
1451 5487 1510 5533 ut
1547 5479 1640 5533 lilii
1691 5493 1791 5534 suo
1836 5477 1979 5532 Patri
2031 5478 2190 5549 spiri-

614 5571 744 5629 tuali
778 5585 964 5628 veram
997 5569 1050 5624 in
1075 5568 1290 5626 Christo
1319 5567 1726 5638 subiectionem.

685 5723 862 5800 (57-9)
888 5721 1078 5778 Exstat
1093 5719 1230 5792 apud
1245 5719 1587 5775 Fulcherium
1603 5719 2010 5786 Carnotcnsem,
2029 5735 2146 5793 cap.
2169 5719 2252 5775 lii.

2215 4527 2259 4581 Β
2362 4561 2622 4618 Volumus
2650 4577 2840 4618 omnes
2867 4571 2922 4618 et
2953 4562 3327 4621 desideramus
3360 4571 3525 4618 notum
3551 4545 3739 4612 relusit!i

2289 4668 2453 4725 quam
2483 4669 2674 4724 magna
2721 4653 2812 4708 Dei
2862 4654 3228 4710 misericordia
3277 4665 3526 4725 quamque
3547 4640 3740 4703 evidenti?

2291 4747 2428 4802 simo
2451 4746 2616 4816 ipsius
2645 4746 2738 4801 Dei
2767 4747 3094 4804 adminiculo
3118 4765 3147 4802 a
3183 4750 3340 4804 nobis
3377 4756 3514 4817 capta
3541 4751 3605 4797 est
3630 4732 3740 4791 Anti?

2291 4839 2437 4908 chia,
2460 4847 2518 4894 et
2541 4837 2724 4906 Turci,
2750 4841 2842 4910 qui
2865 4841 3033 4898 multa
3050 4843 3279 4898 Domino
3300 4836 3586 4898 nostroJesu
3604 4827 3740 4884 Christo

2293 4933 2594 4991 intulerant
2623 4935 2936 5006 opprobria,
2962 4937 3104 5005 capti
3134 4944 3189 4992 et
3215 4933 3470 4992 interfecti
3491 4936 3609 4988 sunt,
3632 4927 3738 5010 et}?!

2298 5024 2764 5097 Hierosolymitaui
2805 5024 2934 5081 Jesu
2981 5026 3182 5082 Christi
3218 5024 3449 5094 injurias,
3490 5006 3737 5097 summi

2274 5093 2689 5174 .vindicavinius
2713 5157 2728 5178 .
2769 5125 2823 5171 et
2851 5133 2978 5183 nos,
3015 5119 3106 5187 qui
3133 5093 3335 5174 Tureos
3381 5114 3511 5184 prius
3543 5093 3735 5161 obsidem

2295 5206 2688 5274 deviccramus,
2725 5207 2957 5278 qualiter
2991 5217 3175 5279 postea
3206 5225 3236 5264 a
3261 5206 3441 5264 Turcis
3463 5203 3522 5258 de
3553 5197 3734 5282 ειιοηεῆι

2295 5308 2348 5352 et
2401 5297 2736 5354 Hierusalem
2786 5309 2843 5355 et
2891 5299 3154 5356 Damaseo
3197 5300 3471 5368 multisque
3509 5289 3603 5346 aliis
3639 5286 3732 5336 te!”

2295 5388 2633 5455 venientibus
2695 5390 2900 5446 obsessi
2951 5390 3181 5457 fuimus,
3233 5399 3288 5445 et
3336 5383 3564 5458 quomodo
3599 5368 3730 5428 tumlti1|

2293 5479 2664 5536 misericordia
2695 5480 2820 5537 Jesu
2850 5481 3051 5539 Christi
3075 5482 3285 5538 liberati
3317 5493 3496 5536 sumus.
3645 5548 3679 5556 __

2365 5568 2495 5624 Cum
2523 5570 2684 5642 igitur
2711 5580 2864 5643 capta
2889 5571 3064 5630 Niczea
3085 5614 3101 5642 ,
3131 5573 3274 5628 illam
3311 5569 3560 5628 maximam
3581 5550 3728 5614 multiltr
