3900 6322
90 352 183 409 55ῗῶ

1225 343 1579 401 ΕΡΙΞΤΟΙΛΕ
1622 344 1709 399 ΕΤ
1753 344 2158 399 PRIVILEGIA.

3191 355 3293 409 557i

88 470 243 524 dinem
265 464 575 528 Turcorum,
606 462 747 517 sicut
789 461 1037 525 audistis,
1084 461 1137 516 in
1183 460 1435 515 Kalendis
1465 460 1609 515 Junii
1642 466 1683 522 Α
1713 462 1952 516 exercitu
1986 470 2173 516 nostro
2198 461 2411 529 bellico,
2445 464 2512 517 ad
2546 472 2730 533 portas
2749 465 3056 532 exivimus;
3095 480 3289 526 actam

86 558 221 614 nobis
258 554 461 611 obviam
512 554 563 608 in
609 552 743 608 valle
791 552 1060 608 Doretillze
1112 552 1515 615 devicissemus,
1562 560 1618 606 et

86 650 212 703 illum
240 659 482 715 maguum
514 643 910 699 Sullimaunum
945 642 1337 713 fugavissemus
1358 683 1373 707 ,
1404 644 1620 712 suisque

85 736 359 793 hominibus
385 741 439 787 et
469 742 610 788 terra
646 748 710 787 ac
738 733 900 787 rebus
923 732 1406 803 exspoliassemus;
1442 732 1621 801 acqui-

84 829 169 882 sita
216 834 267 879 et
316 823 596 893 paciﬁcata
650 832 758 880 tota
806 823 1099 887 Romania,
1156 823 1222 877 ad
1270 822 1619 878 obsidendam

84 915 391 972 Antiochiam
417 916 681 971 venimus.
706 916 823 983 Qua
844 916 1088 981 obsessa,
1129 915 1300 970 multa
1331 914 1469 969 mala
1500 929 1622 984 per-

85 1011 204 1082 pessi
228 1025 426 1075 sumus,
456 1020 565 1064 tum
592 1011 660 1065 de
687 1011 840 1066 bellis
870 1023 1206 1066 summorum
1242 1007 1539 1063 ancorum
1569 1015 1623 1062 et

83 1114 379 1171 paganorum
421 1100 576 1156 nobis
602 1109 710 1155 tam
740 1100 1053 1170 frequenter
1078 1110 1134 1156 et
1160 1100 1377 1170 copiose
1414 1100 1627 1155 irruen-

84 1192 194 1245 tium
215 1200 269 1242 ut
300 1190 476 1245 verius
504 1191 807 1246 diceremur
830 1191 1033 1247 obsessi
1060 1206 1219 1261 quam
1246 1207 1380 1262 quos
1417 1190 1469 1246 in
1509 1190 1623 1244 An-

82 1281 297 1334 tiochena
342 1280 559 1336 civitate
617 1282 1020 1337 obsederamus.
1079 1281 1315 1337 Tandem
1376 1282 1625 1337 omnibus

82 1368 213 1422 hellis
252 1370 539 1437 superatis,
581 1384 875 1441 eorumque
924 1384 1117 1426 eventu
1167 1370 1469 1426 Christiana
1520 1370 1625 1424 ﬁde

81 1457 319 1520 exaltata,
376 1473 475 1527 ego
523 1459 867 1514 Boamundus
910 1459 1263 1515 conventione
1310 1458 1453 1514 facta
1502 1474 1625 1513 cum

84 1548 281 1616 quodam
328 1547 503 1602 Turco
548 1549 640 1617 qui
685 1549 816 1604 mihi
854 1550 1022 1620 ipsam
1068 1550 1289 1604 tradidit
1330 1549 1624 1612 civitatem,

83 1636 236 1688 scalas
259 1650 439 1705 parmn
470 1647 600 1691 ante
627 1638 767 1691 diem
793 1653 914 1693 cum
948 1638 1129 1692 multis
1156 1636 1373 1693 Christo
1395 1637 1630 1691 militan-

87 1726 202 1779 tibus
225 1740 368 1781 muro
394 1726 655 1797 applicui,
685 1737 739 1782 et
774 1726 846 1781 ita
890 1728 1163 1783 civitatem
1205 1736 1361 1783 antea
1408 1726 1628 1781 Christo

1720 552 1875 619 pauci
1900 566 2119 607 eramus
2149 552 2291 622 quod
2318 568 2416 607 nos
2448 553 2546 623 ipsi
2570 570 2676 631 non
2708 571 2806 612 nos
2833 572 3075 629 pugnare
3101 572 3290 617 contra

1720 657 1813 698 eos
1838 644 1929 698 sed
1954 643 2140 706 fugere
2165 645 2433 699 afﬁrmant
2460 684 2475 697 .
2509 645 2614 698 Nos
2645 658 2822 700 autem
2846 652 3098 704 omnilms
3128 668 3287 716 para.

1723 735 1811 795 tis.
1842 746 1898 788 et
1926 742 2031 788 tam
2058 736 2327 804 peditibus
2352 751 2513 805 quam
2545 737 2802 793 militibus
2824 741 2987 795 certis
3012 742 3295 798 ordinibus

1723 825 2018 894 dispositis,
2053 827 2141 882 ubi
2180 826 2354 896 major
2381 828 2552 883 virtus
2580 842 2637 883 et
2666 828 2927 885 fortitudo
2955 846 3140 887 eorum
3174 843 3296 888 erat

1727 917 1987 971 audacter
2028 918 2411 987 requisivimns
2454 933 2576 974 cum
2627 918 2902 976 Dominica
2940 922 3144 984 lancea,
3177 932 3229 977 et
3263 940 3293 978 a

1724 1007 1895 1077 prima
1934 1006 2062 1063 belli
2112 1009 2345 1063 statione
2368 1008 2552 1080 fugere
2597 1009 2893 1079 coegimus.
2953 1011 3055 1081 Ipsi
3088 1021 3292 1075 autent,

1726 1107 1786 1151 ut
1815 1112 1933 1152 mos
1954 1111 2142 1152 eorum
2164 1107 2266 1165 est,
2296 1112 2355 1153 se
2381 1099 2614 1168 undique
2640 1099 2950 1169 dispergere
2986 1113 3289 1169 coeperunt,

1726 1198 1783 1243 et
1835 1188 2000 1244 colles
2046 1190 2362 1259 occupando
2414 1198 2469 1243 et
2526 1189 2639 1243 vias
2696 1189 3005 1259 ubicunque
3046 1202 3297 1261 poterant

1726 1279 2049 1347 appetendo.
2092 1293 2192 1334 nos
2219 1294 2414 1346 gvrare
2441 1280 2751 1344 voluerunt,
2784 1281 2908 1349 quia
2938 1282 3016 1335 sic
3044 1294 3141 1336 nos
3168 1299 3291 1337 om-

1728 1382 1823 1422 nes
1870 1367 2173 1422 interﬁcere
2210 1378 2557 1436 putaverunt.
2606 1367 2711 1423 Sed
2750 1370 2901 1424 nobis
2932 1370 3111 1425 multis
3142 1372 3295 1425 bellis

1727 1463 1912 1509 contra
1934 1470 2121 1510 eorum
2143 1455 2466 1512 calliditates
2489 1467 2542 1512 et
2570 1458 2782 1529 ingenia
2807 1460 3010 1515 eductis
3032 1462 3103 1514 ita
3126 1464 3296 1531 gratia

1729 1544 1824 1598 Dei
1853 1554 1908 1598 et
1949 1545 2320 1600 misericordia
2360 1547 2630 1613 subvenit,
2670 1558 2728 1603 ut
2762 1551 2853 1619 qui
2890 1554 3200 1620 paucissimi
3232 1558 3298 1608 ad

1728 1648 1915 1688 eorum
1940 1628 2396 1704 comparationem
2426 1652 2665 1703 eramus,
2693 1653 2880 1695 omnes
2909 1640 3025 1696 illos
3050 1643 3101 1696 in
3133 1658 3296 1697 unum

1732 1726 2033 1795 coegimus,
2056 1736 2113 1780 et
2143 1734 2383 1792 coactos,
2425 1727 2647 1782 dextera
2687 1730 2777 1784 Dei
2817 1732 3099 1787 nobiscum
3136 1735 3298 1789 dimi-

84 1816 384 1870 resistentem
430 1831 489 1870 ιιι
542 1816 723 1872 Nonas
771 1816 913 1872 Junii
957 1817 1290 1886 accepimus,
1349 1827 1404 1871 et
1450 1817 1623 1886 ipsum
1659 1816 1700 1869 Β
1729 1824 1909 1879 caute,
1944 1815 2129 1886 fugere
2149 1825 2204 1871 et
2225 1824 2403 1871 castra
2429 1832 2551 1871 cum
2576 1818 2825 1875 omnibus
2859 1836 2979 1889 qua:
3018 1823 3070 1875 in
3104 1827 3298 1878 castris

84 1905 359 1961 Cassianum
414 1907 583 1977 ipsius
644 1908 881 1963 civitatis
934 1916 1219 1979 tyrannum
1272 1923 1394 1963 cum
1445 1908 1624 1961 multis

86 2012 270 2051 suorum
300 1996 533 2053 millibus
573 1998 973 2064 interfecimus,
1018 2013 1313 2067 eorumque
1347 2013 1541 2053 uxores
1570 2007 1626 2053 et

87 2087 199 2141 ﬁlios
236 2102 295 2143 ac
338 2086 569 2144 familias
607 2104 727 2143 cum
774 2104 907 2144 auro
943 2098 998 2144 et
1039 2098 1263 2159 argento
1286 2098 1335 2143 et
1376 2088 1625 2143 omnibus

84 2194 240 2232 eorum
283 2179 710 2249 possessionibus
765 2180 1105 2235 retinuimus.
1160 2178 1383 2248 Asylum
1446 2188 1623 2232 autem

85 2276 436 2331 Antiochenum
462 2291 491 2329 a
521 2276 717 2331 Turcis
746 2275 1120 2347 praemunitum
1154 2274 1353 2328 habere
1380 2288 1483 2327 non
1526 2288 1623 2341 po-

88 2366 270 2420 tuimus.
299 2364 399 2419 Sed
425 2381 552 2421 cum
582 2367 636 2419 in
680 2366 916 2420 crastino
953 2365 1125 2434 ipsum
1161 2361 1367 2433 asylum
1409 2361 1625 2431 aggredi

87 2451 439 2518 voluissemus,
498 2452 769 2507 inﬁnitam
830 2451 1225 2506 multitudinem
1283 2448 1623 2512 Turcorum,

86 2558 220 2611 quam
270 2543 444 2597 multis
492 2543 685 2597 diebus
731 2544 942 2596 ad‘nos
992 2540 1295 2597 bellandum
1348 2550 1623 2593 venturam

85 2641 214 2685 extra
239 2630 503 2685 civitatem
527 2640 1054 2700 exspectaveramus,
1080 2645 1175 2698 per
1193 2643 1382 2684 omnes
1410 2643 1626 2698 campos

86 2716 441 2774 discurrentem
464 2721 718 2775 vidimus.
742 2720 844 2784 Qui
865 2720 1021 2773 tertia
1038 2720 1121 2774 die
1149 2736 1253 2774 non
1274 2734 1370 2775 nos
1398 2718 1624 2774 obsede-

88 2820 208 2875 runt,
236 2820 286 2865 et
320 2810 529 2881 asylum
564 2812 876 2880 prmdictum
905 2811 1186 2880 plusquam
1219 2818 1431 2865 centum
1460 2808 1623 2863 millia

86 2913 241 2953 eorum
270 2902 642 2966 intraverunt,
673 2916 737 2955 ac
765 2916 861 2970 per
888 2909 1098 2969 portam
1129 2898 1365 2967 ejusdem
1397 2899 1531 2969 asyli
1558 2897 1627 2952 ad

86 2990 324 3044 civitatem
354 2992 452 3045 sub
480 2989 634 3060 asylo
668 2991 1016 3044 constitutam
1049 2990 1204 3045 nobis
1235 2989 1445 3058 illisque
1479 3005 1626 3044 com-

90 3092 271 3131 munem
297 3078 595 3147 irrumpere
626 3076 932 3132 voluerunt.
969 3077 1072 3132 Sed
1103 3093 1200 3133 nos
1231 3078 1283 3132 in
1312 3079 1417 3132 alio
1445 3086 1625 3133 monte

1727 1915 1886 1961 erant
1919 1906 2227 1976 relinquere
2248 1908 2628 1977 compulimus.
2663 1909 2869 1975 Quibus
2891 1912 3048 1966 victis
3078 1922 3299 1982 totaque

1726 1996 1812 2050 die
1839 1995 2120 2060 insecutis,
2153 2005 2207 2051 et
2243 1995 2428 2050 multis
2471 1997 2709 2053 millibus
2738 2014 2925 2054 eorum
2971 2001 3294 2066 interfectis,

1727 2086 1795 2140 ad
1843 2086 2117 2141 civitatem
2169 2086 2276 2142 lacti
2303 2097 2360 2142 et
2395 2088 2596 2143 hilares
2643 2089 3025 2144 remeavimus.
3074 2092 3294 2162 Asylum

1727 2182 1909 2229 autem
1939 2176 2366 2245 suprascriptum
2400 2176 2749 2230 Admirabilis
2778 2177 2997 2245 quidam
3027 2180 3116 2245 qui
3149 2180 3201 2232 ιιι
3235 2196 3303 2233 eo

1727 2271 1994 2317 eratcum
2030 2263 2178 2319 mille
2223 2264 2557 2327 hominibus,
2610 2264 2923 2319 Buamundo
2959 2267 3210 2322 reddidit.
3239 2269 3304 2322 Et

1730 2352 1801 2405 ita
1844 2351 2103 2407 Dominus
2128 2361 2312 2407 noster
2348 2351 2505 2407 Jesns
2543 2352 2793 2407 Christus
2824 2361 2987 2407 totam
3026 2355 3303 2410 civitatein

1729 2442 2120 2497 Antiochenam
2165 2443 2424 2498 Romanm
2473 2444 2718 2515 religioni
2766 2454 2820 2499 et
2864 2446 2987 2500 ﬁdei
3022 2448 3304 2516 mancipa-

1731 2530 1808 2585 vit
1845 2530 1981 2601 (62).
2038 2531 2145 2585 Sed
2194 2531 2318 2601 quia
2365 2546 2579 2601 semper
2626 2532 2761 2586 solet
2814 2532 3015 2603 aliquid
3049 2548 3300 2589 tumstnm

1728 2620 1865 2676 lactis
1914 2622 2239 2675 intervenire
2294 2622 2475 2686 rebus,
2525 2621 2612 2676 illc
2647 2622 2933 2677 Pudiensis
2990 2624 3300 2694 episc0pns,

1728 2725 1889 2780 quem
1953 2720 2101 2765 tuum
2160 2711 2423 2766 vicarium
2488 2711 2645 2765 nobis
2696 2712 3094 2776 commiseras,
3162 2714 3303 2767 bello

1728 2807 1969 2868 peracto,
2001 2798 2055 2853 in
2085 2814 2191 2867 quo
2222 2799 2447 2854 honeste
2485 2799 2602 2863 fuit,
2649 2810 2703 2854 et
2742 2801 3020 2871 paciﬁcata
3060 2802 3300 2868 civitate,

1728 2888 1982 2944 Kalendis
2009 2889 2237 2960 Augusti
2268 2900 2513 2945 mortuus
2536 2899 2642 2945 est.

1800 2979 1951 3035 Nunc
1989 2980 2153 3050 igitur
2199 2981 2293 3036 ﬁlii
2331 2982 2404 3036 tui
2448 2981 2609 3037 Patre
2650 2983 2943 3038 commisso
2973 2984 3167 3046 orbati,
3206 2984 3301 3038 tibi

1728 3070 1994 3140 spirituali
2022 3071 2165 3126 Patri
2200 3082 2386 3127 nostro
2413 3075 2732 3129 mandamus
2767 3084 2823 3129 ιιι
2857 3077 2947 3144 qni
2983 3076 3121 3129 hanc
3158 3076 3301 3128 viam

87 3167 404 3221 consistentes
433 3167 537 3236 ipsi
582 3167 733 3237 asylo
761 3168 1035 3236 opposito,
1062 3168 1204 3222 viam
1247 3170 1387 3222 inter
1420 3176 1625 3223 utrum-
1653 3156 1699 3218 C
1732 3162 2034 3232 inctnpisti,
2075 3172 2131 3217 et
2177 3164 2519 3218 sermonibus
2569 3164 2676 3218 tuis
2724 3180 2823 3220 nos
2880 3182 3071 3221 omnes
3127 3176 3302 3220 terras

88 3266 174 3320 que
201 3255 483 3310 exercitum
527 3256 595 3309 ad
620 3255 896 3310 civitatem
931 3256 1379 3321 descendentem,
1420 3271 1489 3312 ne
1526 3257 1625 3326 ipsi

89 3344 216 3397 nobis
257 3344 416 3399 multo
462 3344 649 3414 plures
695 3346 1078 3415 irrumperent,
1130 3346 1523 3411 custodientes,
1573 3356 1629 3401 et

90 3432 208 3487 intus
248 3446 301 3489 et
342 3443 494 3490 extra
548 3443 702 3490 nocte
742 3444 797 3491 et
842 3436 927 3490 die
971 3434 1299 3490 debellantes
1340 3444 1527 3503 portas
1556 3436 1625 3489 ad

90 3522 324 3578 civitatem
355 3524 487 3594 asyli
522 3524 728 3579 intrare
757 3532 812 3580 et
836 3525 901 3577 ad
931 3534 1108 3580 castra
1140 3538 1382 3578 remeare
1408 3539 1630 3592 compu—

90 3607 239 3664 limus.
264 3612 392 3666 Cum
414 3626 548 3681 ergo
573 3612 834 3667 vidissent
866 3614 1007 3681 quod
1035 3627 1101 3667 ex
1144 3612 1232 3666 illa
1258 3621 1412 3680 parte
1436 3627 1630 3666 nocere

90 3700 217 3754 nobis
240 3702 362 3755 nihil
393 3702 718 3772 potuissent,
737 3705 807 3756 ita
834 3718 932 3758 nos
964 3718 1031 3757 ex
1060 3704 1205 3758 omni
1231 3714 1383 3773 parte
1401 3704 1631 3759 circum-

91 3787 243 3844 ierunt
291 3800 348 3845 nt
394 3794 526 3847 nulli
563 3808 629 3847 ex
667 3794 869 3849 nostris
913 3794 1063 3848 exire
1103 3794 1186 3848 vel
1217 3796 1281 3847 ad
1318 3808 1416 3847 nos
1450 3796 1632 3848 venire

90 3880 345 3942 potuerint.
369 3882 553 3947 Quare
586 3883 659 3936 ita
684 3883 907 3937 desolati
934 3892 989 3937 et
1022 3880 1207 3938 afﬂicti
1252 3884 1449 3938 fuimus
1488 3884 1630 3953 quod

91 3966 208 4022 [ante
238 3979 287 4022 et
321 3971 438 4024 aliis
472 3972 659 4025 muttis
694 3972 956 4042 angustiis
995 3972 1316 4037 morientes,
1364 3987 1533 4041 equos
1576 3982 1632 4026 et

90 4056 244 4111 asinos
268 4069 474 4115 nostros
525 4060 803 4116 famelicos
844 4060 1234 4117 interﬁcientes
1268 4060 1421 4117 multi
1461 4063 1629 4118 nostri

90 4148 424 4203 comederunt.

147 4234 240 4290 Sed
266 4238 476 4293 interim
514 4238 931 4296 clementissima
978 4240 1351 4297 misericordia
1387 4243 1632 4313 omnipo-

90 4328 228 4381 tentis
249 4328 335 4381 Dei
363 4331 521 4385 nobis
547 4332 896 4386 subveniente
923 4339 980 4386 et
1017 4347 1114 4400 pro
1150 4333 1306 4387 nobis
1341 4334 1627 4403 vigilante,

91 4415 387 4474 Dominicam
418 4421 687 4487 lanceam,
713 4437 819 4491 qua
852 4421 991 4477 latus
1011 4421 1138 4477 Jesu
1168 4421 1374 4478 Christi
1402 4424 1626 4493 Longini

1732 3262 1951 3308 nostras
1972 3262 2028 3309 et
2062 3254 2324 3322 quidquid
2357 3255 2406 3307 in
2437 3255 2594 3309 terris
2624 3264 2741 3307 erat
2769 3255 3073 3323 relinquere
3103 3256 3299 3317 fecisti,

1728 3352 1783 3397 et
1817 3358 2034 3399 crucem
2074 3344 2362 3411 bajulandu
2398 3344 2669 3399 Christum
2704 3346 2856 3413 sequi
2889 3346 3215 3415 praecepisti,
3248 3358 3303 3399 et

1727 3430 2099 3485 Christianum
2155 3447 2351 3486 nomen
2401 3432 2647 3486 exaltare
2694 3435 3094 3495 commonuisti,
3154 3451 3303 3488 com-

1728 3521 1925 3589 plendo
1946 3536 2065 3589 quae
2091 3523 2338 3575 hortatus
2360 3536 2417 3576 cs
2440 3524 2507 3574 ad
2531 3536 2626 3576 nos
2648 3523 2852 3586 venias,
2879 3532 2933 3578 et
2952 3537 3301 3592 quoscunque

1730 3611 1933 3679 poteris
1970 3620 2027 3664 ut
2059 3620 2232 3665 tecum
2276 3612 2495 3665 veniant
2554 3614 2898 3668 submoncas.
2955 3615 3091 3670 illuc
3153 3618 3298 3669 enim

1729 3700 2093 3753 Christianum
2142 3714 2334 3755 nomen
2382 3702 2612 3769 sumpsit
2658 3704 2960 3757 exordium.
3004 3703 3298 3772 Postquam

1730 3787 1875 3843 enim
1929 3788 2120 3843 beatus
2177 3787 2368 3844 Petrus
2422 3789 2473 3842 in
2529 3790 2787 3844 cathedra
2845 3807 3005 3860 quam
3060 3794 3301 3862 quotidie

1730 3878 2000 3931 cernimus
2036 3876 2439 3933 intltronizatus
2468 3877 2589 3943 fuit,
2616 3879 2689 3932 illi
2730 3880 2818 3948 qui
2850 3881 2998 3949 prius
3028 3883 3300 3937 vocaban-

1732 3972 1817 4017 tur
1842 3963 2068 4029 Galilzei,
2102 3964 2190 4019 hic
2221 3966 2453 4033 primum
2485 3976 2541 4020 et
2570 3966 2941 4037 principaliter
2970 3972 3142 4023 vocati
3176 3980 3302 4024 sunt

1730 4054 2046 4109 Christiani.
2084 4055 2222 4121 Quid
2251 4056 2417 4128 igitur
2447 4057 2498 4111 itt
2525 4058 2657 4113 orbe
2694 4059 2895 4113 rectius
2932 4074 3053 4114 esse.
3089 4061 3301 4114 videtur

1732 4161 1894 4215 quam
1924 4154 1982 4199 ut
2006 4155 2081 4212 tu,
2109 4147 2200 4215 qui
2222 4147 2386 4202 Pater
2409 4156 2461 4201 et
2493 4158 2653 4216 caput
2679 4150 2998 4204 Christiana:
3023 4151 3300 4219 religionis

1728 4236 1939 4302 existis,
1970 4236 2036 4290 ad
2080 4239 2268 4290 urbem
2317 4237 2667 4306 principalem
2718 4248 2773 4293 et
2817 4240 3098 4308 capitalem
3145 4241 3302 4294 Clu-i-

1729 4327 1889 4381 stiani
1940 4327 2176 4382 nominis
2230 4329 2436 4392 venias,
2482 4337 2539 4381 et
2583 4328 2779 4381 bellmn
2818 4331 2959 4397 quod
3018 4339 3165 4383 tutmt
3220 4340 3303 4383 est

1731 4418 2007 4487 proprium
2037 4434 2101 4472 ex
2144 4428 2231 4471 tua
2266 4428 2419 4488 parte
2460 4417 2739 4473 conﬁcias.
2774 4417 2880 4474 Nos
2912 4421 3054 4475 enim
3094 4421 3302 4474 Turres

88 4508 302 4563 manibus
342 4511 677 4580 perforatum
724 4488 853 4579 fuit,
893 4522 1081 4569 sancto
1127 4514 1344 4569 Andrea
1386 4488 1629 4585 apostolo
1655 4488 1787 4564 νει
1810 4524 2050 4578 paganos
2074 4509 2518 4580 expugnavimus.
2546 4510 2838 4565 llaercticos
2860 4520 3035 4565 autem
3060 4510 3299 4574 Gnaeus,

89 4598 269 4650 cuidam
323 4600 521 4655 famulo
573 4602 666 4657 Dei
717 4610 799 4657 ter
850 4605 1126 4659 revelante
1167 4605 1301 4675 (60),
1352 4616 1407 4661 et
1452 4609 1625 4677 ipsum

89 4680 237 4737 iocum
268 4688 350 4742 ubi
384 4691 574 4746 lancea
607 4690 824 4759 jacebat
848 4693 1273 4759 demonstrante,
1304 4697 1357 4749 in
1401 4697 1631 4752 ecciesia

90 4768 213 4826 Beati
238 4775 373 4832 Petri
404 4781 774 4848 apostolorum
814 4783 1073 4853 principis
1113 4786 1432 4842 invenimus.
1466 4787 1630 4855 Cujus

91 4864 367 4925 inventione
405 4881 459 4925 et
490 4872 672 4926 multis
697 4872 818 4926 aliis
856 4872 1054 4929 divinis
1094 4874 1512 4932 revelationibus
1554 4878 1627 4933 ita

89 4954 343 5013 confortati
377 4971 431 5015 et
456 4962 793 5017 corroborati
838 4962 1038 5019 fuimus
1061 4973 1118 5017 ut
1148 4966 1238 5034 qui
1274 4975 1400 5020 ante
1442 4967 1627 5023 afﬂicti

89 5051 131 5092 et
154 5046 305 5100 timidi
333 5048 625 5111 fueramus,
660 5060 786 5104 tunc
809 5050 877 5105 ud
907 5051 1102 5104 bellum
1132 5051 1437 5107 faciendum
1460 5053 1625 5106 auda-

90 5131 263 5190 cissimi
316 5140 850 5209 promptissimiqne,
909 5140 1003 5195 alii
1066 5141 1199 5195 alios
1252 5142 1622 5195 hortabamur.

92 5222 232 5291 igitur
275 5232 441 5287 tribus
488 5233 914 5288 hebdomadibus
952 5244 1007 5288 et
1041 5242 1273 5303 quatuor
1306 5234 1498 5288 diebus
1525 5235 1621 5289 obr

92 5315 226 5381 sessi,
273 5319 323 5373 in
365 5322 544 5391 vigilia
595 5324 958 5391 apostolorum
1007 5324 1151 5378 Petri
1198 5332 1252 5378 et
1289 5324 1442 5378 Pauli
1488 5324 1621 5394 (6|),

92 5399 136 5452 in
180 5404 277 5459 Deo
321 5411 683 5475 conﬁdentes,
742 5420 797 5465 et
844 5412 909 5465 de
955 5414 1203 5466 omnibus
1254 5413 1627 5482 iniquitatibus

94 5494 265 5547 nostris
288 5498 529 5559 confessi}
561 5507 805 5567 petentes
849 5509 1032 5566 portas
1060 5502 1294 5556 civuatis
1326 5517 1447 5556 cum
1478 5504 1621 5556 omni

272 5600 396 5676 Yidc
418 5606 589 5659 Wilel.
625 5606 749 5676 Tyr.
784 5609 875 5663 lih.
911 5624 983 5675 vt,
1016 5626 1062 5663 c.
1102 5612 1184 5663 Η.

151 5669 247 5736 (ﬁt)
278 5670 424 5731 ΙΙιίιΙ..
456 5691 501 5726 c.
534 5676 657 5729 aeu.

349 5784 611 5845 ΡΑΤιιι-ι..
659 5788 784 5846 CLI

1731 4606 1786 4653 et
1824 4597 2115 4662 Armenos,
2146 4606 2306 4665 atque
2339 4598 2549 4666 Syrios,
2575 4597 2955 4669 Jacobitasquc
2991 4615 3300 4669 expugnare

1732 4688 2093 4757 nequivimus.
2152 4687 2467 4743 Maudamus
2504 4690 2668 4759 igitur
2701 4699 2755 4744 ct
2787 4692 3165 4745 remandanms
3207 4692 3298 4743 tibi

1732 4778 2026 4833 charisimo
2053 4778 2197 4831 Patri
2227 4787 2408 4833 nostro
2436 4791 2495 4834 ut
2518 4792 2593 4846 tu,
2618 4781 2801 4846 Pater,
2831 4783 2895 4836 ad
2931 4793 3031 4837 tute
3058 4783 3299 4852 paterni-

1736 4870 1863 4924 tatis
1886 4870 2060 4923 locum
2090 4870 2299 4934 venias,
2332 4880 2385 4924 ct
2429 4872 2517 4940 qui
2564 4873 2735 4927 sancti
2779 4874 2919 4927 Petri
2953 4889 3011 4927 es
3041 4873 3298 4936 vicarius,

1732 4961 1783 5013 in
1812 4960 2070 5014 cathedra
2118 4961 2292 5014 sancti
2331 4960 2478 5015 Petri
2508 4963 2697 5016 sedeas
2724 4972 2776 5016 et
2804 4979 2900 5016 nos
2934 4964 3067 5017 ﬁlios
3095 4973 3214 5017 tuus
3247 4965 3295 5017 in

1728 5049 1977 5103 omnibus
2000 5059 2147 5104 recte
2178 5050 2400 5121 agendis
2425 5050 2739 5105 obcdicntcs
2771 5051 3001 5116 habeas;
3036 5062 3089 5106 ct
3111 5067 3298 5106 omnes

1730 5139 1985 5206 hatrescs,
2036 5140 2408 5211 cujuscunque
2445 5142 2622 5211 gentis
2661 5142 2789 5205 sint,
2842 5151 2928 5195 tua
2977 5144 3297 5196 auctoritate

1728 5243 1783 5284 et
1808 5239 1992 5287 nostra
2055 5234 2254 5287 virtute
2321 5232 2565 5287 eradices
2627 5243 2683 5287 et
2733 5233 3037 5297 destrnas;
3103 5244 3160 5288 et
3220 5237 3297 5288 sic

1732 5322 2008 5376 nobiscum
2059 5323 2199 5376 viam
2239 5322 2367 5377 Jesu
2404 5320 2604 5376 Christi
2635 5340 2665 5375 ει
2693 5324 2846 5378 nobis
2887 5326 3152 5393 inceptam
3183 5334 3237 5376 et
3266 5342 3294 5376 ιι

1733 5422 1783 5466 te
1813 5414 2159 5482 praedicatum
2188 5414 2459 5481 perﬁcias.
2495 5426 2550 5469 ct
2592 5417 2756 5470 etiam
2799 5428 2981 5485 portas
3017 5416 3295 5484 utriusque

1733 5502 2062 5556 Hierusalem
2113 5504 2267 5557 nobis
2315 5505 2564 5572 aperias,
2613 5515 2667 5559 et
2720 5507 3024 5575 sepulcrum
3082 5503 3294 5558 Domini

1799 5613 1908 5683 (62)
1936 5613 2100 5679 Idem,
2129 5615 2222 5669 lib.
2254 5634 2338 5683 vt,
2372 5636 2418 5673 c.
2469 5621 2519 5672 1.

2789 5799 2859 5857 18
