3900 6322
658 311 764 366 555

1963 313 2019 366 Β.
2054 313 2187 368 Ulli}

2290 316 2363 370 ΙΙΙ
2395 318 2593 378 ΡΑΡιΕ
2667 375 2671 378 .
3717 336 3777 392 ἔὸὐ

647 421 877 474 liberum
933 428 1098 515 atque
1155 419 1522 515 Christianum
1560 436 1774 515 nomen
1837 439 1998 492 super
2052 441 2210 480 omne
2239 433 2284 487 Α
2314 430 2599 486 Remorum
2629 434 2960 504 episcopum,
2989 452 3188 508 perque
3214 440 3564 496 venerabilem
3588 442 3777 515 “agnam

642 510 940 566 exaltatum
995 505 1186 563 facias.
1233 508 1292 587 Si
1328 509 1472 564 enim
1507 509 1574 563 ad
1600 525 1700 566 nos
1737 511 1948 587 veneris
1976 521 2033 568 et
2073 514 2208 568 viam

639 613 742 668 per
775 607 826 652 te
863 596 1132 668 inceptam
1163 582 1444 654 nobiscum
1466 597 1782 667 perfeceris,
1817 584 1961 656 totus
1981 605 2209 658 mundus

639 686 740 741 tibi
785 685 1042 741 obediens
1077 687 1202 741 erit.
1232 686 1396 754 Quod
1417 687 1530 756 ipse
1563 696 1612 742 te
1639 689 1820 746 facere
1853 689 2020 745 faciat
2066 691 2209 746 Deus

636 777 728 847 qui
767 777 897 830 vivit
924 786 979 830 et
1003 785 1193 848 regnat
1217 777 1268 830 in
1297 777 1495 835 smcula
1519 779 1858 834 saeculorum.
1886 781 2204 852 Amen(65).

705 865 832 919 Mihi
862 867 1079 934 quidem
1110 867 1339 922 relatum
1370 878 1454 922 est
1502 886 1687 932 unum,
1730 872 1876 939 quod
1918 873 2074 927 valde
2100 874 2208 929 Deo

631 955 992 1024 omnibusque
1035 956 1751 1014 Christicolis.contrarium
1801 971 1905 1027 est,
1950 964 2093 1031 quod
2135 965 2208 1017 si-

631 1047 779 1116 gnati
832 1056 1021 1101 sancta
1069 1063 1230 1102 cruce
1281 1064 1311 1102 a
1363 1059 1416 1104 te
1464 1050 1733 1106 licentiam
1787 1053 2019 1108 habeant
2068 1054 2208 1108 inter

630 1137 985 1191 Christicolas
1025 1138 1247 1192 morari.
1297 1138 1448 1205 Quod
1488 1141 1715 1195 multum
1765 1143 1952 1198 miror.
1982 1143 2115 1209 Quia
2151 1155 2206 1200 tu

629 1227 876 1295 inceptor
905 1228 1077 1280 sancti
1111 1228 1318 1284 itineris
1353 1245 1480 1283 cum
1501 1231 1599 1294 sis,
1628 1231 1936 1287 differentes
1959 1243 2203 1289 sanctum

629 1315 734 1369 iter
783 1332 812 1368 a
870 1325 922 1368 te
969 1317 1253 1371 consilium
1300 1318 1384 1373 vel
1433 1318 1633 1388 aliquid
1678 1321 1802 1375 boni
1848 1323 2047 1378 habere
2097 1339 2202 1378 non

628 1403 848 1470 debent,
898 1406 1000 1460 nisi
1052 1415 1290 1473 emptum
1341 1408 1444 1462 iter
1490 1399 1838 1478 adimpleant.
1883 1413 1949 1466 Et
1984 1424 2204 1470 nonest

627 1494 782 1548 nobis
821 1509 956 1563 opus
1000 1503 1057 1548 ut
1093 1496 1292 1551 bonum
1327 1499 1472 1567 quod
1518 1499 1731 1568 coepisti
1779 1500 2064 1566 disturbes,
2107 1504 2200 1558 sed

626 1585 790 1638 etiam
838 1593 929 1638 tuo
975 1585 1206 1641 adventu
1253 1597 1309 1641 et
1350 1589 1589 1642 onmium
1630 1590 1892 1644 bon‘orum
1938 1594 2198 1658 virorum,

623 1687 981 1743 quoscunque
1002 1675 1207 1745 poteris
1226 1676 1493 1730 adducere
1519 1687 1715 1743 tecum,
1745 1694 1841 1733 nos
1860 1682 2196 1736 col-rubores.

2312 519 2723 588 Lugdunensem
2753 526 3037 592 primatem
3079 537 3132 582 et
3163 529 3318 598 hujus
3348 529 3590 585 Romam:
3614 533 3780 591 Ecclea':

2311 607 2566 678 legatum,
2595 611 2648 665 in
2681 615 2948 670 sententia
2996 633 3157 686 quam
3197 620 3510 674 tenebamus
3551 623 3778 684 confirmati.

2311 697 2445 752 adeo
2477 703 2880 767 provocavimus
2929 706 3213 760 adversum
3248 724 3347 763 nos
3394 709 3525 762 iram
3565 710 3780 774 Otbertia

2309 788 2520 856 publice
2546 793 2697 858 quasi
2730 794 3102 851 inobedientes
3122 797 3219 851 sibi
3248 814 3348 853 nos
3373 805 3781 866 excommunirarei,

2310 885 2364 930 et
2391 877 2566 932 locato
2593 880 2796 950 judicio
2825 885 3180 951 quorumdam
3210 888 3468 940 abbatum
3518 899 3567 940 et
3607 891 3782 944 archidia-

2309 980 2566 1022 conorutn
2639 985 2857 1024 suorum
2917 972 3150 1028 oﬂicium
3198 974 3411 1030 abbatis
3465 978 3656 1031 omnino
3691 987 3783 1034 nota

2309 1053 2674 1113 interdiceret.
2707 1048 2832 1113 lndé
2855 1060 3110 1129 juvenem
3148 1065 3437 1132 quemdam
3469 1066 3783 1122 Lobiensiscu-

2306 1147 2453 1201 nobii
2481 1148 2600 1204 sine
2646 1151 2878 1222 regulari
2924 1152 3189 1210 electione
3226 1155 3344 1210 loco
3378 1167 3562 1210 nostro
3581 1159 3786 1222 substituit,

2305 1250 2534 1304 eumque
2558 1241 3049 1297 contradicentibus
3073 1243 3327 1298 fratribus
3357 1246 3607 1298 violenter
3625 1247 3785 1314 ingessit.

2303 1326 2468 1398 Cujus
2512 1327 2841 1396 juvenilibus
2890 1333 3121 1404 ideoque
3188 1320 3559 1398 incompositis
3605 1339 3785 1392 amabis.

2303 1419 2496 1488 quibus
2524 1436 2620 1488 per
2650 1423 2923 1494 biennium
2955 1425 3069 1480 fere
3095 1443 3202 1496 quo
3230 1428 3464 1496 praefuit,
3507 1430 3786 1495 dissipatam-

2303 1507 2401 1563 bus
2421 1509 2824 1579 ecclesiasticis,
2861 1515 3048 1586 religio
3078 1533 3292 1586 quoque
3315 1534 3440 1586 qua:
3471 1519 3522 1571 in
3547 1517 3645 1570 loco
3667 1523 3786 1569 eam

2301 1597 2534 1664 gloriose
2571 1602 2781 1670 vigebat
2820 1606 3067 1674 deperiit.
3101 1605 3253 1663 Unde
3289 1608 3594 1677 comptibus
3615 1608 3787 1661 ouans

2301 1703 2332 1742 a
2375 1689 2512 1744 duce
2559 1691 2852 1750 Godefrido
2909 1696 3135 1766 aliisque
3190 1700 3489 1768 provincia:
3551 1700 3787 1769 principin

623 1765 790 1859 Decet
813 1765 962 1859 enim
997 1774 1056 1859 ut
1085 1780 1180 1820 nos
1213 1765 1306 1859 Dei
1344 1767 1547 1859 ausilio
1593 1769 1806 1859 tuisque
1836 1771 2038 1824 sane-tis
2080 1787 2198 1840 prc-
2233 1773 2274 1830 Β
2302 1795 2436 1849 quos
2462 1787 2719 1852 gravabat
2762 1786 3001 1856 ejusdem
3037 1765 3134 1844 loci
3188 1765 3491 1859 dispersio.
3533 1765 3656 1843 illum
3690 1765 3786 1843 iam

619 1853 773 1907 cibus
806 1854 1166 1923 acquisitores
1203 1854 1366 1909 totius
1413 1854 1720 1922 Romaniae,
1752 1855 1982 1921 Ciliciae,
2032 1860 2196 1925 Asiae,

619 1945 815 2015 Syrize,
865 1953 917 1998 te
948 1945 1245 2000 habeamus
1274 1954 1394 2016 post
1426 1947 1592 2000 Deum
1638 1947 1936 2015 adiutorem
1973 1960 2026 2004 et
2073 1953 2199 2006 sub-

617 2037 946 2092 venientem.
979 2037 1059 2092 Tu
1101 2052 1232 2092 vero
1280 2051 1378 2092 nos
1411 2037 1548 2092 filios
1589 2053 1684 2108 per
1711 2040 1893 2094 omnia
1931 2041 2025 2095 tibi
2073 2042 2200 2096 obe-

538 2177 540 2179 .
615 2127 842 2192 dientes,
879 2129 1039 2182 Pater
1073 2128 1350 2198 piissime,
1387 2129 1835 2200 debesseparare
1883 2134 1951 2186 ab
1999 2132 2199 2201 injusto

616 2218 974 2288 imperatore,
1024 2218 1116 2287 qui
1169 2217 1338 2272 multa
1391 2217 1532 2273 bona
1582 2220 1831 2289 promisit
1881 2221 2055 2284 nobis,
2103 2223 2196 2276 sed

616 2310 838 2363 minime
885 2308 1033 2363 fecit.
1079 2307 1274 2362 Omnia
1322 2309 1466 2362 enim
1516 2310 1659 2364 mala
1707 2319 1762 2365 et
1812 2311 2195 2381 impedimenta

614 2413 949 2468 quaecunque
973 2400 1150 2453 facere
1179 2399 1372 2467 potuit,
1402 2399 1560 2453 nobis
1588 2398 1736 2454 fecit.

688 2490 814 2546 ﬂare
831 2492 1016 2544 charta
1048 2491 1150 2544 fuit
1171 2490 1374 2559 scripta
1391 2489 1478 2544 die
1500 2506 1553 2544 χι
1580 2490 1815 2546 intrante
1833 2490 2193 2562 Septembrio,

613 2581 910 2636 indictione
938 2596 988 2635 tv
1021 2579 1166 2651 [vn].
1377 2651 1418 2704 ΙΙ

613 2742 920 2799 Theoderici
971 2744 1174 2799 abbatis
1222 2753 1268 2798 et
1297 2744 1529 2812 ﬁliorum
1580 2744 1826 2799 Ecclesia:
1873 2744 1938 2799 Β.
1977 2744 2194 2801 Huberti

679 2815 1062 2885 Andagiaemia
1086 2814 1291 2867 libellus
1317 2814 1535 2881 supplet:
1585 2815 1653 2866 ad
1696 2813 1964 2869 Urbanum
2003 2834 2192 2885 papam

681 2882 864 2937 contra
901 2882 1145 2937 Viredum
1176 2886 1458 2937 intrusum.

891 2973 1164 3044 (Manna.
1188 2970 1348 3041 ampl.
1369 2970 1582 3024 Collect.
1612 2969 1702 3036 IV,
1727 2972 1908 3043 iO-lO.)

619 3079 626 3092 ι·
679 3065 905 3121 Domino
948 3073 1005 3120 et
1052 3063 1344 3118 universali
1371 3077 1521 3132 papae
1567 3061 1788 3117 Uasmo
1817 3063 1912 3117 ﬁlii
1939 3062 2190 3118 Ecclesiae

605 3155 667 3208 B.
702 3153 924 3209 Huberti
951 3169 1050 3223 pro
1076 3152 1386 3209 defensione
1411 3167 1553 3206 verae
1575 3153 1696 3207 fidei
1723 3153 1943 3222 ejusque
1964 3153 2186 3225 legitimi

605 3245 936 3316 apostolatus
978 3229 1123 3315 pasSi
1173 3242 1561 3312 dispersionem
1609 3242 1664 3296 in
1706 3242 1878 3298 oculis
1918 3243 2013 3297 Dei
2043 3245 2185 3312 quod

603 3339 802 3392 dicitur
828 3351 967 3391 esse.

674 3427 983 3484 Dortniente
1009 3425 1237 3481 Domino
1250 3423 1402 3491 Jesu,
1432 3424 1585 3480 navis
1607 3424 1899 3495 apostolica
1930 3424 1984 3480 in
2010 3423 2185 3479 medio

604 3520 768 3574 maris
796 3519 1102 3590 jactabatur
1128 3517 1378 3574 fluctibus
1406 3535 1420 3573 :
1462 3519 1577 3587 ipso
1610 3531 1825 3587 quoque
1856 3531 1996 3571 nunc
2027 3516 2184 3570 dissi-

605 3608 861 3674 mulante,
895 3607 1129 3676 peccatis
1153 3608 1492 3676 exigentibus
1516 3625 1528 3660 :
1557 3614 1759 3661 sanctae
1775 3605 2030 3660 Ecclesia:
2059 3605 2182 3659 uni-

606 3709 690 3752 tas
714 3714 744 3751 a
773 3698 1133 3752 schismaticis
1164 3699 1532 3767 perturbatur,
1579 3707 1633 3752 et
1683 3697 2035 3750 amarissimis
2060 3710 2184 3764 per-

603 3789 937 3844 secutionum
987 3786 1394 3854 tempestatibus
1435 3785 1637 3854 passim
1676 3787 1876 3841 veritas
1901 3795 1954 3841 et
1968 3784 2181 3855 justitia

605 3879 970 3936 confunditur.
1012 3879 1182 3949 Hujus
1207 3879 1599 3948 persecutionis
1627 3881 1918 3949 procellam
1943 3878 2055 3947 jam
2087 3894 2182 3948 per

602 3977 809 4037 septem
857 3981 1028 4022 annos
1079 3968 1194 4022 sine
1240 3965 1600 4036 refragatione
1629 3967 1797 4036 passi,
1853 3968 2064 4021 tandem
2113 3967 2179 4020 ad

601 4058 885 4114 consilium
909 4057 1164 4111 Romana:
1190 4055 1446 4110 Ecclesia:
1489 4053 1858 4125 confugimus;
1886 4057 2027 4123 quod
2057 4055 2177 4124 qui-

600 4151 722 4205 dem
765 4150 877 4221 jam
925 4149 1016 4204 ditt
1070 4148 1190 4202 ideo
1237 4144 1579 4212 distulimus:
1615 4161 1682 4200 ne
1741 4146 1892 4200 vobis
1940 4160 2179 4200 essemus

599 4239 771 4305 oneri,
794 4253 917 4294 cum
948 4237 1067 4292 usui
1091 4252 1196 4291 non
1218 4234 1500 4290 fuerimus.
1524 4233 1653 4289 Post
1686 4234 1969 4288 decessum
1998 4233 2177 4288 domui

600 4331 814 4386 llenrici
839 4329 1148 4385 Leodiensis
1167 4327 1389 4398 legitimi
1411 4325 1672 4396 episcopi,
1691 4325 1945 4382 Otbertus
1962 4325 2176 4394 quidam

2299 1868 2456 1937 ejecit
2484 1886 2552 1925 ex
2581 1887 2666 1926 eo.
2693 1873 2784 1928 Sic
2814 1875 2970 1930 nobis
2996 1885 3214 1946 patente
3245 1877 3367 1932 loco
3405 1878 3695 1942 revertendi,
3713 1896 3786 1932 cum

2302 1959 2601 2016 rediremus
2629 1963 2694 2016 ad
2723 1962 2917 2019 fratres
2940 1976 3177 2031 nostros,
3207 1970 3586 2023 revocantibus
3605 1970 3786 2030 Cl5,llhll-

2299 2061 2492 2118 gnatus
2539 2053 2825 2108 adversum
2871 2071 2971 2111 nos
3001 2057 3280 2123 Otbertus,
3327 2074 3456 2113 cum
3498 2061 3695 2112 audisset
3731 2075 3787 2110 au:

2299 2139 2438 2196 forte
2480 2142 2765 2211 inﬁrmari,
2821 2148 3154 2216 sepulturam
3201 2164 3545 2203 communem
3597 2150 3729 2210 nobis,
3761 2152 3786 2199 si

2299 2249 2652 2300 tnorcremur,
2685 2237 2987 2305 interdixit,
3020 2240 3284 2294 ministris
3337 2241 3569 2294 abbat'ue
3615 2256 3669 2293 ne
3691 2239 3787 2291 nobis

2296 2322 2578 2378 obedirent
2622 2328 2917 2394 prohibuit,
2967 2330 3263 2385 monachos
3303 2329 3508 2399 ejicere
3547 2340 3596 2384 et
3632 2347 3704 2399 pro
3741 2332 3788 2381 eis

2297 2411 2522 2466 clericos
2552 2429 2834 2483 reponere,
2861 2430 2916 2471 et
2941 2420 3308 2486 possessiones
3348 2420 3709 2474 ecclesiasticas
3729 2420 3788 2469 mi-

2297 2501 2480 2556 litibus
2514 2506 2626 2558 suis
2652 2507 2910 2574 dividere,
2946 2511 3046 2564 nisi
3097 2510 3498 2576 recederemus,
3515 2511 3788 2580 iuravit.th

2296 2606 2423 2646 vero
2471 2593 2662 2650 dantes
2719 2597 2894 2651 locum
2944 2599 3056 2663 irae,
3103 2617 3224 2656 cum
3275 2603 3568 2658 imminens
3619 2603 3787 2656 ecclesia

2294 2693 2491 2740 nostra:
2517 2688 2811 2755 periculum
2842 2689 3127 2748 Lamberto
3148 2695 3496 2751 Atrebatensi
3524 2699 3789 2766 epismpo.tt

2292 2776 2489 2829 domno
2516 2777 2746 2833 Rodulfo
2796 2780 3120 2838 Virdunensi
3170 2785 3380 2852 abbati,
3429 2788 3686 2856 multisque
3714 2788 3790 2838 aliis

2291 2867 2408 2920 sani
2461 2869 2669 2922 consilii
2723 2871 2852 2926 viris
2897 2874 3330 2943 deploraremus,
3385 2880 3453 2934 ad
3487 2881 3615 2934 hunc
3641 2879 3787 2932 tandm

2293 2954 2453 3008 tinent
2485 2958 2818 3026 devenimus,
2855 2972 2914 3016 ιιι
2961 2974 3151 3032 sponte
3177 2975 3362 3021 nostra
3395 2969 3585 3038 privati
3612 2967 3788 3023 baculum

2291 3049 2614 3116 pastoralem
2645 3050 2763 3106 loco
2792 3063 2979 3108 nostro
3012 3054 3384 3128 fratribusque
3451 3061 3786 3120 remittemus.

2241 3144 2257 3162 ‘
2290 3154 2357 3192 ne
2383 3147 2601 3208 pmpter
2645 3155 2745 3196 nos
2775 3142 2853 3197 eis
2893 3147 3132 3201 eveniret
3161 3150 3301 3216 quod
3344 3149 3666 3204 timebamus.
3699 3147 3788 3200 [hic

2289 3236 2467 3282 tamen
2521 3237 2718 3286 nostra:
2770 3233 3052 3302 privationi
3101 3249 3169 3289 ex
3217 3238 3451 3292 consilio
3492 3238 3786 3307 praedictorum

2285 3318 2522 3374 virorum
2559 3336 2623 3376 ea
2651 3323 2891 3381 conditio
2925 3337 3008 3382 est
3045 3329 3359 3398 interposita
3393 3343 3450 3386 et
3472 3331 3672 3401 signatis
3693 3330 3787 3380 line

2288 3411 2361 3464 ris
2401 3411 2635 3482 firmata.
2673 3413 2758 3470 Me
2798 3430 2864 3470 eo
2906 3429 3067 3485 pacto
3109 3420 3312 3488 privari
3341 3423 3609 3484 consensi,
3627 3421 3665 3474 si
3687 3433 3786 3472 coc-

2287 3505 2465 3561 munis
2492 3521 2787 3564 consensus
2828 3511 3052 3567 fratrum
3104 3513 3220 3569 loco
3253 3529 3372 3569 meo
3397 3516 3610 3586 eligeret
3625 3523 3787 3582 putate

2283 3595 2387 3650 sibi
2436 3598 2721 3664 quemdam
2773 3600 3123 3672 Beringerum
3174 3605 3430 3659 abbatem
3461 3604 3518 3659 S.
3566 3599 3782 3658 Laurentii.
3868 3593 3869 3668 ι

2282 3684 2374 3752 qui
2400 3686 2548 3753 prius
2577 3693 2872 3744 monachus
2900 3693 3071 3746 nostri
3095 3693 3348 3757 cmuobii,
3377 3694 3614 3748 eamdem
3634 3696 3784 3743 senten-

2287 3774 2412 3828 tiam
2462 3791 2624 3845 quam
2673 3780 2978 3848 tuebamur,
3016 3783 3299 3838 videbatur
3341 3785 3507 3838 tueri.
3559 3783 3656 3836 Hoc
3692 3779 3782 3832 id!!!
3868 3817 3869 3832 ξ

2283 3864 2398 3920 ﬁeri
2421 3868 2752 3933 censuimus,
2781 3877 2837 3923 ut
2853 3871 2991 3926 idem
3018 3871 3337 3941 Bcringerus
3353 3889 3386 3927 a
3407 3875 3599 3928 domno
3618 3868 3784 3924 Hemi“
3868 3863 3869 3886 ‘

2282 3957 2578 4013 venerabili
2607 3961 2860 4028 pontiﬁce
2892 3972 3238 4017 consecratus
3275 3963 3328 4017 in
3348 3965 3612 4024 abbatem,
3643 3962 3784 4013 iteran-

2280 4044 2363 4099 dae
2409 4049 2835 4105 consecrationis
2874 4051 2943 4105 ab
2969 4054 3190 4108 Otberto
3236 4055 3438 4110 vitaret
3461 4052 3781 4109 necessitatem.

2280 4137 2433 4203 Quod
2475 4154 2596 4192 cum
2647 4142 2866 4196 omnino
2922 4142 3098 4198 facere
3152 4144 3339 4209 nollet,
3382 4155 3439 4199 et
3487 4145 3631 4199 talio
3673 4139 3783 4205 ιιιιιυε

2277 4229 2553 4284 dilationis
2613 4232 2870 4287 Otbertus
2921 4234 3223 4302 eligendum
3287 4236 3535 4289 abbatem
3591 4229 3781 4284 fratribus

2280 4321 2560 4388 indiceret,
2595 4331 2650 4374 et
2697 4323 2770 4376 illi
2809 4326 3092 4392 quemdam
3122 4341 3340 4380 suorum
3369 4323 3699 4380 communiter
3717 4317 3780 4369 eli-

597 4422 740 4477 dono
781 4421 998 4476 llenrici
1043 4419 1171 4475 dicti
1207 4418 1368 4488 regis,
1417 4432 1540 4472 cum
1591 4432 1698 4487 quo
1737 4416 1792 4470 in
1838 4415 2176 4486 expeditione
2207 4432 2253 4492 ι)
2279 4421 2484 4482 gerent,
2517 4411 2685 4468 frater
2703 4414 2956 4470 Wiredus
2987 4417 3265 4473 nobiscum
3296 4417 3426 4472 olim
3453 4430 3607 4471 causa
3629 4409 3778 4466 tuend:

596 4519 787 4567 contra
819 4510 1114 4564 Romanam
1135 4508 1430 4564 Ecclesiam
1459 4505 1790 4570 morabatur,
1810 4505 2174 4576 episcopatum

597 4599 815 4662 invasit,
840 4606 897 4652 et
920 4597 1007 4652 hic
1028 4596 1144 4651 sine
1169 4596 1423 4650 canonica
1452 4593 1716 4649 electione
1743 4594 1870 4648 cleri
1896 4601 1952 4647 et
1972 4592 2170 4663 pepuli.

597 4689 702 4757 Qui
731 4705 853 4745 cum
881 4704 938 4744 se
963 4688 1226 4742 fautorem
1266 4695 1319 4741 et
1354 4685 1688 4741 defensorem
1710 4685 1954 4740 Guiberti
1997 4686 2171 4738 haere-

597 4779 826 4834 siarcha:
870 4779 1079 4848 publice
1116 4775 1386 4844 iactaret,
1431 4784 1489 4831 et
1537 4775 1854 4845 quamplura
1909 4791 2026 4845 quae
2065 4791 2170 4830 non

597 4877 723 4924 sunt
762 4877 960 4923 nostrae
984 4866 1344 4923 accusationis
1372 4876 1557 4922 contra
1596 4881 1781 4921 sacros
1817 4881 2053 4921 canones
2103 4867 2170 4920 ad

598 4958 966 5015 confusionem
1038 4958 1458 5014 ecclesiasticam
1528 4969 1730 5014 temere
1791 4959 2168 5025 exordinaret,

598 5062 760 5104 causa
788 5049 996 5103 timoris
1049 5047 1145 5102 Dei
1200 5056 1256 5101 et
1309 5047 1639 5116 apostolatus
1683 5049 1848 5103 vestri
1874 5047 2047 5102 visum
2088 5059 2171 5104 est

597 5137 754 5191 nobis
779 5136 1095 5206 subjectioni
1123 5134 1240 5203 ejus
1274 5150 1372 5190 nos
1402 5135 1736 5200 subtrahere,
1769 5134 1922 5204 cujus
1969 5136 2170 5191 violen-

597 5223 688 5280 tiae
711 5211 815 5279 non
837 5235 1138 5296 poteramus
1155 5225 1426 5281 resistere.
1449 5224 1666 5279 EtlUCllS
1687 5226 1965 5280 nobiscum
1989 5233 2168 5280 autem

596 5315 916 5386 quibusdam
965 5315 1192 5370 fratrum
1243 5325 1571 5378 nostrorum,
1625 5331 1722 5384 per
1761 5315 1924 5370 cellas
1953 5323 2168 5371 nostras

595 5403 930 5470 divertimus,
950 5420 1087 5473 quas
1106 5406 1159 5459 iu
1184 5405 1434 5461 Remensi
1461 5413 1516 5460 et
1541 5404 1882 5460 Laudunensi
1899 5407 2167 5476 episcopio

595 5490 944 5547 habebamus.
991 5492 1066 5548 lbi
1116 5492 1328 5548 interim
1371 5509 1468 5564 per
1511 5495 1766 5550 dontnum
1816 5495 2165 5568 Raginoldum

665 5644 779 5718 (63)
820 5643 946 5702 Haec
972 5659 1080 5700 non
1105 5654 1320 5700 exstant
1350 5649 1488 5716 apud
1519 5647 1884 5705 Fulchcrium.

2276 4502 2398 4557 fidei
2447 4518 2696 4574 egressus
2745 4506 2811 4560 de
2831 4509 3182 4573 monasterio,
3217 4516 3272 4562 et
3299 4509 3510 4562 Otberti
3553 4517 3661 4559 tunc
3680 4511 3778 4552 aa!-

2275 4591 2443 4647 rimus
2467 4592 2826 4663 impugnator,
2866 4595 3137 4664 praedicta:
3157 4611 3371 4665 quoque
3392 4592 3654 4650 electionis
3668 4599 3774 4655 spel-

2272 4691 2464 4738 taneus
2489 4695 2748 4752 assertor,
2801 4686 2977 4740 eidem
3020 4687 3192 4742 electo
3229 4689 3519 4754 persuasit,
3545 4693 3596 4737 ut
3621 4678 3774 4734 interim

2271 4772 2415 4828 domi
2460 4785 2717 4841 cessaret,
2752 4791 2820 4830 ne
2855 4777 3083 4846 gratiam
3111 4777 3391 4831 electionis
3434 4791 3543 4832 suae
3579 4774 3694 4827 dom
3712 4779 3774 4818 ειο

2272 4865 2652 4920 communicati
2680 4866 2940 4933 inliceret,
2976 4867 3198 4936 ipseque
3224 4867 3292 4921 ad
3329 4867 3600 4922 Otbertum
3620 4876 3667 4915 se
3687 4870 3773 4908 m-

2273 4956 2416 5022 tulit,
2465 4965 2519 5010 et
2571 4966 2765 5026 praeter
2816 4957 3202 5012 conscientiam
3251 4968 3496 5012 nostram
3533 4951 3769 5008 eti'ratt'ulu

2270 5047 2587 5102 electionem
2623 5049 2689 5103 de
2713 5063 2874 5101 manu
2905 5047 3109 5103 Otberti
3139 5047 3410 5102 abbatiam
3444 5044 3638 5100 invasit.
3664 5032 3769 5101 ϐοεί-

2273 5137 2564 5192 tationibus
2598 5148 2778 5192 autem
2809 5137 2926 5206 ejus
2954 5153 3013 5192 se
3047 5139 3280 5192 invicem
3304 5133 3767 5191 accusantibusw"

2270 5243 2328 5283 se
2353 5229 2667 5297 aliquandiu
2709 5245 2739 5282 a
2783 5229 3123 5298 suscipienda
3179 5229 3582 5284 consecratione
3618 5213 3764 5277 Οώοῐιί

2269 5320 2634 5387 subtraheret,
2666 5329 2721 5374 et
2748 5321 3004 5376 Otbertus
3033 5321 3133 5375 hoc
3157 5320 3330 5389 ipsum
3360 5318 3643 5388 intelligens
3683 5317 3764 5361 ειειι

2269 5409 2336 5463 ad
2371 5411 2794 5464 consecrandum
2844 5411 3040 5480 saepius
3067 5419 3341 5476 evocaret,
3382 5409 3570 5463 fratres
3589 5409 3764 5491 αιωιπυς

2270 5502 2483 5556 nionem
2527 5508 2582 5554 et
2624 5501 3010 5569 subjectionem
3048 5515 3201 5556 suam
3229 5498 3762 5556 contradixeruuteh"
