3900 6322
518 309 623 368 5.63

1829 312 1890 363 Β.
1931 309 2180 366 URBANI
2217 309 2266 363 ιι
2283 308 2482 362 ΡΑΡίΕ
3680 313 3760 368 ξω

521 432 727 486 menta,
759 434 938 476 coram
982 418 1251 488 episcopis
1276 425 1330 470 el
1373 417 1739 472 cardinalibus
1770 420 2094 472 tnultorum-
2125 425 2168 479 Α
2199 424 2363 467 strata
2400 428 2576 466 versus
2597 411 2977 467 Bellumiocum
3006 424 3256 470 terminus
3282 425 3385 480 est,
3421 425 3614 469 contra
3635 435 3761 486 qm.

519 528 628 581 (lue
675 509 955 581 personis,
1004 506 1375 576 hujuscemodi
1425 522 1724 562 sermonem
1788 507 1975 563 habuit.
2029 509 2094 562 ad

520 604 772 674 populum
798 617 811 655 :
852 591 864 597 ’

593 692 772 747 Sancti
802 689 989 742 Patres
1017 699 1063 742 et
1099 689 1326 758 majores
1351 691 1512 743 nostri
1545 689 1771 743 Romani
1799 689 2089 758 pontiﬁces,

519 785 606 850 qui
631 791 828 836 sanctte
855 781 966 834 sedi
992 781 1293 836 apostolica:
1320 781 1698 848 praesederunt,
1732 797 1796 835 ea:
1818 797 1919 850 quo
1945 782 2091 835 locus

520 870 802 924 Cluniacus
851 870 1122 924 institutus
1166 878 1242 923 est
1283 869 1348 922 ab
1387 869 1539 924 initio
1565 910 1580 935 ,
1627 880 1675 924 et
1719 872 2090 926 monasterium

519 963 659 1016 istud
691 962 1003 1030 fundatum,
1037 972 1143 1014 tam
1173 961 1344 1014 locum
1377 962 1514 1015 hunc
1539 979 1697 1031 quam
1738 974 1982 1027 rectores,
2015 963 2091 1016 vel

516 1054 837 1106 habitatores
868 1053 982 1120 ejus
1022 1053 1328 1121 propensius
1357 1053 1686 1118 dilexerunt,
1728 1054 1990 1122 foverunt,
2042 1064 2089 1107 et

516 1155 828 1198 curaverunt
861 1146 1130 1198 attentius.
1173 1144 1240 1197 Et
1272 1147 1473 1199 merito.
1518 1144 1658 1198 Nam
1693 1147 1810 1214 pius
1841 1145 1928 1199 ille
1955 1145 2090 1199 Wil-

517 1232 701 1286 lelmus
723 1273 736 1296 ,
792 1234 943 1287 istius
979 1233 1102 1286 olim
1135 1233 1438 1287 monasterii
1472 1234 1776 1299 institutor,
1828 1233 1960 1287 nulli
1996 1235 2089 1289 alii

518 1321 794 1385 advocato,
819 1322 950 1375 nulli
976 1333 1217 1392 patrono,
1241 1323 1374 1376 nulli
1405 1323 1532 1394 regi,
1561 1323 1639 1378 vel
1661 1325 1886 1395 principi
1907 1342 2088 1379 curam

518 1411 683 1472 ipsius
739 1411 1056 1481 tutelamque
1085 1413 1482 1476 commendavit,
1529 1414 1635 1466 nisi
1685 1414 1794 1468 Deo
1843 1423 1890 1468 et
1941 1415 2087 1468 beato

520 1497 699 1563 Petro,
731 1501 940 1569 ejusque
970 1501 1200 1564 vicariis,
1237 1499 1486 1554 Romanis
1517 1502 1710 1556 scilicet
1735 1503 2084 1572 pontificibus.

521 1587 756 1650 Quorum
788 1605 1002 1642 numero
1034 1589 1112 1642 vel
1142 1589 1315 1643 ordini
1344 1591 1520 1644 divina
1571 1608 1651 1646 me
1679 1593 1936 1662 dignatio,
1971 1594 2086 1647 licet

516 1679 811 1746 indignum,
843 1678 1141 1742 associavit,
1172 1695 1252 1731 me
1280 1677 1404 1732 olim
1427 1681 1742 1733 monachum
1762 1682 2088 1752 prioremque

2198 505 2426 568 ruvium,
2453 504 2592 573 quod
2619 515 2694 558 est
2726 505 2948 574 desuper
2972 504 3336 560 molendinurn
3363 507 3638 560 cellerarii
3661 508 3757 560 Cla-

2196 594 2453 648 uiacensis
2511 595 2641 648 citra
2708 595 2972 664 Viengias.
3024 595 3176 650 Ultra
3234 597 3576 651 (Παπίας-πω
3622 614 3759 676 tersus

2195 682 2467 747 Masilias,
2527 682 2778 760 terminus
2825 693 2898 736 est
2948 683 3018 737 ad
3066 683 3302 749 bivium,
3354 685 3510 739 unde
3567 702 3663 737 ursa
3701 690 3760 739 eis

2192 775 2354 828 tendit
2403 775 2471 826 ad
2517 774 2785 838 Masilias,
2821 775 2988 829 altera
3038 777 3107 828 ad
3145 777 3410 832 Sanctam
3460 775 3686 830 Maria-
3715 781 3763 832 de

2191 863 2379 918 Bosco.
2413 864 2583 934 Super
2619 865 2897 933 Rufiacum
2925 868 3180 920 terminus
3215 877 3294 920 est
3326 867 3404 920 ad
3438 867 3761 919 summitatem

2191 953 2414 1023 defensi,
2444 954 2514 1007 ad
2537 955 2754 1020 bivium,
2782 955 2919 1009 unde
2943 973 3046 1010 una
3078 957 3158 1010 via
3185 957 3354 1010 tendit
3393 958 3473 1009 ad
3513 955 3764 1009 Bczom'e-

2191 1061 2332 1108 cum,
2355 1043 2522 1098 altera
2548 1046 2617 1098 ad
2645 1044 2932 1100 Cttrellant.
2970 1043 3156 1100 Versus
3178 1044 3505 1116 Setgiacum
3542 1047 3763 1098 tenuius

2190 1143 2265 1186 est
2295 1136 2433 1188 intra
2469 1136 2842 1202 quarruvium,
2878 1134 3010 1187 citra
3036 1133 3208 1187 locum
3238 1133 3334 1186 ubi
3369 1134 3573 1186 dicunt
3608 1134 3766 1184 Adiur-

2189 1238 2332 1293 gum.
2367 1221 2435 1276 In
2465 1233 2633 1276 strata
2663 1239 2837 1276 versus
2880 1221 3275 1276 Cabilonensem
3307 1237 3524 1290 pagum
3549 1223 3765 1274 terminus

2190 1325 2264 1367 est
2304 1315 2372 1366 ad
2407 1330 2644 1384 grossam
2673 1312 2986 1368 Cassaniam
3010 1330 3168 1380 super
3193 1312 3579 1365 Marsiacum.
3612 1309 3765 1364 Versus

2187 1403 2595 1457 Brancedunum
2665 1403 3039 1457 tet-minusest
3090 1405 3144 1456 in
3200 1404 3284 1456 via
3337 1417 3516 1469 super
3583 1400 3767 1454 Bosa:

2191 1491 2517 1545 Bannedum.
2573 1489 2762 1545 Versus
2802 1482 3167 1545 Trinorchium
3211 1492 3492 1553 terminus
3535 1501 3613 1544 est
3650 1507 3768 1558 super

2190 1578 2412 1633 rivulum
2451 1597 2602 1650 quem
2647 1581 2827 1634 dicunt
2871 1579 3108 1650 Longam
3143 1582 3382 1651 Aquam,
3423 1582 3576 1634 inter
3611 1580 3769 1634 Blann-

2187 1685 2332 1722 scum
2355 1677 2400 1721 et
2423 1668 2772 1724 Donsiacum.
2806 1668 3000 1723 Versus
3034 1669 3325 1724 Perronem
3352 1669 3446 1725 uel
3489 1669 3766 1731 Lazicam,

517 1770 820 1822 monasterii
849 1769 1006 1840 hujus
1048 1770 1142 1823 sub
1187 1770 1378 1823 domno
1411 1786 1473 1823 ac
1508 1771 1791 1824 venerabili
1839 1771 2086 1842 IIugone,

2192 1761 2448 1812 terminus
2474 1770 2548 1813 est
2586 1761 2655 1813 ad
2685 1759 2810 1814 Tres
2856 1759 3066 1830 Fagos;
3113 1761 3202 1814 ubi
3237 1762 3596 1831 partiuntur,
3635 1775 3771 1814 noster

515 1860 614 1914 Dei
669 1861 1030 1915 misericordia
1098 1863 1270 1915 adhuc
1324 1862 1600 1929 superstite
1630 1865 1693 1916 'et
1740 1862 2088 1918 benevolente.

515 1951 694 2020 Igitur
722 1954 856 2006 sicut
893 1954 1165 2022 pontiﬁces
1217 1956 1407 2008 summi
1451 1965 1572 2010 ante
1622 1971 1703 2010 me
1749 1955 2089 2010 succedebant

513 2045 612 2098 sibi
642 2045 694 2097 in
737 2045 1022 2113 apostolica
1050 2046 1191 2110 sede,
1244 2057 1603 2100 successerunt
1634 2049 1791 2100 etiam
1833 2048 1901 2100 ad
1935 2057 2088 2099 tuen-

513 2136 639 2188 dum
675 2137 1065 2204 curandumque
1096 2137 1402 2204 propensius
1441 2136 1612 2191 locum
1652 2138 1831 2191 istum.
1873 2135 2089 2190 Verum-

513 2234 691 2288 tamen
742 2223 920 2277 nullus
947 2240 1126 2278 eorum
1156 2241 1249 2292 per
1297 2242 1450 2279 suam
1499 2228 1822 2295 corporalem
1865 2245 2091 2296 prtvsen-

516 2313 644 2362 tiam
671 2310 839 2364 locum
867 2313 1025 2364 istum
1051 2314 1300 2365 hactenus
1332 2315 1574 2368 visitavit.
1617 2316 1750 2369 Mitti
1785 2334 1930 2383 rero,
1957 2321 2088 2372 sicut

515 2400 984 2469 imprtvsentiaruat
1032 2403 1263 2470 cernitis,
1304 2404 1358 2455 id
1390 2406 1563 2459 divina
1594 2411 1842 2462 concessit
1870 2409 2090 2464 clemen-

515 2491 612 2544 tia.
645 2489 876 2559 Denique
903 2491 1038 2566 iuter
1057 2490 1194 2546 alias
1223 2508 1410 2548 causas
1435 2511 1552 2564 qua!
1579 2512 1672 2550 nos
1705 2498 1774 2550 ad
1805 2499 2089 2554 visitandas

519 2573 723 2630 Gallias
765 2577 1114 2646 impulerunt,
1167 2581 1279 2634 hcce
1306 2583 1478 2650 prima
1519 2593 1568 2638 et
1612 2587 1876 2656 praecipua
1906 2588 2007 2657 fuit
2036 2600 2088 2642 ut

518 2665 689 2717 locum
720 2665 878 2719 istum
923 2677 970 2720 et
1001 2671 1453 2739 congregationem
1502 2673 1636 2726 hanc
1689 2675 1901 2743 speciali
1943 2677 2089 2732 nobs

516 2752 820 2820 cognatione
839 2770 1139 2823 germanam
1165 2767 1344 2812 nostra
1370 2764 1652 2834 praesentia
1678 2763 2085 2833 la'ti/icaremus,

516 2852 694 2894 nostra
721 2859 928 2932 accessu
957 2854 1003 2897 et
1036 2844 1267 2917 alloquio
1289 2848 1598 2917 juvaremus
1625 2892 1638 2916 ,
1692 2863 1739 2906 et
1772 2854 1841 2906 ad
1884 2872 2088 2910 omnem

517 2933 799 2989 utilitatem
831 2935 908 2989 vel
937 2938 1264 2991 commodum
1297 2950 1527 2995 nostram
1556 2944 1628 2997 eis
1656 2961 1865 3013 operam
1891 2948 2090 3012 impen-

516 3027 779 3084 deremus.
800 3026 985 3099 Itaque
1010 3030 1092 3083 hic
1122 3031 1384 3086 vobiscum
1412 3034 1568 3089 hodie
1595 3049 1896 3106 prwsentes,
1923 3036 2090 3094 altare

517 3120 741 3186 primum
769 3130 816 3174 et
855 3120 1026 3190 majus
1056 3139 1174 3176 cum
1202 3124 1402 3179 cwteris
1428 3143 1544 3197 qua:
1562 3138 1751 3197 parata
1780 3113 1904 3184 sunt,
1926 3173 1941 3197 ,
1975 3134 2091 3185 novi

517 3211 676 3280 hujus
715 3213 1017 3266 monasterii
1047 3230 1338 3282 sacramus,
1366 3227 1413 3272 et
1437 3219 1506 3271 ad
1536 3236 1650 3274 eam
1677 3237 1796 3290 quae
1821 3224 1884 3276 de
1911 3224 2090 3276 eodem

517 3305 834 3358 monasterio
865 3315 1022 3358 restat
1059 3316 1410 3376 structuram,
1444 3321 1636 3367 vestros
1663 3314 1867 3368 animos
1899 3314 2089 3368 incita-

515 3412 654 3453 mus.
688 3394 868 3450 Placet
911 3398 1069 3452 etiam
1112 3399 1278 3464 nobis,
1317 3404 1556 3471 vobisque
1578 3404 1783 3473 placeat
1810 3406 2091 3460 suademus

517 3488 689 3557 (nam
713 3489 809 3542 hoc
840 3489 1009 3557 ipsum
1044 3500 1091 3542 et
1137 3491 1327 3544 bonum
1367 3493 1567 3546 videtur
1591 3505 1637 3547 et
1674 3494 1944 3565 justum),
1971 3495 2092 3548 huic

514 3577 651 3645 loco,
681 3579 767 3648 qui
797 3578 939 3632 vobis
962 3587 1008 3631 et
1035 3582 1236 3634 caeteris
1262 3579 1578 3637 Christianis
1601 3585 1656 3637 in
1687 3584 2014 3638 veneratione
2043 3593 2091 3637 et

517 3683 646 3718 cura
685 3667 817 3720 bona
848 3657 1124 3731 habendus
1155 3681 1227 3722 est
1248 3711 1262 3736 ,
1303 3672 1561 3741 quosdam
1589 3684 1754 3728 certos
1781 3674 1971 3728 limites
1999 3675 2093 3728 im-

518 3757 792 3810 manitatis
833 3775 894 3812 ac
937 3761 1259 3827 securitatis,
1309 3765 1648 3818 circumcirca
1695 3766 1922 3835 undique
1953 3765 2090 3819 assi-

520 3861 703 3916 gnare,
744 3847 983 3918 ipsosque
1018 3848 1208 3907 limites
1233 3856 1372 3908 sacri
1413 3855 1592 3910 banni.
1630 3856 1785 3926 Infra
1817 3874 1945 3927 quos
1988 3867 2091 3911 ter-

520 3934 720 3998 minos,
755 3936 928 3991 nullus
953 3939 1137 4003 homo,
1180 3943 1536 4014 cujuscunque
1567 3946 1880 3999 conditionis
1918 3944 1979 3999 ac
2006 3963 2093 4014 pm

521 4024 722 4078 testatis
773 4042 1004 4097 unquam
1064 4030 1384 4088 iuvasienem
1437 4033 1670 4104 aliquam
1713 4035 1966 4102 grandem
2015 4037 2092 4090 vel

517 4132 753 4185 parvam,
795 4130 886 4174 aut
934 4121 1379 4192 incendium,,aut
1423 4127 1675 4196 prtedam,
1722 4139 1812 4180 aut
1851 4129 2090 4197 rapinam

519 4203 714 4271 facere,
740 4219 833 4261 aut
863 4211 1121 4265 hominem
1157 4229 1357 4281 rapere,
1391 4215 1469 4270 vel
1503 4232 1597 4284 per
1628 4232 1762 4269 iram
1790 4217 1966 4284 ferire,
1999 4229 2090 4272 aut

517 4297 657 4365 quod
696 4297 860 4352 multo
904 4301 1112 4369 gravius
1152 4313 1261 4369 est,
1295 4306 1634 4358 homicidium
1663 4317 1982 4374 perpetrare,
2012 4308 2090 4362 vel

517 4387 898 4442 truncationcm
925 4391 1270 4446 membrorum
1299 4394 1561 4460 hominis,
1595 4411 1750 4450 sacra
1782 4398 2090 4452 auctoritate
2120 4395 2167 4455 D

517 4486 754 4543 arcente,
804 4477 1065 4534 ullatenus
1111 4481 1338 4545 audeat,
1368 4499 1486 4538 nec
1532 4485 1774 4541 audendo
1817 4497 2085 4556 pertentet.

521 4569 707 4640 Itaque
735 4571 944 4624 termini
1001 4573 1138 4624 sacri
1178 4572 1336 4625 banui
1373 4584 1492 4628 sunt
1520 4577 1592 4630 hi.
1641 4569 1844 4632 Versus
1872 4577 2088 4632 Bersia-

518 4674 636 4712 sum
682 4660 931 4716 terminus
977 4670 1053 4714 est
1090 4660 1159 4713 ad
1189 4661 1383 4715 bivium
1426 4663 1558 4718 citra
1591 4665 1906 4732 Sarratam;
1953 4671 2089 4724 unde

517 4765 622 4804 una
667 4752 748 4806 via
788 4753 922 4806 venit
962 4754 1032 4806 ad
1058 4751 1397 4822 Cluniacum,
1423 4756 1589 4811 altera
1624 4762 1693 4813 ad
1726 4761 1987 4816 Masilias.
2027 4763 2088 4819 lu
2133 4832 2139 4840 η

2192 1849 2376 1902 boscus
2430 1849 2492 1903 de
2539 1848 2830 1914 Cluniaco,
2890 1861 2939 1904 et
2997 1853 3180 1904 boscus
3232 1851 3541 1905 comitalis.
3612 1849 3770 1904 Versus

2191 1939 2431 2009 Igiacum
2486 1943 2738 1997 terminus
2782 1952 2856 1996 est
2906 1942 2974 1995 ad
3020 1941 3280 2007 Carmos,
3337 1960 3517 2012 super
3579 1955 3769 1998 mentea

2190 2030 2438 2084 medium.
2485 2031 2597 2086 Nos
2631 2033 2793 2102 igitur
2814 2032 3060 2086 terminos
3089 2033 3290 2086 sacrati
3322 2033 3506 2087 banni
3531 2035 3651 2088 huic
3684 2055 3771 2091 m-

2192 2122 2420 2174 nasterio
2449 2121 2723 2187 Cluniaco,
2759 2133 2808 2176 et
2865 2121 3004 2176 villa:
3057 2139 3118 2176 ac
3163 2122 3332 2192 burgo
3379 2124 3602 2192 pariter
3626 2127 3774 2193 preﬁ-

2189 2207 2380 2277 gimus,
2402 2209 2496 2263 Itos
2518 2209 2706 2264 limites
2735 2210 2888 2280 plena
2919 2211 3231 2264 certitudine
3263 2212 3647 2282 assignamus,
3668 2231 3774 2282 pra:-

2191 2297 2435 2364 cipientes
2459 2297 2515 2350 in-
2546 2298 2754 2352 nomine
2784 2297 3000 2352 Domini
3029 2298 3123 2352 Dei
3171 2301 3603 2368 omnipotentis,
3629 2311 3676 2354 et
3701 2319 3775 2353 as-

2191 2385 2433 2438 ctoritate
2467 2381 2739 2438 beatorum
2787 2386 3145 2454 apostolorum
3183 2385 3337 2440 Petri
3371 2398 3429 2441 et
3464 2387 3650 2454 Pauli,
3677 2392 3773 2442 usi-

2191 2491 2360 2530 vcrsos
2413 2493 2499 2530 vos
2537 2486 2690 2547 atque
2721 2493 2925 2531 omnem
2970 2479 3227 2532 hominem
3267 2481 3365 2549 qui
3401 2481 3526 2534 hcc
3580 2482 3775 2535 lecturus

2175 2560 2269 2620 vel
2310 2568 2610 2622 auditurus
2663 2578 2779 2634 est,
2833 2580 3178 2626 contestantes
3235 2580 3294 2624 ut
3366 2574 3619 2628 bannusn
3664 2577 3775 2627 bene

2190 2657 2411 2710 scienter
2441 2674 2549 2720 non
2590 2657 2915 2728 infringatis,
2969 2669 3026 2712 ut
3067 2660 3184 2729 ejus
3213 2661 3382 2730 legem
3415 2675 3472 2715 et
3524 2664 3711 2734 singuli
3739 2676 3774 2717 et

2192 2764 2368 2800 onmes
2395 2749 2634 2801 teneatis.
2675 2748 2734 2802 Si
2778 2749 2895 2818 quis
2932 2765 3048 2803 vero
3073 2765 3188 2803 eam
3214 2752 3269 2804 in
3317 2767 3433 2806 uno
3460 2753 3655 2807 horum
3682 2772 3776 2823 qu

2191 2853 2350 2906 supra
2391 2837 2544 2911 vetita
2599 2847 2721 2891 sunt
2771 2838 2995 2892 scienter
3046 2839 3342 2911 infregerit,
3379 2843 3545 2896 etab
3595 2845 3775 2906 abbate,

2191 2925 2268 2980 vel
2313 2927 2506 2995 priore,
2554 2925 2634 2980 vel
2675 2928 2988 2992 camerario,
3045 2928 3122 2982 vel
3163 2929 3368 2983 decano
3431 2930 3775 2985 Cluniacensis

2193 3029 2472 3073 conventus
2495 3059 2510 3087 ,
2556 3027 2602 3072 et
2633 3019 2768 3072 sicut
2802 3018 2967 3072 visum
2998 3017 3157 3088 fuerit
3186 3019 3250 3072 ab
3291 3021 3368 3073 eis
3395 3060 3415 3086 ,
3471 3022 3775 3086 inducimus,

2193 3125 2421 3178 congrua
2470 3108 2835 3178 satisfactione
2888 3125 2989 3162 non
3041 3109 3430 3177 emendaverit,
3475 3112 3599 3180 jam
3656 3124 3776 3178 tur,

2192 3199 2422 3268 quisquis
2477 3199 2566 3254 ille
2631 3199 2822 3268 fuerit,
2877 3201 3424 3255 excommunicationi
3483 3203 3774 3272 subjacebit.

2196 3290 2371 3343 Etiam
2401 3293 2448 3344 si
2481 3293 2570 3361 qui
2610 3300 2835 3346 vestrum
2869 3300 3052 3344 contra
3099 3289 3249 3343 illuni
3289 3291 3492 3358 talem,
3524 3295 3596 3347 ab
3621 3295 3779 3346 abbate

2193 3381 2269 3434 vel
2296 3381 2549 3447 fratribus
2576 3381 2894 3450 interpellati
2921 3381 3143 3450 fuerint,
3187 3397 3439 3436 coercere
3469 3400 3596 3436 eum
3615 3424 3632 3446 ,
3657 3394 3700 3437 et
3721 3384 3778 3434 ad

2192 3467 2606 3520 emendationem
2671 3483 2855 3536 urgere
2926 3467 3202 3521 debebunt.
3280 3466 3777 3524 Excommrtuitatss

2193 3566 2366 3610 autem
2388 3573 2481 3624 pro
2505 3557 2676 3610 banno
2703 3557 2896 3624 fracto,
2926 3556 3015 3609 ubi
3047 3556 3484 3611 emendationem
3511 3576 3774 3630 congrua-

2195 3645 2396 3713 fecerit,
2421 3646 2744 3700 absolvatur.
2789 3645 2895 3699 Lex
2920 3656 3096 3698 autem
3131 3645 3296 3698 bauni
3325 3647 3504 3716 hujus
3531 3665 3639 3701 non
3664 3650 3775 3701 rebus

2193 3735 2321 3790 solis
2345 3736 2561 3805 ponitur
2586 3736 2677 3805 qui
2701 3745 2981 3805 prwsentes
3006 3732 3149 3798 estis,
3178 3734 3271 3786 sed
3298 3745 3350 3787 et
3373 3739 3598 3790 cunctis
3620 3738 3776 3790 absta-

2193 3826 2330 3880 tibus
2364 3835 2412 3879 et
2460 3824 2588 3893 ﬁliis
2625 3835 2673 3880 et
2701 3825 2920 3892 posteris
2947 3823 3149 3878 vestris.
3182 3822 3288 3878 Sed
3320 3825 3451 3893 jam
3503 3827 3663 3894 finem
3697 3827 3771 3891 rei,

2190 3929 2284 3982 pro
2303 3929 2406 3982 qua
2437 3929 2574 3966 nunc
2597 3912 2908 3983 satagimus,
2941 3911 3230 3968 videamus.
3262 3911 3474 3967 Omnes
3498 3916 3662 3984 igitur
3683 3915 3773 3967 Im

2193 4002 2314 4056 huic
2341 4000 2594 4055 Cluniaco
2625 4001 3015 4070 malefacientes
3042 4010 3090 4054 et
3111 4010 3296 4054 contra
3328 4005 3768 4074 congregatio-aa

2191 4091 2346 4144 istam
2371 4090 2545 4159 inique
2570 4086 2801 4160 agentes,
2825 4091 3155 4142 anathemate
3178 4089 3331 4158 digni
3369 4103 3564 4157 erunt,
3589 4104 3635 4147 et
3662 4093 3771 4146 beati

2196 4179 2344 4234 Petri
2401 4180 2579 4250 gladio
2630 4179 2855 4249 feriendi
2907 4194 3069 4248 usque
3105 4177 3173 4230 ad
3209 4181 3647 4235 emendationem
3673 4196 3771 4233 cos-

2191 4285 2400 4338 gruam.
2456 4269 2648 4324 Omnes
2705 4280 2880 4323 autem
2937 4268 3223 4323 loca-huic
3255 4266 3533 4325 Cluniaco
3593 4271 3767 4336 benefa-

2193 4362 2382 4413 cicnles
2403 4399 2418 4424 ,
2455 4371 2499 4414 et
2527 4375 2652 4432 erga
2688 4359 3144 4434 congregationem
3181 4357 3342 4410 istam
3378 4370 3530 4413 recte
3562 4371 3763 4430 agentes,

2194 4469 2476 4521 pacemque
2505 4460 2793 4518 servantes,
2819 4450 3047 4520 gratiam
3072 4459 3120 4502 et
3145 4449 3578 4503 misericordiam
3605 4448 3766 4502 Christi

2196 4543 2411 4597 Domini
2441 4543 2536 4598 Dei
2568 4543 2732 4597 nostri
2754 4551 3140 4610 consequantur
3170 4550 3514 4609 perpetuam,
3545 4553 3592 4594 et
3618 4542 3763 4594 beatos

2197 4635 2459 4704 apostolos
2492 4623 2706 4688 Petrum
2729 4644 2776 4688 et
2807 4631 3038 4686 Paulum
3069 4631 3264 4699 primos
3291 4640 3344 4684 et
3369 4635 3668 4704 pra'cipuos
3689 4630 3764 4684 ad-

2189 4710 2644 4794 jutoresvhabeant
2671 4725 2811 4794 apud
2837 4723 3024 4778 Deum.
3052 4722 3236 4779 Amen.

2087 4916 2216 5001 ll.
2296 4957 2342 4969 -Α

1489 5050 1744 5109 ORATIO
1781 5054 1873 5111 AD
1909 5057 2167 5116 lVONEM
2213 5040 2743 5119 CONSECRATUM.

585 5181 866 5250 Quoniam,
917 5196 974 5240 ut
1029 5187 1324 5255 credimus,
1351 5190 1532 5249 divino
1590 5201 1644 5247 te
1695 5203 1824 5247 nutu
1863 5206 2088 5252 vocante

515 5269 692 5324 clerus
737 5275 808 5326 et‘
832 5274 1058 5354 populus
1098 5276 1335 5334 civitatis
1366 5280 1507 5335 illius
1550 5283 1877 5337 unanimiter
1921 5285 2088 5356 elege-

486 5369 643 5442 trunt
683 5370 969 5430 rectorem,
1010 5376 1064 5425 ct
1100 5357 1199 5423 nos
1228 5384 1398 5440 usque
1433 5371 1786 5440 pcrducentes
1816 5376 2086 5444 petierunt

489 5452 821 5534 consecrari
857 5455 1197 5526 episcopum,
1249 5469 1303 5519 et
1332 5461 1474 5538 ideo,
1508 5462 1617 5517 Deo
1660 5474 1953 5531 annuente,
1989 5481 2086 5536 per

481 5554 707 5621 manus
753 5553 952 5596 nostra:
988 5545 1381 5617 impositiunem
1412 5549 1694 5621 episeopus
1738 5567 2084 5612 consecratus

475 5647 590 5707 .cs,
616 5617 839 5693 'amodo,
890 5633 1058 5688 frater
1109 5637 1473 5706 charissime,‘
1505 5640 1647 5698 scias
1695 5653 1747 5706 te
1785 5647 2079 5701 maximum

512 5720 722 5796 patulus
751 5718 1050 5796 suScbpissu
1079 5728 1295 5795 laberis,
1329 5733 1468 5801 quod
1494 5742 1573 5789 est
1593 5735 1820 5791 sarcina
1860 5739 2078 5808 regimi~

2195 5199 2280 5253 nis
2321 5198 2659 5265 animarum,
2690 5207 2748 5253 et
2792 5201 3094 5254 commodis
3139 5199 3418 5257 deservire
3470 5206 3752 5269 multorum,

2192 5289 2541 5358 omniumque
2583 5290 2694 5345 ﬁeri
2722 5289 3004 5344 minimum
3038 5299 3198 5361 atque
3226 5291 3566 5360 ministrum,
3598 5307 3650 5351 et
3679 5309 3756 5366 pro

2192 5382 2398 5434 credito
2428 5381 2522 5435 lilii
2559 5374 2760 5435 talento
2805 5383 2857 5437 in
2896 5382 2983 5436 die
3014 5381 3180 5436 divini
3212 5385 3491 5440 examinis
3519 5390 3751 5442 rationem

2193 5469 2549 5525 redditurum.
2608 5470 2742 5524 Nam
2788 5460 2858 5526 Si.
2887 5471 3140 5528 Salvator
3188 5487 3378 5532 noster
3423 5479 3614 5532 dixit:
3654 5477 3751 5532 .ch

2189 5559 2304 5612 veni
2334 5560 2629 5629 ministrari
2653 5600 2668 5628 ,
2704 5562 2796 5616 sed
2852 5563 3154 5618 ministrare
3179 5606 3196 5631 ,
3240 5576 3290 5620 et
3340 5569 3585 5625 animum
3628 5584 3749 5624 sua

2185 5649 2327 5715 ponit
2360 5665 2454 5717 pro
2481 5651 2657 5704 ovibus
2687 5652 2796 5707 suis
2828 5651 3040 5722 (Matth.
3079 5654 3201 5722 xx),
3235 5665 3444 5725 quanto
3487 5661 3652 5730 magis
3674 5673 3749 5712 nos

2186 5740 2662 5802 desidiosiservi
2745 5745 2940 5803 summi
3031 5746 3445 5818 patrisfamilias
3524 5749 3749 5807 delicatus
