3900 6322
119 366 210 420 565

1521 355 1650 410 SER
1660 354 1906 412 MONES.

3221 357 3328 413 566

117 470 329 530 maxime
369 470 560 525 sudore
587 465 899 520 incumbere
922 479 1052 520 oves
1076 464 1382 519 Dominicas
1426 465 1581 521 nobis
1623 483 1652 520 a
1684 470 1730 547 Α
1758 477 1904 521 tuum
1953 466 2224 534 elevetur,
2269 484 2369 524 nec
2410 469 2655 526 adVersis
2700 468 2754 524 in
2794 467 2978 539 aliquo
3021 467 3329 538 deiiciatur,

118 578 304 620 sintnuo
326 562 542 615 Pastore
593 557 938 626 consignatas
987 558 1055 611 ad
1104 557 1245 612 ovile
1291 557 1651 622 Dominicnm,

117 653 410 722 suffragante
444 650 618 704 divina
660 648 858 719 gratia,
894 648 1098 718 absque
1130 649 1319 703 morbo
1345 657 1401 702 et
1428 649 1654 704 mancha

117 740 342 818 [macula]
393 740 728 811 perducere?
768 739 1132 794 Exhortamur
1182 739 1362 807 itaque
1407 737 1654 792 dilectio-

117 851 222 890 nem
251 843 388 886 tuam
422 841 482 884 ut
509 831 666 885 ﬁdem
697 840 859 898 quam
887 830 940 883 in
985 830 1209 884 exordio
1243 839 1344 884 tua:
1373 845 1657 884 consecra-

118 923 257 978 tionis
305 921 534 976 breviter
578 921 919 988 dilucideque
973 920 1336 988 digessimus,
1394 919 1654 973 illibatam

115 1023 159 1067 et
185 1011 527 1066 inviolabilem
571 1010 864 1075 custodias,
893 1010 1017 1078 quia
1061 1009 1194 1064 ﬁdes
1221 1018 1306 1063 est
1341 1009 1660 1063 fundamen-

118 1114 211 1156 tum
254 1099 484 1154 omnium
533 1098 816 1152 virtutum.
879 1098 1094 1153 Scimus
1153 1107 1331 1153 autem
1390 1098 1531 1167 quod
1590 1098 1657 1151 ab

116 1189 312 1242 infantia
342 1188 513 1242 sacris
565 1188 763 1241 litteris
809 1187 1074 1252 eruditus,
1121 1195 1174 1241 et
1209 1202 1476 1242 canonmn
1506 1187 1660 1242 insti-

117 1280 226 1332 tutis
251 1279 497 1344 edoctus;
541 1288 776 1334 attamen
836 1279 1072 1333 breviter
1123 1279 1188 1333 ad
1242 1287 1293 1333 te
1345 1289 1532 1333 noster
1577 1287 1660 1334 est

116 1369 391 1438 dirigendus
426 1385 625 1426 sermo.
673 1371 862 1425 Nullus
918 1378 970 1426 te
1022 1369 1174 1423 favor
1223 1369 1472 1436 extollat,
1511 1370 1656 1424 nulla

117 1459 384 1514 Mlvnrsitas
435 1469 671 1527 atterat,
727 1460 777 1514 id
827 1469 952 1527 est,
1000 1473 1107 1516 non
1159 1458 1212 1514 in
1244 1459 1518 1531 prosperis
1565 1474 1661 1514 cor

1756 557 1849 610 sed
1893 557 2075 612 omnia
2106 566 2160 611 et
2192 558 2244 612 in
2275 561 2528 616 omnibus
2557 569 2718 616 caute
2745 567 2802 615 et
2840 575 2964 615 cum
3005 559 3332 615 discretione

1755 661 1916 717 agere
1977 656 2030 702 te
2089 648 2375 713 volumus,
2429 657 2487 703 ut
2539 651 2745 718 absque
2794 648 3214 719 reprehensione
3263 649 3331 702 ab

1755 738 2006 792 omnibus
2050 738 2234 794 vivere
2276 741 2668 810 comproberis.
2718 739 2916 795 Sancta
2947 739 3187 794 Trinitas
3217 737 3331 792 fra-

1757 828 2068 882 ternitatem
2098 838 2243 883 tuam
2269 845 2365 885 sua
2388 832 2731 899 protectione
2758 831 3046 895 custodiat,
3093 838 3172 897 ut,
3205 830 3332 884 dum

1760 919 1850 974 tali
1890 921 2256 976 moderamine
2286 923 2338 976 in
2369 921 2600 977 Domino
2642 933 2827 978 nostro
2867 937 3006 976 onus
3033 921 3177 991 quod
3215 935 3335 975 sus-

1758 1012 1948 1080 cepisti
2003 1013 2297 1082 peregeris,
2361 1014 2416 1068 in
2465 1013 2552 1067 die
2592 1022 2807 1067 aeternae
2839 1010 3228 1076 retributionis,
3271 1023 3337 1064 eo

1760 1101 1993 1169 dicente,
2027 1103 2216 1157 audire
2245 1104 2508 1158 merearis
2544 1118 2560 1157 :
2596 1102 2762 1173 Euge,
2805 1118 2948 1156 serve
2969 1103 3096 1156 bone
3133 1111 3180 1154 et
3206 1101 3338 1169 ﬁde-

1759 1192 1845 1259 lis,
1877 1195 1998 1261 quia
2043 1213 2199 1266 super
2226 1213 2394 1266 pauca
2424 1195 2573 1266 fuisti
2616 1194 2788 1264 ﬁdelis
2811 1235 2826 1259 ,
2881 1210 3041 1262 supra
3079 1192 3242 1246 multa
3291 1200 3339 1244 te

1761 1285 2117 1350 constituam;
2161 1285 2301 1339 intra
2345 1285 2400 1339 in
2446 1284 2697 1355 gaudium
2729 1283 2944 1338 Domini
2988 1268 3090 1336 tuil
3122 1278 3337 1338 (Matth.

1763 1374 1916 1428 xxv.l

1630 1615 1816 1702 III.

823 1762 1211 1820 ORATIONES
1245 1738 1313 1819 1N
1340 1762 1654 1821 CONCILIO
1690 1760 2259 1820 CLAROMONTANU
2293 1716 2581 1816 HABlTrE‘

1101 1881 1194 1943 De
1226 1880 1640 1960 expeditione
1667 1878 2255 1952 Hierosolymitana

854 2017 894 2070 1.
1663 2002 1738 2061 ’Β
1767 2017 1947 2080 dacta,
2009 2015 2214 2084 Deique
2254 2015 2523 2079 servituti,
2573 2013 2639 2068 ad
2691 2012 3040 2084 ignominiam
3098 2019 3342 2066 nostram

121 2111 203 2180 (Et
231 2107 615 2180 tontuXCmie.
660 2106 881 2180 LABBEI,
942 2111 1044 2163 col.
1077 2110 1200 2171 5M,
1228 2118 1283 2180 et
1308 2111 1366 2164 D.
1394 2109 1663 2176 ΒυιΝΑῐιτ,

376 2178 495 2230 Vita
543 2176 767 2242 Urbani,
809 2179 1050 2247 Append.
1076 2194 1199 2249 pag.
1231 2179 1382 2248 569.)
1661 2190 1664 2192 '

182 2269 496 2330 Audivimus,
535 2268 742 2322 fratres
770 2269 1124 2330 dilectissimi,
1155 2278 1210 2325 et
1241 2270 1490 2335 audistis,
1524 2272 1666 2339 quod

121 2359 222 2413 sine
262 2357 534 2428 profundis
561 2359 884 2427 singultibus
918 2368 1154 2414 tractare
1185 2373 1522 2428 nequaquam
1544 2374 1669 2428 pos-

127 2460 308 2510 sumus,
335 2445 556 2514 quantis
600 2445 1021 2517 calamitatibus,
1063 2447 1282 2514 quantis
1314 2447 1670 2502 incommodi-

125 2536 314 2601 tatibus,
342 2550 500 2604 quam
534 2535 668 2590 diris
688 2537 1098 2591 contritionibus
1123 2538 1175 2590 in
1204 2535 1501 2592 Jerusalem
1534 2546 1588 2590 et
1614 2537 1669 2590 in

125 2624 379 2680 Antiochia
421 2633 474 2679 et
528 2625 583 2678 in
613 2625 821 2680 caeteris
847 2625 1128 2682 orientalis
1164 2626 1337 2696 plaga:
1361 2627 1672 2682 civitatibus

127 2716 389 2770 Christiani
455 2715 655 2780 nostri,
707 2715 906 2770 fratres
949 2717 1143 2783 nostri,
1193 2718 1435 2773 membra
1469 2715 1671 2772 Christi

126 2806 453 2877 llagellautur,
490 2808 894 2878 opprimuntur,
927 2807 1254 2876 injuriantur
1281 2807 1525 2878 germani
1556 2807 1668 2860 fra-

129 2909 219 2953 tres
243 2901 424 2964 nostri,
456 2899 881 2954 contubernales
927 2899 1118 2963 vestri,
1152 2900 1421 2955 couterini
1457 2899 1620 2953 vestri
1657 2917 1670 2952 :

128 3002 232 3041 nam
277 2997 329 3043 et
375 2987 616 3056 ejusdem
656 2986 857 3043 Christi
905 2996 960 3042 et
997 2987 1236 3055 ejusdem
1277 2988 1438 3042 etiam
1463 2987 1557 3042 Dei
1583 2986 1672 3040 filii

127 3080 272 3135 estis:
302 3089 351 3136 et
376 3082 426 3134 in
452 3081 591 3152 ipsis
609 3080 722 3134 suis
742 3079 988 3135 domibus
1009 3079 1365 3134 ltmreditariis
1389 3080 1457 3134 ab
1485 3079 1675 3133 alienis

128 3169 332 3225 dominis
359 3171 763 3240 mancipantur,
797 3168 884 3223 vel
910 3183 972 3223 ex
1007 3165 1138 3238 ipsis
1171 3169 1552 3238 exploduntur,
1585 3176 1679 3221 aut

131 3258 253 3314 inter
295 3276 388 3315 vos
416 3259 752 3325 mendicant,
794 3269 888 3314 aut
916 3260 1058 3329 quod
1085 3261 1303 3330 gravius
1329 3267 1434 3324 est,
1467 3260 1518 3313 in
1547 3259 1677 3328 ipsis

1766 2107 1908 2172 dico,
1961 2107 2222 2162 subducta
2269 2116 2374 2162 est.
2435 2106 2588 2173 Quod
2642 2105 2785 2160 enim
2838 2112 3082 2175 superest
3131 2099 3343 2176 imperii

1766 2199 1937 2253 nostri
1989 2199 2257 2254 tantillum
2305 2207 2408 2262 est,
2453 2198 2886 2254 Christianorum
2939 2197 3030 2266 qui
3077 2197 3182 2251 ista
3220 2211 3350 2266 pra-

1771 2290 2069 2345 meruimus
2122 2299 2208 2345 est
2268 2291 2522 2345 dedecus.
2574 2289 2669 2343 Cui
2721 2292 2893 2343 servit
2927 2304 3070 2343 nunc
3118 2287 3347 2342 ecclesia

1770 2376 1942 2432 beatae
1987 2376 2168 2431 Maria:
2198 2378 2252 2431 in
2300 2392 2405 2446 qua
2445 2377 2559 2446 ipsa
2592 2391 2689 2445 pro
2733 2391 2960 2444 corpore
3011 2375 3219 2444 sepulta
3250 2373 3351 2428 fuit

1772 2469 1824 2522 in
1854 2467 1994 2522 valle
2024 2467 2283 2536 .losaphat
2307 2468 2330 2520 ?
2355 2467 2459 2521 Sed
2508 2466 2638 2535 quid
2705 2463 2964 2535 templum
3019 2462 3350 2542 Salomonis,

1773 2558 1882 2613 imo
1912 2558 2146 2623 Domini,
2187 2557 2674 2626 praetermittimus,
2705 2554 2759 2609 in
2807 2569 2914 2623 quo
2935 2552 3226 2608 simulacra
3254 2568 3350 2608 sua

1774 2648 2028 2703 barbam
2084 2650 2336 2703 nationes
2369 2658 2558 2702 contra
2585 2648 2673 2718 jus
2702 2654 2759 2700 et
2792 2644 2874 2700 fas
2909 2645 3066 2700 modo
3092 2643 3353 2699 collocata

1771 2739 2144 2793 venerantur?
2177 2739 2250 2793 De
2279 2737 2528 2807 sepulcro
2578 2734 2861 2790 Dominico
2918 2734 3040 2787 ideo
3079 2732 3354 2788 reminisci

1775 2830 2204 2898 supersedemus,
2233 2828 2485 2898 quoniam
2510 2827 2684 2883 oculis
2695 2825 2893 2882 vestris
2907 2822 3118 2879 vidistis
3141 2833 3357 2893 quantae

1777 2921 2162 2976 abominationi
2183 2921 2444 2975 traditum
2475 2921 2567 2974 sit.

1846 3010 1974 3065 Inde
2006 3009 2266 3064 violenter
2290 3009 2611 3064 abstrahunt
2633 3022 2770 3078 quas
2799 3006 2872 3061 ibi
2904 3021 3001 3076 pro
3030 2999 3354 3060 cultu'illius

1777 3099 2056 3154 multoties
2087 3098 2347 3153 intulistis
2393 3097 2716 3153 oblationes.
2759 3096 2836 3150 lbi
2873 3095 3129 3150 nimirum
3156 3092 3355 3147 multas

1778 3199 1834 3244 et
1883 3187 2200 3243 innumeras
2251 3187 2499 3256 religioni
2531 3195 2732 3242 nostra:
2767 3185 3017 3255 ingerunt
3047 3182 3355 3238 irrisiones.

1779 3280 1844 3345 Et
1877 3289 2056 3334 tamen
2093 3279 2145 3333 in
2187 3278 2277 3333 illo
2306 3277 2424 3332 loco
2472 3278 2600 3347 (non
2639 3277 2828 3346 ignara
2851 3275 3062 3344 loquor)
3094 3271 3359 3341 requievit

130 3349 614 3440 suis-patrimoniis
659 3350 875 3440 venales
921 3349 1170 3440 exsulant
1196 3359 1258 3440 Aet
1282 3349 1554 3420 vapulant.
1587 3347 1678 3402 Ef-
1705 3345 1748 3403 C
1779 3341 1971 3426 Deus:
2013 3369 2084 3425 ibi
2137 3384 2236 3440 pro
2280 3368 2437 3422 nobis
2474 3341 2726 3420 "mortuis
2753 3374 2856 3420 εει,
2901 3341 3086 3432 ᾐθιιαθ
3105 3361 3359 3436 equidem

130 3435 348 3492 funditur
390 3439 613 3510 sanguis
646 3439 1022 3503 Christianus,
1080 3437 1281 3494 Christi
1306 3440 1568 3508 sanguine
1597 3453 1680 3492 re-

134 3527 376 3596 demptus,
411 3539 466 3584 et
496 3546 630 3584 caro
651 3530 983 3596 Christiana,
1023 3528 1225 3584 Christi
1250 3529 1676 3598 consanguinea,

134 3619 351 3676 nefandis
375 3621 599 3692 ineptiis
621 3630 676 3676 et
699 3621 1053 3676 servitutibus
1073 3621 1294 3676 nefariis
1319 3622 1676 3691 mancipatur.

133 3704 226 3762 illis
259 3711 307 3761 in
329 3710 560 3764 urbibus
583 3708 782 3778 ubique
813 3708 1011 3774 luctus,
1044 3707 1244 3776 ubique
1277 3708 1530 3775 miseriae,
1560 3709 1681 3763 ubi-

134 3811 224 3864 que
246 3800 486 3870 gemitus.
513 3800 768 3870 Suspirio
791 3801 906 3854 haec
933 3801 1057 3854 dico
1086 3816 1099 3852 :
1131 3799 1373 3855 ecclesia:
1403 3800 1455 3854 in
1485 3801 1682 3872 quibus

135 3884 243 3940 olim
293 3889 469 3943 divina
529 3890 800 3944 celebrata
832 3899 958 3945 sunt
993 3889 1281 3954 sacrificia,
1327 3891 1462 3958 proh
1485 3891 1676 3946 dolor!

136 3989 244 4029 ecce
297 3978 624 4034 animalibus
676 3994 863 4033 eorum
892 3986 1020 4034 sunt
1052 3978 1283 4033 stabula.
1321 3979 1560 4049 Nequam
1590 3981 1685 4036 lto-

136 4066 286 4122 mines
311 4079 528 4124 sanctas
551 4077 954 4139 occupaverunt
981 4069 1246 4124 civitates.
1285 4067 1475 4125 Turcte
1501 4072 1684 4141 spurci

136 4168 183 4212 ct
203 4160 446 4217 immundi
475 4163 678 4218 nostris
707 4163 965 4218 fratribus
987 4161 1354 4220 dominantur.
1385 4164 1687 4220 Antiochiae

137 4250 302 4307 beatus
351 4253 548 4309 Petrus
599 4254 852 4322 praesedit
903 4255 1188 4328 episc0pus
1248 4271 1430 4311 :ecce
1481 4256 1534 4310 in
1572 4256 1686 4325 ipsa

138 4338 352 4397 Ecclesia
388 4345 620 4416 gentiles
647 4360 776 4399 suas
822 4345 1227 4400 collocaverunt
1252 4345 1684 4416 superstitiones,

140 4438 187 4483 et
233 4432 535 4503 religionem
590 4434 976 4498 Christianam,
1039 4451 1199 4505 quam
1242 4435 1582 4507 potissimum
1607 4450 1689 4488 co-

142 4517 284 4575 luisse
313 4523 628 4591 debuerant,
660 4524 728 4578 ab
756 4523 878 4578 aula
908 4523 1307 4583 Deo'dedicata
1338 4525 1569 4595 turpiter
1593 4525 1691 4580 eli-

143 4624 406 4667 mmarunt.

203 4701 393 4758 Pratdia
449 4714 764 4760 sanctorum
811 4705 1092 4776 stipendiis
1117 4707 1404 4774 dedita,’e_t
1426 4705 1686 4762 nobilium

145 4792 439 4856 patrimonia
481 4793 854 4849 sustentandis
881 4796 1206 4865 pauperibus
1246 4796 1569 4863 contradita,
1593 4811 1690 4864 pa,-

146 4894 276 4946 gante
299 4883 563 4951 tyrannidi
587 4882 967 4952 subjiciuntur,
999 4871 1189 4956 eiSque
1218 4887 1269 4939 in
1288 4887 1535 4958 proprios
1559 4893 1693 4942 usus

148 4971 357 5028 redactis
405 4975 909 5050 dominicrudeles
966 4978 1280 5032 abutuntur.
1317 4975 1693 5032 Sacerdotium

147 5057 231 5112 Dei
287 5061 608 5118 humotenus
658 5064 1034 5120 conculcatum
1069 5073 1172 5129 est,
1201 5065 1569 5120 sanetuarium
1601 5064 1695 5120 Dei

150 5157 234 5210 per
274 5147 420 5204 nefas
465 5150 663 5218 ubique
694 5149 1039 5221 profanatum
1071 5160 1195 5204 est:
1229 5152 1274 5204 si
1303 5151 1394 5218 qui
1423 5151 1600 5204 adhuc
1624 5150 1694 5204 ibi

152 5231 344 5291 latitant
383 5239 699 5304 Christiani,
757 5241 846 5297 ubi
901 5241 1149 5306 audistis,
1179 5242 1539 5311 exquiruntur
1588 5250 1699 5294 tor-

155 5327 347 5382 mentis.
403 5332 478 5385 De
512 5340 698 5386 sancta
727 5330 1050 5397 Ierusalem,
1107 5331 1307 5386 fratres
1335 5370 1350 5385 .
1385 5369 1400 5385 .
1426 5370 1442 5386 .
1472 5371 1486 5383 .
1511 5370 1526 5386 .
1552 5331 1698 5402 loqui

155 5416 588 5480 dissimulavimus
645 5427 787 5494 quod
808 5425 961 5480 valde
992 5427 1060 5480 de
1093 5439 1155 5479 ea
1188 5424 1333 5494 loqui
1356 5425 1699 5494 pertimesci-

159 5519 282 5574 mus,
326 5513 574 5581 quoniam
619 5515 733 5585 ipsa
786 5515 998 5577 civitas,
1058 5515 1112 5569 in
1163 5530 1290 5585 qua,
1325 5522 1487 5585 prout
1511 5529 1700 5570 omnes

161 5599 330 5666 nostis,
393 5602 546 5659 Jesus
603 5605 851 5662 Christus
904 5620 1003 5674 pro
1027 5605 1181 5659 nobis
1205 5620 1415 5675 passus,
1465 5607 1702 5675 peccatis

163 5693 340 5749 nostris
383 5695 735 5768 exigentibus.
789 5698 888 5754 sub
917 5698 1230 5768 spurcitiam
1261 5713 1591 5768 paganorum
1616 5712 1700 5752 rc-

1784 3458 1858 3512 ibi
1904 3457 2046 3511 Deus
2092 3457 2197 3510 hoc
2253 3454 2535 3509 annuatim
2574 3452 2940 3522 prastermittit
2983 3450 3164 3504 facere
3193 3447 3360 3502 mira-

1782 3547 1982 3612 culum,
2018 3561 2139 3600 cum
2178 3546 2232 3598 in
2267 3543 2454 3598 diebus
2485 3543 2757 3612 passionis
2788 3556 2900 3597 suae
2930 3538 3218 3595 exstinctis
3237 3551 3355 3592 om-

1783 3638 1943 3694 nibus
1992 3648 2048 3694 et
2079 3639 2132 3692 in
2160 3635 2410 3709 sepulcro
2451 3644 2507 3690 et
2551 3635 2603 3689 in
2633 3633 2864 3689 ecclesia
2891 3631 3247 3688 circumcirca
3283 3628 3361 3683 lu-

1785 3729 2044 3798 minibus,
2069 3728 2263 3798 jubare
2284 3726 2468 3782 divino
2495 3723 2773 3797 lampades
2796 3722 3084 3779 exstinctae
3108 3734 3362 3776 reaccen-

1785 3824 2002 3878 duntur.
2044 3819 2209 3889 Cujus
2255 3827 2446 3890 pectus
2473 3817 2745 3872 silicinum
2789 3815 2990 3869 factum
3022 3822 3233 3869 tantum
3258 3812 3365 3867 mi-

1785 3915 2030 3970 raculum
2063 3929 2168 3970 non
2197 3912 2435 3969 emolliat
2462 3910 2722 3966 ?Credite
2747 3908 2902 3972 mihi,
2932 3906 3176 3964 bestialis
3200 3906 3364 3962 homo

1785 4016 1839 4062 et
1873 4005 2062 4063 insulsi
2113 4005 2304 4074 capitis
2349 4013 2453 4069 est,
2496 4001 2653 4071 cujus
2686 4016 2782 4055 cor
2831 3999 3005 4057 virtus
3033 3997 3215 4052 divina
3254 4005 3364 4050 tam

1786 4109 2024 4165 praesens
2053 4093 2120 4148 ad
2151 4093 2311 4148 fidem
2338 4108 2442 4147 non
2465 4093 2740 4156 verberat,
2770 4098 2971 4144 etcum
2989 4085 3213 4162 gentiles
3239 4100 3365 4139 cum

1789 4181 2114 4236 Christianis
2141 4180 2214 4234 ita
2257 4180 2474 4237 videant
2528 4178 2916 4242 communiter,
2941 4191 3041 4231 nec
3071 4172 3366 4229 emendan-

1791 4281 1896 4323 tur.
1921 4269 2304 4324 Perterrentur
2331 4269 2581 4340 equidem
2632 4268 2708 4330 hi,
2741 4281 2840 4322 nec
2874 4270 3269 4321 convertuntur
3295 4262 3365 4315 ad

1789 4358 1950 4417 fidem
1977 4378 1988 4412 :
2017 4374 2116 4413 nec
2160 4361 2378 4424 mirum,
2427 4358 2679 4426 quoniam
2720 4356 2917 4411 mentis
2946 4351 3236 4409 obca'catio
3261 4350 3368 4406 illis

1791 4451 2124 4506 dominatur.
2173 4450 2401 4518 Quantis
2453 4447 2833 4502 afﬂictionibus
2878 4459 2978 4500 vos
3005 4443 3098 4513 qui
3140 4441 3366 4506 adestis,

1791 4541 1880 4610 qui
1913 4539 2150 4603 redistis,
2200 4539 2534 4600 invaserunt,
2563 4550 2659 4590 vos
2690 4534 2792 4604 ipsi
2828 4533 3023 4588 melius
3051 4530 3240 4594 nostis,
3269 4529 3368 4599 qui

1793 4631 2124 4686 substantias
2159 4637 2396 4694 vestras,
2422 4628 2512 4699 qui
2541 4626 2858 4698 sanguinem
2888 4632 3132 4679 vestrum
3155 4621 3227 4678 ibi
3254 4620 3369 4678 Dco

1793 4719 2133 4776 itnmolastis.

1867 4811 1995 4866 ihec
2020 4811 2239 4874 idcirco,
2265 4807 2479 4876 fratres,
2510 4809 2766 4872 diximus,
2787 4817 2849 4862 ut
2873 4820 2971 4861 vos
2989 4804 3138 4876 ipsos
3163 4817 3375 4860 sermo-

1797 4904 1884 4959 nis
1914 4904 2088 4960 nostri
2115 4912 2281 4960 testes
2333 4907 2648 4961 habeamus.
2679 4904 2870 4958 Plures
2907 4908 3033 4956 sunt
3057 4906 3114 4956 et
3141 4898 3372 4955 fratrum

1799 5003 2109 5049 nostrorum
2134 4995 2385 5056 miseriae.
2416 5005 2470 5050 et
2497 4993 2848 5050 ecclesiarum
2877 4988 2969 5044 Dei
3001 4985 3376 5058 depopulatio-

1803 5100 1922 5150 nes,
1954 5100 2078 5156 quin
2130 5085 2406 5154 sigillatim
2453 5099 2734 5156 possemus
2783 5079 3144 5146 referre;sed
3169 5080 3375 5135 instant

1802 5175 2056 5251 lacrymze
2083 5189 2148 5230 ac
2168 5176 2416 5252 gemitus,
2441 5184 2496 5229 et
2525 5174 2726 5228 instant
2748 5169 2979 5240 suspiria
3003 5177 3061 5224 et
3079 5167 3371 5240 singultus.

1800 5263 2104 5334 Ploremus,
2146 5267 2366 5332 fratres,
2399 5267 2482 5321 eia
2523 5264 2819 5335 ploremus,
2857 5269 3056 5317 etcum
3085 5259 3374 5315 Psalmista

1803 5357 2110 5412 medullitus
2136 5358 2409 5428 plorantes
2436 5355 2872 5426 ingemiscatnus,
2905 5367 3006 5408 nos
3037 5351 3245 5416 miseri,
3272 5364 3373 5405 nos

1803 5447 2068 5513 infelices,
2121 5465 2351 5518 quorum
2383 5456 2622 5516 tempore
2659 5445 2752 5500 Dei
2783 5443 3065 5516 prophetia
3103 5443 3206 5498 ista
3229 5455 3380 5496 com-

1805 5536 1945 5606 pleta
1976 5546 2060 5591 est
2119 5556 2132 5589 :
2180 5536 2341 5599 Deus,
2403 5544 2651 5589 venerunt
2709 5544 2882 5605 gentes
2931 5534 2986 5586 in
3019 5518 3410 5585 hereditatem-

1805 5636 1967 5687 tuum,
2010 5625 2303 5693 polluerunt
2351 5625 2594 5692 templum
2624 5633 2862 5678 sanctum
2888 5627 3376 5691 tuum;posu¢runt

1806 5700 2175 5771 Jerusulcm‘iu
2204 5733 2476 5787 pomorum
2522 5715 2836 5771 custodiam.
2870 5712 3164 5769 Posuerunt
3187 5709 3373 5766 morti.-
