3900 6322
489 301 592 356 56Ἰ

1676 298 1745 369 In.
1786 298 2026 355 unum

2154 302 2238 357 PA
2245 302 2354 360 ΡᾸΞ
3640 322 3731 380 ξω

490 418 611 471 cina
654 431 918 469 servorum
946 423 1156 466 tuorum
1196 428 1339 466 escas
1372 410 1669 465 volatilibus
1709 412 1842 477 cwli,
1877 430 2059 467 carnes
2087 416 2134 472 A
2161 413 2491 471 Sarracenos
2522 416 2762 487 gladium
2811 420 3028 477 vibrare
3076 424 3356 496 singulare
3406 428 3616 487 bonum
3636 449 3725 503 est,

489 516 789 561 sanctorum
836 514 1043 556 tuorum
1067 502 1240 556 bestiis
1270 512 1440 555 teri-rc.
1495 500 1807 569 E/fudcrunt
1843 503 2058 571 sangui-

488 614 602 651 nem
633 597 860 665 ipsorum
887 604 1135 664 tanquam
1185 609 1375 662 aquam
1400 595 1455 645 in
1490 593 1710 644 circuitu
1735 590 2050 653 Jerusalem,

484 698 531 740 et
559 704 661 740 non
694 695 805 740 erat
842 687 932 755 qui
984 685 1221 754 sepeliret
1274 681 1447 752 (Psal.
1480 683 1727 751 u-xvut).
1759 682 1847 735 Va:
1874 681 2050 746 nobis,

483 778 698 841 fratres,
730 791 829 830 nos
855 777 945 845 qui
986 775 1096 844 jam
1130 775 1258 844 facti
1286 790 1466 827 sumus
1507 772 1838 842 opprobrium
1871 771 2050 825 vicinis

481 867 690 929 nostris,
715 866 1052 920 subsannatio
1076 875 1121 919 et
1145 864 1318 918 illusio
1341 865 1422 918 his
1442 864 1531 933 qui
1554 864 1607 916 in
1631 863 1850 916 circuitu
1874 871 2049 916 nostra

477 967 596 1010 sunt
634 956 843 1027 (Ibid.).
868 956 1263 1011 Condoleamus
1283 964 1338 1010 et
1375 953 1767 1023 compatiamur
1789 952 2049 1008 fratribus

478 1045 701 1109 nostris,
757 1044 947 1097 saltem
998 1044 1052 1098 in
1111 1044 1387 1115 lacrymis.
1444 1043 1553 1098 Nos
1602 1041 1831 1110 abjectio
1876 1041 2048 1111 plebis

475 1131 629 1199 facti,
677 1141 730 1187 et
763 1133 1014 1187 omnibus
1063 1135 1383 1198 deteriores,
1423 1133 1869 1217 immanissimum
1916 1146 2045 1186 san-

476 1222 734 1276 ctissimae
759 1233 917 1278 terra:
936 1224 1253 1294 plangamus
1275 1226 1721 1279 devastationem.
1739 1224 1907 1292 Quam
1939 1233 2047 1280 ter-

476 1324 596 1363 ram
627 1312 819 1365 merito
854 1322 1097 1367 sanctam
1127 1314 1380 1375 diximus,
1428 1314 1481 1368 in
1510 1330 1614 1383 qua
1640 1329 1745 1368 non
1768 1324 1850 1368 est
1880 1314 2044 1369 etiam

474 1414 670 1469 passus
696 1402 847 1471 pedis
869 1418 1027 1473 quem
1052 1419 1158 1458 non
1184 1405 1534 1460 illustraverit
1554 1416 1609 1460 et
1627 1406 2047 1461 sanctificaverit

474 1491 562 1543 vel
589 1506 786 1561 corpus
828 1492 911 1545 vel
941 1494 1129 1548 umbra
1168 1494 1487 1559 Salvatoris,
1525 1494 1609 1548 vel
1646 1495 1879 1564 gloriosa
1908 1510 2046 1564 prae-

474 1581 651 1635 sentia
707 1591 907 1638 sanctae
958 1582 1053 1638 Dei
1110 1583 1441 1650 Genitricis,
1504 1586 1588 1641 vel
1641 1587 2045 1656 amplectendus

474 1671 837 1739 apostolorum
889 1683 1240 1741 commeatus,
1295 1676 1378 1731 vel
1407 1686 1703 1746 martyrum
1746 1677 2042 1733 ebibendus

471 1762 689 1832 sanguis
719 1763 937 1819 effusus.
970 1764 1143 1831 Quam
1173 1766 1338 1831 beati,
1370 1782 1403 1821 ο
1426 1742 1695 1837 Stephane
1732 1775 2038 1838 protomar—
2074 1742 2117 1796 Β

467 1858 576 1919 tyr,
634 1851 725 1919 qui
774 1861 826 1905 te
867 1852 1242 1908 laureaverunt
1290 1855 1531 1924 lapides!
1567 1856 1739 1923 Quam
1778 1857 1982 1922 felices,
2007 1874 2040 1914 ο

465 1949 596 1994 tunc
626 1941 864 2012 Baptista
892 1944 1147 2011 Joannes,
1173 1948 1263 2016 qui
1286 1948 1381 2003 tibi
1412 1950 1478 2003 ad
1502 1948 1840 2029 Salvatorem
1864 1950 2040 2019 bapti-

464 2032 692 2085 zaudum
720 2033 1021 2089 servierunt
1059 2036 1331 2093 Jordauici
1364 2038 1551 2094 latiCes
1584 2042 1595 2092 !
1625 2039 1741 2094 Filii
1773 2039 1939 2095 Israel
1970 2039 2039 2094 ab

461 2120 734 2193 Egyptiis
760 2126 958 2192 educti,
988 2128 1078 2196 qui
1106 2128 1273 2184 Rubri
1298 2131 1461 2186 maris
1487 2132 1716 2185 transitu
1744 2147 1839 2187 vos
1861 2132 2037 2201 praefi—

462 2222 813 2281 guraverunt,
844 2225 1043 2270 terram
1072 2218 1217 2272 illam
1241 2221 1407 2274 armis
1428 2222 1559 2285 suis,
1589 2222 1718 2277 Jesu
1745 2224 1901 2288 duce,
1930 2224 2032 2281 sibi

463 2300 907 2367 vindicaverunt;
938 2305 1211 2361 Jebusacos
1256 2317 1310 2363 et
1336 2309 1469 2364 alios
1504 2326 1772 2367 convenas
1792 2314 1918 2370 inde
1938 2331 2033 2370 ex-

461 2388 736 2456 pulerunt,
782 2402 839 2447 et
888 2394 1062 2448 instar
1115 2395 1414 2452 Jerusalem
1446 2401 1683 2456 cmlestis
1735 2401 2032 2460 Jerusalem

464 2487 733 2534 terrenam
755 2481 1122 2540 excoluerunt.

530 2567 683 2635 Quod
732 2571 982 2639 dicimus,
1040 2574 1250 2642 fratres,
1282 2578 1464 2634 audite
1510 2588 1564 2635 et
1592 2581 1891 2652 intelligite.
1925 2583 2031 2639 Vos

457 2659 684 2715 accincti
751 2663 968 2734 cingulo
1016 2667 1220 2722 militia:
1266 2684 1462 2741 magno
1515 2672 1801 2742 supercilio
1838 2674 2031 2732 fratres

454 2758 666 2806 vestros
687 2754 977 2822 dilaniatis,
1014 2771 1176 2828 atque
1229 2761 1369 2816 inter
1395 2778 1491 2817 vos
1519 2764 1883 2821 dissecamini.
1913 2766 2029 2824 Non

456 2850 541 2893 est
563 2841 677 2896 hazc
702 2844 893 2899 militia
915 2846 1115 2903 Christi
1147 2865 1266 2919 qua:
1292 2852 1521 2907 destruit
1546 2854 1686 2908 ovile
1710 2855 2030 2925 Redempto-

457 2932 555 2986 ris.
612 2935 807 2990 Sancta
854 2939 1094 2994 Ecclesia
1141 2943 1206 2996 ad
1238 2959 1455 2999 suorum
1496 2946 1900 3015 opitulationem
1926 2949 2026 3004 Sibi

456 3024 757 3079 reservavit
810 3026 1056 3082 militiam
1107 3032 1187 3101 (ut
1228 3035 1511 3089 veritatem
1558 3034 1846 3108 fateamur)
1877 3037 2029 3107 cujus

456 3124 733 3177 praecones
757 3127 878 3168 esse
926 3117 1200 3172 debemus.
1240 3120 1355 3174 Non
1392 3123 1584 3176 tenetis
1606 3138 1731 3179 vere
1759 3126 1898 3179 viam
1932 3141 2030 3196 per

457 3212 620 3266 quam
671 3203 807 3257 eatis
853 3205 921 3259 ad
969 3206 1197 3262 salutem
1233 3218 1287 3262 et
1336 3210 1524 3264 vitam.
1561 3213 1666 3268 Vos
1704 3214 2027 3284 pupillorum
2090 3264 2100 3277 ,

456 3300 824 3357 oppressores,
888 3308 985 3350 vos
1033 3296 1316 3353 viduarum
1347 3300 1698 3369 praedatores,
1731 3318 1827 3359 vos
1856 3305 2029 3361 homi-

454 3378 608 3443 cidte,
650 3395 747 3435 vos
797 3382 1069 3453 sacrilegi,
1098 3400 1191 3441 vos
1218 3386 1379 3443 alieni
1405 3387 1546 3456 juris
1576 3390 1901 3461 direptores,
1932 3409 2027 3450 vos

452 3474 550 3537 pro
579 3468 899 3527 cﬂ'uudendo
946 3476 1210 3546 sanguine
1245 3478 1555 3535 Christiano
1595 3485 1925 3551 exspectatis
1953 3485 2024 3540 la-

453 3561 839 3618 trocinantium
897 3566 1187 3637 stipendia,
1214 3579 1269 3624 et
1290 3571 1433 3629 sicut
1456 3571 1702 3627 vultures
1727 3575 2026 3631 odorantur

451 3650 738 3716 cadavera,
786 3655 864 3708 sic
899 3654 1313 3727 longinquarum
1341 3661 1577 3731 partium
1599 3664 1951 3733 auspicamini
1970 3677 2025 3723 et

452 3742 731 3795 sectamini
757 3744 917 3799 bella.
949 3748 1109 3803 Certe
1133 3751 1219 3803 via
1244 3751 1344 3806 ista
1374 3753 1606 3821 pessima
1632 3764 1733 3819 est,
1765 3759 2019 3826 quoniam

450 3845 479 3880 a
505 3830 612 3885 Deo
639 3833 860 3889 omnino
899 3848 1102 3893 remota
1130 3850 1230 3895 est.
1283 3841 1450 3898 Porro
1480 3846 1525 3899 si
1553 3845 1714 3902 vultis
1739 3848 2021 3907 animabus

449 3920 644 3974 vestris
681 3924 911 3989 consuli,
941 3926 1096 3982 istius
1118 3930 1259 3984 modi
1314 3932 1519 3988 militia:
1548 3933 1821 4004 cingulum
1849 3953 2020 4007 quan-

448 4008 622 4063 tocius
664 4012 958 4082 deponite,
1024 4028 1079 4072 et
1133 4020 1199 4073 ad
1256 4021 1647 4078 defendendam
1701 4026 2016 4082 orientalem

445 4097 745 4157 Ecelesiam
788 4105 1026 4163 velocius
1066 4112 1395 4165 concurrite.
1446 4112 1571 4169 Hiec
1628 4122 1713 4169 est
1767 4117 1911 4171 enim
1949 4120 2015 4173 de

443 4203 550 4257 qua
583 4191 747 4247 totius
774 4204 969 4250 vestrae
998 4198 1186 4254 salutis
1238 4211 1630 4258 emanaverunt
1655 4204 1874 4275 gaudia,
1898 4221 2016 4274 qua-

441 4276 727 4336 distillavit
774 4283 828 4337 in
885 4299 946 4341 os
982 4298 1218 4344 vestrum
1268 4290 1433 4346 divini
1483 4292 1643 4349 lactis
1672 4294 1859 4361 ubera,
1895 4310 2015 4365 quae

2158 505 2282 572 quia
2307 514 2362 586 et
2384 506 2627 563 charitas
2655 518 2741 563 est
2768 525 2866 579 pro
2913 511 3175 570 fratribus
3200 518 3425 574 animas
3453 522 3726 591 deponere.

2155 595 2233 650 Ne
2253 582 2379 652 vero
2407 597 2475 653 de
2500 601 2752 656 crastiuis
2778 603 3155 660 eventionibus
3177 608 3399 664 solliciti
3428 613 3583 677 sitis,
3610 619 3729 670 scia-

2156 685 2226 739 tis
2271 686 2397 755 quia
2444 687 2760 744 timentibus
2812 691 2977 746 Deum
3034 695 3168 749 nihil
3212 697 3395 763 deest,
3432 717 3539 757 nec
3568 704 3726 775 iisqui

2153 787 2275 828 eum
2330 776 2562 847 diligunt
2607 779 2665 834 in
2705 782 2957 837 veritate.
2997 783 3313 843 Facultates
3364 792 3543 846 etiam
3573 795 3727 852 iniui-

2151 878 2337 919 corum
2363 875 2671 923 nostrorum
2701 880 2894 936 vestrae
2926 884 3107 939 erunt,
3137 880 3408 947 quoniam
3441 890 3501 935 et
3531 883 3729 940 illorum

2151 955 2439 1013 thesauros
2463 959 2857 1030 exspoliabitis,
2898 973 2952 1018 et
2989 965 3070 1019 vel
3105 967 3395 1025 victoriosi
3428 971 3500 1025 ad
3529 978 3727 1045 propria

2150 1047 2482 1133 remeabitis,
2540 1049 2625 1104 vel
2656 1054 2922 1123 sanguine
2952 1065 3135 1113 vestro
3165 1064 3471 1130 purpurati
3512 1079 3728 1133 perenne

2149 1126 2393 1191 bravium
2438 1139 2833 1209 adipiscemiui.
2880 1144 2993 1199 Tali
3024 1126 3347 1217 imperatori
3390 1126 3727 1209 mili-tande-

2147 1226 2308 1294 betis,
2335 1229 2422 1284 cui
2446 1230 2600 1299 panis
2632 1232 2821 1288 deesse
2843 1250 2949 1289 non
2980 1247 3178 1306 potest,
3206 1241 3299 1295 cui
3327 1258 3468 1312 qua:
3497 1246 3730 1313 rependat

2147 1318 2293 1373 nulla
2321 1319 2514 1375 desunt
2543 1323 2833 1391 stipendia.
2866 1324 2957 1380 Via
2987 1326 3169 1384 brevis
3202 1340 3315 1397 est,
3346 1331 3521 1388 labor
3544 1350 3733 1403 pomo-

2146 1408 2299 1464 dicus
2336 1419 2442 1477 est,
2473 1412 2565 1481 qui
2590 1421 2770 1468 tamen
2811 1415 3327 1477 immarcescibilem
3363 1422 3534 1479 vobis
3561 1440 3731 1495 repai-

2147 1497 2238 1552 dat
2268 1513 2548 1555 coronam.
2582 1501 2703 1557 Jam
2752 1519 2897 1560 nunc
2926 1520 3057 1578 ergo
3081 1512 3432 1567 auctoritate
3469 1513 3731 1583 loquamur

2144 1587 2462 1656 prophetica
2488 1604 2503 1643 :
2522 1590 2824 1661 Accingere,
2843 1594 3005 1651 homo
3027 1600 3450 1670 unusquisque,
3474 1602 3731 1672 gladiatura

2144 1692 2299 1746 super
2323 1677 2494 1747 femur
2517 1689 2661 1734 tuum
2699 1685 3054 1750 potentissime
3079 1686 3261 1759 (Paul.
3292 1692 3486 1761 Iuv).
3513 1693 3731 1765 Διώρςὲ-

2143 1769 2294 1833 mini,
2355 1770 2711 1840 accingimini,
2765 1771 3010 1844 inquam,
3068 1788 3115 1832 et
3142 1790 3310 1835 estote
3342 1781 3464 1849 filii
3503 1796 3730 1850 potata,

2142 1860 2390 1927 quoniam
2444 1860 2630 1914 melius
2670 1870 2744 1914 est
2778 1864 2925 1919 nobis
2951 1868 3085 1920 mori
3131 1868 3187 1921 in
3218 1868 3365 1924 bello
3392 1888 3562 1940 mm
3584 1875 3731 1926 ridae

2141 1951 2283 2004 mala
2302 1953 2467 2019 gentis
2484 1964 2674 2007 nostra:
2695 1966 2744 2007 et
2765 1962 3065 2009 sanctorum
3088 1956 3141 2028 (Ι
3163 1957 3224 2011 Μ
3226 1960 3361 2012 ach.
3382 1962 3505 2031 ιιι).
3520 1960 3627 2016 Non
3648 1978 3729 2016 vos

2139 2039 2486 2097 demulceant
2525 2043 2837 2101 illecebrosa
2887 2045 3266 2102 blandimenta
3315 2050 3621 2106 mulierum
3665 2069 3732 2106 rc-

2140 2143 2369 2198 rumque
2413 2139 2736 2198 vestrarum,
2786 2134 2914 2201 quin
2937 2135 3108 2201 eatis;
3147 2150 3253 2190 nec
3291 2152 3403 2192 vos
3438 2139 3732 2195 deterreant

2137 2218 2441 2288 perferendi
2464 2220 2695 2289 labores,
2731 2232 3000 2292 quatenus
3029 2228 3399 2282 remaneatis.

2210 2311 2341 2375 Vos,
2370 2310 2567 2366 fratres
2593 2321 2647 2367 et
2662 2296 2998 2386 'eoepiscOpi,
3021 2319 3474 2375 consacerdotes
3494 2330 3550 2377 et
3573 2322 3729 2376 coli:-

2137 2400 2292 2455 redes
2313 2400 2536 2467 Christi,
2560 2418 2657 2473 per
2669 2404 2938 2461 Ecclesias
2975 2408 3129 2463 vobis
3150 2411 3503 2466 commissas
3515 2412 3728 2483 idipsmn

2135 2492 2472 2558 annuntiate,
2496 2504 2549 2548 et
2583 2494 2725 2548 viam
2754 2496 2806 2550 in
2837 2496 3136 2555 Jerusalem
3170 2509 3292 2558 toto
3319 2516 3431 2558 ore
3463 2505 3727 2559 universa-

2134 2580 2257 2635 liter
2288 2582 2597 2651 praedicate.
2644 2583 2893 2641 Confessi
2932 2598 3291 2656 peccatorum
3323 2608 3565 2647 suorum
3588 2596 3723 2665 igno-

2134 2671 2389 2735 rantiam,
2438 2674 2617 2728 securi
2663 2675 2730 2729 de
2768 2674 2989 2731 Christo
3023 2678 3265 2735 celerem
3322 2681 3629 2752 impetrent
3647 2701 3729 2739 vc-

2133 2759 2299 2813 niam.
2347 2760 2455 2816 Vos
2505 2770 2685 2816 autem
2733 2762 2824 2832 qui
2860 2762 2988 2817 ituri
3011 2767 3163 2830 estis,
3192 2766 3491 2825 habebitis
3521 2786 3619 2825 nos
3642 2788 3729 2841 pm

2132 2850 2292 2906 vobis
2339 2861 2609 2919 oratores,
2641 2869 2740 2909 nos
2786 2855 3085 2912 habeamus
3114 2872 3210 2913 vos
3258 2873 3369 2927 pro
3412 2864 3618 2930 populo
3644 2862 3725 2918 Dei

2131 2948 2481 3007 pugnatores.
2524 2941 2780 2997 Nostrum
2812 2952 2896 3000 εει
2926 2958 3106 3012 orare,
3138 2955 3400 3003 vestrum
3438 2961 3531 3005 est
3550 2965 3724 3005 οοιιιη

2130 3028 2460 3084 Amalecitas
2503 3046 2763 3102 pugnare.
2810 3033 2920 3090 Nos
2955 3035 3323 3091 extendemus
3372 3053 3512 3093 cum
3559 3040 3724 3111 Moyse

2133 3132 2331 3173 manus
2379 3119 2681 3176 indefessas
2727 3131 2946 3179 orantes
2992 3123 3045 3178 in
3094 3124 3334 3189 malum;
3392 3144 3501 3184 vos
3534 3136 3724 3185 excute

2131 3216 2182 3261 et
2216 3208 2425 3265 vibrate
2464 3211 2722 3282 intrepidi
2753 3214 3092 3282 praeliatores
3122 3215 3176 3270 in
3206 3218 3447 3273 Amalec
3473 3220 3723 3290 gladium.

2128 3299 2325 3356 Amen.

2127 3483 2349 3547 (Cancri.
2380 3484 2507 3540 ibid.
2541 3484 2646 3540 col.
2679 3485 2814 3553 501;
2870 3487 2935 3541 D.
2964 3487 3241 3556 Romam,
3292 3491 3466 3557 ibid.,
3498 3507 3553 3561 τι.
3574 3491 3715 3557 573.)

2201 3572 2400 3639 Nostis,
2432 3573 2628 3631 fratres
2670 3574 3029 3641 dilectissimi,
3074 3586 3129 3632 et
3173 3589 3433 3635 vestram
3487 3597 3643 3637 nosse
3669 3582 3715 3636 id

2124 3664 2697 3733 expeditcharitatem,
2728 3668 2997 3735 quomodo
3022 3668 3247 3723 humani
3282 3673 3521 3739 generis
3554 3672 3713 3741 Repa-

2125 3765 2272 3808 rator
2307 3770 2405 3824 pro
2443 3765 2631 3811 nostra
2680 3756 2925 3812 omnium
2952 3757 3125 3815 salute
3154 3775 3389 3816 carnem
3420 3779 3713 3828 assumens,

2122 3850 2177 3896 et
2220 3843 2382 3897 homo
2438 3844 2580 3899 inter
2627 3845 2876 3901 homines
2919 3858 3303 3913 conversatus,
3348 3861 3566 3907 terram
3604 3869 3713 3922 ρω-

2123 3930 2416 3998 missionis,
2464 3947 2625 4000 quam
2657 3933 2865 4002 pridem
2901 3935 3147 4004 patribus
3195 3938 3569 4007 promiserat,
3600 3956 3712 4010 pro-

2119 4022 2237 4091 pria
2279 4021 2564 4077 illustravit
2598 4025 2908 4092 priescntia,
2939 4034 2995 4080 et
3025 4035 3321 4096 assumpta:
3353 4030 3710 4099 dispensatio-

2118 4114 2204 4168 nis
2230 4115 2505 4183 Operibus,
2552 4123 2608 4171 et
2651 4116 2846 4171 crebra
2873 4116 3034 4171 simul
3073 4119 3479 4173 miraculorum
3514 4121 3706 4174 exhibi-

2120 4203 2267 4257 tione
2313 4202 2549 4258 reddidit
2600 4204 2912 4271 specialiter
2977 4206 3281 4275 insignem;
3350 4208 3415 4262 id
3470 4211 3614 4264 enim
3656 4218 3706 4263 et

2116 4290 2327 4346 Veteris
2347 4298 2403 4345 et
2424 4290 2558 4346 Novi
2582 4306 2720 4360 pene
2743 4293 2794 4347 in
2816 4294 3067 4350 onmibus
3093 4295 3324 4366 syllabis
3347 4298 3520 4354 docet
3548 4300 3705 4354 series

439 4369 593 4423 nobis
615 4373 920 4441 propinavit
940 4379 1340 4449 evangeliorum
1366 4394 1713 4439 sacrosancta
1739 4385 2010 4457 dogmata.
2040 4384 2089 4444 D
2116 4380 2471 4437 TBSlamenli-
2507 4383 2752 4450 Quadam
2803 4399 2935 4439 sane
2985 4386 3298 4441 ἀίίθειίοηίδ
3348 4391 3700 4460 ρτεετοειιίη

426 4455 564 4512 ‘llcec
588 4459 728 4527 ideo,
762 4462 983 4530 fratres,
1012 4468 1266 4537 dicimus,
1318 4480 1376 4526 ut
1402 4481 1455 4527 et
1491 4490 1681 4530 manus
1712 4455 2009 4532 homicidas

436 4566 467 4602 a
494 4550 734 4607 fraterna
792 4570 926 4611 nece
957 4559 1295 4625 contineatis,
1346 4572 1400 4617 et
1429 4579 1526 4633 pro
1551 4565 1676 4620 fidei
1699 4567 2010 4625 domesticis

434 4653 532 4693 vos
556 4642 801 4699 externis.
824 4645 1135 4702 nationibus
1159 4652 1460 4719 opponatis,
1490 4663 1545 4708 et
1568 4656 1668 4710 sub
1696 4655 1823 4712 Jesu
1849 4658 2008 4713 Chri-

433 4738 522 4784 sto
544 4733 679 4788 duce
707 4743 888 4791 vestro
915 4738 1061 4793 acies
1086 4737 1421 4808 Christiana,
1446 4744 1593 4799 acies
1621 4745 2003 4817 invictissime,

433 4819 627 4876 melius
651 4838 811 4892 quam
833 4826 934 4894 ipsi
980 4839 1192 4884 veteres
1229 4830 1485 4886 Israelita:
1508 4846 1607 4901 pro
1645 4844 1824 4890 vestra
1851 4834 2007 4892 Jeru-

431 4906 599 4963 salem
658 4911 974 4983 decertetis,
1007 4926 1064 4973 et
1097 4919 1306 4977 Turcos
1334 4922 1425 4991 qui
1474 4922 1526 4977 in
1560 4937 1623 4978 ea
1662 4933 1788 4979 sunt
1818 4926 2005 4982 nefan-

431 4998 613 5054 diores
639 5017 802 5071 quam
830 5004 1063 5063 Jebusaai
1085 5008 1413 5081 impugnetis
1438 5021 1494 5068 et
1520 5015 1860 5083 expugnetis.

501 5086 793 5148 Pulchrum
833 5089 904 5150 sit
931 5098 1086 5154 vobis
1115 5100 1169 5153 in
1196 5100 1285 5155 illa
1307 5101 1527 5158 civitate
1556 5105 1692 5159 mori
1724 5120 1823 5175 pro
1847 5105 2003 5162 Chri-

430 5183 533 5240 sto,
564 5177 619 5230 in
649 5196 752 5250 qua
768 5200 867 5254 pro
890 5186 1046 5243 vobis
1065 5186 1315 5245 Christus
1330 5202 1575 5248 mortuus
1605 5202 1704 5249 est.
1732 5194 1998 5250 Caeterum

428 5265 475 5320 si
524 5282 622 5321 vos
666 5282 825 5329 antea
875 5278 1014 5333 mori
1062 5281 1373 5353 contigerit,
1426 5282 1479 5339 id
1519 5284 1693 5353 ipsum
1724 5295 2000 5341 autumate

426 5372 565 5412 mort
597 5359 650 5413 in
675 5362 783 5431 via,
811 5366 855 5419 si
884 5376 1059 5427 tamen
1088 5372 1338 5429 Christus
1384 5374 1440 5428 iu
1475 5389 1573 5429 sua
1600 5390 1695 5430 vos
1730 5376 2000 5432 invenerit

425 5448 639 5505 militia.
694 5452 840 5509 Deus
886 5460 1028 5514 enim
1082 5463 1608 5520 deuariiretributor
1630 5475 1713 5521 est
1746 5465 1921 5536 prima
1943 5477 1995 5522 et

425 5542 555 5595 hora
578 5556 752 5597 sexta.
783 5544 1114 5604 llorrcndum
1162 5564 1268 5619 est,
1300 5554 1519 5621 fratres,
1556 5556 1883 5610 horrendum
1915 5567 1997 5612 est

422 5648 522 5690 vos
558 5636 617 5699 En
650 5636 812 5699 Clitis
838 5638 983 5703 ianos
1023 5656 1273 5712 rapacem
1320 5661 1551 5703 manum
1592 5648 1900 5703 extendere.
1938 5648 1993 5702 In

2113 4480 2321 4525 certum
2359 4480 2443 4527 est
2482 4488 2602 4526 eam
2630 4472 2906 4537 dilexisse,
2942 4474 3017 4528 ita
3045 4484 3105 4529 ut
3132 4490 3253 4530 eam
3284 4478 3449 4533 orbis
3478 4488 3700 4549 partem,

2112 4562 2223 4619 imo
2278 4564 2635 4634 particulam,
2684 4565 3059 4623 hatreditatcm
3105 4584 3260 4623 suam
3313 4571 3581 4641 dignatus
3626 4580 3698 4625 est

2111 4654 2403 4724 appellare,
2454 4670 2577 4710 cum
2628 4654 2744 4723 ejus
2793 4657 2865 4710 sit
2899 4658 3076 4711 omnis
3128 4668 3276 4713 terra
3326 4669 3388 4714 et
3428 4661 3697 4729 plenitudo

2108 4744 2249 4814 ejus.
2304 4744 2458 4801 Unde
2490 4761 2591 4816 per
2631 4745 2825 4801 Isaiam
2870 4747 2989 4801 ait:
3020 4747 3324 4802 [hereditas
3373 4767 3498 4805 mea
3541 4750 3698 4805 hml

2109 4833 2247 4905 (lsa.
2280 4834 2417 4904 xw).
2451 4835 2519 4888 Et
2557 4834 2685 4889 item
2716 4850 2732 4888 :
2767 4834 2930 4889 Vinea
2958 4836 3173 4891 Domini
3225 4840 3459 4893 sabaoth
3522 4842 3696 4894 donius

2106 4923 2281 4979 Israel
2318 4936 2393 4979 est
2426 4925 2563 4995 (Ira.
2606 4925 2680 4995 v).
2712 4926 2782 4981 Et
2810 4926 2937 4983 licet
2966 4936 3134 4982 totam
3164 4928 3219 4982 in
3256 4938 3487 4998 partem
3526 4931 3695 5001 prati-

2107 5028 2269 5083 puam
2306 5013 2409 5069 sibi
2447 5014 2782 5069 dedicaverit
2821 5015 2891 5070 ab
2928 5015 3107 5079 initio,
3149 5015 3495 5084 peculiarius
3528 5030 3691 5072 tamen

2105 5105 2294 5160 urbem
2316 5114 2558 5160 sanctam
2594 5105 2697 5160 sibi
2727 5106 3003 5174 adoptavit
3036 5105 3089 5159 in
3121 5105 3432 5174 propriam,
3472 5116 3692 5161 testante

2104 5193 2366 5262 propheta
2396 5193 2487 5262 qui
2515 5195 2592 5246 ait
2625 5211 2641 5246 ι
2671 5193 2854 5263 Diligit
2885 5193 3137 5247 Dominus
3174 5204 3357 5262 portus
3386 5195 3526 5250 Sion
3550 5210 3693 5263 sum

2103 5285 2280 5338 oiunia
2332 5284 2672 5338 tabernacula
2724 5282 2892 5338 Jacob
2947 5282 3123 5353 (Psal.
3178 5288 3433 5356 Lxxxvt).
3482 5287 3559 5341 De
3598 5302 3687 5355 qua

2102 5371 2338 5439 gloriosa
2360 5371 2633 5438 dicuntur,
2650 5372 2899 5427 videlicet
2919 5374 3061 5441 quod
3088 5374 3140 5427 iu
3162 5388 3229 5427 ea
3248 5375 3484 5437 docens.
3511 5390 3688 5445 passm

2102 5472 2156 5516 et
2181 5476 2469 5532 resurgens
2493 5461 2764 5526 Salvator,
2787 5461 3017 5516 salutem
3040 5472 3302 5531 operatus
3322 5474 3414 5519 est
3439 5465 3496 5519 in
3524 5466 3683 5519 inedia

2103 5564 2279 5610 teme.
2309 5554 2391 5607 Ad
2425 5555 2525 5608 hoc
2555 5570 2584 5607 a
2618 5554 2831 5609 saeculis
2869 5566 2949 5608 εει
3006 5555 3299 5622 νηιξθιεοω
3331 5568 3392 5611 ut
3421 5566 3677 5612 tantorum

2100 5655 2243 5702 esset
2270 5646 2484 5703 conscia
2512 5654 2561 5700 et
2593 5645 2723 5701 cella
2755 5644 3036 5701 familiaris
3065 5648 3482 5715 mysteriorum.
3513 5650 3673 5704 Ειιτιδ

2444 5916 3109 5979 ἐκ
