3900 6322
136 332 245 387 569

1559 307 1947 365 SERMOXES.

3280 310 3384 364 570

128 440 419 499 nimirum,
465 434 609 504 quod
655 435 768 503 ipse
805 433 897 503 qui
940 430 1099 500 elegit
1128 435 1358 483 testatur
1383 423 1569 479 dicens
1599 437 1613 475 :
1644 421 1709 474 Et

1825 420 1978 481 viant,
2009 426 2065 472 et
2090 432 2282 472 nomen
2311 416 2401 472 Dei
2434 417 2540 472 vivi
2572 417 2857 488 abnegent,
2904 420 2985 474 vel
3013 436 3107 475 ore
3138 422 3385 492 bIaSpbe-

127 532 196 583 de
246 526 539 581 Jerusalem
591 525 795 578 civitate
834 537 991 592 quam
1036 517 1164 588 elegi
1208 516 1367 570 veniet
1413 512 1552 567 vobis
1591 510 1711 565 Sal-

125 629 304 671 sator.

204 708 385 774 Quam
410 704 533 766 etsi,
565 703 803 773 peccatis
829 700 1241 756 inhabitantium
1279 697 1330 751 id
1351 692 1709 765 exigentibus,

122 794 279 861 iusto
315 793 520 862 judicio
548 808 646 846 suo
688 792 738 844 in
782 806 971 845 manus
1020 788 1304 856 impiorum
1344 784 1539 851 saepius
1574 780 1710 835 tradi

124 882 452 953 permiserit
497 880 778 944 Dominus,
826 888 881 933 et
914 877 1062 931 dura:
1100 876 1284 944 jugum
1325 872 1599 928 servitutis
1645 870 1710 924 ad

130 989 353 1044 tempus
379 989 499 1028 eam
552 972 818 1025 sustinere
857 983 1046 1038 passus
1083 968 1171 1031 sit,
1215 982 1318 1019 non
1351 974 1528 1018 tamen
1568 961 1713 1017 arbi-

128 1065 390 1119 traudum
423 1073 506 1118 est
531 1063 675 1131 quod
705 1078 824 1116 eam
857 1060 1008 1130 quasi
1041 1075 1071 1113 a
1098 1074 1157 1113 se
1190 1057 1529 1126 repudiatam
1558 1054 1709 1123 abie-

126 1155 291 1218 cerit,
320 1169 441 1208 cum
478 1154 737 1220 scriptum
768 1153 838 1206 sit
872 1170 885 1204 :
919 1149 1181 1220 Flagellat
1210 1149 1467 1201 Dominus
1511 1162 1710 1200 omnem

125 1246 305 1313 ﬁlium
333 1262 484 1315 quem
514 1245 691 1313 recipit
722 1244 910 1311 (Hebr.
940 1244 1070 1311 xu);
1104 1242 1179 1296 illi
1220 1255 1349 1296 vero
1385 1239 1713 1295 thesaurizat

124 1337 273 1390 iram
324 1337 412 1390 cui
466 1336 665 1390 dicitur
697 1354 711 1388 :
741 1334 968 1388 Recessit
1004 1333 1145 1387 zelus
1191 1348 1420 1386 mensa
1466 1340 1549 1395 te,
1592 1330 1710 1399 jam

120 1428 364 1497 amplius
394 1445 496 1482 non
526 1429 732 1481 irascar
761 1427 855 1480 tibi
899 1425 1116 1496 (Ezeclt.
1168 1424 1300 1493 xvi).
1356 1421 1540 1492 Diligit
1582 1434 1711 1485 ergo

121 1533 282 1583 eam,
340 1533 441 1572 nec
488 1518 717 1586 intepuit
761 1530 887 1586 erga
924 1530 1058 1569 -eam
1085 1512 1388 1567 dilectionis
1418 1510 1596 1565 fervor
1625 1510 1709 1563 cui

120 1608 265 1662 dicit
302 1624 318 1661 :
350 1606 474 1662 Eris
515 1624 707 1661 corona
756 1607 937 1675 gloria:
983 1608 1038 1661 in
1074 1624 1233 1661 manu
1278 1604 1482 1658 Domini
1506 1612 1553 1657 et
1595 1603 1715 1655 dia-

120 1698 285 1750 dema
310 1698 452 1767 regni
483 1699 536 1750 in
564 1712 723 1750 manu
746 1697 843 1750 Dei
867 1698 972 1761 tui;
1002 1707 1049 1751 et
1075 1688 1178 1751 non
1203 1696 1465 1751 vocaberis
1487 1712 1588 1759 am;
1609 1692 1710 1745 lius

1814 518 1960 561 ment
1992 507 2253 577 sacrilego
2286 507 2674 576 compelluntur
2704 526 2717 562 :
2754 520 2846 563 aut
2875 511 3035 580 impia
3059 512 3388 571 detestantes

1815 595 2039 665 imperia
2080 595 2360 648 creduntur
2388 595 2773 665 gladiigtnoro
2820 596 3135 664 bidentium,
3185 604 3387 658 sanctis

1811 685 2144 757 martyribus
2194 686 2451 740 sociandi.
2512 685 2628 740 Non
2680 696 2765 741 est
2818 690 3094 760 sacrilegis
3143 692 3384 747 locormn

1813 777 2140 841 dilIerentia,
2190 792 2293 831 non
2326 787 2409 831 est
2458 792 2808 845 personarum
2840 791 3134 850 respectus.
3175 782 3231 835 ln
3263 799 3387 837 san-

1811 868 2036 925 ctuariis
2077 867 2395 922 occiduntur
2438 869 2747 922 sacerdotes
2787 878 2839 923 et
2878 869 3072 933 levitas,
3120 884 3388 942 coguntur

1810 957 2045 1027 virgines
2102 955 2379 1021 fornicari,
2430 966 2520 1009 aut
2573 971 2670 1024 per
2726 966 2988 1013 tormenta
3023 961 3226 1029 perire,
3287 978 3385 1017 nec

1811 1049 2072 1104 matronis
2103 1056 2234 1102 artas
2266 1048 2526 1101 maturior
2553 1047 2893 1117 sull'ragatur.

1882 1139 1974 1194 Va:
2025 1138 2179 1192 nobis
2212 1138 2301 1205 qui
2353 1139 2405 1192 iu
2449 1140 2586 1193 hanc
2633 1148 2740 1193 tam
2797 1142 3081 1210 periculosi
3133 1145 3389 1213 temporis

1812 1229 2188 1285 descendimus
2218 1230 2513 1295 miseriam,
2557 1246 2718 1299 quam
2748 1232 2799 1284 in
2843 1233 3033 1301 spiritu
3090 1236 3389 1302 praevidens

1810 1320 2016 1373 electus
2039 1336 2069 1371 a
2093 1319 2322 1374 Domino
2348 1320 2536 1386 David,
2568 1334 2658 1374 rex
2683 1320 2876 1384 ﬁdelis,
2901 1322 3142 1389 deplorat
3168 1322 3386 1376 dicens:

1810 1411 1972 1477 Deus,
2005 1421 2247 1464 venerunt
2285 1422 2457 1480 gentes
2496 1412 2548 1464 in
2576 1412 2929 1465 [nereditatem
2966 1422 3154 1475 tuam;
3185 1411 3386 1481 pollue-

1814 1510 1932 1554 runt
1963 1501 2209 1571 templum
2230 1512 2468 1573 sanctum
2490 1510 2636 1553 tuum
2662 1497 2833 1571 (Psal.
2862 1500 3107 1570 Lxxvul).
3135 1500 3201 1553 Et
3228 1501 3388 1554 item:

1819 1592 2076 1662 Populum
2125 1603 2270 1644 tuum
2307 1588 2715 1643 liumiliaverunt
2757 1598 2803 1642 et
2845 1589 3201 1643 Iiwreditatem
3245 1603 3390 1642 tuam

1813 1691 2146 1736 vexaverunt.
2179 1678 2391 1750 thuid,
2433 1678 2674 1742 Domine,
2702 1678 2945 1730 irasceris
2988 1678 3039 1729 in
3092 1677 3270 1744 linem,
3302 1694 3393 1729 ac-

119 1765 395 1852 daalamv,
420 1788 511 1842 sed
542 1788 803 1841 vocaberis
843 1788 1081 1843 υοιυηιαε
1107 1804 1221 1841 mea
1240 1787 1365 1857 quia
1397 1783 1705 1853 complacuit
1736 1770 1783 1829 Β
1809 1775 2055 1826 cendctur
2084 1771 2216 1825 velut
2261 1770 2394 1839 ignis
2432 1771 2512 1822 ira
2551 1769 2679 1821 tua?
2710 1766 2883 1837 (Psal.
2922 1769 3099 1835 xcul.)
3143 1765 3241 1820 Ubi
3270 1778 3389 1819 sunt

125 1877 365 1930 Domino
394 1879 448 1930 in
475 1888 524 1931 te
563 1876 699 1947 (Isa.
726 1878 901 1946 LXII)..

202 1965 338 2020 [lare
378 1966 541 2035 igitur
580 1966 769 2020 salutis
810 1976 1009 2022 nostra:
1037 1965 1325 2029 cunabula,
1376 1962 1586 2017 Domini
1616 1976 1714 2029 pa-

119 2056 332 2121 triam,
388 2055 662 2126 religionis
709 2065 977 2123 matrem,
1035 2058 1263 2126 p0pulus
1307 2056 1511 2124 absque
1568 2054 1710 2115 Deo,

120 2145 350 2200 aucillm
378 2144 519 2199 ﬁlius
544 2145 833 2216 Aigyptne,
874 2146 1115 2215 possidet
1140 2146 1422 2208 violenter,
1456 2153 1511 2198 et
1536 2142 1713 2211 capti-

121 2236 273 2288 vatis
328 2234 508 2289 libera:
557 2234 680 2290 ﬁliis
732 2243 1006 2290 extremas
1057 2234 1283 2303 imponit
1341 2232 1710 2295 conditiones,

122 2322 337 2392 quibus
362 2337 519 2377 versa
552 2324 669 2378 vice
696 2324 890 2378 merito
915 2324 1123 2379 servire
1153 2322 1455 2377 tenebatur.

203 2411 315 2465 Sed
357 2411 484 2480 quid
522 2412 782 2481 scriptum
827 2413 955 2468 est?
990 2412 1141 2481 Ejice
1174 2409 1422 2464 ancillam
1461 2418 1507 2462 et
1544 2407 1713 2473 filium

123 2500 248 2567 eius
280 2498 439 2571 (Gen.
474 2501 611 2571 nt).
652 2503 1077 2567 Sarracenorum
1116 2500 1259 2555 enim
1293 2514 1426 2569 gens
1461 2499 1624 2567 impia
1659 2505 1714 2550 et

124 2592 534 2646 inundanarum
569 2593 825 2647 sectatrix
866 2592 1214 2647 traditionum
1252 2591 1369 2644 loca
1400 2597 1613 2653 sancta,
1660 2587 1714 2642 in

126 2680 339 2749 quibus
380 2690 650 2736 steterunt
679 2683 840 2751 pedes
880 2682 1112 2746 Domini,
1139 2682 1252 2751 jam
1283 2695 1312 2733 a
1356 2678 1538 2733 multis
1568 2686 1714 2732 retro

127 2770 478 2840 temporibus
509 2771 739 2826 violenta
782 2773 979 2841 premit
1012 2772 1325 2841 tyrannide;
1372 2769 1607 2824 subactis
1652 2767 1715 2820 li-

127 2859 352 2914 delibus
394 2868 450 2915 et
504 2861 557 2915 in
607 2862 923 2917 servitutem
965 2861 1264 2925 damnatis,
1317 2859 1543 2930 ingressi
1589 2868 1715 2914 sunt

126 2964 307 3003 canes
351 2949 406 3003 in
440 2962 668 3016 sancta;
719 2953 1058 3021 profanatum
1089 2960 1173 3007 est
1199 2951 1587 3014 sanctuarium,
1616 2949 1716 3002 hu-

128 3038 381 3093 miliatus
425 3047 509 3093 est
560 3041 733 3095 cultor
769 3041 863 3096 Dei
909 3040 1157 3111 populus,
1210 3039 1463 3111 angarias
1510 3038 1714 3107 patitur

132 3129 394 3198 indignas
423 3144 591 3197 genus
626 3130 879 3195 electum,
923 3132 1091 3186 servit
1142 3132 1193 3185 in
1228 3130 1340 3184 luto
1383 3138 1437 3183 et
1466 3129 1518 3183 iu
1548 3128 1716 3182 latere

129 3219 325 3289 regale
356 3220 739 3283 sacerdotium.
770 3222 1020 3291 princeps
1050 3221 1444 3290 provinciarum
1473 3220 1613 3273 facta
1637 3227 1722 3271 est

130 3313 241 3366 sub
280 3313 482 3366 tributo
526 3313 717 3367 civitas
747 3313 863 3367 Dei.
901 3302 1066 3380 Ctiius
1095 3327 1200 3367 non
1233 3311 1475 3381 liqueﬁat
1510 3309 1722 3363 anima?

132 3402 300 3471 cuius
328 3418 434 3457 non
475 3404 755 3458 tabescant
782 3404 1075 3474 pra‘eordia
1131 3404 1197 3457 iis
1251 3403 1319 3457 ad
1362 3402 1602 3455 animum
1635 3415 1722 3452 rc—

132 3494 526 3549 currentibus‘!
553 3494 685 3561 Quis
714 3496 830 3551 haec
865 3495 1025 3550 siccis
1066 3493 1270 3548 occulis
1308 3493 1495 3545 audire
1524 3498 1720 3567 potest,

135 3586 343 3640 fratres
382 3586 720 3642 cbarissimi?
749 3586 1028 3656 Templqu
1053 3584 1289 3649 Domini,
1317 3584 1384 3638 de
1404 3599 1512 3652 quo
1539 3582 1724 3637 zelans

140 3674 412 3730 Dominus
463 3677 758 3731 vendentes
811 3675 969 3745 eiecit
1016 3684 1071 3731 et
1126 3684 1369 3728 ementes
1418 3688 1486 3728 ne
1531 3673 1725 3728 domus

138 3763 327 3820 Patris
370 3764 486 3833 ejus
540 3765 695 3821 ﬁeret
737 3767 990 3836 spelunca
1047 3766 1351 3829 latronum,
1397 3764 1596 3819 factum
1641 3773 1726 3819 est

140 3855 309 3908 sedes
349 3856 755 3910 daemoniorum.
786 3856 843 3910 Id
880 3857 1055 3925 ipsum
1089 3855 1235 3909 enim
1270 3862 1324 3909 et
1353 3852 1724 3906 Mattbatbiam

140 3948 486 4002 sacerdotem
517 3963 789 4015 magnum,
833 3959 1140 4003 sanctorum
1178 3945 1576 4015 progenitorem
1609 3943 1724 3998 Ma-

142 4037 532 4102 cbabreorum,
587 4038 655 4091 ad
702 4039 878 4093 zelum
927 4037 1176 4092 accendit
1218 4035 1724 4100 commendabilem,

142 4128 295 4182 sicut
339 4129 455 4197 ipse
485 4138 711 4184 testatur
749 4130 933 4186 dicens
969 4148 982 4183 :
1016 4129 1285 4188 Templum
1329 4129 1536 4183 Domini
1578 4130 1729 4198 quasi

144 4220 227 4272 vir
266 4218 526 4287 ignobilis,
576 4237 699 4274 vasa
744 4220 925 4291 gloria:
973 4221 1088 4290 ejus
1114 4221 1341 4276 abducta
1376 4230 1499 4275 sunt
1528 4230 1729 4289 captiva

147 4308 201 4377 (ι
246 4306 426 4361 Maeli.
486 4310 570 4375 ιι).
630 4308 836 4364 Civitas
890 4310 1051 4379 Regis
1097 4326 1281 4379 regum
1315 4311 1583 4374 omnium,
1613 4325 1732 4378 (una:

149 4398 277 4452 aliis
329 4398 542 4468 regulas
601 4399 941 4454 intemerata:
1000 4400 1222 4455 tradidit
1277 4401 1434 4469 ﬁdei,
1487 4400 1726 4468 gentium

150 4489 627 4559 superstitionibus
677 4491 888 4561 cogitur
945 4490 1113 4545 invita
1167 4493 1463 4547 deservire.
1516 4491 1730 4546 Sanctae

152 4584 571 4640 resurrectionis
599 4584 850 4651 ecclesia,
889 4586 1104 4656 requies
1136 4585 1452 4641 dormientis
1493 4584 1727 4651 Domini,

152 4688 346 4727 eorum
382 4675 614 4729 sustinet
657 4675 906 4744 imperia,
940 4676 1172 4731 foedatur
1233 4676 1509 4744 spurcitiis
1542 4690 1745 4731 eorum,

154 4768 249 4836 qui
295 4766 704 4822 resurrectionis
747 4783 852 4823 non
899 4768 1177 4823 habebunt
1206 4768 1580 4839 participium,
1635 4768 1730 4822 sed

154 4856 354 4924 stipula
391 4856 530 4927 ignis
550 4856 738 4912 aeterni
769 4856 1098 4927 perennibus
1120 4858 1520 4927 deputabuntur
1543 4858 1733 4929 iucen;

155 4944 284 4997 diis.
315 4942 459 4998 Loca
498 4942 827 4999 venerabilia
874 4944 1071 4999 divinis
1120 4946 1375 5015 deputata
1435 4943 1731 5015 mysteriis,

158 5051 280 5105 qum
308 5035 593 5090 Dominum
619 5036 671 5091 in
693 5050 856 5091 carne
885 5046 1239 5107 susceperunt
1270 5038 1558 5108 hospitem,
1582 5036 1735 5107 signa

160 5125 431 5192 viderunt,
464 5134 765 5182 senserunt
788 5127 1082 5194 beneﬁcia,
1115 5142 1346 5197 quorum
1390 5127 1632 5182 omnium
1681 5126 1735 5181 in

161 5232 223 5272 se
273 5216 430 5286 plena
489 5216 594 5272 ﬁde
637 5216 978 5287 praatendunt
1026 5225 1371 5281 argumenta,
1428 5215 1571 5271 facta
1611 5224 1739 5271 sunt

159 5321 385 5377 gregum
423 5308 702 5377 praesepia,
745 5307 957 5363 stabula
1000 5308 1388 5377 iumentorum.
1434 5306 1740 5361 Laudabilis

161 5398 422 5468 pepulus,
472 5397 559 5452 cui
613 5398 884 5453 benedixit
918 5397 1175 5452 Dominus
1223 5396 1580 5460 exercituum,
1642 5395 1740 5449 sub

162 5490 509 5560 angariarum
560 5499 616 5545 et
669 5490 1008 5544 sordidarum
1055 5487 1458 5558 praestatiounm
1505 5486 1741 5554 pondere

163 5581 332 5651 gemit
365 5579 646 5651 fatigatus;
686 5581 967 5649 rapiuntur
988 5593 1179 5632 eorum.
1205 5576 1318 5639 ﬁlii,
1345 5576 1532 5630 matris
1559 5574 1743 5629 Eccle-

164 5670 261 5725 sia:
295 5669 456 5725 chara
486 5670 729 5739 pignora,
779 5680 836 5724 ut
884 5668 1123 5739 gentiqu
1174 5665 1529 5722 immunditiis
1561 5666 1739 5720 deser-

1812 1862 2185 1917 misericordia:
2221 1870 2327 1914 ttae
2354 1861 2605 1924 anticum,
2628 1860 2883 1912 Domine?
2904 1857 3079 1928 (Psal.
3102 1859 3391 1925 Lxxxvtu.)

1816 1952 2088 2007 Verumne
2118 1961 2201 2005 est
2245 1950 2387 2019 quod
2426 1949 2623 2003 dicitur
2652 1964 2666 2000 ε
2700 1947 2823 2001 Non
2863 1946 3193 2000 obliviscetur
3243 1948 3394 2000 misc-

1815 2044 1918 2096 reri
1947 2041 2111 2105 Deus,
2144 2056 2247 2095 non
2288 2038 2565 2092 continebit
2618 2038 2673 2090 in
2724 2038 2805 2089 ira
2860 2054 2957 2089 sua
3008 2035 3393 2088 misericordias

1813 2132 1978 2188 suas?
2000 2130 2312 2195 Recordare,
2333 2129 2570 2191 Domine,
2587 2127 2712 2192 quid
2734 2127 2978 2180 acciderit
3002 2126 3171 2189 nobis,
3195 2126 3395 2177 intuere

1812 2232 1860 2275 et
1884 2221 1996 2275 vide
2029 2219 2359 2289 opprobrium
2388 2227 2620 2271 nostrum
2651 2216 2865 2287 (Tliren.
2884 2215 2958 2287 v).
3000 2214 3089 2269 Va:
3114 2214 3291 2268 nobis!
3310 2224 3394 2266 ut-

1813 2312 1939 2382 quid
1974 2311 2083 2363 nati
2114 2325 2295 2363 sumus
2328 2309 2499 2363 videre
2533 2306 2913 2376 corruptionem
2940 2305 3117 2373 populi
3147 2303 3310 2356 nostri
3347 2312 3395 2356 et

1815 2403 2174 2456 contritionem
2197 2400 2417 2454 civitatis
2439 2408 2635 2453 sancta:
2663 2407 2710 2450 et
2743 2396 2919 2450 sedere
2944 2394 3071 2455 illic,
3104 2410 3221 2446 cum
3253 2394 3393 2445 dan-

1821 2502 1909 2547 tur
1932 2508 1987 2545 m
2028 2492 2267 2545 manibus
2301 2490 2631 2542 inimicorum
2657 2496 2841 2541 sancta
2879 2483 2930 2555 (I
2963 2483 3140 2537 Maeli.
3171 2482 3253 2553 II).

1866 2585 1995 2651 ,Vos
2016 2583 2198 2653 igitur,
2216 2580 2570 2644 dilectissimi,
2591 2576 3005 2632 armaminizclo
3022 2576 3136 2638 Dei,
3160 2575 3397 2643 accingi-

1816 2675 1947 2729 mini
1966 2672 2337 2741 unusquisque
2355 2670 2531 2739 gladio
2549 2684 2649 2724 suo
2663 2682 2826 2736 super
2845 2667 3019 2722 femur
3038 2681 3191 2720 suum
3209 2674 3400 2733 poten-

1818 2767 2023 2822 tissime
2035 2763 2206 2834 (Psal.
2225 2764 2388 2829 xuv).
2404 2761 2772 2830 Accingimini,
2788 2770 2833 2813 et
2850 2768 3009 2812 estote
3022 2756 3122 2826 ﬁlii
3135 2766 3362 2825 potentes
3379 2769 3399 2807 :

1816 2859 2002 2911 melius
2023 2866 2097 2911 est
2130 2856 2265 2910 enim
2299 2854 2580 2907 nobismori
2617 2853 2670 2906 in
2718 2850 2849 2904 bello
2879 2866 3036 2919 quant
3060 2848 3232 2903 ridere
3260 2846 3401 2899 mala

1816 2958 1978 3019 gentis
2004 2957 2194 3000 nostra:
2218 2956 2264 2999 ct
2284 2942 2639 3014 sanctorum(l
2659 2941 2836 2996 Maeli.
2858 2940 2964 3009 ιιι).
2994 2940 3049 2995 Si
3077 2940 3198 3007 quis
3227 2937 3400 2991 zelum

1818 3039 1947 3107 legis
1980 3038 2070 3092 Dei
2107 3036 2290 3100 habet,
2321 3034 2577 3103 adiungat
2596 3046 2655 3087 se
2675 3031 2847 3086 nobis.
2878 3028 3270 3084 Subveniamus
3295 3025 3403 3078 ira-

1822 3129 1992 3181 tribus
2033 3124 2254 3187 nostris,
2284 3123 2645 3192 dirumpamus
2682 3120 2889 3175 vincula
2919 3135 3097 3172 eorum
3144 3126 3192 3169 et
3238 3113 3405 3183 proji-

1820 3220 2018 3273 ciamus
2044 3236 2076 3271 a
2107 3217 2251 3270 nobis
2270 3216 2459 3285 jugum
2491 3216 2718 3283 ipsorum
2753 3212 2923 3282 (Psal.
2956 3215 3038 3278 ιι).
3069 3204 3396 3279 Egredimini

1820 3320 1875 3364 et
1906 3308 2164 3363 Dominus
2188 3306 2294 3361 erit
2333 3304 2629 3359 vobiscum.
2670 3302 2836 3356 Arma
2874 3316 2993 3370 qua:
3024 3300 3171 3353 mede
3213 3303 3401 3349 umtua

1822 3400 2008 3454 illicito
2037 3394 2384 3458 cruentastis,
2414 3394 2468 3447 in
2501 3394 2680 3447 hostes
2710 3391 2831 3445 ﬁdei
2875 3400 2931 3443 et
2960 3386 3193 3442 nominis
3230 3381 3392 3437 (Jhri-
3422 3418 3431 3423 ‹

1823 3494 1986 3547 stiani
2018 3491 2339 3548 convertite.
2380 3488 2567 3548 Furta,
2612 3483 2880 3548 incendia,
2916 3481 3151 3551 rapinas,
3182 3475 3405 3532 homici-

1823 3584 1936 3646 dia,
1982 3591 2038 3637 ct
2086 3590 2280 3636 caetera
2323 3577 2500 3648 qualia
2555 3574 2645 3645 qui
2697 3581 2864 3643 agunt
2904 3584 3129 3640 regnum
3162 3568 3254 3622 Dei
3295 3580 3401 3619 non

1829 3671 2199 3742 possidebunt,
2230 3670 2333 3723 hoc
2358 3667 2470 3721 Deo
2492 3662 2828 3731 beneplacito
2853 3660 3102 3716 redimite
3121 3655 3405 3726 obsequio,

1825 3773 1886 3816 ut
1913 3760 2229 3816 delictorum
2258 3757 2453 3827 quibus
2486 3753 2769 3808 Dominum
2809 3750 2877 3805 ad
2908 3748 3241 3804 iracundiam
3287 3760 3409 3815 pro-

1824 3852 2092 3915 vocastis,
2131 3849 2360 3904 celerem
2390 3844 2775 3914 indulgentiam
2813 3856 2911 3911 pro
2941 3838 3092 3892 vobis
3130 3835 3409 3891 obtineant

1826 3944 1941 3998 hmo
1980 3939 2194 4011 pietatis
2223 3952 2385 4008 opera
2415 3944 2469 3991 et
2497 3932 2806 4004 deprecatio
2836 3931 2939 3986 coll
2959 3936 3405 3991 ~ta,sanctorum.

1830 4033 2112 4087 Monemus
2166 4028 2329 4098 igitur
2377 4035 2432 4080 et
2487 4024 2838 4079 exhortamur
2873 4021 2925 4075 in
2975 4017 3218 4078 Domino,
3270 4022 3325 4069 et
3352 4014 3407 4067 iu

1830 4124 2202 4182 remissionem
2244 4129 2585 4192 peccatorum
2636 4114 3004 4185 iniungimus,
3058 4118 3117 4163 ut
3150 4106 3409 4161 fratribus

1830 4216 2033 4273 nostris
2057 4224 2113 4268 et
2139 4210 2376 4267 emlestis
2401 4207 2549 4278 regni
2598 4202 2970 4261 cohaeredibus
3019 4199 3229 4270 (omnes
3263 4195 3408 4249 enim

1834 4308 2062 4361 invicem
2086 4316 2272 4358 sumus
2293 4298 2555 4361 membra,
2584 4293 2823 4350 haaredes
2844 4290 3059 4361 quidem
3088 4286 3204 4350 Dei,
3234 4284 3415 4339 cuba:-

1836 4397 1989 4451 redes
2013 4391 2205 4446 andem
2226 4387 2427 4445 Christi
2453 4385 2626 4458 [Ιίοηι.
2651 4381 2798 4453 νιιι]»
2837 4379 2928 4451 qui
2955 4373 3338 4445 Hierosolymis
3357 4380 3416 4425 ch

1831 4487 1884 4540 in
1902 4485 2097 4539 ﬁnibus
2112 4481 2227 4549 eius
2248 4477 2512 4542 habitant,
2536 4473 2808 4529 alilictioni
2833 4479 2888 4524 et
2906 4468 3178 4524 laboribus
3196 4478 3421 4532 compa-.

1834 4581 2047 4642 tientes,
2075 4565 2744 4631 inﬁdeliuminsolentiam,
2766 4561 2857 4631 qui
2882 4559 2982 4614 sibi
3013 4550 3414 4624 regna,priuei-

1831 4680 1988 4741 patus
2006 4678 2061 4723 et
2083 4672 2379 4734 potestates
2400 4658 2667 4728 subiicere
2686 4651 3042 4713 contendunt,
3064 4645 3241 4702 debita
3265 4657 3419 4697 com~

1832 4738 2068 4831 pescatis
2088 4750 2579 4814 animadversione,
2593 4756 2645 4802 et
2660 4745 2763 4800 illis
2780 4742 2905 4797 totis
2925 4738 3128 4793 viribus
3155 4748 3413 4789 occurra-

1834 4824 1921 4915 tis,
1948 4850 2140 4921 quibus
2160 4855 2243 4903 est
2269 4842 2599 4915 propositum
2619 4850 2811 4892 nomen
2825 4831 3003 4888 delere
3025 4824 3409 4921 Christianum.

1832 4911 2083 5012 Alioquin
2129 4911 2385 4993 lutur—um-
2420 4941 2504 4989 est
2546 4939 2603 4985 ut
2648 4930 2701 4983 iu
2740 4924 2986 4997 proximo
3027 4916 3268 4975 Ecclesia
3321 4911 3417 5012 Dei

1830 5003 2019 5103 iugum
2070 5027 2323 5083 indebita:
2376 5021 2671 5093 praeferens
2723 5013 3019 5074 servitutis,
3064 5008 3184 5063 ﬁdei
3217 5003 3415 5103 sentiat

1837 5093 2198 5192 dispendium,
2235 5114 2556 5185 prmvalente
2602 5108 2881 5179 gentilium
2921 5093 3410 5192 superstitionealn

1838 5184 2037 5283 quanta
2066 5209 2210 5264 enim
2243 5204 2403 5277 positi
2434 5204 2542 5257 sint
2567 5196 2853 5253 afﬂictione
2891 5198 3152 5247 noverunt
3173 5203 3239 5243 ex
3265 5184 3417 5240 vobis

1839 5298 2080 5356 nonnulli
2107 5297 2199 5368 qui
2223 5297 2336 5351 baac
2357 5309 2477 5362 quae
2502 5288 2771 5359 loquimur
2789 5283 2998 5341 oculata
3023 5283 3417 5349 ionspexerunt

1844 5392 1970 5455 ﬁde,
1999 5399 2049 5442 et
2080 5401 2316 5458 prazsens
2343 5383 2554 5438 illorum
2587 5394 2684 5450 per
2712 5390 2930 5431 manum
2956 5372 3100 5428 Petri
3125 5370 3225 5425 viri
3256 5383 3416 5421 vene-

1844 5481 2051 5542 rabilis,
2075 5479 2166 5547 qui
2190 5491 2426 5547 prcesens
2445 5482 2547 5536 est,
2573 5472 2639 5525 ad
2666 5485 2764 5523 nos
2789 5466 2964 5520 delata
2988 5465 3144 5519 docet
3168 5459 3415 5532 epistola.

1852 5570 1959 5626 Nos
1990 5577 2169 5623 autem
2215 5567 2282 5622 de
2331 5562 2702 5619 misericordia
2742 5559 2832 5614 Dei
2876 5566 2930 5612 et
2963 5557 3242 5611 beatorum
3272 5549 3423 5611 Petri

1847 5671 1898 5717 ct
1946 5660 2094 5735 Pauli
2141 5652 2873 5735 apostolorum’auctoritatc
2914 5646 3126 5713 conﬁsi,
3175 5642 3426 5713 ﬁdelibus;
