3900 6322
486 314 583 368 571

1711 310 1769 363 Β.
1802 308 2050 366 URBANI

2159 307 2236 360 ΡΑ
2247 306 2353 360 [UE
3651 312 3739 368 ετξ

484 424 832 488 Christianis,
881 422 972 492 qui
1023 430 1209 476 contra
1261 435 1353 474 eos
1402 435 1550 474 arma
1601 422 1967 489 susceperint,
2006 429 2059 472 ct
2089 424 2134 474 Α
2159 433 2371 469 omnem
2401 427 2672 484 postremo
2702 419 2886 472 Asiam
2929 417 3191 473 minorem
3225 420 3416 492 (cujus
3465 424 3739 490 provinci:

484 530 625 570 onus
645 513 743 568 sibi
770 513 926 582 hujus
946 511 1389 581 peregrinationis
1405 509 1810 579 assumpserint,
1830 511 2056 563 innuen-

485 620 576 660 sas
616 621 714 674 pro
758 603 870 657 suis
907 603 1120 656 delictis
1171 601 1518 670 pmitentias
1574 600 1898 655 relaxat-nus.
1956 600 2056 666 Qui

487 705 666 749 autem
699 695 770 748 ibi
794 694 846 747 in
889 709 1013 747 vera
1056 694 1370 762 poenitentia
1412 694 1760 760 decesserint,
1793 703 1846 748 et
1867 710 2059 764 pecca-

484 797 661 839 torum
707 784 1088 854 indulgentiam
1117 795 1170 838 et
1199 785 1430 839 fructum
1461 795 1675 840 :eterna:
1717 786 1980 841 mercedis
2002 802 2059 841 se

480 892 586 931 non
615 877 858 931 dubitent
891 877 1188 932 habituros.
1230 877 1445 930 Interim
1475 893 1601 931 vero
1628 893 1719 932 eos
1745 878 1834 948 qui
1865 879 2059 933 ardore

481 968 601 1022 fidei
655 968 719 1022 ad
742 969 1127 1039 expugnandos
1181 969 1301 1023 illos
1359 969 1594 1023 laborem
1646 971 1805 1024 istum
1850 987 2058 1025 assum-

478 1059 719 1125 pserint,
754 1061 853 1114 sub
885 1059 1138 1114 Ecclesia:
1175 1059 1485 1114 defensione
1515 1069 1568 1113 et
1602 1060 1881 1115 beatorum
1914 1060 2055 1116 Petri

479 1157 532 1200 et
593 1147 743 1201 Pauli
803 1149 1174 1218 protectione,
1230 1158 1480 1218 tanquam
1539 1165 1679 1203 vera:
1736 1151 2058 1206 obedientize

480 1236 621 1289 ﬁlios
644 1238 951 1307 recipimus,
987 1248 1040 1293 et
1063 1237 1130 1292 ab
1157 1239 1421 1294 universis
1452 1240 1925 1308 iuquietationibus
1948 1250 2054 1296 tam

480 1323 534 1377 in
578 1325 738 1378 rebus
776 1341 934 1393 quam
967 1327 1019 1379 in
1050 1329 1294 1396 personis
1336 1329 1622 1384 statuimus
1658 1346 1877 1386 manere
1903 1347 2056 1386 secu-

484 1427 593 1464 ros.
626 1412 684 1466 Si
716 1429 844 1465 vero
870 1414 1133 1484 quispiam
1183 1416 1468 1471 molestare
1492 1431 1583 1470 eos
1611 1432 1742 1470 ausu
1770 1420 2056 1475 temerario

479 1502 898 1568 pra'sumpserit,
946 1519 1044 1572 per
1091 1504 1400 1573 episcopum
1464 1505 1564 1559 loci
1615 1509 2054 1562 excommunica-

481 1589 627 1643 tione
653 1589 877 1643 feriatur
903 1601 956 1645 et
984 1591 1164 1644 tandiu
1196 1593 1462 1646 sententia
1492 1594 1558 1647 ab
1588 1593 1836 1648 omnibus
1866 1596 2055 1650 obser-

479 1689 655 1743 vetur,
697 1681 869 1735 donec
891 1691 944 1734 et
977 1682 1151 1736 ablata
1186 1684 1499 1749 reddantur,
1524 1694 1578 1739 et
1610 1684 1675 1739 de
1708 1685 1870 1740 illatis
1903 1687 2055 1740 dam-

480 1771 564 1824 nis
592 1785 824 1840 congrue
852 1773 1171 1827 satisfaciat.
1671 1793 1673 1796 ‘

521 1859 800 1928 Episcopi
837 1877 962 1914 vero
1001 1871 1056 1916 et
1105 1864 1426 1935 presbyteri,
1462 1865 1551 1933 qui
1601 1865 1796 1920 talibus
1846 1864 2056 1919 fortiter

479 1963 586 2001 non
615 1951 934 2016 restiterint,
959 1953 1118 2006 oﬂicii
1143 1955 1492 2023 suspensione
1516 1955 1861 2021 mulctentur,
1885 1955 2054 2012 donec

476 2039 904 2094 misericordiam
939 2043 1084 2097 sedis
1113 2045 1416 2112 apostolica.-
1450 2046 1744 2102 obtineant.
2055 2061 2057 2064 ‘

549 2239 651 2309 (Ex
690 2241 990 2298 Wumscuo
1027 2244 1523 2385 M.\LMESt}7tilt;ENSl,
1583 2246 1620 2301 l.
1665 2263 1736 2315 tv,
1775 2263 1893 2317 cap.
1922 2247 1980 2315 2,

1166 2331 1219 2382 p.
1332 2354 1346 2368 .

1166 2331 1219 2382 p.
1269 2331 1346 2368 is.

549 2395 734 2462 Multa,
773 2398 969 2454 fratres
1008 2403 1330 2468 charissimi,
1384 2406 1572 2460 diebus
1600 2407 1686 2460 his
1729 2407 1880 2462 vobis
1910 2409 2052 2464 dicta

480 2488 745 2556 recolitis,
777 2494 1021 2560 quaedam
1056 2495 1108 2548 in
1141 2497 1368 2551 concilio
1400 2508 1581 2552 nostro
1608 2499 1780 2568 jussa,
1809 2502 2070 2569 quaedam

478 2580 731 2635 inhibita.
781 2582 1117 2639 inconditum
1162 2596 1215 2640 et
1262 2588 1541 2642 confusum
1588 2591 1850 2646 scelerum
1889 2595 2054 2650 chaos

475 2673 728 2741 exigebat
775 2674 1064 2729 multorum
1117 2677 1322 2732 dierum
1362 2681 1740 2747 interstitium;
1797 2676 2052 2739 veternus

475 2765 697 2818 morbus
740 2766 951 2820 volebat
997 2769 1315 2825 cauterium.
1377 2771 1509 2825 Dum
1555 2773 1696 2827 enim
1754 2774 2049 2846 indulgenti

477 2851 607 2905 fune
635 2853 932 2909 clementia:
958 2856 1278 2912 dimittimus
1307 2859 1522 2926 lineam,
1553 2863 1720 2917 multa
1743 2866 1900 2920 modo
1925 2881 2052 2938 apo-

476 2943 704 2997 stolatus
747 2947 915 2998 nostri
956 2945 1178 3000 oﬂendit
1218 2948 1450 3004 ollicium
1483 2968 1601 3021 qua:
1644 2957 2048 3023 praéscinderet,

482 3027 624 3081 nulla
656 3030 852 3098 quibus
878 3041 1145 3099 parceret.
1178 3033 1285 3087 Sed
1316 3035 1476 3090 fuerit
1515 3039 1774 3092 hactenus
1805 3041 2050 3095 hnnmna:

477 3116 784 3185 fragilitatis
813 3122 952 3190 quod
982 3123 1266 3190 peceasﬁs,
1315 3126 1456 3193 quod
1495 3125 1866 3183 illecebrarum
1899 3130 2049 3185 invo-

476 3207 644 3261 lucris
673 3210 852 3276 sopiti,
899 3211 1176 3267 cualestem
1214 3217 1574 3284 exasperasﬁs
1605 3218 2049 3285 misericordiam,

479 3311 792 3366 suspensam
823 3301 1258 3370 parvipendendo
1295 3303 1651 3359 iracundiam.
1683 3306 1866 3361 Fuerit
1898 3324 2053 3362 mun-

476 3389 630 3443 dana:
694 3392 1020 3447 temulenti-.1:
1080 3396 1264 3463 quod,
1321 3395 1558 3465 legitima
1627 3413 1747 3452 non.
1799 3409 2052 3471 curantes

473 3480 839 3550 matrimonia,
878 3483 1037 3538 alieni
1078 3485 1273 3539 cubilis
1315 3502 1420 3540 non
1462 3488 1730 3554 pensastis
1776 3488 2046 3556 injuriam.

473 3569 655 3624 Fuerit
695 3574 964 3629 aviditatis
1014 3578 1193 3631 nimiae
1241 3579 1381 3647 quod
1432 3579 1630 3633 fratres
1681 3589 1913 3644 vestros,
1962 3581 2051 3634 illo

476 3673 670 3728 magno
702 3669 756 3714 et
781 3665 968 3718 eodem
1017 3668 1192 3734 pretio
1234 3678 1465 3736 emptos,
1496 3678 1551 3721 ιιι
1579 3670 1806 3739 quisque
1837 3681 2050 3740 poterat

478 3749 872 3821 illaqueantes,
939 3759 1322 3813 contumeliose
1389 3761 1633 3829 pecuniis
1705 3764 2045 3817 cinuuxistis.

479 3836 630 3890 Nunc
665 3841 813 3894 vobis
850 3843 992 3897 inter
1033 3844 1135 3898 ista
1168 3857 1513 3913 peccatorum
1545 3849 1821 3921 naufragia
1851 3853 2052 3908 consti—

479 3925 609 3978 tutis
631 3937 815 3995 portus
842 3932 1063 3998 placida:
1085 3937 1282 4002 quietis
1308 3940 1566 4006 aperitur,
1591 3942 1690 3994 nisi
1724 3943 2006 4013 negligatis
2033 3963 2046 4000 :

476 4019 626 4087 parvi
660 4017 856 4073 laboris
884 4022 934 4075 in
965 4024 1170 4079 ’l‘ureos
1195 4029 1513 4095 compendio
1545 4032 1873 4087 retribuetur
1903 4034 2050 4091 vobis

477 4117 748 4178 perpetuae
768 4113 930 4166 statio
950 4115 1156 4170 salutis.
1181 4117 1507 4186 Comparate‘
1524 4137 1663 4176 nunc
1685 4122 1896 4178 labores
1917 4141 2050 4194 quos

474 4198 526 4250 in
555 4200 817 4254 scelerum
843 4206 1102 4260 exercitio
1138 4207 1402 4263 habuistis
1419 4223 1473 4263 et
1495 4225 1587 4265 eos
1608 4227 1742 4281 quos
1773 4214 1824 4267 in
1858 4216 2050 4271 itinere

472 4289 616 4356 quod
648 4291 902 4359 praecipio
926 4293 1158 4349 habituri
1184 4283 1551 4354 estis-Plures
1578 4300 1661 4355 vel
1688 4302 1936 4358 adulterii
1961 4307 2048 4360 vel

2160 518 2279 561 sunt
2328 507 2577 579 Bithynia
2606 550 2621 574 ,
2671 510 2936 580 Phrygia,
3000 510 3235 576 Galatia,
3294 512 3482 583 Lydia
3511 553 3528 578 ,
3578 514 3736 580 Caria,

2159 597 2491 668 Pamphylia,
2518 598 2740 664 Isauria,
2765 599 2952 670 Lycia,
2975 599 3186 670 Cilicia)
3207 611 3596 670 occuparunt;
3619 620 3737 660 nunc

2161 687 2427 757 lllyricmn
2475 698 2530 742 et
2577 704 2766 744 onmes
2795 690 3079 744 inferiores
3122 699 3301 745 terras
3340 691 3738 748 insolentesia—

2158 778 2418 845 qu’etant,
2450 777 2618 847 usque
2641 780 2706 832 ad
2740 795 2888 834 mare
2917 780 3057 850 quod
3085 779 3366 833 brachium
3392 779 3586 834 Sancti
3605 779 3745 836 Geor-

2157 867 2231 936 gii
2258 877 2500 922 vocatur.
2533 868 2671 934 Quid
2723 871 2865 938 quod
2915 870 3256 924 Dominicum
3309 882 3740 937 monumentum,

2161 959 2378 1012 unicum
2426 957 2547 1013 ﬁdei
2577 960 2794 1030 pignus,
2833 958 3018 1014 ditioni
3049 975 3160 1014 sua:
3190 959 3518 1022 vindicant,
3569 969 3625 1014 et
3645 963 3741 1029 eius

2164 1047 2312 1102 urbis
2363 1049 2640 1103 introitum
2695 1051 2996 1120 peregrinis
3039 1051 3243 1105 nostris
3295 1051 3740 1118 venditanuquz

2158 1138 2286 1192 solis
2313 1137 2640 1195 Christianis
2687 1147 2873 1210 patere
2915 1141 3162 1204 deberet,
3206 1141 3256 1195 si
3310 1140 3552 1209 aliquod
3594 1142 3741 1194 solita:

2159 1228 2373 1282 virtutis
2403 1229 2687 1301 veStigium
2727 1231 2807 1285 eis
2849 1231 3069 1286 inesset.
3123 1230 3238 1284 Hoc
3281 1230 3328 1283 si
3364 1228 3558 1282 solum
3600 1241 3740 1290 esset.

2159 1317 2368 1375 frontes
2401 1329 2618 1375 nostras
2660 1335 2890 1376 onerare
2931 1321 3231 1386 suliiceret;
3288 1321 3417 1391 jam
3467 1334 3602 1373 vero
3639 1321 3742 1388 quis

2158 1411 2299 1484 ferat
2328 1412 2427 1466 nisi
2460 1412 2689 1466 multum
2723 1414 2889 1477 iners,
2934 1413 3036 1467 nisi
3079 1412 3427 1468 Christiana
3471 1410 3742 1480 gloriatio-

2157 1502 2353 1568 vidns,
2399 1503 2542 1572 quod
2594 1518 2700 1556 non
2753 1517 2819 1556 ex
2867 1517 3021 1571 aequo
3070 1502 3364 1556 divisimus
3420 1500 3633 1555 orbem.
3677 1499 3739 1554 Illi

2157 1591 2370 1657 Asiam,
2428 1591 2640 1646 tertiam
2688 1591 2873 1645 mundi
2923 1599 3168 1660 partem,
3221 1599 3288 1642 ut
3349 1587 3740 1642 hat-redituris.

2157 1682 2341 1735 nidum
2374 1672 2697 1747 inhabitant,
2751 1695 2871 1748 qua:
2918 1695 2949 1733 a
3000 1677 3301 1746 majoribus
3352 1676 3572 1730 nostris
3612 1689 3740 1744 aqua

2081 1746 2130 1805 Β
2159 1771 2364 1825 duabus
2412 1770 2641 1824 residuis
2694 1746 2938 1837 partibus
2979 1776 3037 1822 et
3082 1775 3364 1822 tractuum
3399 1763 3738 1834 longitudine,

2157 1869 2211 1914 et
2250 1859 2649 1929 provinciarum
2698 1857 3068 1928 magnitudine
3122 1871 3229 1910 non
3293 1855 3587 1908 Immerito
3622 1853 3742 1907 esti-

2156 1957 2302 2004 mata
2331 1958 2434 2003 est.
2471 1940 2547 2003 lbi
2589 1948 2716 2002 olim
2759 1946 3062 2002 devotionis
3092 1955 3303 2000 nostra:
3336 1945 3487 1998 rami
3533 1943 3740 2013 pullula-

2156 2048 2301 2103 runt,
2335 2039 2407 2092 ibi
2445 2038 2672 2107 apostoli
2705 2051 2915 2100 omnes,
2949 2043 3149 2105 prmter
3181 2035 3352 2097 duos,
3393 2045 3607 2087 mortes
3633 2046 3741 2085 sua:

2155 2138 2578 2194 consecrarunt;
2639 2129 2712 2183 ibi
2757 2127 2916 2182 modo
2960 2124 3333 2189 Christicolae,
3365 2123 3419 2177 si
3451 2122 3547 2192 qui
3575 2135 3742 2188 super-

2154 2229 2302 2284 sunt,
2353 2218 2681 2289 paupercnlo
2719 2217 3018 2286 agricolatu
3067 2215 3459 2285 transigentes
3505 2213 3737 2269 inediam.

2155 2310 2402 2365 nefandis
2430 2310 2536 2364 illis
2568 2309 2799 2378 vectigal
2829 2309 3124 2378 pensitant,
3156 2306 3245 2360 vel
3282 2304 3484 2360 tacitis
3512 2301 3738 2372 suspiria

2154 2409 2349 2452 vestrae
2396 2398 2664 2452 libertatis
2713 2384 3590 2454 desiderantes;conScientiam,
3630 2389 3739 2459 quia

2154 2488 2444 2558 perdidere
2473 2503 2648 2542 suam.
2679 2485 2755 2540 Illi
2780 2485 3042 2547 AfriCam,
3069 2481 3306 2536 alteram
3337 2480 3505 2537 orbis
3527 2489 3736 2548 partem,

2154 2576 2399 2631 ducentis
2444 2575 2556 2644 jam
2601 2576 2758 2630 anuis
2797 2583 2852 2628 et
2882 2589 2948 2628 co
2977 2573 3207 2641 amplius
3234 2571 3424 2626 armis
3455 2583 3740 2640 possessa:

2155 2677 2381 2732 tenent,
2443 2669 2583 2737 quod
2644 2668 2762 2722 ideo
2814 2665 3111 2721 Christiani
3161 2663 3405 2717 honoris
3458 2659 3739 2732 pericula

2152 2760 2461 2826 pronuntio,
2501 2757 2624 2826 quia
2681 2756 2843 2812 fuerit
2866 2765 3011 2811 terra
3052 2754 3139 2809 illa
3180 2753 3319 2808 olim
3361 2752 3738 2824 praeclarorum

2154 2848 2492 2917 ingeniorum
2518 2848 2701 2915 altrix,
2729 2862 2848 2917 qua:
2873 2847 3073 2901 divinis
3092 2845 3320 2913 scriptis
3347 2858 3580 2898 omnem
3605 2850 3740 2896 retu-

2153 2949 2310 3003 statis
2351 2949 2513 3002 situm
2549 2963 2579 3001 a
2610 2962 2668 3002 se
2696 2945 2976 3016 repellent,
3001 2943 3239 3015 quandiu
3273 2943 3458 2998 fuerit
3478 2944 3582 3013 qui
3610 2941 3740 2996 Lati-

2154 3054 2254 3093 nas
2308 3038 2518 3092 litteras
2568 3038 2729 3106 legat.
2784 3035 2993 3090 Noruut
3040 3033 3269 3089 litterati
3334 3033 3498 3102 quod
3548 3033 3737 3102 loquor.

2155 3129 2394 3183 Tertium
2425 3129 2609 3182 mundi
2659 3127 2814 3181 clima
2841 3127 3052 3196 Europa
3097 3132 3287 3187 restat,
3319 3124 3497 3193 cujus
3521 3131 3736 3192 quantu-

2152 3215 2257 3270 lam
2303 3227 2510 3286 partem
2572 3215 2940 3269 inhabitamus
2971 3211 3290 3276 Christiani,
3347 3227 3490 3266 nam
3543 3225 3738 3267 omnem

2131 3306 2298 3360 'illam
2333 3306 2635 3360 barbariem
2679 3320 2798 3374 quae
2829 3305 2903 3358 'in
2957 3302 3181 3358 remotis
3223 3301 3432 3356 insulis
3475 3300 3740 3372 glacialem

2153 3393 2459 3462 frequentat
2505 3392 2977 3462 0ceanum,-quia
3022 3407 3177 3446 more
3222 3390 3485 3445 belluina
3520 3391 3737 3455 victim,

2151 3483 2514 3538 Christianam
2544 3484 2665 3553 quis
2697 3484 2929 3539 dixerit?
2968 3483 3118 3538 Hanc
3151 3484 3324 3554 igitur
3357 3484 3544 3539 nostri
3572 3481 3736 3537 mundi

2151 3575 2545 3644 portiunculam
2596 3574 2756 3630 Turci
2812 3589 2868 3631 et
2928 3575 3210 3631 Sarraceni
3260 3575 3412 3630 bello
3474 3581 3735 3645 premnt,

2147 3665 2368 3735 jamque
2399 3682 2428 3720 a
2460 3667 2716 3721 trecentis
2757 3667 2911 3721 annis
2939 3665 3193 3737 Hispania
3226 3675 3281 3720 et
3314 3667 3642 3720 Balearibus
3665 3666 3738 3718 iu-

2153 3757 2284 3810 sulis
2331 3757 2657 3828 subiugatis,
2691 3757 2834 3823 quod
2874 3757 3139 3827 reliquum
3179 3766 3264 3812 est
3305 3773 3407 3827 spe
3463 3758 3737 3820 devorant,

2153 3849 2399 3904 homines
2427 3849 2763 3913 inertissimi,
2795 3857 2850 3903 et
2897 3849 2989 3917 qui
3019 3850 3264 3904 cominus
3289 3851 3580 3920 pugnandi
3620 3850 3738 3903 tida.

2152 3942 2292 3995 ciam
2323 3956 2428 3994 non
2458 3940 2739 4004 habentes,
2765 3940 2922 4012 fugax
2949 3939 3144 3995 bellum
3166 3940 3429 4010 diligunt.
3462 3939 3735 4011 Nunquam

2151 4031 2296 4085 enim
2328 4032 2535 4084 'l‘urcus
2565 4031 2698 4099 pede
2722 4038 2970 4084 conserto
2997 4039 3227 4084 martem
3257 4029 3429 4101 audet
3456 4048 3473 4094 ;
3503 4032 3601 4085 sed
3635 4027 3734 4097 pli-

2152 4135 2244 4175 sus
2288 4119 2404 4174 loco
2449 4119 2604 4191 longe
2653 4119 2824 4173 tendit
2881 4135 3073 4175 nervos
3101 4129 3156 4174 et
3201 4121 3479 4190 permittit
3529 4121 3733 4175 vulnera

2151 4213 2357 4277 ventis;
2405 4220 2458 4267 et
2497 4213 2623 4281 quia
2656 4212 2816 4266 habet
2843 4211 2945 4265 tela
2976 4211 3255 4265 mortifero
3285 4226 3458 4266 succo
3488 4212 3660 4277 ebria,
3688 4213 3732 4265 in

2153 4304 2423 4357 hominem
2447 4319 2604 4372 quem
2634 4303 2864 4371 percutit
2885 4317 2989 4356 non
3012 4303 3183 4356 virtus
3207 4303 3301 4356 sed
3330 4304 3492 4357 virus
3519 4313 3731 4358 mortem

471 4378 748 4433 homicidii
781 4383 1056 4439 meditatio
1084 4387 1172 4440 dat
1214 4388 1432 4444 timores
1455 4390 1607 4460 (nihil
1641 4393 1783 4446 enim
1811 4394 2049 4452 timidius
2075 4407 2126 4466 Ι)
2153 4395 2299 4449 facit.
2347 4394 2614 4463 Quidquid
2645 4395 2808 4464 igitur
2834 4395 2964 4464 agit,
2997 4393 3243 4455 fortuna),
3288 4409 3400 4447 non
3443 4392 3731 4448 fortitudini

471 4471 731 4537 nequitia,
764 4481 819 4525 ut
849 4474 926 4528 ait
961 4474 1212 4532 Salomon
1245 4477 1400 4550 [δίῳ.
1445 4481 1624 4554 xvn]),
1669 4483 1866 4540 multos
1895 4487 2046 4542 labo-

471 4574 586 4624 res;
626 4561 752 4630 quid
806 4564 948 4617 enim
1000 4565 1321 4624 laboriosius
1369 4569 1670 4638 injustitia?
1728 4574 1832 4640 Qui
1872 4587 2044 4631 autent

471 4650 704 4703 amlmlal
753 4653 1080 4722 simpliciter,
1128 4658 1358 4712 ambulat
1409 4662 1726 4729 conﬁdenter
1762 4662 1945 4732 (Prov.
1989 4681 2042 4730 Χ,

470 4741 544 4806 9).
593 4741 788 4795 l-lorum
822 4743 1088 4811 laborum,
1136 4747 1327 4801 horum
1382 4750 1636 4805 timorum
1698 4753 1878 4808 exitus
1927 4765 2046 4810 erat

467 4842 768 4896 peccatum.
799 4833 1124 4905 Stipendium
1150 4849 1326 4892 autem
1353 4843 1548 4910 peccati
1595 4859 1733 4897 mors
1757 4843 1929 4913 (Rom.
1969 4863 2042 4913 γι,

468 4921 584 4989 25),
635 4941 774 4980 mors
831 4943 959 4984 vero
999 4943 1328 4997 peccatorum
1378 4935 1601 5002 pessima
1631 4935 1800 5007 (Paul.
1847 4955 2041 5004 xxvttt,

468 5011 582 5079 ἓξ).
635 5014 788 5071 Nunc
830 5035 858 5072 a
911 5020 1063 5075 vobis
1113 5038 1211 5091 par
1257 5023 1410 5079 labor
1459 5027 1620 5096 atque
1671 5036 1845 5084 metus
1873 5029 2044 5098 pretio

470 5102 691 5160 nzeliore
720 5118 990 5175 petuntur.
1031 5111 1232 5168 Horum
1275 5115 1513 5171 laborum
1543 5119 1646 5172 erit
1675 5135 1835 5173 causa
1865 5121 2044 5176 chari-

471 5199 576 5254 ιίιε,
609 5195 651 5246 si
693 5199 769 5251 sic
813 5214 1079 5273 pr:cccpto
1113 5207 1390 5261 Dominico
1419 5209 1679 5262 admoniti
1709 5210 1917 5264 animas
1947 5227 2043 5280 pro

471 5281 728 5339 fratribus
753 5292 959 5354 ponatis
982 5295 1043 5362 (l
1074 5295 1234 5352 Joau.
1268 5315 1348 5365 ιιι,
1382 5299 1497 5368 16);
1531 5301 1814 5356 charilatis
1840 5303 2043 5372 stipen-

473 5374 622 5429 dium
667 5379 773 5431 erit
822 5385 987 5450 gratia
1037 5385 1158 5452 Dei;
1212 5389 1303 5443 Dei
1357 5391 1580 5458 gratiam
1630 5403 1888 5462 sequetur
1932 5394 2039 5448 vita

471 5473 695 5520 mterna.
743 5467 819 5520 lte
861 5484 987 5538 ergo
1025 5473 1266 5541 feliciter,
1307 5481 1380 5532 ite
1412 5480 1748 5537 confidenter
1775 5483 1840 5537 ad
1871 5483 2045 5537 inimi-

473 5573 566 5613 cos
597 5559 689 5615 Dei
718 5566 1138 5630 persequendos.
1170 5569 1246 5623 llli
1296 5573 1437 5626 enim
1480 5574 1592 5643 jam
1629 5574 1836 5643 pridem
1885 5576 2040 5644 (proh

471 5655 1169 5722 quantusChristianorum
1197 5662 1419 5735 pudor!)
1445 5666 1678 5736 Syriam,
1707 5667 2038 5734 Armeniam,

2151 4485 2526 4549 attribuerim,
2579 4497 2631 4538 et
2685 4487 2826 4554 quod
2887 4497 3086 4555 pugnat
3140 4486 3296 4556 fuga,
3348 4500 3570 4541 veneno
3624 4484 3729 4558 [σι.

2149 4576 2291 4643 quod
2340 4585 2570 4645 pugnat,
2635 4576 2760 4646 fuga
2809 4586 2863 4631 et
2913 4576 3164 4648 veneno].
3207 4576 3444 4632 Constat
3500 4577 3729 4648 profecto

2147 4666 2288 4734 quod
2354 4669 2554 4719 omnis.
2609 4669 2755 4720 natio
2826 4683 2944 4736 qua:
3014 4668 3068 4722 in
3121 4683 3183 4722 ea
3239 4667 3397 4738 plaga
3467 4669 3728 4732 nascitur,

2147 4759 2469 4813 nimio-solis
2512 4759 2704 4813 ardore
2731 4759 2977 4823 siccata,
3022 4757 3249 4828 amplius
3295 4758 3528 4830 quidem
3563 4762 3719 4830 sapit,

2146 4849 2238 4905 sed
2269 4849 2444 4903 minus
2470 4849 2629 4902 habet
2657 4850 2959 4918 sanguinis;
2986 4850 3213 4922 ideoque
3236 4850 3478 4904 vicinam
3503 4865 3721 4922 pugnam

2146 4940 2382 5010 fugiunt,
2417 4941 2543 5008 quia
2589 4955 2777 5008 parum
2834 4940 3113 5010 sanguinis
3151 4954 3213 4994 se
3260 4939 3470 4994 habere
3520 4949 3720 4994 norunt.

2145 5031 2343 5085 Contra
2365 5031 2594 5100 populus
2621 5031 2712 5099 qui
2734 5031 2908 5085 oritur
2933 5031 2985 5084 in
3009 5039 3187 5086 arctos
3209 5030 3446 5101 pruinis,
3473 5040 3533 5085 et
3560 5045 3717 5086 remo-

2149 5134 2232 5177 tus
2262 5131 2345 5178 est
2369 5138 2398 5176 a
2429 5121 2557 5176 solis
2581 5122 2862 5177 ardoribus
2885 5162 2900 5187 ,
2945 5121 3298 5177 inconsutti‘or
3332 5121 3598 5192 quidem,
3640 5119 3724 5176 sed

2145 5215 2294 5285 largo
2319 5223 2374 5268 et
2401 5212 2692 5267 luxurianti
2723 5213 2984 5281 superbus
3016 5213 3300 5282 sanguine,
3327 5215 3720 5283 promptissime

2145 5312 2364 5374 pugnat.
2405 5301 2524 5356 Vos
2557 5302 2691 5356 estis
2731 5317 2860 5372 gens
2898 5301 2953 5355 in
3014 5300 3492 5372 temperatioribus
3553 5299 3720 5356 tuendi

2145 5393 2435 5465 provinciis
2471 5393 2697 5448 oriunda
2717 5433 2733 5458 ,
2771 5394 2860 5462 qui
2902 5392 3021 5448 sitis
3045 5402 3101 5448 et
3122 5392 3330 5462 prodigi
3360 5391 3637 5463 sanguinis
3658 5390 3712 5442 ad

2145 5488 2334 5540 mortis
2371 5485 2758 5555 vulnerumque
2803 5495 3205 5556 contemptum,
3243 5494 3301 5540 et
3345 5499 3456 5539 non
3499 5482 3712 5540 careatis

2144 5577 2459 5647 prudentia;
2491 5587 2729 5645 namque
2747 5576 3064 5631 modestiam
3104 5574 3339 5630 servatis
3366 5575 3420 5629 in
3452 5575 3640 5629 castris
3662 5580 3708 5625 et

2146 5669 2198 5723 in
2250 5665 2592 5723 dimicatione
2634 5664 2846 5722 utimini
2884 5664 3144 5722 consiliis.
3182 5663 3385 5734 itaque
3424 5663 3708 5719 scientiaet
