3900 6322
122 311 209 367 5Ἰὸ
1448 301 1830 359 SERMONES.

3244 312 3351 368 57L

118 424 412 483 fortitudine
478 420 685 493 przediti
743 420 1091 491 aggredimini
1145 414 1498 473 memorabile
1544 418 1668 481 iter,
1700 421 1745 479 Α
1775 416 2094 485 cognatione
2130 419 2291 473 multa
2325 421 2501 475 futura
2532 420 2843 490 praevideat.
2892 422 3004 478 Cur
3037 437 3166 494 ergo
3204 430 3352 480 mor;

122 518 235 572 tutis
263 515 470 570 saeculis
516 514 833 582 praedicandi
867 513 911 567 si
954 512 1149 566 fratres
1188 521 1397 565 vestros
1436 508 1673 579 periculo

116 606 373 668 esueritis,
400 605 828 672 pricseutibnsex
853 605 941 658 Dei
960 604 1177 657 nomine
1197 602 1468 673 praecipio,
1484 603 1679 656 absent-4

122 700 249 751 tibus
270 696 481 749 mando.
514 696 640 749 ituri
672 705 724 749 et
758 696 1218 751 Christianitatem
1262 696 1671 764 propugnaturi,

118 787 367 853 specimen
418 786 594 839 crucis
639 786 876 839 vestibus
934 786 1254 856 insigniant,
1310 795 1367 840 ut
1408 786 1676 842 intestina:

120 878 226 931 ﬁdei
268 877 409 931 foras
445 892 681 931 amorem
736 879 1110 945 prtetendant,
1139 878 1398 935 habentes
1443 895 1539 949 per
1581 881 1675 935 Dei

119 983 413 1023 concessum
443 975 497 1019 ct
527 967 665 1019 beati
695 966 840 1020 Petri
872 967 1210 1037 privilegium
1250 969 1489 1022 omnium
1521 969 1674 1024 abso—

119 1058 351 1111 lutionem
381 1057 700 1121 criminum;
732 1066 787 1110 et
818 1058 921 1112 hac
955 1057 1172 1112 interim
1217 1058 1399 1111 Iaztitia
1434 1058 1676 1114 laborem

120 1150 311 1203 itineris
348 1147 635 1212 allevient,
663 1147 899 1203 habituri
941 1158 1062 1218 post
1089 1149 1293 1204 obitum
1334 1148 1506 1204 felicis
1530 1166 1676 1204 mar-

118 1242 227 1313 tyrii
252 1241 654 1295 commercium.

180 1332 434 1385 Ponentes
457 1347 589 1402 ergo
627 1332 793 1387 ferias
821 1332 1147 1397 sceleribus,
1176 1340 1235 1386 ut
1266 1322 1457 1387 saltem
1497 1332 1549 1386 in
1596 1333 1681 1387 his

120 1418 405 1488 regionibus
435 1419 595 1474 liceat
623 1420 945 1475 Christianis
970 1422 1193 1490 paciﬁce
1217 1422 1452 1489 vincere,
1478 1424 1678 1488 vadite,

123 1498 245 1561 illam
276 1507 674 1573 fortitudinem,
711 1511 1052 1577 prudentiam
1086 1511 1229 1564 illam
1260 1527 1421 1580 quam
1452 1513 1503 1566 in
1537 1512 1680 1567 civili

121 1596 347 1651 conﬂictu
369 1597 571 1652 habere
596 1599 918 1663 consuestis,
935 1598 1149 1667 justiori
1177 1599 1512 1657 eﬁ'undentes
1542 1618 1681 1671 pra:-

123 1688 199 1742 lio.
229 1687 299 1741 lte
322 1688 689 1757 praedicabiles
708 1704 807 1757 per
823 1694 1009 1744 orbem
1035 1690 1246 1753 milites,
1277 1691 1350 1746 ite
1370 1700 1425 1746 et
1445 1702 1682 1761 proster-

122 1776 217 1829 nite
258 1776 469 1844 ignavas
502 1787 714 1846 gentes.
757 1778 859 1832 Eat
899 1778 1105 1835 famosa
1142 1779 1474 1836 Francorum
1510 1783 1679 1839 virtus

122 1879 227 1918 cum
254 1866 582 1934 appendiciis
622 1867 723 1921 sibi
763 1870 1011 1937 gentibus
1057 1869 1171 1924 solo
1200 1871 1279 1925 sni
1314 1872 1545 1926 nominis
1574 1881 1681 1927 ter-

124 1970 229 2009 rore
259 1964 417 2008 totum
451 1958 638 2010 orbem
670 1968 898 2013 motura.
929 1960 1033 2015 Sed
1065 1961 1192 2030 quid
1222 1961 1423 2016 diutius
1454 1978 1550 2027 vos
1582 1964 1682 2017 im-

126 2061 304 2110 morer,
336 2054 391 2100 ut
422 2046 795 2104 fortitudinem
823 2051 1099 2119 gentilium
1145 2051 1344 2115 verbis,
1366 2060 1678 2107 extenuem.

124 2134 215 2189 luo
240 2139 513 2205 proponite
553 2139 752 2193 animis
783 2143 977 2195 vestris
1026 2142 1271 2197 deiﬁcam
1320 2143 1678 2209 sententiam,

126 2224 333 2291 Angusta
367 2234 438 2277 est
469 2225 557 2277 nia
585 2242 700 2294 qua:
725 2225 867 2279 ducit
902 2228 971 2279 ad
1008 2227 1163 2280 vitam
1190 2226 1404 2297 (Matth.
1436 2244 1539 2293 vn,
1570 2228 1679 2297 H).

124 2314 235 2367 Eszo
259 2330 381 2385 ergo
410 2325 466 2367 ut
510 2316 583 2369 sit
628 2316 817 2370 semita
867 2316 1239 2372 itinerantium
1288 2326 1472 2381 arcta,
1524 2318 1680 2387 plena

125 2404 396 2467 mortibus,
442 2415 699 2473 suspecta
748 2406 1029 2474 periculis;
1078 2408 1173 2462 sed
1223 2408 1338 2462 [nec
1365 2409 1552 2463 eadem
1590 2423 1684 2463 vos

125 2494 349 2548 amissam
378 2495 626 2551 ducetad
657 2497 905 2566 patriam,
948 2513 1043 2568 per
1091 2498 1287 2553 multas
1328 2499 1472 2553 enim
1515 2499 1683 2553 tribu-

126 2583 327 2639 lationes
354 2595 574 2653 oportet
603 2603 698 2643 vos
727 2590 931 2653 ingredi
961 2591 1013 2642 in
1043 2605 1264 2660 regnum
1290 2591 1403 2657 Dei.
1434 2590 1685 2660 Spectate

128 2688 235 2742 ergo
254 2676 447 2740 animo,
475 2677 521 2731 si
554 2679 733 2745 prensi
766 2678 976 2733 fueritis
1006 2694 1224 2744 cruces,
1267 2689 1508 2748 spectate
1538 2688 1684 2734 eate-

126 2783 230 2828 nas,
269 2783 600 2838 qnaacunque
647 2771 877 2839 denique
924 2780 1149 2841 possunt
1191 2782 1455 2827 tormenta
1486 2772 1680 2842 inﬁigi;

130 2858 384 2923 operimini
428 2874 529 2928 pro
567 2860 687 2914 ﬁdei
722 2870 914 2916 vestra:
941 2864 1132 2917 robore
1178 2864 1445 2918 horrenda
1477 2865 1682 2934 suppli-

129 2946 228 3009 cia,
269 2956 323 3001 ut
358 2948 403 3002 si
447 2965 677 3004 necesse
719 2948 907 3016 fuerit,
944 2952 1139 3006 damno
1191 2968 1476 3021 corporum
1510 2954 1684 3022 agatis

130 3037 399 3093 animarum
423 3042 755 3107 remedium;
786 3049 1010 3095 mortem
1037 3058 1102 3095 ne
1130 3042 1353 3107 timetis,
1378 3042 1478 3096 viri
1497 3042 1679 3097 fortis-

128 3127 232 3179 simi
268 3127 582 3184 fortitudine
622 3138 677 3183 et
727 3129 947 3184 audacia
976 3131 1326 3198 praestantes?
1360 3131 1492 3185 nihil
1537 3142 1683 3188 certe

132 3224 305 3290 poterit
342 3225 681 3280 comminisci
731 3225 783 3277 in
849 3241 945 3279 vos
996 3225 1231 3278 humana
1292 3226 1527 3295 nequitia
1580 3242 1685 3294 quo

130 3327 331 3381 superna
360 3323 625 3383 pensetur
672 3313 862 3382 gloria.
913 3312 1035 3365 Non
1075 3313 1212 3365 enim
1250 3323 1370 3366 sunt
1415 3314 1687 3384 condigna:

130 3408 363 3471 passiones
415 3408 578 3477 hujus
626 3408 870 3475 temporis
910 3407 977 3458 ad
1014 3406 1249 3473 Intrarunt
1297 3407 1521 3477 gloriam
1568 3425 1685 3477 quin

133 3496 410 3550 revelabitur
436 3498 489 3552 in
522 3497 667 3551 nobis
700 3496 871 3566 (Rom.
894 3513 1012 3560 viti,
1040 3498 1150 3564 18).
1187 3497 1269 3550 An
1294 3498 1514 3551 nescitis
1544 3501 1685 3568 quod

132 3586 290 3642 vivere
315 3588 621 3643 hominibus
648 3596 728 3641 est
758 3587 1059 3652 calamitas,
1092 3587 1227 3641 mori
1260 3586 1522 3643 felicitas?
1562 3588 1685 3645 Haec

132 3679 263 3733 vobis
295 3680 560 3746 doctrina,
593 3682 637 3736 si
679 3680 1058 3745 recordamini,
1102 3695 1225 3734 cum
1264 3679 1405 3734 lacte
1451 3688 1683 3734 matrum

133 3766 275 3823 ali‘usa
310 3782 392 3826 est
446 3774 789 3828 sacerdotum
832 3772 1030 3837 verbo,
1068 3770 1207 3824 hanc
1253 3769 1486 3839 majores
1522 3771 1686 3825 vestri

136 3872 374 3930 martyres
397 3863 801 3932 prmteuderunt
826 3860 1091 3930 exemplo.
1140 3859 1282 3914 Mors
1312 3860 1455 3915 enim
1499 3877 1529 3915 a
1575 3876 1685 3916 cte-

135 3952 327 4006 nulento
367 3967 591 4007 carcere
637 3953 829 4007 liberat
862 3952 1070 4005 animas
1102 3949 1166 4004 ad
1200 3954 1475 4023 proprium
1510 3952 1685 4007 locum

134 4045 438 4108 promeritis
473 4044 814 4110 evolaturas;
870 4060 1015 4117 mors
1064 4046 1335 4101 accelerat
1386 4046 1543 4101 bonis
1590 4060 1688 4113 pa—

136 4132 298 4199 triam,
338 4151 482 4191 mors
527 4136 800 4205 praescidit
844 4137 953 4191 reis
998 4136 1289 4204 malitiam;
1322 4152 1418 4208 per
1457 4148 1685 4192 mortem

134 4236 242 4291 ergo
266 4224 439 4279 libera:
467 4212 664 4279 aninne
694 4226 775 4279 vel
804 4226 1142 4281 obiectantur
1177 4228 1407 4295 gaudiis,
1435 4242 1529 4296 spe
1570 4242 1686 4281 meo

134 4310 247 4366 liora
269 4325 674 4384 priesumentes,
701 4317 784 4370 vel
815 4316 1064 4372 fruuntur
1093 4319 1398 4389 suppliciis,
1439 4320 1567 4373 nihil
1597 4335 1687 4388 pe-

134 4399 487 4466 instimeutes.
542 4405 675 4459 Dum
712 4415 894 4459 autem
943 4408 1169 4462 vinculis
1216 4424 1501 4478 corporum
1552 4408 1686 4461 irre-
1720 4440 1763 4493 Ι)

139 4490 317 4545 tiuntur
347 4496 567 4548 trahunt
591 4496 658 4548 ab
686 4494 817 4563 ipsis
842 4495 1135 4550 terrulenta
1168 4497 1436 4566 contagia,
1469 4505 1521 4550 et
1545 4498 1685 4565 quod

136 4582 371 4636 veraciter
391 4584 514 4652 quis
543 4583 705 4648 dicat,
737 4592 964 4639 mortua:
996 4596 1140 4639 sunt.
1170 4586 1280 4640 Nec
1304 4586 1449 4639 enim
1483 4585 1682 4639 luteum

137 4668 338 4734 caelesti,
362 4686 459 4726 nec
484 4672 725 4725 divinum
758 4674 971 4729 mortali
1019 4675 1241 4744 pulchre
1275 4677 1531 4731 cohaeret.
1561 4676 1687 4729 Plu-

140 4760 309 4814 rituum
355 4762 571 4831 quidem
620 4772 799 4832 potest
848 4765 1028 4819 anima
1082 4768 1243 4821 etiam
1298 4783 1438 4822 nunc
1471 4767 1685 4837 corpori

133 4846 320 4917 juncta;
356 4852 768 4908 instrumentum
818 4856 962 4910 enim
1005 4872 1159 4911 suum
1198 4858 1463 4924 viviﬁcat,
1516 4861 1686 4921 laten-

141 4947 209 4994 ter
236 4942 285 4996 id
327 4960 573 5012 movens,
615 4954 671 5000 et
722 4946 860 5001 ultra
894 4948 1175 5004 mortalem
1222 4965 1473 5006 naturam
1519 4952 1684 5022 gestis

140 5031 424 5095 produccns.
479 5036 860 5093 Verumtamen
928 5053 1051 5092 cum
1110 5041 1322 5095 sarcina
1351 5057 1455 5111 qua
1489 5043 1542 5097 in
1576 5052 1685 5097 ter-

142 5134 239 5176 rain
275 5127 499 5181 trahitur
545 5128 786 5183 absoluta
809 5173 825 5198 ,
853 5135 1128 5203 preprium
1174 5133 1351 5190 locum
1390 5138 1682 5206 receperit,

141 5212 325 5272 beatam
354 5228 405 5272 et
439 5219 677 5288 undique
712 5220 933 5277 liberam
962 5226 1250 5295 participat
1284 5225 1683 5294 fortitudinem,

140 5313 585 5383 quomodocunque
612 5316 806 5372 divinre
839 5328 1045 5373 natura:
1072 5318 1421 5373 invisibilitati
1448 5333 1686 5373 commu-

142 5394 323 5453 nicans.
345 5401 567 5459 Gemino
597 5421 727 5476 ergo
770 5406 950 5463 functa
1000 5408 1205 5473 ofﬁcio,
1261 5410 1470 5477 corpori
1516 5409 1682 5461 vitam

144 5485 382 5547 ministrat
409 5510 529 5550 cum
554 5498 737 5564 adest,
775 5515 993 5555 causam
1028 5515 1156 5554 vero
1186 5501 1528 5565 mutationis,
1561 5516 1683 5555 cum

146 5580 343 5635 recedit.
370 5584 571 5642 Videtis
595 5604 755 5658 quam
781 5589 1023 5659 jucunde
1067 5593 1245 5647 anima
1298 5593 1350 5645 in
1382 5592 1685 5657 dormiente

145 5678 341 5740 corpore
390 5676 587 5746 vigilet,
636 5687 692 5736 et
740 5697 769 5734 ιι
824 5681 1074 5739 sensibus
1108 5681 1321 5739 scducm
1371 5697 1469 5755 pro
1503 5683 1685 5741 divina

1777 518 1883 562 tem
1914 510 2141 573 timetis,
2172 511 2265 579 qui
2300 513 2472 566 somni
2502 516 2774 585 requiem,
2800 529 2918 584 qute
2960 515 3133 569 instar
3162 517 3356 570 mortis

1775 608 1880 665 est,
1914 600 2168 668 diligitis?
2194 600 2303 655 Res
2328 611 2411 655 est
2430 604 2683 659 nimirum
2715 605 2999 660 dementia:
3030 621 3128 674 pro
3148 607 3355 674 cupidi-

1778 702 1887 747 tate
1917 693 2096 749 brevis
2124 695 2249 749 vitae
2284 694 2528 751 invidere
2564 698 2666 752 sibi
2703 708 3043 768 perpetuam.
3089 700 3228 766 Quin
3261 714 3357 767 po-

1778 784 1902 845 tius.
1932 785 2130 840 fratres
2154 786 2458 841 charissimi
2478 828 2494 852 ,
2521 787 2566 841 si
2599 788 2670 841 ita
2700 789 3012 858 contigerit,
3047 789 3230 857 ponite
3258 804 3356 858 pro

1778 874 2038 930 fratribus
2070 876 2279 931 animas
2306 886 2536 942 vestras,
2578 889 2806 931 vacuatc
2838 879 2906 931 ah
2937 878 3114 948 impiis
3146 877 3235 932 Dei
3268 894 3355 932 sa-

1779 965 2033 1031 crarium,
2059 966 2333 1021 extrudite
2360 965 2625 1030 latrones,
2655 966 2893 1021 inducite
2913 967 3063 1035 pios,
3091 967 3233 1020 nulla
3263 982 3358 1021 vos

1780 1055 2192 1109 necessitudinis
2218 1055 2392 1123 pietas
2419 1056 2727 1119 contineat,
2758 1056 2882 1123 quia
2914 1056 3083 1124 prima
3126 1056 3359 1111 hominis

1779 1144 1953 1213 pietas
1975 1145 2025 1197 in
2058 1144 2245 1198 Deum.
2278 1144 2493 1198 Nullum
2541 1144 2737 1198 natalis
2772 1144 2870 1198 soli
2903 1144 3142 1200 charitas
3170 1148 3357 1211 tricet,

1780 1236 1904 1304 quia
1937 1235 2166 1289 diversis
2198 1235 2535 1305 respectibus
2567 1234 2876 1288 Christiano
2916 1242 3057 1289 totus
3091 1245 3175 1289 est
3208 1252 3363 1291 mun-

1781 1327 1882 1381 dus
1925 1326 2176 1381 exsilium
2208 1333 2261 1378 et
2308 1335 2451 1380 totus
2496 1325 2728 1379 mundus
2757 1323 2927 1393 patria
2952 1323 3073 1395 ,gita
3113 1326 3361 1379 exsilium

1781 1414 1954 1484 patria
2002 1422 2057 1468 et
2106 1414 2280 1483 patria
2326 1414 2597 1467 exsilium.
2643 1412 2857 1468 Nullum
2909 1413 3362 1484 patrimoniorum

1785 1505 2081 1574 amplitudo
2112 1513 2436 1569 remoretur,
2463 1504 2587 1573 quia
2632 1504 2893 1573 ampliora
2924 1514 3050 1559 sunt
3080 1520 3198 1575 quae
3237 1517 3364 1573 pro-

1783 1596 2095 1661 mittuntur;
2129 1610 2227 1650 nec
2251 1610 2313 1649 ea
2342 1611 2460 1664 quae
2499 1595 2642 1649 inani
2674 1609 2769 1664 spe
2806 1595 3024 1661 miseris
3048 1595 3362 1657 adulenlur,

1785 1687 1867 1742 vel
1899 1688 2145 1757 ignavam
2179 1695 2414 1740 mentem
2454 1686 2607 1755 pigro
2638 1701 2819 1739 rerum
2863 1685 3219 1740 medicamine
3248 1682 3363 1753 pal-

1784 1786 1938 1847 pent,
1991 1776 2083 1832 sed
2111 1776 2319 1831 crebris
2352 1776 2614 1845 exemplis
2655 1776 2892 1830 exhibita
2917 1815 2933 1841 ,
2966 1774 3364 1845 frequentiusu

1781 1868 2150 1937 comprobata.
2181 1867 2246 1921 Et
2272 1866 2385 1919 haec
2407 1865 2625 1934 quidem
2645 1874 2771 1920 sunt
2799 1866 2998 1929 dulcia,
3024 1865 3116 1920 sed
3138 1864 3363 1929 caduca,

1783 1971 1840 2018 et
1867 1978 1987 2032 qua:
2011 1977 2133 2016 cum
2167 1960 2497 2028 temporibus
2533 1958 2646 2012 suis
2675 1958 3093 2027 centuplicatum
3130 1958 3365 2026 pretium

1783 2051 2096 2122 importeut.
2146 2049 2270 2103 Haec
2315 2048 2499 2109 edico,
2546 2048 2661 2101 lucc
2706 2048 2939 2115 mando,
2968 2046 3367 2113 terminutnque

1782 2140 2014 2211 proximi
2040 2138 2184 2193 veris
2221 2136 2396 2205 alligo.
2441 2135 2631 2188 Aderit
2678 2134 2821 2189 Deus
2861 2134 3149 2199 euntibus,
3196 2141 3252 2185 ut
3288 2132 3369 2185 eis

1783 2230 1958 2285 bonus
1981 2227 2220 2281 arridcat
2248 2240 2444 2285 annus,
2469 2238 2592 2278 cum
2622 2223 2775 2291 cepia
2815 2223 3051 2292 frugum,
3079 2231 3190 2274 tum
3222 2235 3369 2274 scre-

1784 2322 1954 2375 nitate
1981 2330 2305 2388 temporum.
2334 2316 2576 2369 Morituri
2609 2314 2729 2367 ρωιί
2757 2314 3029 2367 intrabunt
3052 2311 3365 2376 triclinium,

1783 2413 1976 2468 victuri
2009 2411 2265 2466 videbunt
2294 2410 2459 2477 sepnli
2480 2424 2599 2461 rum
2630 2405 2998 2468 Dominicum;
3030 2412 3086 2457 et
3112 2418 3232 2473 quae
3255 2418 3369 2456 ma-

1778 2501 1866 2570 jor
1899 2501 2152 2562 felicitas,
2192 2514 2353 2567 quam
2400 2507 2458 2550 ut
2502 2498 2662 2551 homo
2703 2497 2753 2550 in
2798 2496 2956 2549 terris
2990 2510 3155 2563 agens
3196 2494 3370 2548 videat

1787 2594 1903 2648 loca
1940 2593 2029 2646 illa
2072 2591 2124 2644 in
2176 2589 2372 2658 quibus
2399 2586 2659 2641 cmlorum
2706 2586 2966 2639 Dominus
3008 2592 3367 2639 conversatus

1786 2696 1869 2741 est
1900 2683 2235 2739 humanitus.
2271 2679 2477 2733 Felices
2500 2680 2587 2745 qui
2620 2679 2685 2731 ad
2725 2679 2837 2732 haec
2872 2686 3132 2731 vocantur
3162 2676 3367 2739 munia,

1785 2788 1844 2835 ut
1870 2778 1962 2832 illa
1988 2775 2376 2830 nanciscantnr
2407 2786 2662 2835 munera;
2699 2768 2956 2825 fortunati
2983 2768 3073 2837 qui
3113 2768 3215 2822 ista
3254 2781 3371 2821 me-

1785 2872 2029 2927 ditantur
2059 2867 2268 2938 przelia,
2299 2880 2357 2922 ut
2378 2866 2468 2922 illa
2493 2872 2897 2933 consequantur
2921 2860 3165 2932 praemia.

2530 2976 2621 3034 ιν.
3148 2972 3151 2975 ’

1710 3097 1755 3159 c
1786 3077 1871 3149 (ί)-
1909 3076 2178 3159 “nam,
2204 3073 2335 3159 ,νίεςι
2364 3066 3228 3159 "1.90"",5RPEPS'.':_P’.3§!3.“
3274 3062 3375 3117 ’θ’

2001 3136 2173 3199 storia
2197 3143 2372 3197 Italia:
2400 3136 2714 3210 Hieronymi
2732 3140 2943 3203 Bnutm,
2970 3138 3006 3190 1.
3037 3136 3157 3206 vlt.)

1858 3235 2077 3291 Gratias
2104 3249 2207 3305 ago
2234 3235 2345 3288 Deo
2376 3232 2643 3285 maximas
2671 3230 2814 3299 quod
2854 3243 2950 3282 vos
2984 3235 3131 3280 tanta
3166 3223 3373 3278 anima-

1788 3342 1907 3380 rum
1943 3325 2299 3380 consensione
2329 3331 2491 3390 atque
2526 3320 2807 3373 alacritate
2836 3332 2987 3396 arma
3028 3331 3126 3383 pro
3152 3314 3371 3369 Christo

1787 3414 2148 3482 Redemptore
2178 3420 2361 3465 vestro
2397 3416 2743 3476 suscepturos
2767 3420 2889 3459 esse
2926 3403 3230 3459 ostenditis.
3261 3401 3372 3457 Nos

1788 3513 1989 3569 autem,
2012 3512 2071 3556 ut
2092 3503 2270 3557 studia
2288 3497 2678 3567 vestra,quoad
2701 3512 3008 3566 possumus,
3029 3496 3370 3566 adjuvemus,

1787 3592 2159 3648 misericordia
2189 3590 2308 3654 Dei,
2337 3590 2704 3651 etrbeatorum
2742 3587 2886 3643 Petri
2918 3602 2983 3642 ac
3005 3586 3155 3641 Pauli
3182 3595 3372 3642 aucto-

1788 3686 1950 3739 ritate
1996 3682 2186 3737 confisi
2214 3720 2230 3745 ,
2262 3680 2514 3733 omnibus
2542 3679 2633 3748 qui
2666 3679 2732 3741 ad
2764 3679 2868 3733 hoc
2913 3677 3110 3733 bellum
3150 3677 3368 3747 prodie-

1788 3772 1916 3837 rint,
1949 3769 2129 3824 omnia
2153 3784 2249 3838 pro
2278 3767 2491 3822 delictis
2518 3768 2631 3823 suis
2656 3767 2864 3837 piacula
2894 3768 3220 3833 relaxanius,
3249 3781 3373 3822 eos-

1788 3878 1891 3932 que
1916 3860 2014 3914 sub
2037 3858 2291 3913 Ecclesia:
2321 3856 2541 3910 tutelam
2569 3872 2632 3912 ac
2660 3859 2941 3913 beatorum
2970 3857 3113 3911 Petri
3138 3866 3193 3912 et
3215 3856 3370 3912 Pauli

1788 3950 2093 4007 clientelam
2120 3956 2375 4015 tanquam
2422 3962 2563 4002 vera:
2602 3948 2926 4010 obedientia:
2963 3946 3100 4002 ﬁlios
3140 3948 3371 4017 suscipi-

1789 4057 1941 4106 mus,
1975 4050 2030 4095 et
2066 4039 2133 4093 ab
2167 4037 2419 4092 omnibus
2452 4038 2829 4095 vexationibus
2865 4054 3155 4110 corporum
3201 4039 3373 4093 fortu-

1791 4144 2089 4200 uarumque
2122 4136 2266 4183 tutos
2289 4140 2410 4180 esse
2440 4128 2752 4183 statuimus.

2542 4244 2584 4299 V

1791 4338 2114 4407 (Ducnssne,
2143 4339 2335 4409 Script.
2361 4339 2583 4409 Franci”
2613 4338 2698 4397 IV,
2739 4335 2866 4409 8I_6,
2885 4333 3139 4409 Διιιίιῖοιῆιι
3176 4330 3370 4409 Hiero-

1860 4409 2173 4478 solymitana
2191 4402 2480 4464 Fu'Lenmut
2507 4407 2866 4471 Carnotensis,
2885 4404 2976 4458 lib.
3003 4420 3041 4470 t,
3069 4417 3189 4470 cap.
3222 4402 3298 4470 l.)

1864 4500 2208 4563 Dilectissimi
2260 4500 2481 4563 fratres,
2538 4498 2870 4569 apostolatus
2909 4496 3060 4564 apice
3110 4494 3203 4559 Dei
3246 4508 3370 4562 per-

1790 4588 1956 4642 missu
1988 4588 2104 4641 orbi
2134 4598 2293 4643 terra:
2324 4588 2595 4657 przelatus,
2622 4585 2909 4641 occasione
2944 4582 3246 4638 necessaria
3277 4596 3371 4635 su—

1789 4682 2180 4751 peremineute,
2207 4692 2460 4751 tanquam
2494 4680 2802 4735 monitionis
2833 4678 3027 4732 divina:
3050 4676 3277 4744 legatus,
3300 4674 3368 4729 ad

1786 4789 1885 4828 vos
1908 4773 1999 4829 Dei
2027 4788 2209 4829 servos
2237 4774 2336 4829 has
2381 4773 2431 4827 in
2460 4782 2659 4842 partes,
2682 4769 3039 4825 condescendi
3096 4765 3368 4821 Urbanus.

1789 4863 1855 4917 Et
1882 4876 2018 4931 quos
2048 4846 2449 4931 dispensatores
2480 4859 2901 4915 ministeriorum
2942 4856 3033 4911 Dei
3073 4854 3367 4933 :estitnavi,

1790 4956 1925 5011 tales
1953 4941 2007 5008 et
2043 4953 2246 5017 ﬁdeles,
2279 4951 2637 5008 simulationis
2662 4950 2878 5019 explosa
2908 4947 3174 5009 eluvione,
3212 4960 3368 5014 repe-

1787 5048 1881 5102 riri
1913 5047 2111 5116 optavi.
2138 5046 2291 5113 Quod
2325 5046 2367 5100 si
2397 5044 2597 5113 aliquid
2627 5043 2907 5113 gihbosum
2937 5040 3020 5094 vel
3045 5050 3367 5106 tortuosum,

1788 5139 2048 5193 modestia
2077 5137 2299 5192 rationis
2332 5136 2558 5204 iustitiae
2588 5144 2825 5193 semota,
2852 5140 3044 5187 contra
3074 5131 3244 5201 legem
3274 5130 3368 5184 Dei

1787 5228 2045 5294 obsistat,
2073 5237 2337 5299 praesente
2386 5223 2788 5293 subfragamine
2837 5222 3051 5287 divino,
3084 5220 3371 5291 diligenter

1787 5320 2039 5385 expedire
2090 5328 2351 5389 satagam.
2403 5317 2659 5371 Dominus
2710 5314 2853 5369 enim
2900 5328 3064 5383 supra
3109 5311 3367 5371 familiam

1787 5426 1961 5475 suam,
2019 5420 2074 5464 ut
2126 5411 2175 5465 ei
2223 5423 2323 5478 pro
2372 5418 2610 5475 tempore
2654 5406 2844 5476 pabula
2888 5405 3133 5475 modesto
3176 5415 3370 5472 sapore

1787 5502 2000 5558 condita
2054 5498 2403 5561 ministretis,
2464 5512 2557 5551 vos
2615 5497 3014 5566 dispensatores
3063 5494 3365 5551 constituit.

1789 5598 1936 5652 lleati
1984 5607 2161 5652 autem
2190 5592 2374 5656 eritis,
2415 5591 2460 5646 si
2497 5591 2682 5647 ﬁdeles
2710 5592 2921 5659 tandem
2950 5587 3368 5669 dispensationis

1788 5695 2011 5743 exactor
2038 5700 2135 5765 vos
2165 5682 2450 5755 invenerit.
2476 5682 2733 5752 Pastores
2752 5683 2915 5739 etiam
2942 5672 3365 5752 nuncupantini;
