3900 6322
487 243 592 299 575

1777 236 1835 290 Β,
1884 235 2136 291 URBANI
2178 235 2215 289 II
2256 233 2456 288 ΡΑΡιΕ

3656 234 3745 290 576

487 361 670 415 videte
698 366 877 413 autem
924 370 989 409 nc
1036 350 1353 407 mercenarii
1399 364 1549 403 more
1594 344 1909 418 fungamini.
1946 347 2067 402 Veri

2179 383 2199 419 η
2235 364 2606 436 praedonibus,
2648 364 2731 418 vel
2777 372 2933 418 nocte
2976 378 3006 416 a
3043 363 3380 429 latronibus,
3419 374 3521 419 aut
3556 380 3640 429 vi,
3666 383 3743 423 aut

486 464 618 519 ergo
647 457 910 517 pastores,
936 454 989 499 et
1024 442 1241 497 baculos
1269 455 1485 510 semper
1514 440 1566 494 in
1592 440 1841 494 manibus
1867 440 2068 494 haben-

487 550 571 595 tes
591 580 605 604 ,
636 549 837 601 estote;
872 551 973 591 nec
994 536 1367 595 dormitantes,
1396 547 1611 602 gregem
1635 531 1786 586 vobis
1814 532 2070 587 commis-

486 647 604 685 sum
653 632 890 699 undique
931 636 1271 684 conservate.
1301 625 1435 680 Nam
1465 625 1509 678 si
1539 641 1635 694 per
1673 624 1936 679 incuriam
1973 639 2068 679 ve-

484 733 655 777 stram
701 731 795 775 aut
838 719 1221 791 negligentiam
1264 733 1419 772 ovem
1450 716 1697 786 quamvis
1733 715 1889 784 lupus
1924 714 2071 767 abri-

487 816 694 881 puerit,
749 814 1054 869 mercedem
1120 813 1373 867 nimirum
1420 810 1572 865 vobis
1634 819 1875 878 paratam
1930 810 2070 877 apud

485 902 774 958 Dominum
802 912 1047 956 nostrum
1092 901 1352 954 amittetis
1385 916 1398 951 :
1439 908 1493 952 et
1535 899 1850 951 delictorum
1888 896 2091 967 ﬂagris‘

484 993 734 1060 primitus
771 990 1066 1059 asperrime
1095 989 1238 1051 caesi,
1271 987 1609 1056 postmodum
1646 1002 1775 1039 vero
1809 987 1859 1038 in
1890 997 2073 1039 custo-

484 1082 627 1137 diam
661 1082 886 1135 l'uuestre
910 1079 1333 1134 conversationis
1359 1076 1687 1131 truculentcr
1716 1076 2068 1130 subruemini.

488 1170 601 1226 Vos
624 1186 755 1225 vero
804 1169 960 1236 juxta
1007 1182 1307 1223 sermonem
1356 1166 1762 1235 evangelicum,
1821 1166 1901 1219 sal
1946 1167 2071 1219 estis

487 1272 674 1325 term;
727 1264 869 1331 quod
934 1261 978 1314 si
1052 1258 1391 1325 defeeeritis,
1460 1258 1749 1329 ambigitur
1806 1256 2072 1326 quomodo

488 1352 731 1407 saliatur.
761 1351 805 1407 Ο
830 1362 1032 1421 quanta
1062 1350 1268 1404 salitio!
1298 1362 1423 1403 vere
1450 1362 1671 1403 necesse
1704 1355 1785 1402 est
1814 1362 1912 1401 vos
1959 1346 2067 1416 ple-

488 1442 613 1496 hetn
647 1441 897 1501 idiotam,
947 1448 1000 1493 et
1046 1438 1226 1492 mundi
1261 1436 1497 1491 lascivia:
1538 1452 1699 1506 supra
1741 1435 1955 1490 modum
1989 1436 2073 1488 iu-

488 1533 761 1599 hiantem,
790 1531 1066 1600 sapientia:
1093 1530 1202 1584 sale
1225 1531 1545 1600 corrigendo
1566 1529 1743 1593 salire,
1772 1543 1840 1583 ne
1864 1526 2073 1582 delictis

2172 455 2383 525 ingenio
2432 454 2702 524 maligno,
2756 455 2810 509 iu
2860 453 3022 509 domo
3068 453 3150 509 vel
3207 464 3365 509 extra
3400 455 3740 525 subripiatur.

2170 549 2508 616 Quapropter
2536 546 2782 608 treviam,
2817 546 2900 602 sic
2939 545 3233 616 vulgariter
3263 546 3495 608 dictam,
3522 545 3637 611 jam
3660 550 3742 601 do-

2171 638 2294 691 tlum
2324 653 2353 690 a
2380 637 2582 691 sanctis
2599 637 2849 692 Patribus
2877 637 3075 691 nostris
3112 636 3568 701 determinatam,
3597 636 3743 689 refor-

2171 728 2305 781 mari
2324 735 2535 795 oportet
2560 745 2573 780 ε
2598 742 2759 797 quam
2789 727 3098 781 tirmissime
3118 725 3502 795 unusquisque
3523 736 3744 781 vestrum

2171 816 2223 869 in
2273 817 2581 885 episcopatu
2639 832 2739 871 suo
2788 818 2958 871 teneri
3007 817 3201 882 faciat,
3248 818 3533 871 monendo
3570 817 3746 887 ﬂagito.

2170 904 2323 967 Quod
2345 905 2389 957 si
2412 904 2612 974 aliquis
2634 906 2750 958 sive
2773 905 3051 969 aviditate,
3073 906 3186 959 sive
3208 904 3469 973 superbia
3491 908 3746 967 seductus,

2169 1009 2287 1048 cant
2319 1003 2512 1061 sponte
2541 994 2853 1064 infregerit,
2884 995 2987 1049 Dei
3006 995 3333 1049 auctoritate
3362 1005 3425 1049 et
3452 994 3620 1063 hujus
3640 1013 3748 1050 cae.

2171 1083 2278 1138 cilii
2305 1084 2646 1138 decretorum
2676 1085 2956 1139 sanctione
2976 1085 3503 1139 anathematizetur.

2241 1173 2526 1240 Quoniam,
2551 1190 2584 1228 o
2610 1174 2702 1227 filii
2736 1173 2853 1238 Dei,
2882 1174 2927 1228 si
2949 1188 3136 1243 pacem
3168 1174 3311 1243 apud
3348 1187 3457 1227 vos
3484 1173 3748 1227 tenendam

2170 1265 2531 1334 etEcclesia:
2564 1264 2689 1332 jura
2736 1264 2966 1319 ﬁdeliter
3012 1266 3394 1319 conservanda
3434 1273 3748 1327 sustentare,

2170 1356 2378 1411 virilius
2412 1355 2572 1412 solito
2614 1356 2723 1411 Deo
2757 1354 2979 1425 polliciti
3006 1355 3176 1420 estis,
3210 1364 3395 1410 exstat
3443 1370 3627 1425 Opera
3651 1370 3752 1424 prc-

2173 1448 2305 1503 tium
2330 1459 2389 1502 ut
2428 1448 2646 1518 insuper
2666 1446 2731 1501 ad
2755 1447 3027 1517 quoddam
3067 1444 3215 1499 aliud
3258 1445 3550 1516 negotium
3599 1444 3751 1499 Deiet

2170 1548 2411 1594 vestrum
2477 1537 2858 1592 emendatione
2917 1536 3200 1591 Dominica
3266 1550 3455 1605 nuper
3512 1536 3749 1604 vegetati,

489 1625 819 1694 putrefacta,
863 1626 987 1677 dum
1033 1638 1154 1677 eam
1197 1622 1393 1691 alloqui
1437 1622 1760 1691 quandoque
1808 1618 2067 1684 voluerit,

2179 1631 2456 1703 probitatis
2482 1639 2675 1685 vestra:
2695 1628 3046 1683 valitudinem
3072 1626 3321 1681 versetis.
3358 1624 3609 1680 Necesse
3631 1625 3751 1678 enim

487 1715 713 1769 Domino
745 1714 940 1769 insalsa
970 1720 1172 1783 puteal.
1203 1712 1336 1766 Nam
1360 1713 1404 1766 si
1428 1725 1661 1779 vermes,
1688 1712 1789 1765 hoc
1824 1720 1908 1765 est
1949 1725 2075 1779 pec-

485 1816 627 1866 cata,
658 1820 821 1859 causa
852 1804 1068 1859 desidia:
1086 1802 1485 1872 procurationis
1508 1809 1721 1867 vestras,
1751 1800 1802 1855 in
1830 1815 1894 1854 ea
1919 1815 2074 1869 repe-

485 1894 636 1957 rerit,
664 1893 805 1947 illico
846 1893 1161 1962 vilipensatu
1203 1892 1257 1946 in
1291 1892 1647 1962 prmeipitium
1690 1890 2072 1960 spurcitiarum

481 1999 602 2038 eam
638 1983 809 2051 subigi
849 1983 1145 2053 praecipiet.
1184 1982 1252 2036 Et
1282 1983 1407 2052 quia
1454 1992 1663 2036 tantum
1707 1982 1973 2052 perditum
2023 1979 2073 2034 ei

484 2084 793 2128 restaurare
827 2073 1203 2143 nequiveritis,
1222 2088 1319 2128 vos
1338 2072 1541 2141 judicio
1563 2075 1847 2129 damnatos
1865 2088 1894 2125 a
1918 2071 2075 2125 fami-

484 2167 718 2221 liaritate
758 2168 1061 2221 dilectionis
1093 2182 1205 2221 suae
1243 2182 1461 2236 prorsus
1506 2166 1907 2222 exterminabit.
1965 2164 2073 2219 Sed

486 2255 789 2323 huiusmodi
821 2257 1091 2309 salitorem
1121 2266 1335 2324 oportet
1361 2272 1480 2310 esse
1518 2258 1859 2325 prudentem,
1891 2254 2075 2324 provi-

485 2362 684 2411 soretn,
709 2347 1031 2411 modestum,
1054 2347 1325 2411 edoctum,
1359 2348 1661 2415 pacificum,
1691 2354 2071 2411 scrutatorem,

486 2438 665 2507 pium,
711 2437 945 2505 justum,
990 2451 1237 2505 :equum,
1279 2440 1558 2492 mundum.
1592 2436 1723 2491 Nam
1771 2436 2071 2507 quomodo,

487 2526 736 2579 indoctus
775 2526 959 2580 doctos
980 2567 993 2589 ,
1024 2526 1376 2580 immodestus
1422 2528 1693 2583 modestos
1718 2567 1734 2593 ,
1767 2528 2075 2584 immundus

487 2618 716 2670 inutnlos
766 2614 980 2670 eliiccre
1031 2616 1267 2671 valebit?
1314 2616 1467 2683 Quod
1520 2618 1563 2672 si
1615 2633 1802 2687 pacem
1864 2619 2071 2687 oderit,

486 2707 756 2775 quomodo
788 2706 1125 2775 paeificahit?
1164 2709 1272 2761 Aut
1316 2709 1357 2761 si
1410 2709 1531 2777 quis
1579 2709 1829 2764 habuerit
1881 2725 2074 2767 manus

488 2813 617 2851 suas
655 2799 901 2852 sordidas
928 2838 941 2862 ,
974 2798 1245 2867 quomodo
1287 2800 1474 2854 sordes
1504 2799 1730 2855 alterius
1759 2799 2074 2869 coinquina-

490 2888 653 2942 tionis
697 2900 903 2958 tergere
944 2889 1173 2958 poterit?
1218 2890 1440 2944 Lectum
1491 2900 1574 2945 est
1624 2891 1788 2945 etiam
1833 2892 1975 2962 quod
2027 2892 2072 2948 si

2173 1730 2257 1775 est
2280 1727 2547 1789 quatenus
2577 1732 2698 1772 cum
2730 1714 2987 1770 fratribus
3014 1714 3218 1770 vestris
3246 1714 3304 1768 in
3327 1712 3605 1781 orientali
3628 1721 3753 1781 parte

2174 1809 2576 1873 habitantibus,
2623 1806 2824 1862 auxilio
2853 1813 3033 1861 vestro
3078 1804 3191 1875 jam
3243 1818 3395 1873 saepe
3446 1802 3754 1873 proclamato

2175 1900 2393 1971 indigis,
2443 1898 2749 1954 accelerate
2803 1896 2999 1951 itinere
3046 1895 3412 1951 succurratis.
3460 1893 3754 1948 lnvaserm

2173 1992 2318 2046 enim
2347 2006 2461 2059 eos,
2499 1990 2662 2045 sicuti
2691 1989 2961 2060 plerisque
2987 1994 3237 2043 ‘vestrum
3266 1984 3390 2054 jam
3425 1985 3635 2040 dictum
3666 1992 3752 2045 est.

2174 2098 2347 2154 usque
2388 2097 2539 2138 mare
2578 2081 3055 2144 Mediterraneum,
3107 2079 3174 2132 ad
3211 2077 3345 2132 illud
3375 2076 3599 2131 scilicet
3632 2076 3751 2144 quod

2172 2173 2457 2228 Brachium
2481 2172 2667 2229 Sancti
2710 2169 2921 2241 Georgii
2970 2175 3191 2233 vocant,
3220 2165 3391 2222 Turci
3441 2174 3506 2219 et
3550 2165 3753 2225 Arabes,

2175 2263 2316 2333 apud
2344 2261 2621 2316 Romanii:
2654 2260 2830 2314 fines:
2871 2268 2927 2313 et
2962 2265 3139 2312 terras
3174 2254 3395 2309 illorum
3436 2252 3753 2308 Christiano-

2175 2368 2295 2407 rum
2321 2351 2493 2421 magis
2519 2350 2801 2419 magisque
2821 2347 3157 2417 occupando,
3182 2344 3279 2399 lite
3299 2342 3510 2399 bellica
3528 2341 3636 2411 jam
3657 2343 3754 2393 rice

2175 2443 2529 2513 septuplicata
2557 2441 2729 2496 victos
2774 2445 3203 2509 superaverunt,
3239 2434 3454 2490 multos
3482 2433 3755 2488 occidendo

2173 2533 2258 2589 vel
2284 2531 2636 2602 captivaudo,
2675 2529 3043 2598 ecclesiasque
3093 2524 3503 2586 subvertenda,
3554 2536 3753 2593 regnum

2175 2638 2390 2695 quoque
2438 2620 2722 2678 vastando.
2774 2619 2922 2685 Quos
2969 2616 3187 2686 quidem
3228 2615 3273 2669 si
3325 2613 3413 2669 sic
3461 2609 3753 2681 aliquandiu

2174 2716 2358 2785 quiete
2399 2711 2791 2785 permiseritis,
2832 2707 3032 2763 multos
3057 2706 3216 2760 latius
3244 2704 3441 2759 ﬁdeles
3466 2703 3567 2757 Dei
3595 2715 3757 2770 super-

2176 2809 2512 2881 gredientur.
2536 2806 2652 2872 Qua
2675 2805 2741 2859 de
2763 2817 2822 2857 re
2844 2801 3070 2872 supplici
3096 2814 3257 2868 prece
3277 2798 3505 2863 hortor,
3528 2812 3634 2852 non
3655 2809 3755 2865 ego,

2176 2901 2269 2956 sed
2301 2898 2578 2962 Dominus,
2612 2904 2673 2948 ut
2695 2892 2905 2949 cunctis
2930 2890 3217 2961 cujuslibet
3237 2888 3456 2943 ordinis
3486 2895 3598 2941 tam
3629 2884 3757 2954 pedi—

486 2991 664 3034 cucus
688 2993 886 3032 catcum
918 2979 1149 3041 duxerit,
1174 2979 1432 3033 ambobus
1455 2995 1619 3035 cavea
1653 2981 1872 3049 patebit.
1900 2980 2074 3036 Caete-
2102 2988 2147 3051 (ς
2180 2988 2322 3044 tibus
2348 3002 2510 3057 quam
2558 2983 2855 3055 equitibus,
2889 2990 2995 3036 tam
3034 2978 3365 3050 pauperibus
3404 2991 3581 3047 quam
3602 2973 3759 3029 diviti-

492 3084 610 3120 rum
638 3084 735 3122 vos
763 3069 906 3136 ipsos
934 3070 1082 3137 prius
1109 3070 1395 3138 corrigite,
1432 3079 1491 3124 ut
1527 3071 2076 3140 irreprehensibiliter

489 3158 736 3213 subditos
791 3161 1003 3229 queatis
1058 3162 1368 3216 emendare.
1426 3160 1705 3231 Siquidem
1766 3163 1926 3218 amici
1978 3162 2075 3217 Dei

488 3250 649 3305 vultis
680 3266 825 3314 esse,
860 3267 979 3321 quae
1005 3253 1217 3307 sentitis
1240 3253 1287 3306 ei
1320 3252 1516 3322 placita
1548 3254 1777 3309 libenter
1804 3263 2071 3309 exercete.

489 3347 597 3401 lies
639 3348 1038 3403 ecclesiasticas
1081 3349 1352 3418 praecipue
1405 3349 1459 3403 in
1506 3363 1605 3403 suo
1647 3348 1773 3418 jure
1825 3360 2077 3405 constare

488 3442 671 3509 facite,
702 3453 758 3497 et
786 3452 845 3497 ut
871 3443 1179 3498 Simoniaca
1217 3443 1437 3498 haeresis
1461 3443 1767 3500 nullatenus
1811 3444 1952 3514 apud
1982 3458 2077 3499 vos

491 3536 945 3599 r.ttlieet,cavete
994 3552 1061 3591 ne
1109 3537 1406 3592 vendentes
1437 3546 1531 3591 aut
1581 3546 1822 3594 ementes
1876 3539 2079 3608 pariter

491 3626 673 3693 llagris
696 3625 943 3694 flagellati
978 3627 1291 3693 Dominicis,
1324 3644 1422 3697 per
1465 3629 1775 3699 angiportus
1804 3630 1872 3684 ad
1896 3637 2078 3684 exter-

492 3715 718 3767 minium
748 3718 1079 3773 confusionis
1121 3720 1503 3774 miserabiliter
1535 3721 1922 3790 propellantur.
1970 3720 2077 3776 Ec-

495 3806 714 3859 elcsiam
746 3809 856 3861 suis
904 3808 1185 3863 ordinibus
1229 3811 1536 3866 onmimode
1576 3811 1799 3866 liberam
1836 3811 1903 3866 ab
1930 3813 2077 3866 omni

497 3897 741 3951 saeculari
773 3908 1045 3968 potestate
1080 3910 1411 3966 sustentate,
1444 3904 1785 3972 decimasque
1815 3905 1925 3957 Deo
1955 3919 2078 3969 pro-

494 3991 643 4059 prias
673 3989 739 4044 de
760 3989 1014 4045 omnibus
1041 4000 1199 4045 terra:
1225 3990 1457 4045 cultibus
1483 3991 1715 4046 fideliter
1744 3993 1857 4048 dari
1885 3993 2075 4059 facite;

496 4095 598 4135 nec
621 4082 947 4145 vendantur,
969 4090 1059 4135 aut
1088 4082 1446 4136 retineantur.
1477 4081 1628 4147 Quod
1656 4082 1744 4150 qui
1768 4082 2077 4150 episcopum

497 4169 723 4238 ceperit,
751 4168 973 4223 omnino
1000 4170 1155 4224 exlex
1184 4170 1465 4223 habeatur.
1494 4170 1648 4236 Quod
1671 4171 1760 4239 qui
1787 4171 2078 4225 monachos

499 4259 581 4312 vel
605 4259 864 4326 clericos,
908 4260 988 4314 vel
1015 4259 1485 4321 sanctimoniales,
1532 4269 1587 4314 et
1623 4275 1809 4315 eorum
1852 4260 2080 4317 famulos

495 4354 704 4422 ceperit
738 4362 833 4407 aut
860 4352 1269 4421 exspoliaverit,
1299 4352 1382 4407 vel
1423 4353 1739 4424 peregrinos
1763 4352 1847 4406 vel
1875 4366 2083 4407 merca-

494 4453 667 4508 tores,
697 4445 983 4499 anathema
1010 4444 1397 4512 sit.'Rapt0res
1416 4485 1429 4507 ,
1460 4453 1513 4498 et
1545 4445 1825 4498 domorum
1855 4444 2083 4498 combu-

496 4542 692 4603 stores,
725 4544 779 4590 et
800 4550 984 4591 eorum
1014 4537 1432 4599 consentientes,
1461 4538 1529 4590 ab
1552 4535 1790 4590 Ecclesia
1817 4545 2081 4601 extorres,

495 4626 845 4682 anathemate
887 4626 1173 4681 feriantur.
1215 4625 1569 4696 Summopere
1622 4626 1786 4694 igitur
1838 4626 2086 4680 conside—

496 4716 723 4771 randum
756 4725 839 4771 est
874 4733 981 4788 qua
1021 4716 1331 4772 multandus
1360 4717 1431 4772 sit
1480 4731 1642 4786 poena
1672 4717 1763 4786 qui
1795 4715 1971 4771 aliena
2005 4716 2087 4771 di-

499 4804 648 4873 ripit,
683 4808 727 4860 si
764 4806 962 4860 inferni
998 4806 1349 4861 damnatione
1393 4808 1698 4877 percutitur
1723 4806 1815 4876 qui
1866 4807 2085 4877 propria

496 4911 609 4951 non
640 4896 888 4968 largitur.
921 4899 1012 4954 Sic
1034 4900 1181 4954 enim
1203 4898 1357 4953 diviti
1388 4900 1441 4953 in
1469 4899 1762 4970 Evangelia
1787 4908 2086 4954 memorato

498 4989 890 5062 contigitzqui
939 5007 1042 5047 non
1088 4991 1290 5046 idcirco
1326 4992 1543 5062 punitus
1587 5002 1670 5047 est
1721 4991 1863 5061 quod
1912 4990 2085 5045 aliena

504 5077 846 5146 abstulisset,
878 5083 970 5138 sed
1005 5083 1132 5154 quia
1181 5083 1344 5139 rebus
1387 5084 1624 5154 acceptis
1669 5085 1905 5153 seipsum
1946 5083 2089 5137 male

504 5167 810 5235 dereliquit.
850 5170 945 5227 llis
991 5188 1153 5241 vero,
1204 5180 1265 5227 ut
1297 5172 1501 5227 dictum
1541 5182 1645 5235 est,
1688 5173 2083 5241 iniquitatibus,

504 5258 845 5326 cltarissimi,
875 5264 1131 5319 mundum
1174 5262 1383 5319 vidistis
1423 5263 1740 5335 gravissime
1773 5263 1861 5317 diu
1898 5260 2087 5317 confu-

508 5368 630 5408 sum
661 5352 859 5420 fuisse,
901 5354 1035 5409 adeo
1072 5365 1131 5409 ut
1171 5356 1347 5412 nullus
1377 5357 1433 5411 in
1474 5356 1745 5425 aliquibus
1785 5354 2086 5425 provincia-

506 5461 630 5499 rum
667 5450 990 5511 vestrarum,
1024 5445 1163 5500 sicut
1207 5446 1363 5502 nobis
1409 5462 1439 5500 a
1486 5446 1841 5501 referentibus
1879 5443 2087 5514 patefa-

509 5547 656 5596 ctum
688 5545 800 5602 est,
839 5552 935 5607 per
973 5537 1390 5593 imbecillitatem
1430 5538 1652 5593 forsitan
1686 5535 2087 5607 jnstilicationis

508 5644 704 5689 vestra:
730 5630 927 5688 virtute
965 5644 1060 5705 per
1092 5629 1229 5686 viam
1275 5629 1430 5699 gradi
1465 5630 1688 5698 audeat,
1718 5629 1847 5699 quin
1878 5628 1963 5686 vel
1999 5627 2086 5685 die

2176 3079 2295 3141 bus,
2328 3078 2506 3132 edicto
2533 3072 2802 3143 frequenti
2832 3085 2949 3136 vos,
2983 3068 3183 3125 Christi
3210 3080 3523 3137 prtecoues,
3548 3062 3755 3119 suadea-

2179 3170 2269 3235 tis,
2299 3179 2357 3222 ut
2381 3168 2447 3222 ad
2478 3167 2530 3221 id
2558 3180 2729 3236 genus
2760 3177 2991 3232 nequam
3020 3177 3051 3216 e
3078 3160 3396 3227 regionibus
3444 3155 3757 3211 nostratibus

2178 3256 2645 3313 exterminandum
2664 3251 2980 3322 tempestive
2996 3246 3340 3304 Christicolis
3374 3245 3640 3317 opitulari
3664 3252 3759 3297 sat-

2178 3358 2359 3419 agant.
2392 3343 2757 3401 Praesentibus
2786 3343 2940 3408 dico,
2991 3338 3311 3394 absentibus
3334 3336 3544 3392 mando
3581 3353 3597 3389 :
3627 3334 3759 3389 ϐὶιήο

2179 3451 2295 3496 stus
2341 3448 2519 3494 autem
2574 3438 2826 3507 imperat.
2854 3433 3079 3490 Cunctis
3121 3439 3303 3486 autem
3331 3429 3462 3484 illuc
3489 3427 3756 3489 euntibus,

2180 3534 2224 3588 si
2247 3542 2339 3587 aut
2368 3529 2662 3603 gradiendo
2682 3568 2697 3593 ,
2732 3536 2825 3581 aut
2849 3524 3271 3589 trausfretando,
3312 3522 3431 3577 sive
3461 3532 3651 3577 contra
3677 3534 3759 3588 pa-

2180 3639 2347 3693 ganos
2377 3619 2703 3685 dimicando,
2755 3619 2917 3672 vitam
2966 3617 3235 3681 finierint,
3279 3612 3755 3684 peccaminumre

2179 3716 2366 3771 missio
2385 3728 2624 3784 praesens
2648 3710 2853 3766 aderit:
2874 3709 3016 3779 quod
3042 3705 3198 3761 ituris
3225 3719 3433 3768 annuo,
3457 3703 3609 3758 dono
3628 3710 3757 3756 tanto

2181 3805 2468 3859 investitus
2511 3818 2541 3855 a
2581 3803 2711 3856 Deo.
2740 3800 2785 3855 Ο
2811 3808 3073 3868 quantum
3122 3795 3380 3858 dedecus,
3413 3794 3463 3848 si
3496 3808 3633 3862 gens
3666 3802 3757 3844 tam

2181 3904 2401 3967 Spreta,
2444 3896 2700 3962 degener,
2755 3898 2812 3944 et
2867 3886 3199 3944 daemonibus
3261 3884 3495 3949 ancilla,
3560 3894 3755 3953 gentem

2181 3983 2600 4053 cuuctipotentis
2630 3980 2723 4035 Dei
2761 3979 2865 4034 fide
2904 3977 3211 4047 praeditam,
3240 3983 3294 4027 et
3316 3973 3527 4028 Christi
3560 3971 3756 4026 nomine

2181 4074 2536 4146 splendidam,
2568 4074 2648 4127 sic
2687 4069 3055 4140 superaverit!
3102 4064 3147 4122 0
3193 4074 3400 4139 quanta
3447 4060 3753 4133 improperia

2184 4168 2337 4222 nobis
2374 4167 2441 4221 ab
2469 4164 2586 4234 ipso
2615 4163 2845 4218 Domino
2883 4158 3313 4229 itnputabuntur,
3356 4156 3403 4210 si
3434 4168 3535 4209 eos
3561 4168 3665 4208 non
3683 4152 3753 4218 ju-

2182 4259 2368 4315 vcritis
2398 4257 2487 4326 qui
2519 4253 2854 4327 professione
2880 4250 3191 4307 Christiana
3216 4256 3538 4311 censentur,
3562 4245 3755 4299 sicutet

2186 4351 2317 4406 nos!
2344 4347 2648 4403 Procedunt
2678 4351 2867 4399 contra
2897 4339 3142 4395 inﬁdeles
3172 4338 3240 4392 ad
3269 4351 3513 4406 pugnam
3545 4334 3655 4402 jam
3685 4332 3754 4384 iu-

2185 4443 2291 4511 cipi
2320 4440 2558 4511 dignam,
2594 4446 2797 4505 tropico
2830 4431 3175 4503 explendam,
3201 4428 3292 4498 qui
3333 4427 3568 4481 abusive
3594 4423 3751 4494 priva-

2187 4540 2300 4585 tum
2333 4538 2607 4585 certamen
2643 4533 2834 4580 contra
2875 4520 3062 4577 fideles
3106 4515 3546 4575 consuescebant
3570 4514 3753 4568 disten-

2187 4625 2316 4680 dere
2335 4622 2626 4693 quondam.
2655 4617 2807 4673 Nunc
2831 4616 2965 4670 fiant
2994 4613 3224 4679 milites,
3253 4611 3344 4681 qui
3378 4609 3588 4664 dudum
3610 4604 3775 4662 casu»

2190 4724 2369 4769 terunt
2398 4722 2661 4781 raptores.
2694 4708 2849 4763 Nunc
2876 4706 2977 4761 rite
2998 4713 3186 4760 contra
3216 4701 3485 4757 barbaros
3512 4703 3749 4771 pugnent,

2187 4807 2279 4876 qui
2301 4804 2427 4860 olim
2457 4810 2645 4857 contra
2674 4799 2868 4854 fratres
2887 4805 2941 4852 et
2965 4792 3399 4864 consanguineos
3420 4788 3747 4846 dimicabant.

2189 4898 2341 4952 Nunc
2359 4904 2562 4950 acterna
2586 4890 2806 4963 praemia
2840 4887 3263 4947 nauciscantur,
3293 4882 3388 4952 qui
3429 4880 3631 4935 dudum
3668 4886 3748 4945 pro

2189 4987 2376 5045 Solidis
2414 4984 2602 5055 paucis
2641 4978 2966 5036 mercenarii
2995 4976 3235 5031 fuerunt.
3283 4972 3390 5028 Pro
3438 4973 3641 5027 honore
3666 4966 3746 5020 duo

2188 5081 2309 5151 plici
2340 5078 2603 5139 laborent,
2628 5072 2718 5144 qui
2744 5087 2841 5142 pro
2869 5069 3194 5124 detrimento
3219 5063 3466 5134 corporis
3496 5071 3556 5117 et
3582 5060 3745 5151 auita?

2187 5147 2247 5231 ἑο
2294 5171 2610 5242 fatigabant.
2643 5164 2897 5232 Quinimo
2933 5161 3022 5215 hic
3050 5159 3234 5212 tristes
3265 5167 3319 5210 et
3343 5168 3629 5225 pauperes,
3656 5147 3743 5242 illic

2187 5238 2508 5332 locupletes;
2565 5258 2654 5313 hic
2704 5252 2913 5311 inimici
2978 5248 3228 5311 Domini,
3284 5245 3398 5300 illic
3449 5243 3611 5298 amici
3649 5238 3742 5306 ejus

2188 5362 2366 5410 erunt.
2395 5349 2557 5406 lturis
2586 5355 2767 5401 autem
2795 5358 2948 5398 mora
2979 5356 3086 5395 non
3113 5339 3327 5394 differat
3353 5336 3457 5390 iter
3486 5352 3501 5388 :
3534 5332 3741 5400 sedpro-

2188 5446 2321 5517 priis
2386 5440 2614 5501 locatis,
2698 5434 3111 5505 Sttmptibusqtte
3181 5429 3463 5491 collectis,
3528 5429 3742 5518 cessante

2186 5516 2409 5599 bruma,
2440 5544 2611 5585 verno
2640 5529 3033 5595 subsequente,
3074 5520 3304 5578 Domino
3341 5516 3545 5577 praevio
3587 5516 3740 5568 trauli-

2189 5636 2297 5681 tcm
2332 5619 2586 5678 alacriter
2620 5617 2841 5674 intrent.
