3900 6322
126 296 232 354 577

919 398 1000 453 Vl.

126 513 454 586 (Cestq_Dei
507 529 608 586 per
652 509 1072 586 Piraucos,__0p_p.
1102 508 1394 572 Gntssnrt,
1448 508 1745 586 §:_Muria:

277 579 587 650 Novigeitti
610 580 829 643 abbatis,
853 579 982 634 edit.
1010 580 1281 642 Dacusnv,
1307 594 1428 649 pag.
1451 579 1600 644 577.)

198 675 259 731 Si
293 674 451 729 inter
477 672 758 728 Ecclesias
786 679 899 724 teto
925 668 1058 723 orbe
1089 668 1312 724 diffusas
1340 669 1459 723 alia:
1487 681 1599 738 prae
1624 668 1744 723 aliis

127 762 515 818 reverentiam
558 775 657 831 pro
707 759 953 829 personis
1009 758 1250 827 locisque
1279 769 1590 812 merentur:
1647 772 1746 826 pro

127 852 412 924 personis,
441 851 695 920 inquam,
723 849 849 903 dum
872 846 1180 917 apostolicis
1209 847 1425 902 sedibus
1461 847 1739 916 privilegia

129 942 340 1010 majora
370 941 716 1004 traduntur;
747 952 847 1006 pro
876 937 1010 992 locis
1049 951 1196 999 vero,
1249 937 1376 993 dum
1403 937 1565 1007 regiis
1592 935 1744 990 urbi-

129 1036 228 1088 bus
265 1031 471 1086 eadem
529 1046 651 1101 qua;
696 1028 946 1099 personis
991 1027 1246 1098 dignitas,
1289 1029 1366 1082 uti
1417 1036 1501 1082 est
1547 1028 1742 1085 civitas

129 1119 776 1190 Constantinopolitana,
807 1118 1117 1187 praebetur:
1157 1117 1230 1172 illi
1267 1117 1607 1186 potissimum
1637 1117 1740 1172 Ec-

129 1210 310 1268 clesia:
329 1209 693 1274 deberemus,
723 1223 790 1262 ex
822 1222 929 1276 qua
981 1208 1212 1276 gratiam
1265 1207 1649 1277 redemptionis
1683 1215 1739 1261 et

132 1301 299 1354 totius
328 1299 616 1367 originem
669 1296 1090 1352 Christianitatis
1133 1297 1458 1366 accepimus.
1492 1296 1547 1350 Si
1595 1297 1739 1350 enim

130 1403 320 1442 verum
353 1397 590 1442 constat
610 1388 751 1457 quod
780 1403 808 1439 a
833 1386 1062 1441 Domino
1085 1388 1304 1450 dicitur,
1334 1387 1458 1455 quia
1487 1387 1742 1441 videlicet

136 1477 296 1532 Salus
325 1493 395 1530 ea:
422 1475 638 1529 Judwis
670 1486 745 1529 est
777 1473 958 1544 (Joau.
989 1491 1063 1541 tv,
1091 1475 1182 1543 2'2)
1223 1484 1278 1529 et
1314 1475 1595 1528 Dominum
1635 1475 1738 1529 Sa-

133 1568 295 1623 baoth
344 1582 547 1621 semen
577 1567 732 1621 nobis
761 1567 1043 1635 reliquisse
1082 1575 1323 1630 constat,
1359 1581 1425 1620 nc
1469 1567 1610 1620 s'cut
1641 1565 1741 1620 So-

137 1658 291 1711 doma
353 1656 538 1710 simus
579 1663 634 1708 et
685 1655 1003 1709 Gomorrltze
1046 1655 1251 1710 similes
1313 1655 1505 1710 fiamus
1559 1655 1736 1727 (Rom.

1597 287 1871 344 SERMON
1881 287 1982 342 ES.

1775 404 1823 459 Α
1852 396 2054 450 ruistis.
2081 394 2231 451 Nunc
2250 396 2403 451 vobis
2423 396 2556 452 bella
2575 399 2924 469 proponimus
2938 415 3056 471 quze
3071 400 3123 454 in
3143 415 3202 455 se
3222 402 3423 462 habent

3317 291 3422 350 578

1849 489 2141 559 gloriosum
2173 489 2416 559 martyrii
2462 506 2675 555 mutnus,
2704 490 2898 560 quibus
2939 502 3106 546 restat
3139 500 3422 561 praisentis

1848 588 1902 634 et
1930 588 2146 632 aeterna:
2172 577 2342 631 laudis
2376 579 2575 632 titulus.
2612 579 2882 635 Ponamus
2911 581 3068 634 modo
3109 582 3159 635 in
3200 582 3423 637 Jerusa-

1848 667 1951 721 lem
1991 665 2265 721 Christum
2293 681 2467 733 neque
2500 676 2793 730 mortuum,
2851 682 2951 722 nec
2995 669 3282 738 sepultum,
3323 686 3423 725 nec

1849 757 2043 810 ibidem
2091 755 2289 808 vixisse
2333 753 2642 823 aliquando.
2679 754 2859 820 Certe,
2905 757 2949 810 si
3013 757 3126 811 lure
3174 758 3422 812 deessent

1846 849 2046 912 omnia,
2071 847 2242 902 solum
2285 846 2431 906 illud,
2460 847 2526 900 ad
2564 847 2987 902 subveniendum
3021 858 3178 904 terra}
3205 858 3259 904 et
3283 851 3435 912 civi-‘

1849 937 1942 991 tati
1967 951 2060 990 vos
2079 935 2320 989 excitare
2351 935 2629 999 debuerat,
2675 934 2799 1003 quia
2830 935 2893 989 de
2929 935 3057 989 Sion
3089 937 3280 990 exierit
3309 937 3418 1000 lex,

1845 1035 1900 1080 ct
1937 1025 2154 1080 verbum
2185 1023 2394 1078 Domini
2421 1023 2485 1078 de
2503 1022 2799 1078 Jerusalem
2842 1023 2978 1093 (lsa.
3012 1039 3071 1087 ll,
3104 1025 3180 1095 3);
3213 1026 3254 1078 si
3275 1027 3417 1078 cnint

1844 1133 1911 1170 ex
1953 1115 2424 1186 Jerosolymitano,
2488 1114 2746 1182 quidquid
2789 1113 3109 1168 Christiana:
3159 1116 3416 1184 praedica-

1845 1209 2006 1262 tionis
2073 1216 2154 1261 est
2203 1206 2349 1260 fonte
2398 1207 2673 1267 manavit.
2731 1205 2884 1261 rivuli
2916 1247 2930 1270 .
2985 1221 3417 1275 quaquaversum

1845 1307 1956 1353 toto
1989 1307 2253 1354 terrarum
2292 1297 2423 1351 orbe
2451 1298 2701 1367 dispersi,
2749 1296 3026 1351 catholica:
3065 1295 3419 1348 multitudinis

1843 1391 2006 1446 corda
2039 1397 2410 1458 retorqucant,
2454 1396 2511 1442 ut
2553 1388 2781 1443 solerter
2812 1387 3093 1440 attendant
3133 1385 3258 1452 quid
3287 1383 3420 1439 fonti

1845 1488 1952 1533 tam
1983 1479 2185 1549 irriguo
2213 1479 2463 1533 debeant.
2492 1479 2548 1532 Si
2581 1479 2649 1532 ad
2681 1477 2854 1530 locant
2898 1476 3033 1529 unde
3069 1484 3275 1539 exeunt,
3315 1476 3422 1545 [lu-

1841 1571 1985 1624 mina
2016 1579 2362 1634 revertuntur,
2393 1581 2448 1622 ut
2476 1571 2664 1622 iterum
2697 1569 2890 1637 ﬂuant,
2904 1566 3054 1635 juxta
3086 1567 3289 1620 dictum
3317 1565 3420 1621 Sa-

1841 1657 2073 1712 lomonis
2108 1657 2308 1728 (Eccle.
2343 1673 2379 1723 ι,
2413 1658 2490 1727 7),
2523 1657 2816 1727 gloriosum
2854 1656 3006 1709 vobis
3035 1655 3204 1708 videri
3242 1655 3420 1718 debet,

137 1761 212 1808 rx,
237 1745 356 1814 29),
388 1755 450 1798 et
472 1759 666 1799 semen
698 1753 942 1798 nostrum
974 1743 1222 1797 Christus
1244 1752 1348 1808 est,
1377 1745 1429 1798 in
1453 1758 1560 1812 quo
1587 1744 1735 1798 salus
1766 1732 1811 1790 Β
1839 1749 1883 1804 si
1913 1749 1961 1803 ei
1986 1748 2104 1804 loco
2131 1749 2440 1818 repurgium
2469 1747 2686 1818 possitis
2717 1747 3047 1816 impendere,
3081 1746 3223 1799 unde
3247 1746 3421 1814 bapti-

139 1848 190 1893 et
217 1838 470 1892 omnium
514 1839 758 1908 gentium
811 1837 1117 1892 benedictio
1165 1845 1270 1900 est,
1329 1837 1445 1905 ipsa
1493 1846 1635 1890 terra
1679 1845 1735 1893 et

139 1929 334 1983 civitas
361 1929 418 1982 in
460 1944 573 1998 qtta
605 1929 871 1984 habitavit
896 1936 951 1982 et
976 1942 1167 1996 passus
1196 1935 1299 1991 est,
1331 1927 1765 1995 Scripturarttm'"

149 2017 463 2071 testimonio
496 2026 692 2072 sancta
727 2026 971 2072 vocatur.
1000 2016 1057 2072 Si
1103 2017 1247 2072 enim
1287 2017 1400 2071 haec
1429 2025 1594 2084 terra,
1641 2018 1734 2072 Dei

142 2108 428 2162 Itasreditas
477 2117 539 2162 et
589 2108 844 2177 templum
875 2118 1150 2175 sanctum,
1203 2119 1490 2180 antequam
1525 2110 1594 2163 ibi
1636 2110 1735 2164 ob-

145 2197 444 2251 ambularet
473 2211 541 2251 ac
576 2207 856 2266 pateretur
894 2197 1174 2262 Dominus,
1222 2198 1276 2251 in
1323 2199 1494 2252 sacris
1523 2208 1577 2252 et
1613 2213 1737 2267 pro-

136 2286 372 2355 pheticis
399 2288 622 2358 paginis
651 2287 870 2357 legitur,
903 2287 1032 2355 quid
1063 2289 1390 2356 sanctitatis,
1423 2289 1553 2358 quid
1581 2302 1734 2342 reve-

145 2377 325 2428 rentia:
347 2375 662 2430 obtinuisse
687 2385 814 2430 tunc
841 2376 1101 2442 creditur,
1124 2369 1255 2430 eum'
1272 2375 1412 2430 Deus
1437 2374 1734 2444 majestatis

149 2467 339 2521 ibidem
369 2468 780 2538 incorporatur,
808 2467 1065 2533 nutritur,
1088 2466 1448 2533 adolescit,et
1467 2467 1734 2536 corporali

149 2559 484 2627 vegetatione
528 2560 633 2614 hac
683 2558 912 2627 illacque
951 2559 1288 2627 perambulat
1333 2568 1426 2612 aut
1455 2559 1734 2629 gestatur?

150 2656 216 2709 et,
246 2657 301 2701 ut
350 2658 554 2704 cuncta
607 2664 728 2720 qua:
782 2648 944 2720 longo
993 2649 1284 2704 verborum
1337 2665 1474 2720 gyro
1524 2650 1733 2704 narrari

150 2749 384 2806 possunt,
420 2740 595 2811 digna
638 2739 902 2794 brevitate
937 2738 1326 2809 constringam,
1360 2739 1447 2793 ubi
1487 2739 1605 2793 Filii
1639 2740 1732 2794 Dei

153 2830 386 2898 sanguis,
444 2830 591 2884 coelo
640 2840 890 2898 terraque
945 2829 1206 2891 sanctior,
1248 2827 1450 2883 effusus
1494 2840 1605 2893 est;
1639 2829 1729 2884 ubi

153 2934 358 2989 corpus,
388 2921 715 2990 paventibus
749 2921 1032 2975 elementis
1073 2930 1364 2985 mortuum,
1403 2921 1455 2974 in
1485 2920 1731 2988 sepulcro

157 3008 365 3075 quievit,
422 3009 558 3079 quid
615 3019 872 3079 putamus
916 3009 1284 3064 venerationis
1329 3010 1592 3064 emeruit?
1649 3008 1727 3076 Si,

157 3097 260 3166 ipso
280 3099 506 3155 Domino
538 3109 728 3155 nostro
771 3113 962 3156 recens
1010 3099 1314 3164 interiecto,
1355 3107 1411 3154 et
1456 3114 1486 3152 a
1535 3098 1734 3156 Judaeis

162 3189 322 3244 adhuc
348 3191 576 3247 civitate
616 3205 890 3261 possessa,
934 3201 1123 3247 sancta
1163 3191 1359 3246 civitas
1398 3189 1467 3244 ab
1500 3203 1734 3261 evange-

163 3276 268 3330 lista
291 3290 538 3346 vocatur,
575 3295 696 3334 cum
713 3281 912 3336 dicitur
937 3297 952 3334 :
987 3281 1159 3337 Multa
1185 3299 1407 3353 corpora
1436 3293 1736 3338 sanctorum

151 3369 240 3436 ἠιιί
265 3370 611 3439 dormierunt,
643 3385 1001 3442 surrexerunt,
1045 3384 1092 3429 et
1123 3385 1369 3430 venerunt
1413 3377 1468 3429 in
1496 3383 1733 3429 sanctam

164 3459 424 3528 civitatem,
464 3471 512 3517 et
545 3473 902 3532 apparuerunt
933 3463 1111 3518 multis
1151 3466 1368 3533 (Matth.
1403 3481 1572 3529 xxvtt,
1619 3463 1731 3534 55);

167 3556 214 3602 et
252 3563 279 3602 a
328 3553 596 3620 propheta
649 3553 787 3607 Isaia
835 3553 1075 3609 dicitur:
1115 3553 1233 3609 Erit
1285 3555 1581 3624 sepulcrum
1614 3555 1731 3625 ejus

166 3638 430 3707 gloriosum
481 3643 622 3713 (Isa.
657 3659 734 3708 xt,
756 3643 878 3712 10),
923 3659 1046 3699 cum
1075 3644 1191 3714 ipsa
1221 3646 1498 3711 sanctitas,
1530 3644 1734 3700 civitati

169 3729 315 3785 semei
354 3733 463 3787 Deo
491 3733 614 3804 ipso
668 3734 1070 3790 sanctiﬁcatore
1120 3749 1217 3804 per
1263 3736 1496 3805 seipsum
1543 3737 1732 3801 indita,

171 3819 298 3874 nullo
318 3824 456 3880 malo
479 3825 898 3895 superveniente
941 3824 1208 3879 exinaniri
1244 3825 1440 3891 valeat,
1465 3834 1520 3879 et
1545 3825 1733 3878 eodem

173 3915 310 3969 modo
334 3916 733 3974 indivisibiliter
765 3919 994 3987 sepulcri
1030 3919 1204 3990 gloria
1231 3929 1462 3984 constet,
1507 3920 1734 3973 summis

175 4006 363 4082 studiis,
402 4007 603 4063 fratres
641 4010 974 4076 charissimi,
1021 4011 1174 4065 vobis
1206 4010 1595 4065 elaborandum
1630 4022 1733 4074 rst,

176 4104 226 4148 ut
241 4101 488 4155 sanctitas
514 4101 775 4163 civitatis,
811 4117 876 4155 ac
924 4100 1159 4170 sepulcri
1205 4100 1396 4168 gloria,
1423 4116 1542 4170 qum
1566 4101 1736 4171 genti-

181 4184 291 4242 lium
345 4191 776 4263 frequentatione
826 4200 1088 4261 quantum
1143 4191 1196 4244 in
1237 4192 1370 4260 ipsis
1422 4200 1504 4244 est
1544 4191 1736 4246 crebro

179 4279 430 4348 polluitur,
458 4284 502 4339 si
530 4282 598 4337 ad
643 4283 932 4337 Auctorem
963 4282 1102 4337 illius
1141 4283 1443 4337 sanctitatis
1472 4292 1525 4337 et
1555 4283 1736 4350 gloria:

1835 1838 2024 1892 smatis
2049 1847 2489 1907 purgamentum,
2516 1846 2572 1891 et
2611 1836 2734 1891 ﬁdei
2758 1837 3138 1890 documentum
3168 1850 3262 1890 vos
3293 1849 3423 1889 con-

1835 1927 1974 1982 stitit
1994 1926 2290 1996 accepisse.
2664 1982 2674 1997 ,

1908 2017 1976 2071 Ει
2000 2026 2082 2072 est
2103 2018 2525 2087 voltisprazterea
2549 2030 2756 2070 summa
2781 2013 3167 2068 deliberatione
3191 2028 3422 2083 pensan-

1837 2109 1986 2175 dum,
2010 2108 2054 2162 si
2087 2108 2255 2176 ipsam
2279 2115 2505 2162 matrem
2535 2106 2899 2162 Ecclesiarum
2920 2105 3239 2169 Ecclesium,
3269 2103 3422 2158 vobis

1836 2197 2259 2262 elaborantibus,
2276 2197 2340 2249 ad
2357 2196 2780 2250 Christianitatis
2796 2195 3000 2248 cultum
3021 2193 3294 2258 reﬂorere,
3311 2195 3422 2248 Deo

1835 2302 1933 2356 per
1963 2301 2055 2340 vos
2076 2287 2612 2356 agente,contigerit,
2639 2301 2706 2340 ne
2732 2287 2871 2339 forte
2897 2295 3084 2339 contra
3115 2285 3420 2353 propinqua

1836 2376 2153 2432 Antichristi
2206 2385 2444 2445 tempora
2475 2374 2540 2429 ad
2570 2375 2728 2430 fidem
2755 2381 2938 2442 partes
2955 2372 3192 2428 Orientis
3214 2373 3422 2441 aliquas

1839 2467 2048 2522 restitui
2075 2467 2222 2522 velit.
2270 2466 2620 2537 I’erSpicuum
2652 2480 2885 2535 namque
2911 2473 2996 2518 est
3026 2463 3422 2542 Antichristum

1836 2574 1941 2612 non
1973 2567 2163 2612 contra
2187 2556 2423 2622 Judwos,
2456 2571 2561 2611 non
2590 2564 2778 2611 contra
2815 2553 3043 2625 gentiles
3077 2552 3214 2608 bella
3246 2552 3422 2607 factu-

1837 2663 1991 2712 rum,
2023 2648 2141 2714 sed,
2177 2646 2329 2717 juxta
2381 2646 2763 2718 etymologiam
2811 2645 2892 2698 sui
2947 2643 3211 2710 nominis,
3258 2645 3422 2699 Clu-i-

1837 2737 2044 2790 stianos
2066 2750 2443 2804 pervasurum.
2469 2735 2551 2796 Et,
2577 2735 2622 2789 si
2646 2733 3011 2787 Antichristus
3037 2733 3234 2788 ibidem
3263 2734 3424 2787 Chri-

1836 2831 2070 2884 stianum
2105 2827 2373 2882 neminem
2425 2827 2582 2881 sicuti
2631 2827 2790 2880 hodie
2823 2825 2910 2878 vix
2941 2825 3137 2895 aliquis
3187 2825 3424 2880 habetur

1837 2919 2094 2983 inveniat,
2123 2933 2228 2972 non
2261 2919 2365 2972 erit
2386 2919 2477 2988 qni
2508 2918 2608 2973 sibi
2642 2918 2966 2990 refragetur,
2993 2927 3085 2971 aut
3112 2931 3272 2986 quem
3300 2912 3424 2984 jure

1835 3009 2114 3078 pervadat.
2154 3006 2314 3062 Juxta
2360 3008 2505 3063 enim
2559 3008 2876 3073 Danielem,
2925 3017 2981 3062 et
3033 3005 3420 3074 Hieronymum

1839 3099 2074 3156 Daniclis
2121 3101 2492 3170 interpretem,
2539 3099 2744 3155 fixurus
2772 3111 2852 3155 est
2903 3099 2954 3153 in
3001 3096 3193 3152 Oliveti
3240 3103 3425 3149 monte

1840 3193 2095 3259 tentoria,
2123 3202 2179 3248 et
2209 3192 2587 3264 Jerosolymis,
2617 3196 2670 3248 in
2703 3193 2801 3248 Dei
2833 3194 3054 3263 templo,
3081 3202 3328 3261 tauquam
3355 3189 3425 3243 sit

1838 3285 2008 3347 Deus,
2048 3292 2257 3339 certum
2297 3294 2418 3347 est,
2463 3283 2722 3354 Apostolo
2772 3284 3020 3346 dicente,
3059 3282 3200 3350 qttod
3246 3281 3424 3335 sedeat

1839 3376 1923 3448 (11
1951 3376 2130 3431 Thess.
2159 3393 2220 3440 tt,
2256 3377 2336 3444 4),
2364 3386 2417 3432 et
2451 3374 2604 3444 juxta
2639 3377 2890 3431 euntdem
2924 3376 3267 3445 prophetam,
3310 3382 3424 3428 tres

1839 3483 1994 3536 reges
2031 3467 2193 3536 (Dan.
2235 3483 2331 3530 vn,
2366 3467 2480 3533 24'),
2521 3466 2738 3537 JEgypti
2777 3465 3050 3526 videlicet,
3111 3463 3310 3517 Africa:
3358 3479 3426 3518 ac

1836 3559 2145 3628 Ethiopian,
2173 3557 2315 3611 haud
2357 3559 2577 3612 dubium
2633 3557 2762 3627 qttin
2802 3571 2900 3626 pro
2951 3555 3263 3609 Christiana
3317 3554 3422 3608 fide

1838 3649 2040 3720 primos
2077 3647 2385 3702 interﬁciat.
2410 3648 2562 3716 Quod
2591 3649 2808 3718 quidem
2845 3647 3150 3701 nullatenus
3175 3645 3290 3700 fieri
3327 3661 3422 3716 po-

1841 3738 1987 3802 terit,
2021 3736 2146 3802 nisi,
2175 3737 2264 3791 ubi
2313 3753 2456 3793 nunc
2501 3738 2850 3808 paganismus
2894 3746 3002 3800 est,
3036 3735 3424 3790 Cltristianitas

1821 3830 1950 3904 liat.
1985 3829 2041 3884 Si
2075 3845 2205 3900 ergo
2237 3831 2447 3899 piorum
2491 3830 2801 3899 praeliorum
2827 3831 3088 3885 exercitio
3134 3829 3420 3890 stndeatis,

1839 3930 1896 3973 ut
1926 3921 2066 3976 sicut
2089 3920 2158 3974 ab
2176 3919 2528 3991 Jerosolymis
2556 3919 2646 3974 Dei
2681 3919 2886 3974 notitiae
2925 3921 3276 3975 seminarium
3327 3933 3421 3973 ac—

1838 4013 2076 4081 cepistis,
2112 4013 2182 4066 ita
2209 4012 2316 4066 illic
2343 4021 2584 4067 mutuate
2609 4011 3024 4066 redhibitionem
3053 4013 3240 4080 gratiae
3264 4011 3423 4064 resti-

1841 4101 2020 4163 tuatis,
2069 4108 2126 4153 ttt
2170 4114 2267 4169 per
2312 4115 2406 4153 vos
2461 4117 2654 4155 nomen
2711 4101 3035 4155 catholicum
3066 4109 3417 4168 propagetur,

1839 4197 1981 4266 quo-.l
2015 4195 2333 4250 Antichristi
2369 4195 3029 4266 Auticln'istianorumque
3060 4195 3300 4266 perfidia:
3340 4212 3423 4251 re-

1842 4287 2101 4357 fragetur.
2142 4285 2274 4352 Quis
2309 4302 2414 4340 non
2455 4287 2724 4352 conjicere
2755 4296 2930 4356 potest
2958 4285 3100 4354 quod
3131 4284 3304 4350 Deus,
3331 4285 3423 4354 qui

185 4371 430 4440 aspiratis,
466 4375 510 4428 si
535 4390 597 4428 ea
647 4388 766 4443 qua:
801 4373 853 4426 in
887 4381 1030 4425 terra
1077 4382 1201 4427 sunt
1243 4373 1592 4442 vestigiorum
1619 4374 1737 4442 ejus
1769 4391 1812 4444 ι)
1841 4377 2219 4430 universorum
2262 4391 2412 4444 spem
2445 4375 2796 4428 exuberantia
2845 4376 3062 4430 virtutis
3105 4384 3419 4443 exsuperat,

185 4458 316 4529 signa
362 4463 602 4535 diligitis,
652 4465 694 4518 si
720 4463 1000 4533 expetitis,
1034 4463 1143 4517 Deo
1173 4478 1267 4516 vos
1299 4473 1592 4532 praeeunte,
1627 4463 1735 4517 Deo

188 4561 270 4614 pro
293 4551 434 4606 vobis
454 4555 758 4620 prmliante,
779 4553 1089 4607 mundetur.

250 4638 298 4692 Si
327 4641 641 4698 Macltabtris
677 4643 805 4696 olim
848 4643 913 4696 ad
955 4643 1242 4696 maximam
1291 4643 1490 4712 profuit
1518 4643 1735 4712 pietatis

192 4724 396 4800 laudem,
417 4735 540 4802 quia
566 4747 663 4802 pro
703 4733 1042 4787 caeremoniis
1083 4740 1140 4786 ct
1187 4732 1384 4800 templo
1408 4741 1734 4802 pugnarunt,

193 4824 238 4868 et
260 4819 414 4888 vobis,
442 4838 474 4876 o
496 4823 696 4877 milites
725 4821 1042 4887 Christiani,
1073 4821 1310 4890 legitime
1340 4821 1653 4874 conceditur
1681 4829 1741 4872 ttt

199 4918 436 4968 armorum
493 4915 674 4970 studio
727 4915 1032 4970 libertatem
1083 4914 1270 4982 patria:
1315 4912 1637 4976 defendatis,
1691 4911 1735 4968 si

199 4992 354 5055 limina
379 5006 537 5060 etiam
569 5005 958 5076 apostolorum,
989 5005 1073 5058 vel
1102 5013 1414 5059 sanctorum
1445 5005 1739 5073 quorumli-

199 5083 292 5150 bet,
327 5099 461 5149 tanto
507 5097 703 5151 sudore
747 5094 976 5166 petenda
1033 5095 1253 5164 putatis,
1317 5095 1444 5164 quid
1493 5109 1735 5161 crucem,

204 5176 309 5243 quid
348 5186 674 5256 sanguinem,
713 5187 844 5257 quid
888 5197 1292 5243 monumentum
1347 5200 1561 5253 eruere,
1611 5187 1740 5256 quid

202 5264 412 5339 visitare,
455 5277 580 5346 quid
627 5294 724 5348 pro
778 5265 862 5334 his
909 5279 1162 5336 eruendis
1208 5280 1510 5334 animarum
1565 5280 1738 5350 pretia

210 5353 495 5434 ειηνεηάρτε,
524 5368 878 5424 detrectatis?
900 5369 1140 5424 lndebita
1172 5368 1434 5423 hactenus
1463 5369 1597 5422 bella
1625 5384 1742 5439 ges-

210 5443 348 5512 sistis,
371 5454 419 5509 in
448 5470 660 5515 mutuas
683 5460 880 5523 caedes,
909 5475 1103 5514 vesana
1134 5459 1418 5528 aliquoties
1448 5460 1548 5514 tela
1578 5462 1742 5516 solius

213 5537 479 5601 cupiditatis
529 5558 622 5602 aut
669 5551 936 5620 superbia:
984 5563 1147 5604 causa
1197 5549 1470 5617 torslstis;
1517 5567 1585 5605 ex
1635 5568 1742 5620 quo

213 5636 459 5697 Perpetuos
485 5638 757 5707 interitus,
790 5649 841 5694 ct
867 5649 1015 5695 certa
1049 5638 1412 5693 damnationis
1433 5641 1594 5696 exitia
1631 5659 1740 5695 tne-

1840 4484 1934 4537 per
1957 4467 2247 4522 scintillam
2279 4477 2515 4520 vestram
2547 4476 2708 4521 tantae
2737 4467 3063 4538 paganitatis
3100 4466 3421 4520 arundineta

1840 4565 2151 4623 consumat,
2208 4564 2266 4609 ut
2309 4555 2624 4629 JEgyptnm,
2669 4557 2908 4611 Africam
2957 4557 3421 4624 ΧΕιΙιῑοῃίιιηημιο,

1838 4663 2010 4717 qntna
2053 4659 2252 4704 nosti-te
2297 4649 2633 4704 credulitatis
2679 4647 3057 4704 communione
3087 4645 3417 4708 desciscunt,

1840 4741 1979 4793 intra
2012 4739 2172 4808 hujus
2203 4742 2506 4796 rudimenta
2542 4740 2672 4810 legis
2713 4739 2974 4803 includat,
3013 4747 3066 4791 ct
3103 4737 3265 4793 homo
3297 4752 3424 4806 pec-

1845 4841 2018 4895 cator,
2048 4831 2191 4886 filius
2233 4827 2555 4902 perditionis
2584 4831 2793 4900 aliquos
2827 4829 3054 4884 rebelles
3084 4828 3355 4882 inveniat?

1915 4914 1982 4968 Et
2016 4930 2144 4969 ecce
2175 4915 2521 4986 Evangelium
2556 4914 2751 4967 clamat
2782 4912 3081 4966 Jerusalem
3113 4911 3423 4965 calcandam

1841 5021 1870 5059 a
1889 5005 2158 5076 gentibus,
2175 5005 2344 5061 donec
2366 5005 2684 5075 impleantur
2708 5004 2980 5057 nationum
3008 5011 3245 5073 tempora
3270 5000 3422 5072 (Luc.

1843 5095 2080 5162 xx1,24).
2105 5095 2359 5149 Bifariam
2382 5094 2600 5161 intelligi
2628 5103 3102 5162 possunttcutpora
3122 5093 3421 5157 nationum,

1842 5196 1938 5240 aut
1965 5187 2092 5256 quia
2131 5185 2459 5241 Christianis
2490 5185 2778 5238 dominam
2807 5194 2931 5237 sunt
2967 5185 3031 5238 ad
3063 5185 3343 5255 placitum,
3371 5194 3426 5239 t‘t

1844 5294 1942 5349 pro
1972 5277 2084 5332 suis
2114 5277 2426 5332 libidinibus
2456 5275 2844 5346 turpitudinum
2874 5277 3111 5331 omnium
3144 5277 3425 5354 volutabra

1843 5377 2061 5424 sectatae
2089 5377 2234 5435 sunt,
2261 5375 2313 5421 et
2338 5367 2393 5420 in
2423 5365 2636 5421 cunctis
2659 5365 2742 5420 his
2766 5365 2968 5419 nullum
2992 5366 3198 5421 obicem
3227 5367 3380 5420 habue
3399 5393 3427 5406 -

1846 5465 1991 5524 ruut,
2034 5465 2244 5526 tempus
2269 5456 2413 5510 enim
2447 5470 2603 5510 suum
2637 5455 2837 5510 habere
2860 5455 2930 5510 dit
2948 5465 3112 5509 untur
3137 5455 3330 5527 quibus
3357 5455 3425 5508 ad

1843 5560 2027 5605 votum
2050 5560 2243 5605 cuncta
2268 5560 2577 5620 suppetunt,
2611 5561 2667 5604 nt
2699 5561 2781 5605 est
2804 5551 2930 5604 illud
2968 5569 2979 5603 :
3009 5549 3230 5618 Tempus
3254 5565 3422 5602 meum

1848 5642 2074 5694 nomium
2103 5641 2345 5706 advenit;
2373 5651 2572 5708 tempus
2596 5652 2769 5694 autem
2792 5653 3014 5698 vestrum
3042 5657 3242 5712 semper
3267 5657 3396 5708 para
