3922 6318
472 352 583 420 379

1776 337 1831 392 ιι.
1869 339 1889 393 ι
1914 334 2119 390 RBANI
2159 331 2198 387 ιι
2240 328 2440 386 mae
3601 302 3693 387 530'

476 486 585 528 tum
614 432 687 529 est
710 471 890 542 (Joan.
914 483 1011 531 vn,
1033 464 1112 535 6),
1137 464 1278 518 umle
1303 472 1357 516 et
1386 456 1719 528 voluptuosis
1750 450 2006 508 soletdici
2040 465 2051 499 :
2088 450 2131 507 A
2162 445 2263 499 clis
2288 444 2420 498 locis
2450 442 2614 513 agile,
2645 440 2786 542 unde
2812 438 2965 542 vobis
2992 437 3207 542 pietatis
3247 434 3536 542 rudimenta
3560 453 3681 539 vene-

485 559 589 616 Vos
640 559 836 612 habetis
884 565 1082 623 tempus
1115 562 1381 606 vestrum:
1412 557 1504 602 aut
1560 558 1769 608 rursus,
1818 549 2056 609 tempora

474 644 756 705 nationum
788 654 913 701 sunt
957 643 1315 715 plenitudines
1342 639 1600 710 gentimn,
1626 650 1743 705 qua:
1771 642 2058 701 antequam

478 741 639 794 Israel
679 738 857 793 salvus
885 736 997 796 fiat,
1026 734 1407 789 subintraturre
1457 736 1611 791 sunt;
1638 727 1751 779 inec
1795 732 2057 789 tempora,

481 828 676 882 fratres
710 825 1036 889 charissimi,
1070 825 1227 877 modo
1260 821 1487 875 forsitan
1521 816 1908 883 implelnmtur,
1934 813 2057 863 dum

477 936 573 989 per
628 935 760 980 vos,
813 916 922 970 Deo
999 924 1365 983 cooperante,
1426 922 1752 981 paganorum
1813 902 2061 972 petentia:

478 1009 828 1077 repellentur,
880 1019 932 1061 et
992 1006 1095 1059 fine
1147 1004 1330 1059 saeculi
1364 1002 1476 1071 jam
1534 997 1856 1068 propinquo,
1912 1001 1965 1047 et
2016 991 2061 1046 si

478 1108 668 1168 gentes
692 1096 942 1151 desinent
984 1092 1227 1149 converti
1276 1092 1345 1145 ad
1395 1087 1697 1146 Dominmu,
1734 1081 1881 1151 quia,
1911 1078 2063 1148 juxta

477 1189 813 1260 Apostolum,
846 1197 1040 1257 oportet
1063 1185 1177 1252 ﬁeri
1200 1202 1230 1236 a
1252 1183 1355 1249 ﬁde
1381 1179 1745 1234 discessionem
1771 1171 1818 1243 (1
1829 1172 1851 1223 Ι
1880 1170 2062 1223 Thess.

479 1293 541 1343 rt,
572 1278 649 1348 5).
687 1277 921 1330 l'rimum
949 1284 1125 1328 tamen
1157 1285 1375 1327 necesse
1420 1277 1522 1333 est,
1552 1267 1703 1336 juxta
1753 1262 2063 1330 prophetas,

480 1378 608 1421 ante
629 1369 918 1421 adventum
957 1362 1298 1424 Antichristi,
1332 1361 1384 1414 in
1414 1359 1518 1414 illis
1542 1354 1807 1426 partibus,
1848 1358 1936 1403 aut
1971 1364 2066 1419 per

486 1470 604 1522 vos,
637 1465 725 1510 aut
750 1470 848 1523 per
872 1468 1008 1523 quos
1048 1452 1157 1505 Deo
1202 1449 1487 1520 placuerit,
1519 1444 1765 1501 renovari
1809 1439 2066 1495 Christia-

480 1546 666 1600 uitatis
698 1544 1006 1613 imperium,
1054 1550 1115 1596 ut.
1154 1540 1396 1595 omnium
1442 1537 1704 1593 malorum
1755 1540 1934 1602 caput,
1974 1529 2066 1599 qui

480 1624 676 1693 ibidem
706 1635 852 1707 regni
904 1636 1156 1689 thronum
1206 1633 1493 1686 habiturus
1542 1637 1646 1693 est,
1702 1625 1825 1680 fidei
1867 1622 2067 1691 aliquid

480 1736 669 1781 contra
695 1725 839 1795 quod
870 1733 1073 1793 pugnet
1104 1723 1339 1791 reperiat
1370 1719 1761 1773 nutrimentum

2161 542 2315 596 runt;
2371 540 2496 585 ante
2535 546 2651 595 vos,
2687 532 2739 585 in
2784 545 2879 585 sua
2924 529 3060 583 bella
3103 528 3406 591 mittendos.
3455 528 3684 589 Christum

2161 620 2275 675 fore
2303 621 2618 690 signiferum
2648 620 3011 675 indubitanter
3031 619 3327 683 crcdite,et
3346 633 3684 687 prtecursoretu

2162 713 2518 768 individuum.

2900 800 3011 855 ΥΠ.

2163 915 2334 987 (Petri
2359 916 2653 979 Τυυειιουι,
2685 916 2992 987 sacerdotis
3019 912 3365 987 Suriaeensis,
3395 912 3621 987 _If_istoria
3648 919 3693 970 de

2238 983 3014 1064 ρὶεισοεοζξμιιὶιωιρ’ἱνιίιιείςηΙ.
3047 998 3087 1047 ι,
3114 998 3163 1037 c.
3194 986 3240 1048 l,
3271 982 3410 1053 apud
3440 982 3692 1050 Ducnesxs,

2237 1054 2429 1125 Script.
2462 1052 2660 1109 Franc.
2698 1052 2787 1119 IV,
2817 1053 2968 1122 777.)

2234 1168 2477 1233 Fratres,
2500 1177 2713 1239 oportet
2740 1183 2837 1223 nos
2868 1168 3035 1221 multa
3079 1167 3188 1236 pati
3216 1180 3314 1236 pro
3354 1164 3690 1222 nomineChri-

2166 1260 2258 1323 sti,
2291 1259 2538 1313 videlicet
2563 1259 2809 1314 miserias
2843 1266 3239 1328 paupertatmn,
3283 1259 3695 1326 persecutiomun,

2166 1356 2494 1416 egestatum,
2518 1348 2915 1412 infirmitatum,
2942 1347 3221 1412 nuditatis,
3255 1346 3411 1401 famis
3435 1357 3486 1400 et
3515 1349 3636 1412 sitis,
3660 1360 3702 1405 et

2168 1437 2303 1491 alias
2353 1436 2679 1504 lmjusmodi,
2714 1438 2854 1492 sicut
2902 1438 3041 1492 idem
3086 1437 3345 1492 Dominus
3376 1438 3484 1491 suis
3530 1439 3616 1499 ait,
3642 1439 3704 1493 di-

2167 1541 2297 1581 cens
2330 1544 2342 1579 :
2379 1526 2594 1596 Oportet
2624 1546 2710 1583 vos
2750 1530 2862 1597 pati
2891 1544 2983 1596 pro
3014 1530 3220 1581 nomine
3263 1543 3405 1591 nico;
3436 1536 3488 1580 et
3515 1542 3529 1580 :
3564 1524 3707 1582 Nolite

2167 1617 2465 1671 erubescere
2492 1617 2633 1689 loqui
2672 1628 2791 1671 ante
2823 1618 2984 1687 facies
3009 1619 3311 1681 hominum;
3343 1633 3433 1685 ego
3468 1634 3572 1671 vero
3603 1619 3709 1671 dabo

2168 1705 2308 1759 vobis
2335 1724 2392 1760 os
2418 1717 2466 1761 et
2513 1708 2844 1776 sapientiam,
2876 1722 2938 1763 ac
2982 1706 3238 1777 deinceps
3267 1709 3612 1776 subsequetur
3638 1723 3711 1762 vos

552 1793 795 1888 Cogitate
822 1818 1003 1884 itaque
1032 1814 1172 1883 apud
1203 1828 1298 1868 vos
1320 1811 1465 1881 quod
1494 1824 1591 1862 vos
1618 1805 1975 1873 Omnipotens
1996 1799 2063 1854 ad
2097 1801 2139 1854 B
2167 1793 2316 1864 larga
2352 1796 2654 1850 retributio.

482 1909 586 1962 hoc
628 1905 861 1961 fortasse
890 1905 1194 1975 provideat,
1225 1913 1489 1970 quatenus
1517 1897 1814 1952 Jerusalem
1846 1911 1941 1966 per
1974 1907 2071 1948 vos

482 2015 513 2053 a
561 2008 706 2053 tanta
752 1996 1159 2053 conculcatione
1210 1995 1483 2050 restituat.
1531 1993 1700 2062 Rogo,
1757 1989 2073 2059 perpendite

484 2092 679 2162 quibus
706 2090 964 2144 cordibus
1013 2088 1205 2157 gaudia
1239 2087 1324 2140 illa
1375 2093 1629 2155 poterunt
1672 2083 1903 2151 concipi,
1951 2096 2071 2135 cum

485 2192 731 2236 sanctam
809 2181 1081 2235 civitatem
1153 2187 1332 2232 vestro
1397 2173 1727 2229 adminiculo
1782 2172 2076 2226 viderimus

486 2271 763 2336 suscitari,
821 2279 877 2324 et
928 2268 1243 2338 prophetica
1300 2266 1501 2321 nostris
1556 2262 1910 2333 temporibus,
1968 2262 2077 2316 imo

488 2362 705 2417 oracula
727 2362 927 2426 divina,
950 2359 1229 2428 compleri.
1263 2357 1471 2411 Moveat
1499 2354 1813 2410 memoriam
1845 2361 2076 2407 vestram

491 2453 634 2521 quod
674 2468 804 2505 voce
836 2449 1003 2520 ipsius
1034 2448 1244 2503 Domini
1276 2449 1342 2502 ad
1379 2445 1678 2501 Ecclesium
1704 2442 1909 2507 dicitur
1950 2459 1963 2493 :
2001 2440 2076 2493 Ab

495 2541 710 2596 Oriente
729 2542 989 2594 adducant
1010 2556 1183 2593 semen
1204 2548 1372 2604 tuum,
1400 2548 1445 2591 et
1474 2537 1537 2590 ab
1572 2534 1848 2588 Occidente
1862 2547 2079 2600 congre-

492 2633 625 2701 gabo
650 2643 697 2686 te
728 2632 863 2703 (Isa.
912 2648 1064 2698 xutt,
1096 2631 1171 2700 5).
1203 2629 1397 2684 Semen
1427 2637 1666 2682 nostrum
1697 2626 1837 2679 Deus
1858 2624 2081 2677 adduxit

494 2724 562 2777 ab
596 2718 836 2787 Oriente,
866 2723 991 2792 quia
1021 2721 1218 2791 duplici
1251 2721 1409 2775 modo
1440 2717 1720 2773 orientalis
1751 2715 1837 2769 illa
1869 2714 2083 2784 provin-

495 2814 579 2867 cia
615 2814 784 2869 edidit
812 2815 1082 2884 primitiva
1116 2815 1453 2867 incrementa
1482 2809 1639 2864 nobis
1673 2805 1948 2861 Ecclesize.
1974 2804 2079 2859 Sed

498 2908 566 2961 ab
597 2905 888 2962 Occidente
912 2922 1029 2960 eam
1052 2913 1362 2975 congregat,
1390 2905 1511 2957 dum
1532 2917 1624 2971 per
1652 2916 1745 2954 eos
1766 2898 1857 2967 qui
1885 2896 2080 2962 ultimi,

497 2995 620 3050 fidei
676 2998 997 3051 documenta
1075 3002 1395 3063 coeperunt,
1453 2988 1827 3046 Occidentales
1878 2986 2077 3041 scilice'

498 3085 663 3153 (quod
703 3101 797 3156 per
823 3101 937 3150 vos,
964 3094 1254 3155 praestante
1297 3084 1424 3146 Deo,
1454 3081 1567 3135 fieri
1597 3095 1754 3151 posse
1786 3078 2080 3149 putamus),

497 3174 946 3246 Jerosolymitana
983 3176 1177 3229 damna
1223 3182 1508 3229 rcstaurat.

572 3265 627 3317 Si
659 3265 1065 3334 Scripturarum
1086 3279 1179 3320 vos
1194 3280 1298 3320 non
1323 3264 1561 3318 excitant
1589 3262 1754 3327 dicta,
1781 3275 1881 3314 nec
1901 3266 2085 3314 nostra

498 3364 710 3410 vestros
739 3355 948 3409 animos
969 3364 1254 3426 penetrant
1280 3356 1500 3420 monita,
1530 3354 1729 3409 excitet
1750 3350 1940 3405 saltem
1970 3366 2080 3414 vos,

502 3461 689 3501 eorum
747 3446 837 3515 qui
891 3457 1080 3501 sancta
1131 3446 1251 3501 loca
1312 3446 1464 3501 adire
1534 3444 1843 3499 desiderant
1892 3457 2085 3504 magna

501 3537 739 3591 miseria.
795 3536 1117 3607 Perpcndite
1163 3552 1256 3593 eos
1284 3535 1375 3605 qui
1430 3528 1864 3606 peregrinantur,
1911 3542 1966 3588 et
1994 3549 2089 3602 per

482 3610 892 3678 ‘Metlitcrranea
947 3626 1071 3679 illuc
1126 3626 1348 3690 vadunt,
1403 3625 1665 3692 siquidem
1726 3623 2091 3693 opulentimcs

506 3723 656 3778 sunt,
680 3714 899 3781 quantis
932 3713 1401 3776 redhibitionibus,
1430 3715 1647 3783 quantis
1668 3714 1937 3767 violentiis
1958 3714 2089 3766 sul.-

501 3800 708 3871 jacent,
746 3802 872 3856 dum
921 3817 1059 3871 pene
1107 3818 1203 3872 per
1248 3804 1455 3872 singula
1510 3803 1758 3857 milliaria
1807 3802 2091 3871 pensiones

508 3900 793 3959 coguntur,
819 3900 871 3945 et
903 3891 1099 3946 tributa
1127 3893 1448 3961 dependere,
1481 3908 1579 3961 per
1622 3906 1863 3960 quasque
1899 3890 2089 3944 civit..-

492 3978 580 4037 ‘tis
608 3996 810 4052 portas,
841 3999 937 4054 per
962 3984 1310 4040 ecclesiarum
1360 3994 1413 4040 et
1456 3986 1776 4053 templorum
1820 3983 2092 4052 ingressos

511 4076 908 4144 redemptiones
964 4076 1269 4142 exsolvere;
1322 4076 1387 4129 ad
1446 4089 1688 4145 quasque
1736 4074 1801 4125 de
1851 4072 1982 4125 locis
2024 4072 2090 4124 aJ

511 4165 627 4221 loca
656 4166 1094 4237 demigrationes,
1138 4168 1335 4221 inﬂicta
1360 4168 1602 4236 qualibet
1635 4164 1999 4230 accusatione,
2027 4165 2091 4216 ad

512 4258 933 4327 redemptionem
968 4260 1323 4329 compellere?
1348 4260 1477 4313 dare
1505 4272 1633 4311 vero
1666 4271 1888 4310 munera
1909 4256 2031 4308 dear
2064 4282 2090 4293 -
2120 4290 2126 4295 η

511 4356 741 4411 ctantes,
766 4349 1034 4417 quomodo
1082 4349 1361 4419 gentilium
1407 4347 1646 4417 praefecti
1690 4344 2091 4406 consueverint,

510 4438 824 4493 verberibus
855 4441 1185 4494 truculenter
1233 4440 1459 4509 urgere?
1508 4438 1645 4505 Quid
1692 4443 1758 4491 de
1788 4436 1870 4490 h's
1896 4436 2091 4489 dicturi

492 4524 720 4594 Lemnus,
774 4532 865 4599 qui
924 4531 1056 4584 nihil
1114 4546 1334 4599 prorsus
1386 4529 1646 4582 habentes
1693 4530 1849 4580 nuda:
1898 4525 2091 4579 fiducia

515 4621 868 4689 paupertatis,
891 4622 1015 4675 dum
1041 4621 1115 4675 nil
1144 4633 1339 4690 praeter
1365 4636 1591 4690 corpora
1620 4622 1868 4674 videntur
1896 4618 2094 4671 habere

514 4712 657 4779 quod
688 4712 933 4782 perdant,
960 4714 1063 4765 iter
1093 4713 1221 4766 illud
1251 4713 1551 4781 arripiunt?
1579 4714 1709 4765 Dum
1740 4711 1808 4763 ab
1832 4713 1911 4764 eis
1933 4722 2094 4777 pecu-

514 4805 626 4867 nia,
663 4817 781 4871 qua:
826 4810 1064 4868 nonest,
1120 4804 1394 4872 suppliciis
1443 4801 1794 4858 intolerandis
1840 4801 2092 4871 exigitur,

516 4891 642 4945 dunt
671 4892 838 4947 callos
861 4893 1089 4946 talorum
1119 4909 1185 4946 ne
1227 4894 1365 4947 forte
1392 4893 1667 4962 quidpiam
1699 4892 1769 4945 ibi
1808 4878 2092 4960 insuerint,

517 4981 833 5036 dissecando
853 4997 915 5035 ac
941 4984 1242 5038 revellendo
1270 4986 1559 5047 rimantur,
1585 4982 1879 5037 crudelitas
1905 4983 2095 5037 nefan-

490 5068 706 5122 'dormn
737 5070 803 5124 ad
828 5071 929 5124 hoc
958 5086 1125 5140 usque
1152 5073 1466 5141 perducitur
1494 5081 1553 5123 ut
1579 5086 1767 5124 aurum
1802 5071 1880 5123 wl
1905 5086 2068 5141 argcn
2094 5112 2097 5115 -

520 5167 633 5212 tum
663 5162 888 5217 miseros
906 5163 1250 5217 absorbuiSSe
1269 5172 1541 5230 putantes,
1564 5171 1657 5215 aut
1685 5164 1809 5215 data
1839 5164 1889 5216 in
1912 5173 2095 5232 potum

518 5254 812 5329 scamonia,
842 5270 1013 5329 usque
1044 5256 1110 5308 ad
1147 5255 1428 5318 vomitum,
1456 5252 1538 5308 vel
1568 5254 1731 5307 etiam
1760 5255 2095 5322 eruptionem

519 5357 613 5397 eos
635 5328 875 5400 vitalium
906 5354 1118 5415 urgent,
1167 5345 1250 5398 vel
1290 5344 1454 5410 ferro,
1489 5346 1630 5413 quod
1670 5345 1770 5399 dici
1810 5344 1962 5399 nefas
1992 5352 2091 5407 est,

488 5426 489 5429 “
522 5432 765 5489 discissis
792 5436 1090 5499 ventribus,
1123 5435 1498 5489 intestinorum
1534 5449 1980 5505 quorumcunque
2013 5434 2097 5486 in-

522 5524 738 5577 volucra
761 5523 1149 5589 distendentes,
1193 5524 1449 5593 quidquid
1475 5526 1637 5580 habet
1668 5534 1857 5578 natura
1880 5524 2097 5587 secreti,

525 5617 767 5671 horribili
838 5616 1148 5671 concisione
1218 5618 1488 5686 aperiunt.
1546 5617 1817 5680 Recolite,
1884 5630 2097 5685 precor,

523 5722 708 5763 eorum
737 5708 900 5763 millia
927 5708 1017 5776 qui
1048 5708 1433 5763 detestabiliter
1454 5712 1753 5779 perierunt,
1778 5718 1827 5763 et
1857 5723 1953 5776 pro
1978 5722 2097 5759 san-

2899 1907 3008 1962 VIII

2177 1999 2497 2069 (Dvcnnsas,
2528 1998 2759 2052 Histoire
2770 1998 2843 2069 tle
2870 2009 2986 2052 lous
3010 2002 3085 2069 les
3109 2001 3407 2052 cardinaux
3432 1999 3663 2066 frnnaais,
3684 2005 3712 2051 ι.

2390 2069 2452 2133 ll,
2482 2085 2535 2137 p.
2566 2070 2658 2133 45,
2687 2080 2739 2123 et
2767 2067 2955 2131 szo,
2995 2067 3168 2121 Callia
3201 2070 3533 2138 purpurata.)

2249 2180 2619 2234 Existimastis
2650 2179 2808 2242 forte,
2862 2180 2954 2249 qui
2988 2179 3075 2234 hic
3104 2180 3206 2234 loci
3238 2180 3303 2235 ad
3334 2195 3431 2234 nos
3445 2181 3591 2234 acciti
3612 2194 3720 2233 con-

2178 2270 2429 2333 venistis,
2484 2270 2598 2325 veri
2648 2268 2964 2334 Christiani,
2999 2269 3167 2323 solam
3194 2269 3364 2325 fuisse
3396 2270 3469 2323 rei
3498 2269 3722 2323 ecclesia-

2180 2362 2329 2415 stica:
2343 2362 2409 2414 ad
2430 2376 2612 2413 norma
2623 2378 2670 2413 ιιι
2689 2360 2809 2414 lidei
2830 2359 3101 2430 religionis
3118 2360 3499 2430 componenda:
3515 2376 3721 2422 causam,

2180 2465 2300 2518 quae
2331 2464 2417 2503 me
2447 2450 2514 2504 ab
2538 2448 2681 2503 Urbe
2702 2448 2887 2503 venire
2908 2449 3259 2518 compulerit;
3300 2449 3403 2503 fuit
3431 2449 3652 2517 equidem
3680 2447 3722 2500 in

2180 2555 2244 2592 co
2268 2538 2467 2609 aliquid
2517 2554 2718 2603 causa),
2766 2538 2861 2592 sed
2889 2537 2991 2591 alia
3036 2540 3330 2607 urgentior,
3373 2549 3428 2594 et
3457 2555 3553 2608 qua
3576 2542 3725 2611 major

2184 2631 2290 2684 ulla
2341 2631 2445 2686 dici
2510 2648 2615 2686 non
2659 2631 2854 2700 possit,
2912 2645 3013 2686 nec
3062 2632 3384 2701 excogitari,
3444 2648 3537 2687 nos
3566 2636 3723 2691 traxit.

2182 2721 2393 2777 Paucos
2435 2731 2562 2776 ante
2602 2736 2796 2787 annos,
2824 2737 2955 2791 gens
2990 2738 3019 2775 a
3053 2721 3277 2776 Perside
3298 2724 3560 2790 Agarena,
3587 2740 3724 2793 quam

2184 2820 2441 2879 corrupte
2490 2795 2845 2864 Sarracenam
2901 2809 3117 2874 dicitis,
3166 2821 3414 2865 sanctam
3486 2813 3726 2868 civitatem

2188 2896 2553 2963 Hierusalem,
2602 2909 2956 2966 sanctamque
3006 2908 3204 2953 terram
3261 2901 3538 2966 invadens,
3588 2904 3727 2972 cepit,

2186 2990 2425 3059 diripuit,
2463 2990 2723 3054 incendit,
2758 2998 3163 3044 sacrosanctum
3202 2991 3414 3045 Domini
3455 2992 3728 3060 sepulcrum

2190 3082 2355 3151 (quod
2406 3082 2521 3136 sine
2550 3081 2811 3152 lacrymis
2838 3082 3020 3136 dicere
3059 3082 3371 3152 nequimus)
3399 3081 3727 3152 profanatum,

2191 3173 2385 3228 fwdata
2415 3173 2576 3227 etiam
2604 3172 2848 3228 ecclesia:
2866 3173 3080 3239 sacella,
3107 3174 3412 3242 templaque
3435 3174 3567 3229 ritus
3589 3178 3731 3229 nostri

2189 3276 2283 3321 aut
2312 3267 2426 3320 solo
2452 3277 2662 3335 arquata
2686 3275 2832 3329 sunt,
2870 3275 2965 3320 aut
2996 3269 3047 3320 in
3081 3266 3337 3336 profanos
3365 3281 3493 3322 usus
3520 3281 3733 3322 cominu-

2193 3368 2324 3412 tata.
2375 3358 2568 3413 Abacti
2603 3358 2726 3413 inde
2770 3357 3086 3420 Christiani,
3122 3372 3248 3426 pars
3278 3356 3507 3425 fragilis,
3552 3365 3602 3411 et
3627 3373 3733 3412 cru-

2192 3448 2433 3503 ciatuum
2466 3448 2753 3517 impatiens
2784 3449 2945 3502 saluti
2976 3448 3403 3513 abrenuntiavit,
3446 3448 3734 3503 circumciso

2192 3540 2454 3610 prmputio
2478 3538 2617 3595 facta
2642 3549 2726 3594 est
2756 3539 3080 3605 Sarracena,
3105 3555 3252 3609 pars,
3281 3540 3333 3593 in
3360 3539 3463 3594 fide
3490 3551 3732 3598 constans

2194 3645 2290 3699 per
2317 3630 2495 3684 varios
2525 3630 2715 3684 mortis
2743 3631 2931 3685 modos
2957 3629 3178 3684 lacerati
3214 3629 3529 3698 laniatique,
3556 3639 3609 3683 ut
3629 3630 3734 3683 felix

2194 3719 2378 3785 fuerit,
2442 3734 2601 3787 quem
2659 3717 2901 3773 carnifex
2946 3720 3171 3788 petitum
3202 3720 3381 3785 gladio
3403 3720 3735 3773 obtruncavit.

2195 3810 2445 3866 Mulieres
2470 3810 2809 3875 Christianae,
2836 3811 2887 3864 iu
2914 3812 3136 3865 urbibus
3173 3812 3492 3882 oppidisque
3513 3811 3736 3881 frequen-

2196 3900 2437 3962 tissimae,
2489 3914 2623 3967 quas
2672 3915 2738 3953 ex
2786 3899 2985 3953 vestris
3016 3900 3397 3968 quorumdam,
3439 3900 3527 3968 qui
3550 3899 3736 3959 astatis,

2194 3988 2420 4041 urbibus
2450 3998 2504 4042 et
2532 3989 2743 4058 oppidis
2777 3988 2991 4041 devotio
3026 3988 3089 4041 ad
3135 3998 3322 4043 sancta
3360 3988 3673 4058 inspicienda
3696 3998 3739 4040 et

2195 4080 2472 4134 adoraqu
2508 4079 2622 4133 loca
2666 4095 2763 4149 per
2786 4088 2862 4132 tot
2896 4088 3067 4134 terras
3100 4089 3360 4143 traxerat,
3394 4080 3572 4134 ontnia
3595 4094 3740 4149 passae

2194 4179 2320 4223 sunt
2341 4184 2460 4238 qum
2490 4168 2635 4223 dictu
2665 4169 2916 4224 obscoma
2947 4168 3180 4223 crudelis
3205 4169 3407 4223 Christi
3443 4171 3627 4235 hostis,
3653 4185 3739 4223 non

2196 4263 2261 4314 ad
2293 4277 2444 4315 suam
2478 4260 2649 4330 magis
2680 4260 2997 4329 explendam
3030 4259 3325 4323 libidinem,
3365 4260 3505 4329 quod
3527 4261 3589 4313 ad
3609 4259 3743 4314 Chri-

2196 4350 2494 4404 stianorum
2523 4348 2757 4402 dedecus
2776 4348 3082 4418 excogitare
3109 4349 3297 4418 potuit.
3331 4348 3418 4412 Et,
3440 4350 3483 4402 si
3510 4348 3744 4403 Christia-

2126 4477 2171 4535 D
2199 4437 2274 4503 ni,
2314 4437 2421 4513 imo
2458 4437 2501 4490 si
2532 4436 2631 4489 viri
2678 4437 2833 4499 estis,
2886 4450 2984 4490 nec
3008 4451 3164 4503 aequo
3191 4437 3379 4491 audire
3414 4437 3591 4491 animo
3618 4445 3746 4507 pote-

2199 4528 2318 4593 stis,
2351 4543 2449 4581 nec
2488 4527 2759 4594 patienter
2821 4525 3069 4581 tolerare.
3113 4526 3166 4580 In
3203 4543 3329 4595 quae
3348 4528 3549 4592 omnia,
3580 4537 3633 4581 ut
3659 4528 3745 4582 illis

2197 4633 2296 4688 pro
2328 4618 2592 4687 dignitate
2639 4616 2876 4670 nominis
2929 4616 3224 4671 Christiani
3258 4619 3537 4686 providere
3573 4618 3744 4683 velitis,

2199 4706 2462 4776 majorum
2486 4704 2752 4775 exempla,
2805 4706 3122 4769 maximum,
3160 4706 3301 4774 quod
3335 4706 3574 4759 imminet
3606 4706 3751 4775 negli-

2199 4802 2464 4875 gentibus,
2519 4799 2837 4870 periculum,
2890 4808 2944 4853 et
2974 4802 3313 4868 prmmiorum
3366 4802 3511 4870 spes,
3542 4815 3631 4855 vos
3654 4815 3748 4852 non

2196 4898 2399 4951 ducere
2465 4895 2638 4964 magis
2703 4910 2867 4963 quam
2922 4894 3138 4947 trahere
3204 4893 3497 4947 debebunt.
3559 4893 3749 4948 Etenim

2199 4988 2471 5058 subjectas
2519 4986 2791 5056 quondam
2854 4984 3219 5040 Romanorum
3249 4984 3478 5054 imperio
3499 4985 3751 5064 civitates,

2198 5090 2252 5132 ct
2286 5089 2485 5131 terram
2542 5085 2784 5130 sanctam
2814 5074 3064 5133 aTureis
3109 5073 3536 5143 Sarracenisque
3574 5073 3754 5127 nostris

2201 5168 2443 5223 hostibus
2470 5165 2755 5236 possideri,
2783 5163 3051 5218 neminem
3078 5178 3198 5217 esse
3234 5174 3473 5218 vestrum
3503 5163 3589 5234 qui
3620 5164 3754 5233 igno-

2201 5265 2283 5311 ret
2307 5266 2511 5311 certum
2549 5256 2829 5309 habemus.
2862 5253 3008 5320 Quas
3034 5268 3162 5307 vero
3178 5252 3402 5321 Europa:
3444 5252 3748 5322 provincias,

2200 5364 2336 5418 quas
2392 5347 2553 5400 urbes
2598 5345 2757 5400 iidem
2810 5352 3079 5415 premant,
3115 5353 3401 5413 occupent,
3430 5343 3748 5409 lacerentque

2202 5436 2478 5498 infideles;
2526 5434 2569 5487 si
2618 5449 2809 5487 omnes
2858 5433 3018 5488 simul
3077 5432 3361 5502 ignoratis,
3404 5421 3746 5501 ut‘nisquisque

2202 5532 2252 5584 in
2281 5546 2375 5584 sua
2424 5528 2699 5599 provincia
2745 5526 2915 5589 novit,
2966 5525 3067 5577 nisi
3100 5524 3239 5577 forte
3281 5538 3399 5585 vos,
3432 5520 3566 5576 Galli
3596 5534 3750 5572 remo-

2204 5626 2389 5683 tiores,
2427 5622 2540 5673 hch
2580 5634 2685 5672 non
2709 5617 2941 5677 sentitis,
2972 5616 3062 5684 qui
3093 5615 3452 5683 Hispanorum
3477 5611 3748 5680 aquitano-

2205 5725 2451 5777 rumqnc,
2486 5709 2552 5762 ah
2577 5722 2639 5761 ea
2670 5717 2825 5777 gente
2873 5718 3278 5775 oppressorum,
3314 5702 3441 5755 dum
3471 5701 3522 5754 in
3546 5699 3750 5755 servitu-

3844 550 3853 885 Ἡι

3866 1522 3871 1675 l
