3922 6318
229 321 306 380 581
946 346 949 347 ν
1015 304 1428 362 ΕΡΣΤΑΡΙΙΠΞΜ
1466 300 1743 357 SNONIS

1864 302 2058 356 IMITIS
2098 305 2602 363 CRESPEIENSIS.
2640 332 2641 335 η
3308 313 3413 368 58?.

226 444 311 488 tem
350 425 624 496 rapiuntur,
678 419 733 474 itt
779 419 1017 475 Africam
1073 418 1435 482 abducuntur,
1477 418 1740 471 clamores
1768 418 1814 475 Α
1846 430 1971 467 num
2029 417 2169 484 quod
2195 419 2392 471 nostris
2417 419 2745 487 temporibus
2794 419 2861 472 ad
2892 434 3113 487 parvum
3143 421 3293 475 orbis
3317 437 3415 475 an-

220 520 516 591 ejulatusque
565 509 807 580 singulos
860 524 956 578 per
1000 510 1115 562 dies
1152 508 1338 579 audire
1365 506 1592 562 debetis.
1635 504 1739 558 Sed
1842 502 2023 591 gulum
2066 506 2434 573 coangustari,
2480 517 2536 560 et
2569 508 2810 575 quotidie
2846 509 2911 562 de
2937 510 3149 563 excidio
3194 510 3412 577 pericli-

220 587 428 676 nunquid
468 618 573 668 vos,
619 600 900 666 Germani,
934 598 1197 664 Saxones,
1239 596 1450 660 Poloni,
1492 595 1736 658 Bobcmi,
1844 587 1943 648 tari
1972 594 2235 650 videmus.
2269 594 2374 653 Sed
2399 598 2781 666 propinquiora
2808 602 3153 669 attingamus,
3184 601 3411 655 Carolus

217 692 443 763 Ilungari,
490 690 584 744 etsi
636 689 841 743 Turcas
894 698 948 741 et
999 687 1328 743 Sarracenos
1360 687 1498 739 intra
1530 686 1740 739 viscera
1841 685 1963 749 iste,
2016 696 2377 755 cognomento
2432 703 2656 756 magnus
2711 702 2904 751 vester,
2957 692 3239 757 Germani,
3274 708 3412 761 pene

216 784 377 839 smvire
392 790 557 835 vestra
576 779 815 832 nondum
838 777 1072 842 sentitis,
1100 791 1259 845 quam
1289 791 1317 828 a
1346 776 1497 829 vobis
1515 775 1735 838 distent,
1841 774 1979 827 avita
2017 776 2266 844 origine’:
2297 776 2511 840 Vester,
2569 777 2784 840 Franci,
2827 796 2916 832 rex
2950 783 3411 849 vestrntningens

214 874 282 930 vel
320 872 478 936 fretis,
528 868 608 922 vel
662 867 973 922 fluminibus
1025 866 1323 936 ignoratis?
1360 864 1566 919 Italiam
1599 877 1738 917 nunc
1840 866 2026 928 decus,
2057 866 2344 936 Hispaniae,
2378 867 2679 935 Aquitania-
2707 879 2759 921 et
2792 870 2919 937 ipsis
2947 872 3183 924 Francia:
3214 873 3409 924 ﬁnibus

213 966 443 1032 alloquor,
497 974 653 1030 quam
696 958 894 1014 multos
915 967 1042 1011 ante
1076 972 1248 1011 annos
1269 955 1553 1009 Sarraccni
1582 955 1738 1007 dimi-
1841 957 2209 1012 incumbentes
2232 958 2564 1013 Sarracenos
2586 959 2793 1013 infinita
2824 962 3125 1015 mortalium
3160 966 3410 1017 examina

213 1056 331 1110 diam
351 1064 477 1120 pelle
509 1056 861 1119 occuparunt.
892 1047 945 1100 ίη
978 1060 1205 1115 eamque
1233 1045 1366 1099 adeo
1388 1052 1737 1113 Pellell‘al'tlltl
1839 1048 2165 1102 deturbavit.
2200 1050 2425 1103 Carolus
2473 1049 2807 1105 Sarracenos
2834 1051 2982 1104 Italia
3014 1052 3096 1120 (ut
3142 1052 3285 1108 fama
3314 1069 3410 1108 vos

209 1154 259 1199 ut
280 1140 689 1198 Christianorum
715 1145 895 1207 caput,
921 1136 1064 1192 Petri
1105 1135 1285 1190 sedem
1312 1135 1556 1193 Romam.
1594 1149 1736 1187 ntar-
1837 1138 2089 1208 vulgatis)
2147 1148 2289 1194 terra
2348 1149 2531 1195 sancta
2566 1140 3045 1210 Ilicrosolimisque
3088 1145 3309 1211 expulit.
3344 1145 3411 1197 Et

210 1242 358 1303 tyrum
385 1228 638 1297 sanguine
679 1226 855 1281 adhuc
887 1226 1213 1285 madentem,
1241 1224 1484 1277 invasam
1513 1224 1739 1277 obsedc-
1837 1246 1947 1301 quo
1974 1231 2242 1285 audebitis
2269 1242 2424 1302 pacto
2463 1241 2584 1301 post
2609 1235 2719 1285 lucc
2748 1233 2949 1291 dicere.
2980 1233 3148 1285 solam
3185 1249 3303 1287 esse
3322 1233 3408 1287 vel

206 1323 316 1382 rint,
346 1326 624 1388 captasque
652 1320 1015 1387 apostolorum
1054 1315 1196 1369 Petri
1226 1313 1448 1368 etl’auli
1486 1313 1735 1369 basilicas
1836 1322 2154 1391 primariam
2204 1331 2416 1390 gentem
2452 1322 2759 1387 Franciam,
2802 1338 2960 1389 quam
2993 1338 3120 1375 vere
3146 1322 3411 1375 Christia-

206 1409 585 1480 inquinaverint.
630 1407 862 1463 Venetos
886 1408 973 1462 hic
999 1408 1176 1470 video,
1201 1405 1492 1470 Dalmatas,
1522 1413 1575 1457 et
1604 1404 1736 1457 alios

1861 1427 1960 1466 tam
1980 1400 2254 1480 appellare
2286 1411 2462 1477 liceat,
2490 1411 2532 1464 si
2564 1410 2616 1463 in
2648 1425 2707 1462 ea
2751 1425 2867 1478 qum
2894 1410 3042 1463 vobis
3068 1409 3237 1471 adest,
3279 1426 3410 1478 optr-

205 1503 331 1557 sinus
378 1500 631 1554 Adriatici
687 1498 918 1560 accolas,
972 1497 1086 1566 qui,
1136 1498 1263 1551 dum
1313 1506 1570 1567 perpetua
1612 1512 1733 1550 cum
1838 1502 2025 1568 lentia,
2065 1501 2396 1557 Sarracenos
2422 1511 2475 1555 et
2512 1499 2736 1562 Turcas,
2768 1508 2892 1569 post
2923 1510 3135 1568 captum
3170 1500 3413 1567 inquina-

202 1588 480 1645 Sarracenis
524 1588 730 1657 prmlia,
780 1596 840 1643 ut
888 1602 949 1664 se
975 1595 1250 1652 tueantur,
1293 1594 1568 1648 exercent,
1593 1584 1733 1654 quod
1839 1600 2061 1659 tumque
2114 1592 2322 1647 Domini
2371 1607 2585 1646 sacrum
2636 1590 2966 1660 sepulcrum,
3013 1590 3191 1659 populi
3244 1591 3411 1649 etiam

200 1688 266 1734 est
297 1678 448 1734 Italiae
495 1678 761 1747 reliquum
824 1677 1130 1732 defensant.
1178 1675 1317 1741 Quid
1373 1673 1736 1728 multis?l‘uit

1860 1682 2134 1735 Ihristiani
2185 1682 2441 1752 reliquias
2492 1684 2609 1751 capi
2656 1682 2993 1752 Opprimique
3022 1696 3118 1748 per
3143 1680 3409 1748 ignaviam

201 1773 427 1827 hactenus
478 1770 530 1823 in
581 1769 845 1824 extremis
898 1768 965 1822 ad
1016 1767 1443 1836 septentrionem
1492 1764 1734 1834 partibus
1766 1744 1808 1801 Β
1839 1774 2199 1839 permiserilis
2236 1775 2258 1827 ?
2295 1744 2764 1842 Expergisgilx1iili,
2814 1744 3186 1835 obtgsm—mur;
3216 1782 3269 1825 cl
3314 1785 3413 1842 per

199 1863 391 1931 Ευτορὲθ
440 1858 1095 1927 ϐοηεωηιίηοιιοιίωηιιηι
1137 1856 1420 1925 imperium
1478 1857 1616 1910 οδω
1678 1862 1734 1907 στι
1836 1863 2046 1917 viscera
2079 1863 2464 1918 misericordia:
2496 1864 2587 1917 Dei
2620 1864 2786 1917 nostri
2820 1879 3062 1925 oramus,
3096 1861 3194 1914 viri
3240 1861 3409 1913 fortes

203 1959 421 2018 tauquam
446 1963 655 2013 murus,
705 1947 797 2016 qui
825 1946 1029 2002 Turcas
1056 1955 1219 2015 atque
1248 1946 1579 2001 Sarracenos
1606 1962 1734 2000 con—
1835 1952 1951 2006 orbi
1989 1951 2294 2005 Christiano
2317 1949 2618 2019 exemplum
2660 1951 3174 2018 incitamentumqne
3219 1948 3406 2015 futuri,

201 2038 329 2091 tinuit
350 2046 399 2090 et
422 2037 716 2107 prohibuit,
746 2053 815 2092 ne
836 2036 1730 2106 IIungaros,Polonos,Bohetnos,
1836 2055 1983 2092 arma
2036 2040 2234 2108 capite,
2295 2048 2526 2105 turmas,
2574 2041 2844 2104 cohortes,
2903 2040 3140 2110 legiones
3171 2039 3407 2102 educite,

200 2131 413 2198 ipsosque
475 2129 810 2184 Alemannos
838 2130 1034 2198 primo,
1066 2128 1257 2183 deinde
1288 2140 1514 2184 czeteros
1533 2130 1731 2182 obrue-
1838 2136 1946 2195 tam
2001 2128 2199 2182 multos
2254 2122 2487 2182 habituri
2552 2144 2831 2192 sequaces,
2884 2145 3048 2197 quam
3098 2129 3146 2181 id
3194 2129 3408 2183 ardenti

198 2217 698 2274 rentChristianos.
761 2219 954 2274 Pulsus
1000 2233 1130 2274 vero
1158 2228 1283 2274 ante
1314 2235 1514 2288 paucos
1563 2236 1733 2274 annos
1836 2219 2016 2271 animo
2068 2218 2245 2273 facere
2286 2218 2606 2274 ostendetis.
2665 2218 2852 2270 Aderit
2891 2218 3038 2271 vobis
3069 2218 3412 2286 omnipotens

197 2311 301 2364 Asia
341 2304 649 2380 imperator,
690 2312 758 2365 de
786 2310 1081 2365 retinendis
1123 2312 1733 2381 Constantinopolitauis
1836 2310 1998 2373 Deus,
2060 2309 2282 2379 angelos
2333 2323 2460 2362 suos
2481 2317 2607 2362 ante
2645 2308 2836 2361 faciem
2863 2317 3121 2370 vestram,
3153 2309 3241 2374 qui
3275 2308 3409 2360 diri-

196 2400 384 2470 Europze
428 2404 741 2471 regionibus
786 2400 1015 2458 laborat.
1067 2402 1122 2457 Si
1172 2416 1315 2456 ttunc
1370 2418 1432 2457 ea
1465 2404 1732 2472 respicitis
1834 2408 1961 2469 gaut
2018 2412 2234 2467 gressus
2281 2406 2514 2457 vestros,
2556 2396 2695 2449 coelo
2736 2393 2992 2448 dimittet.
3026 2395 3215 2462 Capite
3244 2395 3412 2463 igitrr

195 2489 620 2559 eonsideratisque
674 2490 789 2545 sola
845 2506 965 2560 qua:
998 2500 1123 2545 ante
1160 2492 1345 2547 oculos
1371 2502 1537 2559 sunt,
1589 2492 1633 2549 si
1659 2492 1731 2549 ir-
1833 2502 1885 2546 et
1916 2490 2140 2559 arripite
2170 2504 2339 2549 arma,
2378 2488 2693 2556 Christiani,
2733 2489 3069 2541 DomiuiCttm
3098 2486 3409 2554 sepulcrum

195 2578 367 2632 ruituro
414 2578 566 2635 brevi
624 2580 815 2636 Turca:
866 2590 922 2635 et
971 2580 1274 2638 Sarraceno
1314 2584 1579 2638 obsistere
1624 2600 1728 2639 non
1834 2579 2138 2644 Iiberaturi,
2193 2584 2244 2633 in
2288 2594 2395 2647 quo
2445 2595 2634 2633 omnes
2663 2588 2916 2631 aeternam
2958 2576 3109 2629 vobis
3133 2588 3409 2642 compara-

195 2670 407 2740 pergitis,
465 2671 563 2740 qui
614 2685 831 2726 sacrum
883 2672 1092 2727 Domini
1136 2675 1481 2743 sepulcrum,
1540 2691 1729 2729 sanam
1834 2672 1962 2726 bitis
2008 2670 2260 2742 gloriam,
2312 2679 2420 2723 ttttn
2453 2669 2615 2722 etiam
2646 2682 2826 2722 rerum
2864 2665 3041 2720 sateuli
3077 2666 3410 2732 incompara-

194 2759 298 2815 lesu
317 2761 504 2816 Christi
537 2770 740 2819 terram
771 2763 997 2830 pedibus
1029 2767 1403 2820 conculcatam
1430 2782 1458 2820 a
1493 2768 1730 2836 spurcis-
1833 2764 1967 2818 biles
1997 2763 2214 2817 divitias
2235 2760 2516 2830 parabilis.
2551 2758 2657 2812 Nos
2683 2758 2913 2825 denique
2938 2756 3006 2809 de
3038 2753 3408 2808 misericordia

193 2853 303 2907 sima
325 2862 474 2924 gente
502 2862 586 2907 tot
611 2868 785 2909 annos
830 2850 1454 2927 inQuinarineglexistis,
1486 2860 1757 2913 catndem‘
1833 2855 1953 2918 Dei,
2010 2856 2294 2908 beatorum
2348 2852 2494 2905 Petri
2554 2860 2607 2904 et
2658 2849 2805 2903 Pauli
2851 2847 3174 2902 auctoritate
3195 2843 3404 2904 confisi,

192 2942 234 2997 in
266 2946 482 2999 Histrum
521 2955 691 3016 caput
727 2946 934 3001 irrttere
961 2946 1107 3001 brevi
1153 2951 1423 3014 sentietis,
1453 2961 1729 3005 matronas
1834 2944 2081 2998 fidelibus
2130 2943 2477 3006 Christianis,
2530 2940 2621 3009 qui
2678 2950 2865 2993 contra
2918 2951 3154 3006 paganos
3191 2947 3412 2988 venera-

190 3047 213 3085 a
237 3034 489 3104 complexu
516 3044 722 3099 vestro,
760 3045 968 3093 vestras
990 3039 1245 3109 virgines,
1276 3041 1344 3095 ab
1369 3056 1558 3097 earum
1584 3044 1726 3108 sinu,
1757 3072 1800 3129 Ο
1833 3037 1960 3091 bilia
2008 3036 2122 3089 loca
2181 3033 2484 3101 ltttjttsmodi
2517 3032 2819 3085 detinentes
2856 3044 3008 3082 arma
3043 3024 3406 3094 susceperint,

154 3150 155 3165 ξ
189 3135 353 3189 pueros
398 3132 451 3178 et
491 3122 872 3180 adolescentes
909 3136 1120 3183 vestros
1165 3130 1217 3184 in
1270 3131 1585 3185 servitutem
1635 3146 1726 3187 vo-
1758 3112 1800 3132 “’
1832 3135 2057 3183 cunctas
2108 3126 2209 3179 sibi
2267 3141 2365 3195 pro
2393 3123 2605 3177 delictis
2647 3122 2760 3176 suis
2809 3118 3160 3189 pmuitentias
3190 3115 3406 3170 relaxa—

190 3209 361 3264 biscum
386 3210 500 3280 rapi
533 3210 780 3267 dolentes
808 3215 1097 3286 maestique
1134 3218 1404 3274 videbitis.
1442 3219 1634 3275 Melius
1673 3229 1723 3275 et
1829 3233 1972 3271 mus.
2024 3217 2241 3270 Interim
2290 3229 2439 3279 vero,
2497 3228 2591 3267 eos
2649 3211 2739 3281 qui
2773 3211 2965 3263 ardore
3010 3208 3130 3261 fidei
3161 3207 3404 3260 laborem

189 3298 347 3367 majori
402 3315 527 3355 cum
567 3299 737 3370 gloria
789 3305 960 3359 nostri
1010 3310 1380 3378 prOgeuitores
1417 3310 1724 3366 inchoatam
1834 3308 1994 3362 istum
2055 3307 2470 3375 assumpserint,
2531 3304 2629 3357 sub
2658 3301 2913 3356 Ecclesim
2943 3300 3201 3352 Romanae
3224 3306 3405 3366 prote-

189 3387 342 3443 Itomaa
385 3399 438 3444 et
484 3390 544 3445 in
576 3392 725 3448 Italia
771 3404 827 3451 et
853 3410 949 3465 per
976 3397 1247 3469 Europam
1286 3401 1629 3473 dignitatem,
1657 3404 1731 3458 ad
1834 3400 2032 3462 ctione,
2085 3408 2337 3467 tanquan
2369 3409 2509 3448 vera:
2538 3392 2859 3446 obedientia:
2893 3390 3029 3443 filios
3059 3386 3403 3452 suscipimus,

190 3480 323 3533 totius
342 3482 484 3539 orbis
513 3487 892 3542 monarchiam
936 3490 1266 3554 extulerunt,
1302 3507 1397 3560 per
1422 3492 1576 3559 cujus
1606 3509 1721 3547 om-
1834 3489 1886 3543 et
1929 3488 1998 3540 ab
2045 3486 2310 3540 universis
2370 3480 2854 3551 iuquietatiouibus
2908 3489 3017 3531 tam
3063 3478 3117 3530 iu
3168 3489 3402 3544 persona

188 3576 262 3627 bes
302 3575 607 3643 provincias
645 3588 700 3633 et
731 3578 980 3648 regiones
1011 3595 1202 3634 nomen
1257 3581 1435 3635 ﬂoruit
1463 3581 1724 3636 Christia-
1832 3594 1992 3649 quam
2025 3577 2079 3631 in
2121 3578 2278 3630 rebus
2310 3575 2598 3628 statuimus
2629 3584 2848 3624 manere
2881 3580 3119 3621 securos.

2725 3729 3402 3757 —__———-——I.

211 3740 2716 3765 W

1099 3901 1849 3989 EPITAPHIUM
1925 3897 2416 3988 SIMONIS

1344 4067 1619 4122 COMI'I'IS
1657 4067 2143 4122 CRESPEIENSIS

571 4222 832 4291 Scriptum
862 4223 918 4275 in
949 4224 1222 4292 pyramide
1242 4223 1495 4291 ejusdem,
1535 4239 1565 4274 α
1602 4222 1794 4274 domno
1823 4239 1958 4289 papa
1996 4221 2231 4286 ('rbuuo,
2260 4224 2594 4290 cogtioutculo
2628 4217 2810 4272 Odoue
2839 4217 2972 4289 (66).

182 4515 335 4572 Simon
360 4521 562 4577 habens
596 4538 813 4587 nomen,
855 4523 1113 4591 majorum
1145 4526 1405 4596 sanguine
1437 4526 1605 4591 claro,
1743 4507 1795 4564 D
1822 4520 1963 4576 Olim
2001 4520 2140 4575 facta
2172 4522 2342 4589 patris
2374 4534 2641 4574 renovatis
2677 4516 2968 4572 dietamine
3008 4514 3191 4567 fratris

238 4604 548 4665 Francorum
576 4628 883 4682 procerum,
911 4630 1036 4683 pars
1071 4629 1170 4685 ego
1200 4630 1391 4685 magna
1420 4616 1518 4671 fui.
1826 4614 2113 4683 Discipulis
2146 4628 2391 4667 normam
2424 4610 2613 4678 scripsi
2650 4610 2748 4663 sub
2778 4620 3012 4677 paupere
3047 4603 3255 4665 forma;

180 4690 485 4765 l’attpertatis
511 4718 720 4766 amans,
754 4705 979 4772 patriam
1015 4705 1381 4775 mundumque
1412 4707 1623 4778 reliqui,
1825 4705 1932 4761 Sed
1974 4703 2098 4773 quia
2139 4718 2238 4758 nee
2270 4702 2478 4772 spernit
2508 4700 2648 4753 Deus
2689 4698 2822 4760 hate,
2857 4710 2954 4748 uec
2982 4690 3325 4762 pauperiora,

233 4783 485 4844 Christum
512 4792 716 4847 divitiis
746 4794 997 4848 omnibus
1029 4794 1354 4850 anteferens.
1827 4793 2074 4849 Ostendit
2105 4792 2340 4862 Moyses,
2372 4790 2520 4858 operi
2558 4787 2818 4856 capiendo
2848 4784 3077 4837 minora.

178 4871 280 4931 Post
310 4881 371 4934 ad
397 4882 747 4949 apostolicam
778 4884 1015 4938 cmlestis
1045 4886 1299 4955 principis
1329 4887 1503 4942 aulam
1826 4884 2001 4951 Quare
2028 4884 2278 4938 lectorem
2307 4883 2529 4951 cupiens
2558 4879 2955 4938 auxiliatorem,

230 4967 447 5026 Eximius
485 4975 614 5027 tanti
648 4989 732 5027 me
781 4974 951 5042 patris
990 4976 1094 5045 egit
1140 4993 1313 5030 amor.
1827 4976 1911 5032 Me
1938 4976 2082 5047 legat
2101 4976 2380 5030 absentem
2420 4991 2579 5043 posco
2609 4973 2805 5025 virtute
2835 4972 3132 5022 carentem.

179 5055 273 5119 Quo
299 5060 426 5115 duce
454 5078 770 5131 prouterear
797 5066 1007 5119 tandem
1035 5082 1197 5135 super
1227 5077 1369 5122 astra
1407 5069 1567 5124 levari
1601 5089 1614 5123 :

294 5148 535 5227 IIospitor
570 5155 657 5208 hic
683 5170 869 5211 sacras
906 5158 1153 5213 conditus
1182 5169 1308 5213 aute
1331 5159 1496 5215 fores.

236 5316 841 5418 {66)‘Illudlepit'apltium
886 5338 1393 5418 lta‘bctur_ettat_n_in
1435 5343 1556 5397 cod.
1601 5361 1705 5418 ms.
1818 5348 2071 5418 videntur
2108 5348 2511 5418 esseiauctoris
2545 5348 2695 5418 Vitae,
2735 5345 2827 5414 qni
2868 5360 2961 5403 eos
3010 5344 3279 5415 prioribus
3323 5342 3392 5397 ab

176 5406 452 5486 tttooasterii
492 5406 986 5486 Cl:t_rintar_iseensis
1034 5409 1084 5461 in
1118 5409 1365 5465 Flaudria
1398 5428 1521 5466 cum
1567 5414 1712 5486 ejus-
1826 5416 2040 5473 Urbano
2078 5417 2332 5474 pontiﬁce
2365 5417 2526 5473 editis
2564 5406 2830 5485 adju'nx'it.

176 5470 274 5524 deut
312 5471 535 5530 Simonis
576 5476 715 5529 Vita.
754 5477 947 5529 Verum
995 5493 1086 5531 sex
1149 5495 1335 5533 versus
1383 5470 1714 5553 posteriores
