3900 6322
615 335 712 389 587

1401 333 1570 388 SAZC.
1605 334 1671 387 XI
1709 333 1908 389 AUCT.
1939 329 2208 386 INCER'I‘I
2233 329 2392 386 ANNI
2433 331 2519 386 ET
2554 331 2814 388 SCRIPT.
2859 333 3072 389 Ἀλεξα.
3666 347 3730 401 533

611 446 821 521 publiés
849 447 876 500 ἐι
912 448 1157 521 Tro__v_es._
1160 447 1198 500 ll
1230 446 1306 500 les
1334 445 1522 521 jugera
1555 448 1742 516 depnis
1783 449 2046 521 dansson
2087 459 2325 521 onvhrage
2365 445 2466 521 ges
2515 445 2718 521 Saints
2745 455 2798 521 et
2841 448 3118 521 antiquités
3159 448 3221 500 de
3278 450 3468 520 l'osges,
3515 454 3728 521 imprimé‘a

610 513 798 584 Epinal
831 532 895 570 en
938 513 1089 569 1634.
1118 516 1379 582 Francois
1407 513 1638 586 [{iguet;
1658 519 1827 585 grand
1856 517 2046 586 prévdt
2068 517 2132 570 de
2177 513 2481 586 salut-Die,
2531 516 2607 586 les
2633 515 2810 584 publia
2839 516 2870 569 Ξι
2898 513 2994 570 son
3041 525 3183 581 tonr,
3210 533 3272 572 cn
3302 513 3546 582 l67'9.'sur
3574 513 3731 582 l‘édition

607 587 675 664 de
699 586 898 664 Nancv.
927 587 1080 664 l‘sttlin
1107 587 1183 641 les
1209 585 1552 664 successean
1581 585 1964 664 de.l_30l|_andns
1987 587 2065 640 les
2090 593 2186 638 ont
2213 585 2416 639 donnés
2440 600 2532 664 sur
2560 585 2826 664 plusieurs
2853 588 3197 664 m‘anttserits,
3233 590 3552 647 collationnés
3573 609 3650 648 aus
3664 599 3735 650 eti-

610 655 748 710 tions
782 655 1149 724 précédentcs,
1188 665 1244 710 et
1273 657 1348 710 les
1376 664 1472 711 ont
1499 656 1736 710 enrichis
1764 659 1829 711 de
1859 665 2106 710 savautes
2135 663 2290 708 notes
2316 664 2368 708 et
2410 656 2783 709 observations
2821 655 3240 724 préliminaires.

3392 807 3705 836 ξ

1157 1102 1462 1160 EPISCOP]
1492 1102 1952 1161 TREVIRENSIS
1984 1103 2073 1160 ET
2099 1101 2540 1160 FUNDATORIS
2578 1102 3310 1160 MEDIANl-MONASTERII

1760 1241 2028 1296 lMAllTE-N.
2063 1242 2258 1296 Anecd.
2289 1241 2378 1307 Ill,
2411 1243 2593 1313 1095.)

2134 1379 2444 1396 —_

975 1584 980 1589 κ
1099 1526 1326 1583 CAPUT
1363 1524 1650 1580 PRIMUM.

674 1619 732 1676 S.
777 1617 1002 1686 Hildulﬁ
1048 1619 1356 1690 primordia.
1394 1613 1820 1687 —[Quoniam]
1870 1613 2176 1683 quicunque

595 1709 852 1781 baptizati
901 1707 1176 1764 Christum
1227 1705 1400 1761 induti
1450 1715 1578 1760 sunt
1622 1701 1771 1774 (Gal.
1823 1718 1905 1769 tv,
1945 1702 2080 1772 27),
2120 1712 2175 1757 et

595 1800 964 1855 luereditatem
1013 1799 1194 1853 animo
1239 1797 1578 1867 suspirarunt
1612 1802 1826 1848 aeternae
1871 1794 2080 1859 salutis,
2114 1803 2175 1848 ut

591 1890 878 1961 aliquando
923 1889 1067 1943 illam
1099 1887 1339 1943 valerent
1374 1884 1656 1953 consequi,
1687 1883 1768 1938 nsi
1805 1892 1929 1938 sunt
1971 1883 2174 1938 lumine

589 1982 878 2038 charitatis
923 1997 1022 2052 per
1073 1996 1233 2049 quam
1279 1979 1471 2033 unicus
1505 1977 1599 2032 Dei
1644 1976 1833 2040 Filius,
1871 1990 1994 2030 cum
2026 1975 2172 2030 solus

591 2083 736 2131 esset
765 2072 1016 2143 in'regno
1043 2060 1222 2127 Patris
1258 2070 1468 2136 aeterni,
1502 2075 1561 2122 nt
1598 2067 1909 2123 cohaeredes
1947 2067 2172 2122 haberet

589 2168 860 2232 homines,
902 2167 1100 2219 fratres
1147 2163 1250 2219 sibi
1302 2159 1596 2232 adoptavit,
1663 2158 1858 2229 quibus
1906 2158 1958 2212 in
2012 2157 2170 2211 domo

590 2258 770 2314 Patris
801 2257 882 2312 sui
916 2255 1222 2309 mansiones
1247 2251 1557 2306 collocaret.
1587 2249 1667 2302 Ad
1696 2249 1837 2302 hanc
1862 2261 1991 2316 ergo
2023 2247 2170 2300 festi-

592 2353 808 2409 nantes,
841 2345 986 2398 viros
1024 2343 1119 2396 Dei
1157 2339 1301 2395 solos
1341 2338 1529 2394 venire
1569 2337 1781 2407 puduit,
1809 2350 1933 2389 eum
1967 2336 2169 2389 scirent

587 2449 684 2490 ens
710 2433 801 2504 qui
830 2447 1012 2487 secum
1049 2430 1184 2485 alios
1213 2429 1491 2482 traherent
1529 2435 1736 2481 certam
1777 2438 1998 2478 manere
2026 2437 2169 2476 mer-

590 2529 800 2591 cedem,
824 2523 958 2579 adeo
982 2531 1042 2577 ut
1067 2535 1175 2592 quo
1199 2520 1385 2590 plures
1409 2519 1692 2582 veherent,
1720 2532 1785 2571 eo
1814 2514 2000 2583 majori
2032 2529 2166 2584 pra:-

591 2618 700 2671 mio
727 2614 1158 2680 cumularentur,
1201 2610 1286 2666 fisi
1316 2609 1406 2664 illa
1437 2608 1808 2671 attestatione,
1838 2621 1944 2676 qua
1978 2617 2165 2659 servus

589 2707 680 2762 ille
717 2704 1082 2774 evangelicus,
1122 2701 1384 2756 talentum
1417 2699 1521 2754 sibi
1547 2697 1813 2752 creditum
1855 2710 1978 2750 cum
2013 2693 2165 2746 lucro

589 2795 851 2860 referens,
884 2793 1077 2865 gaudio
1115 2790 1318 2847 domini
1363 2788 1447 2844 sui
1492 2787 1723 2842 donatus
1752 2793 1853 2840 est.
1894 2783 1976 2838 Ad
2005 2779 2163 2850 hujus

2191 1533 2239 1590 Α
2270 1522 2521 1578 videlicet
2555 1524 2598 1579 si
2627 1524 2694 1580 de
2733 1525 2918 1579 mundi
2963 1524 3190 1580 scientia
3235 1523 3499 1596 quidpiam
3533 1527 3734 1596 attigerint,

2278 1614 2400 1668 inde
2442 1614 2543 1669 iste
2582 1615 2753 1670 adhuc
2793 1615 2946 1670 bonae
2982 1616 3177 1670 indolis
3208 1631 3364 1686 puer,
3394 1618 3608 1670 omnibus
3628 1619 3735 1671 extet»

2276 1702 2469 1758 lentior
2493 1702 2692 1768 factus,
2716 1705 2771 1759 in
2797 1707 2910 1760 dies
2931 1707 3247 1776 proficiebat
3278 1708 3475 1777 integer
3494 1709 3552 1762 ab
3572 1709 3635 1764 his
3651 1709 3736 1761 vitiis

2274 1794 2467 1862 quibus
2503 1795 2757 1866 juvenilis
2799 1805 2930 1852 artas
2975 1797 3315 1867 implicatur;
3358 1800 3474 1852 dum
3506 1799 3621 1852 enim
3645 1800 3734 1851 multi

2261 1887 2458 1942 talium
2492 1889 2877 1944 controversiis
2914 1889 3239 1957 forensibus,
3271 1891 3361 1945 alii
3410 1891 3538 1946 ludis
3572 1892 3736 1960 multipli-

2273 1978 2459 2045 cibus,
2497 1979 2618 2046 alii,
2657 1980 2786 2035 licet
2830 1981 3117 2035 admodum
3164 1982 3312 2047 rari,
3360 1981 3413 2036 in
3459 1983 3735 2051 investigandi:

2270 2069 2608 2124 saecularium
2660 2070 2812 2124 nodis
2860 2071 3306 2140 disciplinarum,
3358 2071 3533 2126 intenti
3575 2072 3736 2138 obstupe

2270 2170 2443 2226 scant,
2475 2162 2563 2216 hic
2591 2161 2815 2232 pervigil
2852 2163 2904 2216 in
2951 2163 3312 2228 orationibus,
3343 2165 3567 2217 assiduus
3600 2163 3733 2217 lectioni

2269 2260 2403 2314 erat,
2430 2259 2590 2320 atque
2625 2251 2769 2304 ultra
2801 2251 2945 2306 vires
2978 2252 3232 2321 Operibus
3265 2252 3736 2308 misericordiatiutcn-

2271 2351 2354 2395 tus
2405 2356 2722 2396 succurrere
2773 2340 3178 2406 laborantibus,
3233 2357 3394 2411 opem
3447 2342 3571 2396 ferre
3605 2340 3732 2408 egenis

2267 2431 2482 2485 miseris
2530 2431 2784 2485 assistere
2835 2431 3108 2501 diligebat.
3151 2430 3366 2487 Talium
3413 2447 3529 2502 ergo
3568 2432 3733 2485 virtute

2269 2521 2614 2576 incrementis
2662 2521 2792 2590 quid
2842 2521 3058 2577 futurus
3103 2533 3296 2592 pastor
3343 2522 3572 2578 Ecclesia:
3613 2521 3736 2574 faceret

2267 2613 2717 2681 permonstrabat.

2888 2703 3114 2761 CAPUT
3151 2705 3213 2762 ll.

2336 2791 2426 2847 Fit
2463 2793 2681 2848 clericus
2721 2811 2812 2849 nec
2844 2795 3006 2849 multo
3048 2806 3164 2864 post
3211 2792 3734 2850 monachum—interea

587 2886 771 2953 itaque
837 2882 1016 2952 gaudii
1071 2877 1395 2935 ineffabilem
1455 2876 1794 2930 dulcedinem
1845 2873 1934 2927 ille
1992 2871 2153 2926 bonus

2267 2885 2505 2939 moribus
2525 2885 2911 2940 ecclesiasticis
2939 2885 3282 2943 assuefactus
3307 2886 3445 2956 apud
3467 2886 3616 2940 urbem
3639 2883 3734 2949 vulgo

585 2975 748 3030 Pater
788 2973 1022 3028 familias
1049 2986 1237 3028 omnes
1264 2969 1452 3026 volens
1493 2969 1856 3031 introducere,
1893 2966 2072 3020 missis
2104 2966 2158 3018 in

585 3064 847 3119 mundum
887 3062 1062 3120 servis
1106 3061 1240 3126 suis,
1266 3069 1492 3117 cunctos
1534 3058 1791 3128 praecepit
1819 3056 2053 3120 invitari,
2081 3063 2155 3120 et,

583 3171 653 3211 ne
703 3156 757 3210 in
803 3155 889 3210 via
934 3153 1228 3210 deficerent
1276 3161 1370 3206 aut
1415 3157 1685 3214 errarent,
1713 3148 1894 3204 tritico
1939 3148 2061 3201 vita:
2106 3156 2161 3202 et

582 3246 830 3316 lampade
857 3243 1138 3300 charitatis
1169 3242 1395 3314 geminae
1425 3240 1750 3306 sustentari;
1799 3253 2028 3308 cumque
2057 3237 2158 3292 hoc

581 3335 980 3406 Omnipotentis
1005 3333 1271 3390 divinitati
1299 3333 1390 3389 diu
1421 3346 1580 3404 agere
1606 3331 1916 3402 placuisset,
1945 3337 2006 3382 ut
2033 3343 2158 3382 con-

579 3426 748 3481 servis
783 3425 896 3480 suis
930 3439 1029 3479 suo
1073 3423 1124 3476 in
1157 3431 1397 3492 tempore
1429 3421 1592 3476 tritici
1634 3433 1940 3474 mensuram
1968 3432 2157 3487 eroga-

579 3524 685 3580 ret,
717 3515 782 3568 ad
833 3513 1070 3568 laborem
1110 3511 1393 3582 praesentis
1436 3511 1560 3564 vita:
1604 3509 1842 3564 futurum
1880 3514 2156 3578 pastorem

579 3605 825 3674 populis,
868 3603 1216 3672 llildulphum
1266 3602 1515 3669 nomine,
1560 3599 1721 3670 jussit
1768 3599 2019 3670 prodire,
2062 3596 2155 3667 qui

579 3693 726 3747 claro
754 3691 1070 3747 Nerviorum
1113 3706 1308 3762 genere
1341 3699 1515 3756 ortus,
1551 3691 1693 3745 inter
1725 3689 1999 3744 scholares
2042 3686 2155 3740 alas

581 3797 752 3837 sacra:
781 3782 986 3836 militiae
1011 3781 1172 3836 alitus
1212 3790 1314 3836 est.
1359 3781 1537 3852 [Circa
1567 3781 1709 3836 illius
1733 3781 1990 3851 temporis
2020 3787 2150 3833 aeta-

582 3875 690 3920 tem
740 3865 1064 3922 Garihaldus
1118 3868 1338 3938 regebat
1383 3868 1624 3923 eamdem
1674 3867 2014 3933 Noricorum,
2052 3868 2154 3922 hoc

579 3966 666 4011 est
719 3957 1103 4024 Bavariorum,
1163 3967 1408 4028 gentem,
1465 3959 1617 4030 cujus
1677 3959 1871 4024 tiliam,
1937 3959 2153 4015 nomine

576 4049 983 4116 Trudelindam,
1014 4050 1306 4122 Agilulfus,
1331 4066 1425 4106 rex
1466 4050 1964 4121 Longobardorum,
1987 4051 2149 4105 sorti-

573 4149 661 4195 tus
689 4140 864 4194 fuerat
891 4155 1134 4195 uxorem.
1171 4139 1340 4211 Hujus
1376 4141 1540 4195 etiam
1569 4139 1782 4209 Agilulli
1819 4137 1885 4192 ad
1915 4139 2150 4194 obsidio-

2262 2976 2611 3048 Regensburg
2658 2975 2735 3049 (9)
2784 2977 2981 3031 dictam
3017 2977 3312 3033 clericatus
3343 2978 3550 3031 honore
3586 2975 3737 3028 donatas

2260 3076 2366 3122 est.
2419 3069 2553 3134 Quia
2584 3083 2712 3123 vero
2751 3082 2933 3123 semen
2971 3078 3130 3123 recte
3159 3069 3474 3124 intentionis
3499 3065 3628 3121 semel
3643 3064 3734 3133 ᾕρεε-

2260 3167 2344 3212 rat
2374 3159 2715 3229 omnipotens
2736 3156 2986 3228 Agricola
3009 3157 3063 3210 in
3089 3157 3233 3212 bono
3262 3173 3395 3212 arvo
3415 3153 3611 3226 pectoris
3631 3150 3733 3208 illius,

2257 3250 2518 3319 paulatim
2550 3249 2867 3320 assurgebat
2909 3249 2966 3303 in
3000 3263 3067 3303 eo
3101 3250 3347 3304 robustae
3375 3245 3646 3318 operationis
3664 3241 3736 3296 rul-

2259 3354 2398 3404 mus,
2434 3338 2693 3393 attonitus
2731 3352 2923 3407 nempe
2952 3344 3006 3392 ct
3032 3337 3224 3391 avidus
3265 3353 3367 3392 nec
3408 3337 3572 3390 surdus
3594 3330 3734 3384 auditor

2257 3429 2493 3484 existens
2532 3429 2829 3498 Evangelii,
2870 3443 2976 3482 non
3012 3427 3278 3483 remissus
3307 3421 3734 3484 obauditoranlelut

2256 3520 2396 3586 ﬁeri,
2435 3521 2561 3575 illud
2597 3520 2932 3574 Dorninicum
2982 3520 3097 3574 sine
3143 3520 3532 3574 intermissione
3561 3516 3734 3582 ingerens

2255 3611 2357 3666 sibi
2389 3630 2400 3664 :
2428 3611 2530 3676 Qui
2561 3610 2824 3680 reliquerit
2846 3611 3078 3674 domum,
3110 3619 3202 3662 aut
3227 3619 3454 3679 patrem,
3480 3617 3548 3660 aut
3564 3611 3732 3660 matrem,

2255 3712 2346 3755 aut
2395 3702 2606 3771 fratres,
2655 3711 2746 3755 aut
2790 3717 3014 3764 sorores,
3063 3709 3155 3754 aut
3193 3718 3356 3770 agros
3401 3710 3575 3769 propter
3607 3707 3731 3744 nomen

2251 3810 2446 3857 meum,
2479 3793 2772 3862 centuplum
2802 3793 3014 3861 accipiet
3047 3803 3096 3846 et
3128 3793 3292 3845 vitam
3328 3803 3554 3846 arternam
3575 3784 3729 3855 ροεδίάι·

2254 3886 2325 3938 bit
2367 3884 2582 3954 (Matth.
2627 3899 2745 3948 XIX,
2783 3883 2896 3953 29).
2941 3881 3088 3936 Talia
3129 3882 3278 3936 enim
3330 3897 3447 3952 qua:
3475 3878 3643 3932 videbat
3667 3869 3728 3925 sibi

2253 3975 2461 4038 adesse,
2494 3972 2782 4041 plurimum
2829 3986 2940 4026 suae
2978 3971 3355 4025 arbitrabatur
3398 3961 3731 4040 perlectioniob-

2251 4079 2403 4129 esse;
2437 4063 2624 4118 uxoris
2659 4077 2789 4117 vero
2826 4062 3166 4131 filiorumque
3211 4078 3382 4116 causa
3420 4075 3516 4114 non
3547 4057 3634 4125 ejus
3657 4050 3728 4103 ani-

2251 4169 2398 4208 mum
2447 4152 2790 4216 stimulabat,
2847 4153 3042 4222 quibus
3105 4153 3372 4206 hactenus
3421 4148 3623 4206 carebat.
3659 4139 3730 4194 Μελ

570 4245 694 4285 nem
757 4227 912 4285 urbis
971 4229 1277 4286 festinantis
1333 4230 1862 4301 pracellentissimus
1921 4229 2148 4284 domnus
2175 4219 2216 4276 C
2251 4245 2481 4313 denique
2504 4258 2600 4312 per
2623 4241 2750 4295 iuud
2781 4219 2988 4311 ιρηῇρυε
3016 4250 3123 4294 iam
3149 4240 3512 4296 indifferenter
3533 4230 3732 4289 distribue-

567 4338 706 4394 papa
735 4325 1029 4394 Gregorius
1071 4326 1398 4381 mentionem
1453 4324 1584 4380 facit
1637 4324 1727 4396 (In
1765 4331 2041 4378 comment.
2090 4323 2144 4378 in

569 4415 951 4486 Esechielem).
985 4418 1060 4471 Ea
1093 4432 1304 4486 quoque
1347 4426 1670 4488 tempestate
1699 4417 1999 4472 Austrasiis
2040 4416 2142 4470 imo

565 4509 792 4578 perabat
837 4507 1270 4574 Tbcudebertus,
1299 4524 1363 4564 ex
1401 4508 1744 4564 Chidelberto
1783 4506 2142 4561 Bruniehildis

566 4603 680 4658 filio
724 4610 1070 4672 procreatus,
1117 4600 1273 4670 cujus
1317 4603 1371 4656 in
1421 4601 1542 4656 aula
1589 4600 1920 4656 educabatur
1957 4599 2142 4653 beatus

563 4693 852 4760 Arnull‘us,
904 4693 1162 4748 Arnoaldi
1217 4693 1300 4747 vel
1346 4691 1569 4747 Arnoldi
1619 4693 1718 4747 sub
1772 4690 2012 4746 Clotario
2059 4690 2141 4744 vel

565 4785 871 4853 Dagobcrto
902 4783 1129 4839 illustris
1165 4783 1267 4837 viri
1307 4781 1470 4848 ﬁlius,
1500 4796 1568 4836 ex
1596 4779 1994 4849 majoredomns
2022 4786 2141 4848 post

563 4874 779 4928 modum
836 4872 1254 4929 Mediomatricaa
1307 4872 1428 4928 urbi
1489 4870 1729 4941 pontifex
1798 4870 2137 4937 destinatus;

564 4963 762 5032 quique
793 4964 860 5018 ad
889 4972 1190 5020 extremum
1215 4963 1530 5018 renuntians
1566 4962 1704 5032 apici
1746 4962 1880 5015 tanti
1918 4961 2137 5030 pontifi-

566 5060 741 5117 catus,
786 5053 1181 5109 anachoretica:
1217 5053 1342 5108 vita:
1380 5059 1618 5108 sectator
1660 5049 1883 5106 effectus
1924 5057 2010 5104 est
2047 5050 2138 5103 de-

564 5153 742 5196 v0tus.
772 5144 970 5198 Verum
999 5161 1132 5215 puer
1158 5144 1345 5201 Deiab
1371 5144 1486 5214 ipso
1514 5143 1805 5198 Conditore
1839 5140 2138 5212 perelectus

563 5231 986 5288 misericorditer
1014 5233 1359 5306 Hildulphus]
1385 5243 1441 5289 et
1470 5249 1595 5288 mox
1635 5232 1846 5288 futurus
1875 5230 2139 5287 Christia-

562 5336 646 5375 nze
680 5319 929 5376 defensor
961 5324 1232 5394 religionis
1282 5339 1347 5380 ac
1379 5325 1569 5381 doctor
1603 5324 1794 5380 studiis
1831 5322 2134 5385 litterarum

563 5411 817 5476 traditus,
858 5411 1033 5467 divina
1072 5416 1244 5484 gratia
1278 5425 1624 5487 cooperante,
1657 5418 1709 5471 in
1761 5404 1914 5471 brevi
1955 5411 2134 5468 elIica-

559 5505 778 5557 cisstme
804 5502 1014 5556 claruit.
1048 5505 1222 5574 Atque
1249 5509 1570 5583 unde‘multi
1598 5523 1694 5577 per
1719 5509 1944 5576 abrupta
1973 5505 2132 5561 vitio-

557 5609 679 5680 rum
728 5592 1001 5660 defluunt,
1051 5603 1104 5648 et
1143 5595 1198 5649 in
1243 5611 1396 5651 coeno
1441 5598 1705 5666 superbire
1754 5597 2127 5664 devolvuntur,

571 5714 587 5729 °
624 5704 702 5769 l2)
742 5705 796 5760 ln
829 5717 933 5762 vet.
962 5723 1062 5764 ms.
1086 5706 1189 5772 leg.
1222 5706 1665 5773 Reqenesbuorch.

2251 4334 2446 4388 bantur
2494 4333 2713 4387 ordines
2766 4331 3118 4386 ecclesiastici
3179 4330 3328 4385 sicut
3391 4326 3624 4384 cernimus
3669 4318 3729 4369 hac

2249 4432 2430 4479 nostra
2468 4430 2626 4477 aztate
2653 4421 2922 4485 distribui,
2955 4422 3048 4476 sed
3082 4430 3403 4491 perpetuum
3431 4408 3729 4488 professoribus

2249 4512 2582 4569 castimonia:
2630 4519 2723 4564 aut
2768 4510 3111 4579 virginitatis.
3158 4509 3268 4563 Sed
3318 4509 3399 4562 vir
3450 4507 3540 4560 iste
3589 4502 3727 4554 beatus.

2248 4601 2480 4672 Spiritus
2508 4599 2676 4655 sancti
2708 4599 2876 4669 gratia
2917 4607 3250 4668 praeventus,
3273 4613 3305 4652 a
3335 4593 3589 4652 cunabulis
3613 4585 3727 4641 illiba-

2247 4700 2364 4755 tum,
2391 4705 2420 4744 a
2451 4689 2795 4759 corruptione
2841 4687 3022 4743 carnis
3069 4687 3308 4742 servavit
3349 4692 3541 4756 pectus,
3568 4672 3726 4737 intuli“

2244 4782 2468 4837 latebris
2513 4790 2750 4834 mentem
2791 4794 2943 4834 suam
2995 4777 3322 4832 informabat
3350 4787 3405 4832 et
3442 4773 3609 4828 alebat.
3638 4765 3726 4818 Prt-

2246 4872 2424 4928 missis
2457 4879 2512 4925 et
2551 4869 2670 4923 aliis
2705 4868 3029 4936 evangelica:
3058 4867 3416 4921 institutionis
3451 4860 3618 4922 verbis,
3643 4865 3725 4922 pnt-

2245 4961 2434 5016 denter
2478 4959 2763 5014 advertens
2805 4972 2910 5010 non
2942 4956 3118 5010 solum
3162 4955 3366 5008 sanctis
3404 4953 3510 5006 hzcc
3535 4948 3643 5002 dicta
3669 4944 3725 4990 ant

2243 5051 2439 5106 donata
2494 5048 2775 5118 apostolis,
2817 5063 3002 5102 verum
3052 5047 3214 5100 etiam
3258 5044 3466 5116 cunctis
3506 5041 3552 5094 in
3586 5033 3725 5087 unitale

2243 5142 2365 5196 fidei
2391 5140 2684 5210 apostolica
2713 5138 3055 5209 suggestione
3087 5120 3359 5200 fundatus,
3387 5132 3578 5188 tandem
3600 5135 3724 5179 exem-

2241 5231 2330 5302 plo
2363 5231 2536 5285 fidelis
2574 5229 2825 5293 Abrahae,
2859 5237 3025 5292 terra,
3057 5218 3374 5298 cognatiohe
3412 5224 3637 5286 domoque
3663 5223 3723 5276 1³³·

2242 5332 2454 5377 rentum
2497 5335 2764 5390 egressus,
2798 5320 2900 5372 iter
2935 5318 3162 5387 arripuit
3206 5314 3546 5374 Sicambriam
3579 5313 3720 5359 versus,

2241 5412 2510 5480 subiitque
2557 5411 2832 5466 civitatem
2865 5407 3152 5482 Trevirim,
3183 5395 3344 5480 quam
3392 5415 3509 5456 tunc
3546 5395 3721 5482 οορίοειξέ

2240 5503 2507 5558 incolebat
2554 5499 2812 5571 populus;
2862 5498 3241 5552 monachorum
3295 5495 3454 5549 etiam
3489 5489 3719 5571 b01139?"

2239 5595 2414 5652 nionis
2457 5593 2675 5648 odorem
2703 5590 3066 5664 ‘circumcirca
3114 5585 3471 5659 sp'argentium
3507 5568 3718 5635 decorabat
