3900 6322
69 323 222 378 589
1208 318 1550 374 VALCANDI
1594 320 1749 374 V'l'l'A

1901 321 2286 376 lilLllUlJ’lil.
3269 343 3374 396 590

51 443 446 488 conventus.
493 432 726 500 Quibus,
772 446 920 502 spem
975 431 1154 486 STCIIIi
1220 433 1452 486 irridens
1500 433 1698 500 imper-
1729 434 1772 490 A
1804 434 2044 486 omnium
2094 435 2306 499 sonuit,
2359 435 2499 504 quod
2551 437 2632 489 vir
2681 445 2823 491 esset
2877 438 3100 501 nobilis,
3152 437 3376 494 scicntia

49 525 351 580 territus
391 526 713 594 agouotheta
745 523 978 588 Christi,
1027 524 1294 588 sociatus,
1347 523 1700 577 monasticam

47 629 376 667 normam
429 612 763 682 professione
810 613 1043 682 explevit
1082 620 1137 666 et
1181 611 1416 676 actibus;
1461 611 1702 678 adeoque

50 704 332 758 frixum
363 704 533 758 sancti
564 703 684 767 zeli,
717 703 861 757 circa
900 705 1254 758 monasticam
1295 702 1698 772 perfectionem,

51 797 336 852 exussit
374 811 467 850 cor
510 795 626 864 ejus
668 804 726 848 ut
775 796 967 850 terrori
1005 804 1060 849 et
1099 795 1343 865 exemplo
1382 795 1697 859 minoribus,

52 885 462 942 venerationi
502 900 630 938 vero
665 893 720 938 et
757 885 927 938 amori
967 885 1132 938 fuerit
1171 883 1484 952 majoribus.
1521 884 1702 953 Itaque

57 979 238 1033 Milo
275 977 362 1048 ('5)
396 977 673 1031 reverendi
717 977 961 1030 Lutroini
1007 977 1146 1031 filius
1185 987 1309 1030 tunc
1339 977 1702 1046 archiepisco-

59 1087 230 1138 pus,
281 1068 626 1138 perpendens
661 1069 802 1122 hunc
841 1077 1088 1122 sanctum
1119 1067 1292 1120 virum
1335 1066 1559 1121 scientia
1595 1066 1699 1119 ful-

66 1172 248 1226 tum,
277 1161 610 1216 discretione
636 1170 925 1226 maturum,
943 1160 1350 1215 conversatione
1375 1159 1698 1229 angelicum,

71 1253 570 1322 diversarumque
607 1252 862 1307 virtutum
909 1253 1130 1308 tendere
1175 1251 1431 1323 gradibus
1476 1250 1541 1305 ad
1578 1266 1700 1320 per‘

75 1344 376 1400 lectionis
413 1345 704 1408 cumulum,
737 1345 982 1399 coenobio
1020 1345 1348 1401 abstractum
1387 1360 1570 1402 secum
1621 1360 1700 1398 re-

76 1438 295 1492 tinere
326 1435 516 1499 voluit,
547 1445 707 1506 atque
735 1438 1023 1490 secundam
1051 1453 1080 1491 a
1105 1453 1162 1492 se
1186 1440 1366 1494 sedem
1387 1440 1434 1492 ei
1459 1438 1698 1501 indulsit,

75 1537 392 1598 quatenus
430 1529 545 1582 vice
585 1527 752 1594 ipsius
799 1528 1070 1596 pastorale
1113 1530 1548 1584 subministraret
1588 1529 1700 1582 olli-

78 1623 280 1687 cium,
320 1620 590 1676 sarcinam
629 1619 951 1690 perferendo
988 1623 1090 1678 sibi
1135 1623 1459 1677 creditarum
1491 1623 1698 1685 ovium,

82 1718 263 1772 sanis
296 1728 357 1774 et
389 1717 652 1774 debilibus
695 1714 1022 1769 consulendo
1059 1717 1353 1770 secundum
1392 1713 1534 1784 quod
1573 1729 1694 1766 scn-

83 1818 262 1864 serat
313 1827 633 1882 congruum.
673 1811 822 1879 Quod
851 1825 1014 1880 quam
1045 1811 1130 1878 pie
1161 1824 1319 1878 quam
1357 1819 1577 1863 strenue
1604 1822 1698 1860 ex-

84 1910 344 1956 secutus
369 1911 473 1968 est,
502 1905 775 1971 sequentis
810 1902 977 1957 series
1006 1901 1255 1956 lectionis
1281 1899 1597 1954 declarabit.

739 1991 965 2049 CAPUT
1004 1991 1087 2046 lll.

185 2082 488 2138 Trevirensi
539 2085 651 2140 sedi
686 2084 994 2155 prce/icitur.
1025 2113 1096 2124 —
1137 2082 1249 2138 Sub
1293 2083 1394 2138 hoc
1435 2091 1693 2151 tempore,

91 2176 262 2245 apud
288 2175 486 2232 Gallias
515 2176 847 2232 Francorum
890 2177 1107 2247 regibus
1132 2193 1162 2230 a
1189 2177 1344 2231 solita
1384 2176 1699 2230 fortitudine

91 2279 158 2322 et
208 2269 444 2324 scientia
492 2269 962 2341 degenerantibus,
1001 2270 1054 2324 hi
1099 2270 1188 2339 qui
1229 2269 1458 2338 majores
1508 2270 1698 2324 domus

98 2360 318 2428 regalis
359 2374 478 2415 esse
522 2361 864 2427 videbantur,
897 2361 1368 2417 administratione
1412 2363 1560 2432 regni
1584 2378 1698 2431 κρο-

103 2453 378 2517 tentiam,
422 2461 477 2507 et
508 2452 766 2522 quidquid
813 2451 1029 2523 regibus
1063 2468 1222 2522 agere
1261 2468 1378 2508 mos
1420 2461 1502 2506 est
1541 2467 1697 2522 cepe-

100 2552 276 2608 runt;
308 2545 506 2613 quippe
527 2557 646 2597 cum
670 2543 883 2599 coalitus
905 2552 1047 2599 esset
1073 2543 1388 2614 dispositum
1414 2544 1478 2597 ad
1508 2545 1695 2598 horum

105 2637 434 2706 progeniem
469 2636 800 2690 Francorum
849 2637 1123 2713 transvehi
1169 2651 1414 2704 regnum.
1465 2636 1698 2705 Eratque

108 2730 225 2783 illis
248 2729 305 2782 in
334 2729 526 2783 diebus
553 2728 605 2782 iu
634 2729 780 2798 regio
807 2728 1002 2798 palatio
1024 2729 1276 2799 Angisus,
1301 2729 1504 2783 Arnulfi
1535 2730 1693 2796 filius,

108 2822 181 2876 de
214 2822 443 2876 nomine
477 2820 726 2876 Anchisa:
771 2821 1044 2890 quondam
1082 2821 1321 2888 'l‘rojaui,
1359 2830 1418 2876 ut
1456 2831 1694 2893 putatur,

111 2913 456 2984 appellatus,
501 2912 882 2966 administrans
928 2912 1288 2982 principatum
1335 2913 1435 2967 sub
1481 2917 1698 2968 nomine

115 3005 562 3073 majorisdomus.
618 3004 769 3072 cujus
807 3018 1024 3074 quoque
1067 3013 1278 3058 :etatem
1317 3004 1494 3074 attigit
1531 3003 1697 3057 llera-

116 3099 291 3164 clins,
339 3097 596 3151 Romana:
640 3096 947 3166 reipublicae
996 3096 1299 3166 Augustus,
1350 3097 1440 3166 qui
1495 3097 1697 3152 revexit
1725 3107 1769 3169 (ς

118 3189 481 3244 sanctissima:
520 3187 698 3243 erucis
726 3187 928 3258 lignum
965 3204 994 3241 a
1032 3187 1285 3242 Chosroaa
1323 3188 1534 3257 tyranni
1579 3203 1696 3257 par-

118 3279 286 3334 tibus.
322 3277 600 3351 [Pippinus
623 3287 744 3347 post
773 3278 997 3333 multum
1037 3278 1295 3347 temporis
1323 3278 1463 3347 patri
1493 3278 1694 3348 Angiso

120 3373 401 3429 decedenti
430 3372 750 3439 succedens,
779 3370 1162 3442 rempublicam
1187 3369 1478 3426 Galliarum
1507 3371 1698 3442 guber-

120 3467 275 3520 navit
314 3464 714 3528 ﬂorentissime,
754 3465 836 3518 vir
876 3479 1082 3534 magna:
1127 3465 1400 3533 potentiae,
1439 3464 1696 3532 mirasque

123 3559 342 3628 pietatis
380 3567 437 3612 et
475 3557 732 3621 audacim,
764 3558 854 3627 qui
900 3557 1082 3611 hostes
1120 3571 1245 3611 suos
1292 3555 1474 3610 statim
1508 3570 1697 3626 aggre-

125 3647 321 3702 dienda
365 3647 614 3703 contrivit
665 3647 987 3716 szepissime;
1044 3663 1163 3702 nam
1214 3661 1376 3715 super
1410 3645 1694 3714 quemdam

126 3753 282 3792 suum
316 3737 682 3792 adversarium
718 3737 964 3791 Rhenum
1011 3745 1401 3806 transgressus,
1436 3751 1556 3789 cum
1591 3751 1697 3789 uno

127 3838 337 3884 tantum
385 3828 618 3883 satellite
664 3843 763 3882 suo
807 3828 992 3892 irruit,
1034 3842 1154 3882 eum
1207 3827 1258 3880 in
1307 3840 1404 3879 suo
1450 3825 1696 3880 cubiculo

128 3921 452 3976 residentem
483 3935 606 3974 cum
637 3919 748 3974 suis
779 3919 1096 3982 trucidavit;
1130 3917 1264 3972 bella
1294 3931 1508 3986 quoque
1531 3915 1694 3970 multa

131 4026 251 4065 cum
277 4009 580 4065 Saxonibus
601 4018 656 4064 et
680 4010 914 4064 maxime
940 4025 1061 4063 cum
1092 4008 1373 4063 ltathbodo
1403 4007 1696 4061 Fresonum

127 4117 256 4172 rege
281 4101 489 4156 fortiter
515 4101 698 4171 gessit.
739 4101 836 4155 llic
862 4111 916 4155 et
945 4101 1080 4156 alios
1109 4099 1246 4156 filios
1273 4098 1480 4164 habuit,
1509 4099 1602 4154 sed
1632 4115 1697 4153 ex

129 4195 216 4248 his
245 4193 542 4263 prazcipuus
569 4191 794 4247 Carolus
823 4194 1050 4254 exstitit,
1084 4193 1172 4261 qui
1214 4192 1262 4248 ei
1303 4201 1424 4262 post
1466 4192 1518 4246 in
1551 4193 1699 4262 prin—

129 4288 308 4355 cipatu
349 4285 632 4341 successit.
677 4283 830 4350 Quod
879 4284 1082 4339 ideirco
1128 4285 1378 4340 fortassis
1408 4283 1528 4353 plus
1554 4285 1700 4354 justo

130 4377 303 4429 visum
330 4383 412 4430 est
453 4376 727 4444 prosequi,
760 4388 826 4428 ne
873 4374 1165 4430 similitudo
1203 4375 1476 4429 nominum
1514 4375 1701 4429 decur-

131 4468 319 4538 sioque
351 4475 646 4536 temporum
682 4469 734 4521 in
765 4467 1113 4537 sequentibus
1145 4466 1350 4536 injiciat
1384 4469 1697 4536 scrupulum
1733 4445 1775 4498 υ

131 4560 339 4625 lectori,
366 4575 560 4630 nempe
583 4560 836 4630 praefatus
864 4560 967 4613 dux
999 4559 1224 4614 Carolus
1250 4561 1410 4630 primi
1437 4576 1503 4615 ex
1533 4560 1703 4614 Fran-

136 4651 217 4706 cis
266 4651 439 4721 magni
471 4651 812 4720 imperatoris
840 4649 1015 4705 Caroli
1047 4649 1254 4704 exstitit
1282 4665 1430 4704 avus.
1470 4649 1703 4706 Publicis

138 4743 298 4812 igitur
334 4743 650 4798 utilitatibus
695 4741 1006 4810 iuvigilante
1040 4741 1244 4812 Angiso
1276 4740 1388 4810 jam
1421 4742 1564 4796 dicto
1599 4741 1698 4814 (4)]

137 4841 196 4887 et
221 4831 404 4886 Milone
436 4831 844 4900 archiepiscopo
880 4831 1283 4885 Trevirensium
1320 4832 1481 4886 rebus
1513 4832 1700 4886 burna-

141 4924 225 4979 nis
277 4931 462 4988 exuto,
509 4921 856 4976 Trevirenses
904 4921 1133 4992 praesule
1182 4922 1506 4990 indigebant.
1560 4921 1702 4976 Grex

142 5017 316 5084 itaque
355 5014 598 5080 Domini,
649 5023 866 5084 pastore
916 5015 1236 5080 destitutus,
1289 5029 1580 5070 conversus
1635 5015 1700 5068 ad

144 5108 413 5162 Dominum
457 5107 582 5161 totis
627 5105 880 5176 precibus
934 5106 1215 5170 incumbit,
1249 5116 1304 5160 et
1347 5116 1404 5160 ut
1448 5107 1702 5162 Ecclesia:

145 5215 280 5264 sure,
329 5198 536 5254 turbine
588 5197 768 5253 saeculi
820 5196 1125 5261 fluctuanti,
1179 5207 1445 5252 rectorem
1502 5200 1704 5254 tribuat

146 5292 395 5363 exposcit.
451 5291 604 5347 Tunc
649 5289 830 5346 subito
878 5289 1150 5360 llildulphi
1211 5305 1403 5345 nomen
1459 5307 1555 5361 per
1606 5307 1702 5347 ora

217 5428 286 5499 (ὅ)
322 5427 443 5481 Milo
489 5427 592 5483 iste
639 5427 1276 5499 pseudoarehiepiscopus
1325 5429 1529 5484 exstitit
1587 5439 1701 5484 tar-

152 5500 359 5568 diusque
391 5499 522 5552 vixit
559 5515 720 5568 quam
765 5509 823 5552 ut
868 5498 1013 5552 vices
1048 5514 1173 5553 suas
1202 5499 1434 5554 Hildulfo
1463 5503 1703 5554 commit-

153 5582 257 5650 tere
295 5569 544 5650 potuerit.
595 5569 777 5639 Itaque
819 5568 998 5637 lapsus
1048 5577 1131 5623 est
1167 5579 1355 5623 auctor
1396 5571 1447 5623 in
1489 5573 1702 5627 nomine

156 5649 404 5694 Ittttstitts.

218 5709 287 5782 μ)
326 5707 427 5764 Pro
457 5708 541 5765 his
577 5724 693 5779 qua:
731 5708 927 5764 ansulis
970 5709 1314 5775 clauduntur,
1351 5711 1463 5766 haec
1497 5721 1698 5766 tantum

1805 521 2082 585 eruditus,
2137 523 2318 594 lingua
2367 524 2638 590 urbanus,
2683 528 2791 582 vita
2843 530 3184 598 moribusque
3235 527 3378 602 [Deo

1805 613 2020 682 placita,
2058 616 2365 670 hominibus
2401 619 2694 687 approbata
2742 634 2805 673 ac
2851 621 3086 675 moribus
3134 622 3277 677 clero
3323 633 3377 677 et

1803 705 1944 774 plebi
1975 706 2230 775 proficuis
2259 709 2616 778 congruisque
2646 710 3016 783 compositus]
3051 711 3169 765 Mox
3199 729 3376 766 sermo

1805 796 1856 848 in
1881 795 2000 849 aula
2039 797 2183 867 regis
2225 798 2554 866 percrebuit,
2586 807 2749 868 atque
2779 800 2912 854 exiit
2941 802 3173 855 edictum
3209 813 3267 856 ut
3295 805 3377 857 vir

1805 886 1926 942 talis
1967 903 2030 942 ac
2067 897 2246 943 tantus
2288 889 2560 960 pastorale
2599 891 2804 946 subiret
2848 892 3226 948 ministerium.
3263 896 3376 959 Quo

1803 978 2091 1047 completo,
2128 980 2210 1033 vir
2239 979 2335 1034 Dei
2375 980 2425 1034 in
2462 981 2677 1035 diversa
2715 982 2890 1037 nitens
2933 981 3154 1053 [versus
3185 985 3376 1036 nativi-

1805 1070 1930 1123 tatis
1964 1086 2074 1124 suae
2115 1070 2289 1124 solum
2338 1070 2518 1141 fugam
2566 1071 2826 1140 arripuit;
2873 1071 3135 1138 siquidem
3190 1075 3375 1125 anxia-

1803 1162 2014 1217 bundus
2052 1171 2300 1233 suspecto
2352 1164 2560 1218 honore
2609 1164 2979 1218 sublimandus
3019 1164 3287 1233 refugiens
3322 1166 3372 1218 in

1803 1255 2102 1324 peregrinis
2127 1257 2278 1324 quasi
2303 1254 2590 1325 ignobilem
2615 1271 2674 1309 se
2698 1270 2855 1325 posse
2876 1254 3192 1309 delitescere
3211 1258 3377 1324 suspi-

1803 1346 2029 1400 cabatur
2059 1347 2109 1400 in
2139 1347 2395 1418 propriis]
2428 1363 2552 1401 nam
2598 1363 2838 1401 eremum
2873 1348 3240 1414 concupierat,
3273 1347 3375 1399 nisi

1802 1439 1981 1506 populi
2039 1439 2250 1493 devotio
2308 1455 2618 1509 pra'caveus
2674 1439 2990 1494 obstitisset.
3046 1441 3125 1493 Ab
3176 1439 3376 1492 llislria

1804 1531 1966 1600 igitur
1997 1541 2182 1600 raptus
2219 1529 2445 1585 Galliam
2482 1531 2748 1600 Belgicam
2785 1547 2953 1600 usque
2987 1531 3246 1586 deductus
3275 1541 3376 1583 est.

1804 1623 1991 1694 [Cujus
2035 1625 2328 1678 secundum
2374 1623 2722 1688 desiderium,
2764 1623 2887 1678 licet
2928 1622 3090 1677 fuerit
3132 1622 3375 1684 dilatum,

1804 1732 1906 1768 non
1936 1725 2111 1770 tamen
2148 1725 2230 1768 est
2267 1712 2549 1784 ablatum]
2579 1713 2664 1768 Fit
2689 1721 2985 1768 conventus
3016 1713 3176 1767 totius
3204 1713 3376 1782 regni,

1802 1813 2092 1859 accurrunt
2139 1804 2410 1873 principes
2454 1820 2575 1859 cum
2616 1804 2902 1874 episcopis,
2937 1813 3109 1860 cretus
3149 1803 3380 1856 clerico-

1802 1912 1920 1950 rum
1966 1897 2462 1966 monachorumque
2509 1913 2630 1950 cum
2679 1895 2995 1966 populorum
3042 1896 3234 1960 turbis,
3273 1911 3377 1948 una

1799 1990 2039 2044 omnium
2067 1989 2385 2044 acclamatio
2413 1988 2758 2054 llildulphum
2788 2002 2907 2043 esse
2934 1989 3136 2042 honore
3166 1987 3376 2056 episco-

1799 2081 1907 2152 pali
1936 2081 2335 2152 dignissimum,
2365 2095 2484 2135 cum
2516 2079 2599 2134 vir
2631 2079 2726 2134 Dei
2761 2095 2792 2136 e
2826 2080 3040 2135 diverso
3067 2093 3127 2133 se
3158 2078 3378 2133 omnino

1800 2172 2120 2227 reclamaret
2147 2172 2454 2241 indignum;
2483 2185 2606 2225 nam
2635 2167 2896 2242 [persaepe
2925 2170 3040 2243 (5)]
3071 2169 3379 2241 fragilitatis

1800 2267 2053 2321 robustus
2082 2273 2397 2336 prospector
2427 2264 2775 2332 semetipsum
2807 2264 2859 2317 in
2891 2278 2950 2318 se
2975 2262 3247 2318 metiendo
3277 2262 3378 2316 sibi

1803 2362 2046 2424 timebat,
2075 2359 2199 2428 quia
2229 2373 2350 2428 qua:
2376 2365 2430 2411 et
2456 2355 2628 2425 qualis
2657 2355 2727 2410 sit
2757 2355 2893 2410 ratio
2920 2355 3218 2408 animarum
3254 2353 3378 2406 red-

1798 2454 1971 2508 denda
2009 2452 2299 2520 cogitabat,
2332 2448 2472 2519 quod
2509 2449 2551 2502 si
2596 2463 2738 2501 nunc
2769 2447 3013 2501 homines
3047 2447 3381 2516 perpendere

1798 2545 2019 2607 vellent,
2049 2543 2173 2597 dum
2200 2539 2357 2595 liberi
2381 2547 2436 2594 et
2455 2538 2635 2607 quiete
2657 2537 2839 2592 vivere
2862 2544 3106 2607 possunt,
3138 2535 3376 2605 regimen

1800 2634 2247 2698 ecclesiasticum,
2279 2631 2345 2685 ad
2387 2631 2530 2698 quod
2559 2629 2870 2683 viri‘saneti
2905 2630 2994 2682 vix
3025 2628 3374 2697 cogebantur,

1800 2739 2141 2796 nequaquam
2173 2731 2281 2776 tam
2314 2729 2558 2791 prompte
2596 2720 2840 2790 pecuniis
2878 2727 3174 2774 mercatum
3215 2717 3374 2770 irent.

1801 2819 1907 2885 Sed
1963 2817 2178 2874 tandem
2228 2815 2362 2870 vicit
2391 2814 2580 2869 devota
2615 2813 2794 2883 populi
2841 2811 3161 2868 acclamatio
3207 2809 3378 2865 fidelis

1800 2923 1963 2985 atque
1990 2911 2321 2986 [apostolicae
2348 2922 2444 2978 per
2468 2906 2650 2962 omnia
2688 2906 3060 2962 conformatus
3104 2902 3225 2958 fidei
3259 2911 3380 2972 post

1800 3006 2017 3060 beatum
2062 3002 2387 3059 Euchariurn
2426 2997 2570 3052 Petri
2609 2997 2836 3068 apostoli
2867 2994 3186 3065 discipulum
3217 2994 3378 3048 trice-

1801 3097 1972 3152 simus
1999 3095 2210 3168 tcrtius]
2243 3095 2516 3152 communi
2546 3091 2786 3149 omnium
2819 3087 3097 3142 voluntate
3129 3083 3376 3138 Treviro-

1798 3204 1916 3241 rum
1945 3187 2296 3242 confirmatus
2326 3186 2571 3241 antistes.
2608 3182 2793 3250 Qualis
2822 3176 3078 3244 verojam
3109 3175 3292 3239 fuerit,
3325 3183 3377 3228 et

1796 3281 2011 3350 qualem
2047 3293 2107 3334 se
2150 3279 2359 3335 cunctis
2399 3275 2710 3348 prtebucrit,
2743 3273 2868 3342 quia
2899 3265 3376 3338 diﬂicilecxplica-

1795 3373 1962 3440 bitur,
1993 3380 2260 3427 attentare
2285 3385 2558 3426 veremur.
2711 3442 2720 3449 .

1987 3462 1990 3464 ⁷
2395 3458 2622 3516 CAPUT
2667 3456 2752 3510 IV.

1869 3557 2003 3627 Ejus
2035 3558 2087 3610 in
2131 3557 2433 3624 episcopatu
2482 3553 2714 3605 virtutes.
2745 3577 2816 3586 —-
2850 3545 3019 3616 Igitur
3059 3544 3248 3598 beatus
3271 3542 3372 3603 vir,

1802 3666 1907 3706 non
1940 3650 2096 3703 modo
2134 3648 2200 3702 de
2230 3645 2351 3701 boni
2404 3643 2584 3714 operis
2657 3641 2775 3714 [seu
2821 3635 3102 3693 monastici
3155 3631 3372 3704 rigoris]

1799 3741 2076 3812 preposito
2129 3741 2297 3796 semel
2347 3746 2564 3806 arrepto
2607 3733 2806 3804 ahquid
2845 3747 2954 3787 non
3012 3728 3224 3793 minuit,
3282 3728 3373 3781 sed

1797 3835 1943 3889 velut
1986 3834 2403 3903 centuplicattnn
2450 3827 2838 3898 augmentavit.
2878 3825 3164 3879 Enimvero
3218 3821 3372 3892 quasi

1798 3942 1934 3997 puer
1956 3933 2047 3979 aut
2078 3925 2388 3998 adolescens
2434 3920 2699 3993 quidquid
2729 3919 2924 3988 ubique
2945 3915 3372 3986 jacetscelerum

1799 4027 2183 4090 perpetrasset,
2253 4017 2334 4070 sic
2406 4015 2459 4068 in
2521 4011 2911 4084 pcenitudiuem
2975 4021 3268 4062 conversus
3318 4022 3374 4059 se

1800 4121 1986 4166 contra
2017 4125 2076 4164 se
2121 4109 2312 4163 erexit.
2340 4107 2564 4163 Videres
2590 4105 2863 4160 hominem
2887 4115 3107 4158 exesum
3133 4097 3372 4170 jejuniis,

1801 4207 1890 4260 vix
1923 4205 2137 4259 ossibus
2163 4204 2394 4268 hzerere,
2434 4201 2502 4255 ad
2546 4209 2856 4255 sanctorum
2905 4193 3195 4250 memorias
3233 4191 3377 4244 inde-

1803 4298 2001 4352 fessum
2049 4296 2254 4364 jacere,
2299 4293 2614 4350 inundantia
2645 4291 3006 4361 lacrymarum
3035 4283 3220 4341 sedulo
3259 4298 3374 4336 ma-

1802 4391 1950 4453 dere,
1994 4397 2182 4444 noctos
2223 4389 2496 4441 insomnes
2541 4387 2756 4439 ducere.
2789 4380 2926 4448 Quid
2952 4379 3093 4435 enim
3133 4377 3376 4430 dicemus

1801 4497 1922 4536 eum
1972 4492 2257 4548 pauperes,
2303 4476 2602 4530 mediocres
2639 4483 2696 4526 et
2733 4472 2928 4526 divites
2957 4483 3167 4524 summo
3197 4466 3375 4521 studio

1803 4571 2057 4639 omnique
2085 4567 2359 4637 diligentia
2389 4564 2622 4620 curare?
2661 4561 2928 4630 Quidquid
2974 4559 3074 4613 sibi
3116 4565 3232 4612 erat
3260 4571 3376 4610 om-

1804 4664 1962 4717 nibus
2007 4671 2291 4716 commune
2343 4655 2598 4719 faciebat,
2623 4653 2879 4707 divitibus
2907 4659 2962 4705 et
3005 4648 3188 4719 egenis
3231 4647 3371 4700 idem

1802 4771 2015 4824 semper
2036 4760 2172 4807 erat.
2223 4750 2318 4804 llis
2349 4747 2696 4819 prmcipiebat
2741 4760 2846 4800 non
2889 4741 3118 4813 superbe
3163 4755 3370 4808 sapere,

1804 4862 1976 4915 neque
2009 4859 2227 4913 sperare
2262 4843 2314 4896 in
2344 4841 2551 4894 incerto
2573 4838 2906 4899 divitiarum,
2940 4833 3032 4888 sed
3062 4833 3114 4885 in
3147 4831 3372 4883 Domina

1802 4939 1891 5007 qui
1934 4937 2024 4992 dat
2071 4933 2322 4990 omnibus
2362 4931 2542 4986 omnia
2570 4929 2850 4983 allloenter
2883 4925 2932 4997 (1
2970 4924 3104 4977 Tim.
3141 4939 3215 4986 vr,
3253 4923 3362 4989 Π),

1803 5038 1857 5084 et
1886 5037 1943 5082 ut
1985 5041 2169 5082 rerum
2201 5022 2528 5078 abundantia
2560 5035 2854 5091 pauperum
2886 5016 3121 5084 inepiam
3163 5013 3376 5081 supple-

1804 5124 1907 5178 ret,
1934 5121 2198 5183 quatenus
2233 5111 2284 5166 iu
2318 5109 2498 5163 futuro
2528 5122 2825 5178 pauperum
2877 5101 3203 5158 abundantia
3234 5099 3371 5154 divi-

1805 5214 1914 5258 tum
1959 5203 2148 5272 iuopiaz
2180 5201 2336 5255 fieret
2375 5198 2804 5268 supplementum
2836 5192 2918 5262 (ll
2947 5191 3070 5245 Cor.
3104 5205 3218 5252 vin,
3255 5188 3372 5257 Μ).

1804 5295 2037 5352 Omnino
2110 5301 2290 5347 autem
2379 5302 2643 5360 pauperes
2706 5285 2866 5338 rebus
2945 5280 3264 5336 admonebat
3320 5288 3377 5332 ut

1807 5432 1856 5484 in
1893 5431 2011 5486 Vita
2039 5445 2140 5484 ms.
2168 5427 2436 5497 leguntur.
2484 5422 2741 5497 Pippiuus
2770 5417 3380 5497 itaqueAtunqtefnporis

1806 5503 1883 5553 vir
1926 5517 2127 5569 magna:
2168 5487 2406 5569 pietatis,
2449 5487 2650 5569 genitor
2697 5487 2924 5569 videlicet
2950 5489 3126 5569 Caroli
3172 5487 3374 5569 Magni,

1805 5557 2179 5637 rcmpulgiicnm'
2223 5557 2515 5637 Galliarum
2539 5563 2954 5637 ﬂorentissimam
2983 5557 3319 5632 gubernabat.

1879 5635 1952 5711 (ὃ)
1993 5635 2046 5693 In
2081 5649 2183 5693 vet.
2220 5653 2321 5693 nis.
2355 5635 2456 5706 leg.
2485 5635 2727 5704 propria}.
