3900 6322
421 387 518 444 591

1100 382 1273 438 stac.
1321 383 1388 436 x1
1432 382 1639 438 AUCT.
1668 381 2122 437 mersurum
2163 383 2247 437 ET
2287 347 2802 438 SCRIPT.’A31:£11.

3602 375 3693 429 592

424 501 626 554 scirent
651 498 840 566 spiritu
871 512 1133 566 pauperes
1149 512 1287 560 esse,
1309 507 1362 551 et
1394 500 1445 550 in
1475 496 1778 552 humilitate
1808 497 2010 568 gratias
2043 507 2083 556 Α
2117 497 2405 552 lationibus
2433 513 2491 553 se
2523 497 2828 564 admoneri,
2857 505 3127 566 quatenus
3170 494 3442 549 ωαξης-λείη
3491 491 3694 545 basilica

426 608 586 663 agere
628 593 758 653 Deo,
808 589 1025 643 dicente
1059 590 1175 660 ipso
1219 589 1447 644 Domino
1483 609 1494 642 :
1556 589 1718 643 Beati
1756 605 2009 659 pauperes

423 683 610 754 spiritu
647 681 857 753 (Matth.
892 695 946 746 ν,
979 681 1055 750 '5).
1090 681 1449 750 Perquirebat
1493 696 1654 751 quem
1697 689 2008 735 sanctorum

425 777 478 831 in
511 775 690 844 aliquo
718 775 860 830 bono
893 774 1094 829 imitari
1125 774 1348 839 valeret,
1390 789 1514 827 cum
1547 773 1691 844 diem
1738 788 1796 827 se
1826 772 2009 842 perdi-

425 869 569 923 disse
606 869 956 938 querebatur,
985 881 1092 938 quo
1118 881 1309 936 parum
1339 866 1540 934 aliquid
1563 880 1670 920 non
1699 863 2015 936 profecisset

424 961 482 1017 in
514 960 745 1027 actibus,
794 976 890 1016 seu
930 961 981 1015 in
1029 959 1300 1014 mandatis
1347 958 1462 1012 Dei.
1523 957 1866 1012 Sacrilicium
1916 972 2016 1026 pro

426 1051 602 1106 salute
637 1051 822 1105 mundi
849 1050 1014 1106 totius
1069 1058 1125 1106 et
1169 1048 1356 1119 requie
1408 1047 1814 1111 defunctorum,
1867 1046 2016 1102 nullo

425 1147 626 1202 offerre
677 1147 788 1203 Deo
828 1147 1281 1218 przetermittebat
1325 1145 1434 1209 die,
1471 1145 1649 1200 sciens
1697 1160 1756 1200 se
1788 1144 2019 1200 Domino

430 1242 611 1298 dicere
637 1255 651 1294 :
684 1241 996 1295 Benedicam
1013 1239 1292 1294 Dominum
1317 1240 1369 1293 in
1393 1239 1534 1292 omni
1557 1247 1803 1307 tempore,
1821 1253 2022 1306 semper

430 1334 549 1388 laus
575 1332 687 1404 ejus
711 1333 871 1387 inore
894 1349 1005 1386 meo
1038 1331 1211 1403 (Psal.
1234 1346 1426 1397 xxxut,
1461 1331 1548 1401 2);
1578 1339 1626 1385 et
1657 1345 1670 1384 :
1714 1329 2022 1384 Voluntarie

434 1425 743 1494 sacriﬁcabo
777 1426 977 1479 nomini
1015 1435 1126 1489 tuo,
1165 1423 1410 1492 Domine,
1443 1424 1690 1495 quoniam
1720 1421 1912 1475 bonum
1948 1431 2022 1473 est

434 1515 623 1588 (Psal.
653 1533 769 1582 1.111,
822 1516 899 1588 8).
958 1515 1228 1585 Quidquid
1267 1517 1352 1570 vir
1408 1515 1502 1571 Dei
1560 1514 1724 1586 igitur
1769 1512 1886 1566 ﬁeri
1917 1511 2022 1566 sibi

435 1604 849 1676 volebat,juxta
887 1605 1260 1676 evangelicum
1308 1611 1660 1674 praeceptum,
1692 1600 1820 1655 nulli
1864 1615 2026 1670 nega-

434 1699 549 1764 hat,
593 1696 687 1754 sed
737 1699 883 1753 omni
933 1698 1179 1768 poscenti
1231 1712 1290 1752 se
1321 1695 1675 1751 libentissime
1734 1691 2024 1759 tribuebat,

435 1797 652 1858 portum
683 1787 890 1843 scilicet
921 1786 1314 1852 laborantibus,
1348 1784 1744 1841 consolatorem
1789 1783 2024 1848 maestis,

2113 605 2309 658 corpus
2355 599 2603 644 sanetum
2657 589 2784 645 inde
2830 587 3179 652 transferret,
3229 584 3380 639 omni
3435 582 3698 651 diligentia

2113 681 2502 752 perliciendum
2562 680 2614 735 id
2653 687 2859 736 censet.
2911 677 3053 748 Ergo
3104 675 3363 731 maximis
3427 674 3705 743 impendiis

2116 781 2427 829 constructo
2455 773 2718 840 oratorio,
2763 771 3121 840 vigilantiqu'e
3153 767 3335 822 studio
3386 767 3455 820 ad
3487 780 3704 833 unguem

2115 866 2400 936 producto,
2451 866 2607 920 adest
2653 863 2834 920 clerus
2879 875 3114 918 cunctus
3162 874 3284 914 cum
3342 858 3571 929 populo.
3612 855 3708 912 Nec

2118 954 2271 1012 mora
2319 956 2649 1012 venerabilis
2694 954 2924 1010 antistes
2952 969 3072 1009 cum
3125 953 3339 1008 duobus
3384 949 3712 1021 coepiscopis

2119 1047 2232 1104 suis
2273 1048 2552 1104 Clemente
2603 1059 2660 1103 et
2703 1046 2996 1103 Chotberto
3048 1045 3288 1100 enormis
3329 1041 3714 1113 magnitudinis

2121 1139 2446 1210 cooperculo
2479 1153 2672 1194 manus
2701 1137 2976 1201 admovet,
3022 1136 3168 1205 quod
3223 1143 3377 1188 tanta
3438 1131 3715 1187 celeritate

2122 1236 2394 1292 sublatum
2441 1244 2524 1290 est
2575 1248 2672 1289 ceu
2729 1231 2972 1302 pondere
3015 1240 3282 1295 careret;
3331 1227 3522 1297 ipsum
3551 1233 3713 1278 tamen

2123 1324 2527 1396 cooperculum,
2561 1331 2682 1393 post
2725 1337 2755 1376 a
2810 1319 3068 1376 trecentis
3107 1319 3243 1373 viris
3270 1327 3327 1373 et
3359 1316 3717 1388 quadraginta

2126 1422 2286 1476 boum
2323 1419 2547 1489 paribus
2575 1425 2864 1482 tentatum,
2913 1411 3114 1467 mansit
3142 1411 3460 1465 immotum.
3494 1405 3719 1460 Tandem

2125 1509 2450 1565 venerandis
2476 1509 2700 1564 artubus
2746 1503 3076 1569 honoriﬁce,-
3113 1512 3172 1557 ut
3222 1501 3485 1562 decebat,
3517 1499 3575 1552 in
3607 1513 3717 1551 ara

2128 1601 2422 1657 reconditis
2471 1599 2804 1671 cypressina,
2839 1605 2896 1654 et
2925 1597 3005 1652 sic
3037 1597 3089 1649 in
3144 1607 3491 1658 marmorea,
3544 1600 3724 1661 quarto

2131 1693 2400 1749 Kalendas
2439 1691 2603 1755 Junii,
2636 1690 2880 1746 oratorio
2915 1687 3120 1753 intulit,
3171 1687 3322 1756 quod
3353 1702 3385 1739 a
3415 1683 3724 1738 fundamen-

2132 1786 2203 1840 tis
2227 1793 2540 1854 susceperat
2592 1791 2647 1838 et
2676 1782 2741 1836 ad
2793 1779 3092 1852 perfectura
3146 1777 3521 1850 produxerat.
3553 1775 3608 1830 ln
3637 1791 3728 1843 quo

437 1879 597 1936 nudis
633 1889 1034 1950 coopertorem,
1089 1888 1462 1949 suseeptorem
1522 1877 1841 1933 viatoribus.
1894 1876 2026 1942 Quis
2059 1845 2104 1905 Β
2133 1877 2336 1950 pariter
2366 1875 2616 1947 imposita
2645 1882 3154 1929 sunttrecentorum
3177 1878 3496 1940 martyrum
3514 1866 3731 1921 Thebe:

438 1972 584 2028 enim
613 1987 851 2041 unquam
897 1971 1125 2040 expetiit
1170 1980 1228 2026 ct
1261 1969 1380 2041 ejus
1435 1970 1735 2025 bonitatem
1768 1976 2027 2038 expertus

439 2081 547 2121 non
593 2065 716 2119 est?
777 2064 1102 2132 Quotidiana
1158 2063 1310 2117 illum
1357 2061 1662 2118 sollicitudo
1718 2059 2025 2114 animarum

443 2157 625 2228 aliquo
676 2166 940 2228 pereunte
1000 2155 1358 2228 compellebat
1411 2169 1661 2225 gemere;
1717 2166 2028 2224 quanquam

445 2261 610 2306 tanta:
665 2260 806 2306 esset
867 2251 1086 2321 pietatis
1143 2259 1223 2316 ut,
1265 2249 1458 2320 quovis
1492 2247 1897 2304 scandalizante
1947 2259 2027 2311 se,

444 2341 694 2398 crederet
732 2339 1050 2406 offendisse;
1079 2348 1132 2395 et
1155 2339 1410 2410 quoniam
1437 2337 1666 2392 incolam
1697 2351 1754 2391 se
1777 2345 1832 2390 et
1878 2345 2031 2405 pereb

445 2436 660 2504 grinum
717 2433 805 2488 hic
858 2443 1086 2487 noverat
1140 2430 1316 2504 (Psal.
1369 2430 1720 2501 cxvut,'l9),
1763 2427 1853 2482 ubi
1892 2442 2027 2504 non

446 2501 650 2580 habere
681 2537 741 2578 se
781 2523 1102 2578 manentem
1131 2501 1408 2576 civitatem
1461 2518 1670 2574 sciebat
1695 2501 2032 2587 (Hebe-x111,

448 2615 580 2688 M),
611 2615 811 2671 ostium
843 2630 1001 2671 suum
1037 2613 1232 2668 viatori
1273 2625 1552 2682 nunquam
1604 2608 1822 2674 clausit,
1861 2621 2036 2676 neque

446 2708 748 2766 huccellam
781 2723 935 2764 suam
975 2701 1122 2762 solus
1159 2705 1499 2761 comedebat.
1554 2702 1650 2775 [Ut
1691 2701 2038 2758 dulcissimus

449 2813 607 2874 pater
637 2802 773 2858 ﬁlios
821 2799 1133 2872 spirituales
1167 2797 1402 2852 dulciter
1441 2796 1808 2861 admonendo,
1845 2800 2039 2864 quate-

454 2912 557 2950 nus
595 2893 834 2950 caelestis
865 2892 1053 2964 patria:
1101 2889 1402 2945 haereditali
1456 2887 1732 2942 inhiarent
1763 2900 1867 2941 non
1901 2883 2040 2939 desi-

453 2988 662 3055 stebat;
699 2986 894 3042 divince
944 2983 1078 3054 legis
1125 2981 1356 3053 gratiam
1401 2981 1456 3035 in
1506 2988 1727 3049 pectore
1769 2977 2074 3048 gestabat,‘

455 3093 522 3132 ex
552 3079 708 3149 cujus
757 3077 870 3132 sale
917 3089 1222 3132 sermonem
1267 3073 1351 3128 sui
1384 3072 1500 3126 oris
1540 3070 1849 3125 condiebat.
1875 3068 2043 3123 Vani-

2131 1968 2355 2040 legionis
2393 1981 2663 2037 corpora;
2721 1980 2881 2034 quem
2928 1963 3105 2018 locum
3143 1961 3224 2016 sic
3279 1958 3606 2013 nobilitavit
3653 1973 3730 2011 su-

2132 2059 2384 2131 pellectili
2432 2073 2496 2113 ac
2543 2056 2746 2121 fundis,
2779 2054 3004 2126 replevit
3052 2050 3376 2116 cmuobit‘ts,
3407 2059 3473 2104 ut
3526 2063 3594 2103 ex
3624 2058 3731 2102 tum:

2135 2152 2441 2206 nullatenus
2491 2149 2716 2204 inferior
2741 2147 2988 2201 videatur
3016 2143 3295 2214 episcopio
3355 2141 3543 2211 ipsius
3577 2140 3724 2192 urbis.

2133 2244 2289 2300 Circa
2341 2257 2502 2313 quem
2529 2240 2708 2296 locum
2735 2241 2861 2294 dum
2892 2237 2976 2291 vir
3021 2234 3212 2289 beatus
3249 2234 3320 2288 de
3357 2232 3452 2287 die
3510 2230 3566 2284 in
3603 2230 3732 2281 diem

2136 2335 2303 2391 nimio
2357 2335 2660 2390 insudasset
2685 2329 2906 2401 pictatis
2933 2325 3152 2391 aﬂ‘ectu,
3209 2322 3538 2395 praevidens
3570 2318 3734 2371 istan

2136 2429 2313 2499 sagaci
2365 2426 2580 2498 spiritu,
2625 2425 2829 2479 veritus
2882 2417 3184 2490 superﬂuas
3238 2415 3573 2489 tyrannides
3617 2427 3726 2466 sac-

2138 2532 2436 2584 cessorum,
2491 2513 2808 2587 pranlictum
2869 2519 3041 2566 totum
3091 2509 3243 2580 regio
3287 2509 3419 2578 jure
3473 2503 3727 2560 nobilitati

2140 2613 2378 2675 tradidit,
2409 2619 2469 2665 ut
2497 2611 2726 2665 habetur
2754 2607 2806 2661 in
2831 2603 3103 2675 praesenti.

2755 2743 2986 2802 CAPUT
3022 2741 3109 2799 γι

2214 2888 2589 2959 Episcopatum
2633 2885 2870 2940 dimittit.
2897 2881 3057 2936 —Et
3085 2889 3208 2951 post
3251 2887 3371 2932 tam
3423 2874 3741 2945 multiplices

2143 2995 2243 3051 pro
2267 2994 2429 3051 grege
2455 2977 2659 3034 Christi
2697 2976 2934 3039 labores,
2955 2973 3081 3028 licet
3113 2971 3166 3025 in
3197 2968 3535 3040 pontificatu
3558 2965 3744 3036 positus

2147 3071 2280 3126 nihil
2309 3070 2384 3142 (6)
2425 3069 2701 3140 possidere
2729 3066 2920 3131 voluit,
2969 3062 3231 3133 quidquid
3268 3070 3464 3115 tamen
3492 3057 3624 3112 illud
3644 3065 3742 3111 ent

462 3176 626 3224 tatem
662 3169 848 3226 mundi
881 3169 960 3223 sic
1015 3165 1363 3222 horresccbat
1396 3173 1452 3218 ut
1481 3163 1731 3218 crederet
1773 3176 1835 3215 ac
1881 3157 2040 3228 proti-
2077 3193 2119 3252 Ο
2151 3161 2293 3232 quod
2349 3160 2660 3232 [occasione
2720 3173 2815 3212 seu
2864 3163 3132 3226 praetextu
3191 3150 3520 3224 regimiuis]
3571 3149 3745 3204 habere

461 3273 673 3320 teretur
703 3263 932 3318 miseros
981 3276 1103 3317 esse
1161 3269 1438 3314 amatores
1484 3257 1621 3326 ejus.
1680 3254 2050 3325 Eleemosynis

461 3354 698 3410 maxime
754 3351 1064 3418 insudabat,
1123 3349 1479 3420 hospitalitati
1525 3347 1852 3418 largissime,
1890 3362 1955 3400 ac
2005 3344 2048 3400 si

460 3450 604 3505 hanc
632 3448 731 3519 ipsi
778 3446 994 3502 Christo
1024 3443 1328 3510 exhiberet,
1361 3442 1669 3498 insistebat.
1703 3441 1875 3508 Quctn
1903 3439 2054 3493 vide-

464 3543 561 3596 bat
622 3542 836 3595 tristem
889 3547 944 3593 et
992 3537 1287 3600 dolentem,
1344 3533 1736 3590 consolationis
1783 3533 1950 3586 verbo
2000 3538 2055 3584 et

465 3630 708 3684 subsidio
771 3627 1081 3683 necessario
1132 3625 1500 3690 cxhilarabat,
1557 3621 1932 3678 discordantes
1987 3619 2052 3672 ad

466 3717 1200 3789 coneordiamreducebat.)
1243 3711 1510 3772 Cteterum
1558 3716 1814 3771 omnilms
1870 3713 2053 3768 omnia

468 3829 528 3871 se
554 3813 802 3878 faciebat,
833 3822 893 3867 ut
927 3826 1115 3866 omnes
1141 3811 1321 3866 salvos
1353 3809 1559 3865 faceret
1586 3809 1636 3880 (Ι
1669 3808 1792 3864 Cor.
1829 3824 1907 3870 x1,
1934 3807 2054 3876 2:2),

469 3923 527 3968 et
553 3923 609 3966 ut
630 3910 806 3966 bonus
831 3920 1037 3982 pastor,
1073 3909 1332 3981 quidquid
1355 3906 1508 3978 gregi
1541 3903 1756 3959 dicebat
1787 3897 2055 3971 agendum

468 4020 696 4079 operum
721 4005 1058 4061 exhibitione
1097 4001 1457 4058 monstrabat.

1110 4092 1340 4151 CAPUT
1370 4090 1434 4145 γ.

545 4192 746 4262 Corpus
769 4189 830 4246 S.
863 4187 1146 4242 Maximini
1186 4183 1461 4253 transfert.
1489 4211 1559 4221 ——
1583 4178 1717 4235 Cum
1750 4176 2056 4246 hujnsmudi

473 4293 901 4348 eaeterarumque
921 4280 1182 4333 virtutum
1211 4271 1507 4330 eminentia
1538 4271 1773 4326 antistiti
1798 4280 2061 4338 congrue-

475 4385 618 4440 rent,
648 4372 890 4430 onmium
918 4372 1058 4426 mira
1098 4369 1383 4425 colebatur
1409 4364 1782 4422 veneratione.
1812 4359 1910 4415 Vir
1945 4366 2064 4413 erat

474 4473 619 4526 enim
691 4467 976 4524 nobilitate
1032 4478 1348 4534 generosus,
1415 4459 1678 4532 religione
1729 4455 2057 4527 praecipuus,

2155 3254 2263 3327 [vel
2326 3252 2737 3322 priesumpsisse
2790 3248 2918 3322 sibi]
2967 3247 3259 3302 videbatur
3309 3245 3656 3315 relinquens,
3699 3250 3745 3293 ut

2153 3346 2280 3402 olim
2310 3345 2494 3400 animo
2547 3349 2894 3413 conceperat,
2927 3352 3172 3394 eremum
3202 3344 3405 3406 petere
3449 3333 3744 3389 destinarit.

2156 3438 2489 3515 [Monastici]
2519 3437 2786 3508 siquidem
2817 3434 2949 3507 [non
2979 3435 3277 3487 immemor
3304 3427 3450 3501 voti]
3487 3428 3746 3498 reputabat

2156 3543 2307 3588 actus
2339 3546 2464 3588 suos
2509 3530 2610 3585 sibi
2646 3529 2824 3582 minus
2878 3539 3039 3595 posse
3092 3519 3350 3578 sutIicere
3409 3520 3481 3573 ad
3518 3518 3744 3576 saiutem,

2157 3641 2277 3690 cum
2310 3624 2570 3679 Dominus
2591 3620 2789 3675 dixerit
2817 3636 2831 3671 :
2863 3617 2983 3671 Nisi
3012 3615 3129 3684 quis
3174 3611 3577 3666 renuntiaverit
3602 3607 3744 3661 ωηιξ-

2159 3718 2251 3772 bus
2303 3733 2420 3786 qute
2467 3713 2716 3783 possidet,
2766 3727 2867 3764 non
2912 3715 3076 3778 potest
3130 3720 3278 3758 meus
3326 3709 3449 3756 esse
3481 3697 3746 3768 discipulis

2160 3809 2310 3881 (Luc.
2344 3825 2462 3872 xiv,
2488 3807 2603 3876 '55).
2640 3801 2898 3877 [Oculati]
2924 3800 3123 3872 quippe
3152 3794 3402 3852 ctelestis
3445 3792 3609 3863 quasi
3654 3788 3742 3842 ari-

2161 3901 2320 3955 malis
2375 3896 2920 3967 cireumspectiouem
2966 3890 3229 3953 retinens,
3290 3901 3409 3940 non
3463 3882 3747 3939 reverterint

2160 3992 2443 4056 incedens,
2472 4005 2536 4054 ac
2563 4003 2750 4057 eorum
2778 3976 2898 4055 qua:
2941 3990 3086 4037 retro
3116 3987 3244 4034 sunt
3273 3976 3505 4040 oblitus,
3538 3976 3590 4028 in
3621 3981 3750 4026 ante—

2159 4085 2307 4139 riora
2361 4083 2637 4137 ferebatur
2686 4088 2945 4134 extensus
2995 4071 3164 4144 (Pltit.
3213 4069 3451 4138 111,13).
3504 4065 3749 4134 Equidem

2163 4183 2390 4231 noverat
2415 4173 2676 4244 plurimos
2715 4181 2840 4224 ante
2870 4163 3333 4234 lmmanajudicia
3369 4159 3590 4216 intetim
3612 4165 3754 4210 stan-

2167 4277 2246 4323 tes
2272 4266 2444 4322 videri
2479 4280 2577 4335 per
2626 4264 2891 4318 bonorum
2927 4271 3159 4328 operum
3182 4253 3627 4312 exsecutionem,
3673 4245 3753 4300 sed

2164 4370 2293 4414 ante
2336 4353 2724 4427 omnipotentis
2762 4352 2860 4406 Dei
2899 4349 3088 4405 oculos
3134 4345 3426 4401 corruisse
3454 4357 3555 4412 per
3589 4338 3754 4394 melio-

2166 4467 2287 4507 rum
2339 4447 2806 4511 deliberationem,
2835 4457 2902 4498 eo
2933 4440 3080 4512 quod
3127 4438 3331 4492 bonum
3384 4449 3532 4503 opus
3590 4430 3749 4484 talium

477 4561 710 4619 consilio
741 4569 956 4624 cautus,
994 4555 1250 4626 operibus
1283 4519 1570 4616 famosus";
1597 4551 1739 4604 inter
1775 4544 2063 4617 magniﬁca
2097 4539 2141 4593 D
2172 4543 2352 4600 minus
2372 4541 2480 4596 Deo
2528 4534 2982 4608 foret'placitum,
3012 4545 3119 4601 quo
3151 4542 3248 4599 per
3276 4524 3484 4579 mentis
3508 4519 3750 4576 delibera-

479 4668 717 4724 namque
768 4666 958 4722 opera,
985 4664 1106 4720 quae
1135 4647 1453 4718 multiplicia
1484 4645 1670 4716 gessit,
1701 4657 1901 4711 corpus
1941 4640 2068 4694 bea—

479 4746 679 4804 tissimi
744 4744 940 4818 [atque
993 4737 1413 4814 gloriosissimi]
1468 4737 1716 4809 praesulis
1772 4731 2052 4788 Maximini

483 4836 659 4910 [cujus
683 4837 798 4906 ipse
825 4849 1112 4891 successor
1141 4831 1438 4886 habebatur
1461 4827 1575 4897 jam
1610 4837 1737 4882 tunc
1766 4823 2064 4879 vicesimus

482 4912 683 5000 nonus]
714 4943 781 4983 ex
824 4935 1010 4998 crypta
1044 4923 1133 4978 ubi
1185 4921 1314 4976 illud
1346 4921 1536 4974 beatus
1589 4915 1849 4972 Paulinus
1875 4911 2072 4984 praesul

486 5025 667 5095 magni
700 5024 876 5079 meriti
918 5038 985 5077 ex
1026 5019 1316 5090 Aquitania
1371 5005 1642 5072 retectum
1692 5009 2072 5074 tumulaverat,

487 5116 544 5170 in
597 5115 810 5170 domum
861 5131 969 5186 qua
1026 5129 1172 5169 nune
1242 5117 1532 5166 veneratur
1586 5103 1879 5160 transtulit.
1939 5100 2074 5168 Quia

487 5206 637 5263 enim
668 5205 855 5261 eadem
884 5215 1072 5278 crypta
1125 5203 1370 5260 insolitas
1405 5199 1690 5278 evomebat
1735 5210 1924 5266 aquas,
1956 5207 2076 5260 quae

492 5295 668 5352 tribus
697 5295 915 5352 altiores
949 5273 1164 5352 cubitis
1192 5290 1532 5364 superﬁciem
1574 5273 1734 5344 totius
1784 5281 2076 5358 pavimenti

491 5387 609 5456 ejus
631 5397 1050 5456 occupaverant,
1081 5401 1182 5441 nec
1227 5395 1406 5439 tamen
1439 5383 1506 5438 ad
1543 5376 1871 5436 mausOleum
1926 5394 2079 5433 reve-

493 5474 788 5534 rendorum
844 5487 1056 5530 artuum
1106 5476 1376 5531 licentiam
1434 5473 1726 5537 habebant,
1768 5471 1862 5525 sed
1909 5467 2080 5524 solide

495 5571 638 5625 sicut
669 5583 854 5622 murus
879 5563 1006 5622 hinc
1037 5567 1160 5622 inde
1209 5558 1339 5641 illud
1388 5563 1699 5634 tangebam,
1743 5562 2082 5636 perpendens

497 5661 584 5718 vir
613 5661 802 5717 beatus
831 5668 939 5715 tam
990 5658 1142 5727 signo
1169 5657 1272 5711 hoe
1299 5672 1459 5725 quam
1480 5655 1730 5726 plurimis
1779 5655 1897 5711 aliis
1931 5668 2080 5708 reve-

571 5799 650 5863 (6)
679 5796 735 5850 In
755 5803 864 5852 vet.
893 5809 992 5849 ms.
1030 5792 1145 5845 licet
1184 5793 1236 5844 in
1273 5791 1413 5844 omni
1443 5791 1542 5844 vita
1576 5791 1724 5843 nihil.

2172 4639 2374 4694 tionem
2397 4633 2452 4688 in
2501 4631 2716 4686 meliori
2749 4627 2918 4701 gradu
2971 4626 3357 4679 incunctanter
3401 4627 3490 4671 est
3520 4614 3748 4685 positum.

2172 4731 2251 4787 Ne
2275 4744 2403 4798 ergo
2429 4699 2772 4796 postmodum
2829 4719 3035 4774 frustra
3085 4718 3436 4788 quaereretur
3464 4699 3749 4778 bujusmodi

2173 4820 2558 4878 detrimentum
2587 4830 2698 4870 sua:
2735 4811 2906 4867 menti
2948 4805 3315 4875 subrepsisse,
3362 4800 3592 4853 unicam
3642 4792 3750 4848 deli~

2175 4914 2509 4970 berationem
2560 4922 2725 4977 quam
2782 4903 2885 4959 sibi
2943 4895 3255 4970 suspirabat
3312 4893 3497 4946 adhuc
3546 4890 3749 4942 deesse.

2176 5003 2512 5060 accelerabat
2576 4998 2859 5070 perlicere.
2917 4992 3068 5060 Quod
3126 5001 3246 5043 cum
3287 4983 3541 5054 primum
3596 4988 3751 5033 mum

2178 5096 2244 5150 ad
2274 5107 2435 5149 aures
2465 5069 2606 5161 vulgi
2636 5085 2851 5152 detulit,
2880 5083 3034 5154 quasi
3058 5076 3307 5134 barbaris
3333 5069 3749 5143 insequentibus.

2179 5186 2355 5243 onmis
2377 5193 2509 5238 retas
2531 5180 2818 5250 omnisque
2849 5189 3013 5230 sexus
3035 5174 3088 5227 in
3121 5171 3312 5225 urbem
3363 5170 3500 5232 ruit,
3551 5167 3749 5232 visoque

2181 5282 2299 5336 viro
2329 5277 2447 5342 Dei,
2477 5274 2684 5330 clamor
2712 5271 2768 5327 in
2789 5268 2992 5326 caelum”
3013 5264 3302 5328 attollitur,
3345 5272 3404 5316 et
3447 5261 3604 5332 quasi
3631 5253 3748 5310 omni

2183 5365 2480 5442 proviuclm
2506 5361 2733 5418 exitium
2776 5356 3113 5422 immineret,
3145 5365 3284 5406 unus
3330 5349 3585 5403 omnium
3635 5344 3748 5396 tert-

2183 5464 2356 5520 batur.
2403 5459 2605 5512 luctus.
2653 5456 2764 5510 Cur
2799 5453 2879 5523 ('1')
2915 5449 3096 5521 gregis
3141 5445 3236 5501 tibi
3289 5443 3602 5498 custodiam
3628 5447 3750 5489 com-

2185 5556 2406 5611 missam
2431 5547 2800 5618 derelinquis‘?
2821 5559 3015 5615 quare,
3040 5555 3209 5611 quare
3233 5547 3512 5591 tantarum
3541 5533 3745 5587 futurum

2185 5647 2479 5704 discrimen
2509 5656 2614 5697 non
2647 5636 2885 5694 metuis?
2923 5642 3080 5704 putas
3102 5631 3194 5701 qui
3225 5639 3387 5685 erunt
3409 5626 3568 5698 hujus
3588 5617 3746 5677 Eulo-

2260 5781 2334 5853 (7)
2377 5779 2431 5832 ln
2460 5787 2566 5832 vet.
2593 5788 2694 5828 ms.
2718 5771 2821 5840 leg.
2853 5767 2960 5832 cui,
2987 5761 3156 5816 Pater.

3897 3487 3900 3704 Ι
