3900 6322
111 318 290 392 595'

1199 332 1541 390 VALCANDI
1573 333 1730 389 VITA
1762 334 1818 390 S.
1855 335 2240 423 lllLDUlJPlll.

3301 340 3406 397 594

109 465 236 503 suae
268 446 555 504 suavissimi
583 448 924 501 vastatores?
954 461 1186 516 uanique
1216 447 1552 503 dilamabunt
1602 461 1730 514 gre-
1761 457 1803 508 Λ
1833 465 2003 504 simus
2027 450 2486 520 archiepiscopus,
2510 451 2655 506 circa
2688 459 2897 522 tempus
2920 451 3046 506 illud
3075 451 3404 510 Senoniense

108 553 264 609 gem
306 548 460 592 tuum
505 537 612 607 lupi
650 540 895 606 "rapaces.
928 537 1148 594 Talibus
1178 539 1356 608 itaque
1383 541 1465 594 vir
1506 552 1728 598 sanctus

109 631 658 695 lamentationibus,
709 632 978 702 praecipue
1033 632 1241 701 piarum
1281 633 1573 702 supradicti
1622 635 1727 691 loci

107 722 338 776 ovium
367 731 680 783 commotus,
730 734 789 775 ut
816 729 936 776 erat
983 722 1183 791 pietate
1229 722 1434 792 plenus,
1472 725 1523 778 in
1551 724 1727 796 lacry-

112 827 265 865 mas
299 810 598 864 resolvitur.
651 810 1068 881 Conversusque
1123 813 1190 866 ad
1242 811 1450 880 plebem
1492 813 1571 870 sic
1612 824 1728 869 tau-

110 905 268 958 detn
305 902 575 972 profatur:
606 921 623 954 ι
652 902 760 958 Vos
812 901 1039 972 populus
1093 903 1188 956 Dei
1227 911 1284 958 et.
1327 918 1455 958 oves
1509 919 1727 973 pascuae

110 993 264 1062 ejus
298 994 468 1059 estis;
503 993 614 1064 ipse
662 1008 757 1048 vos
786 994 1072 1059 custodiet,
1099 994 1190 1063 qui
1236 994 1390 1049 nobis
1439 995 1724 1064 promittit,

112 1089 342 1164 dicens
365 1102 380 1140 :
406 1084 534 1162 Ecce
556 1103 648 1156 ego
678 1087 937 1141 vobiscum
959 1103 1076 1140 sum
1102 1087 1340 1142 omnibus
1363 1087 1542 1142 diebus
1567 1103 1728 1157 usque

110 1183 208 1235 ad
247 1178 744 1234 consummationem
770 1177 1177 1247 sweuliﬂlalth.
1205 1179 1532 1251 xxvrnﬂO).
1555 1199 1572 1231 ι
1591 1179 1727 1233 Nam

112 1271 403 1330 custodia
427 1285 536 1324 nea
572 1271 832 1326 hactenus
870 1269 1001 1324 nulli
1043 1269 1265 1340 profuit,
1293 1270 1385 1340 qui
1415 1285 1504 1326 me
1549 1270 1725 1342 ipsum

113 1364 334 1416 minus
360 1361 734 1430 circumspexi,
760 1361 955 1430 siquid
997 1369 1177 1416 autem
1209 1361 1468 1431 deinceps
1497 1361 1721 1430 insuper

110 1463 224 1504 est
256 1450 536 1520 temporis,
569 1451 729 1504 sinite
759 1460 814 1504 ut
852 1451 1094 1521 expleam
1122 1466 1230 1520 quo
1260 1459 1312 1506 et
1342 1452 1472 1506 mihi
1500 1460 1554 1507 et
1576 1451 1724 1506 vobis

117 1544 380 1612 prosim.
423 1540 786 1612 [Obfirmatus]
817 1542 980 1612 igitur
1017 1541 1276 1596 adversus
1313 1541 1570 1612 lugubres
1594 1531 1735 1610 quc;

120 1633 294 1686 rcIas
319 1633 489 1703 gregis
516 1633 576 1686 se
603 1633 1002 1706 prosequentis,
1025 1633 1178 1702 quasi
1211 1633 1581 1690 tenacioribus
1608 1634 1724 1687 vin-

115 1723 306 1786 cul‘s,
340 1739 450 1793 quae
477 1722 778 1776 libertatem
832 1723 997 1777 animi
1043 1722 1158 1792 ejus
1185 1722 1285 1777 sibi
1331 1723 1582 1794 subigere
1615 1732 1723 1778 ten-

1829 530 2135 596 cmnohium
2164 541 2217 594 in
2252 530 2585 598 Grandiavio
2615 560 2642 597 a
2671 560 2730 599 se
2755 554 3124 600 constructum
3162 562 3227 599 ex
3284 547 3404 602 rell-

1832 639 1932 685 ctze
1953 630 2102 685 urbis
2129 628 2391 684 vocabulo
2418 631 2804 686 denominavit.
2835 632 3048 687 Primus
3069 632 3216 688 Bodo
3240 634 3403 688 etiam
3473 691 3475 694 ,

1820 722 1934 792 jam
1957 722 2082 777 dicti
2105 721 2272 776 Jacob
2309 721 2566 778 decessor
2598 722 2787 778 Leucae
2835 725 3008 778 bonus
3029 733 3214 793 pastor
3238 725 3404 796 virgi-

1829 815 1946 869 neis
1971 815 2222 880 catervis,
2247 815 2442 884 quibus
2468 815 2646 870 locum
2695 815 2874 870 studio
2926 831 3025 871 suo
3077 817 3143 870 ad
3168 833 3400 888 unguem

1831 907 2148 977 productum
2175 907 2494 977 repleverat,
2522 921 2790 977 quemque
2813 921 2910 961 suo
2937 908 3004 962 de
3033 909 3250 964 nomine
3267 925 3404 962 nun-

1829 1004 2086 1066 cupatum
2142 996 2208 1051 iri
2240 1005 2548 1065 censuerat,
2595 1013 2830 1066 praeesse
2887 998 3054 1053 voluit
3091 998 3290 1056 Christi
3320 1000 3403 1055 fa-

1829 1086 2027 1140 mulam
2072 1087 2432 1159 Tietbergam,
2505 1092 2667 1159 quam
2716 1098 2842 1143 ante
2896 1091 3202 1159 pontificale
3241 1093 3404 1147 decus

1827 1187 2139 1245 susceperat
2164 1192 2228 1231 ex
2252 1178 2435 1232 debito
2461 1177 2692 1250 conjugii
2739 1178 2951 1250 filiam]
2989 1179 3131 1236 Inter
3155 1180 3252 1235 bos
3275 1197 3402 1250 ergo

1829 1268 2031 1347 athleta
2053 1267 2255 1322 Christi
2309 1269 2630 1340 Ilildulphus
2657 1269 2898 1340 priedicti
2945 1270 3044 1326 viri
3077 1269 3244 1326 Jacob
3273 1288 3404 1327 con-

1828 1361 1970 1418 sultu
2001 1361 2428 1418 adminiculante
2459 1363 2634 1419 locum
2658 1363 3006 1419 habitationis
3045 1363 3229 1434 elegit.

2395 1455 2621 1511 CAPUT
2661 1456 2790 1510 VIII.

1898 1538 2607 1600 Medianum-Honestum»:
2643 1548 2838 1602 condit.
2877 1579 2948 1588 —
2987 1547 3274 1604 Enimvero
3322 1556 3405 1604 est

1825 1629 1974 1688 locus
2028 1633 2080 1687 in
2138 1632 2351 1706 Vosego
2391 1637 2662 1692 montibus
2714 1639 2948 1710 undique
2993 1649 3197 1708 septus,
3241 1654 3405 1710 quem

1824 1719 2017 1779 fluvius
2047 1724 2267 1793 quidam
2291 1729 2360 1782 ob
2387 1727 2619 1783 validum
2652 1743 2891 1796 cursum,
2922 1729 3140 1786 liabado
3161 1731 3400 1794 nomine,

121 1815 361 1878 lztbztltf,
388 1814 660 1883 dtSf'lellS,
699 1813 1046 1868 Nicomadum
1081 1813 1155 1883 (8)
1188 1813 1288 1868 sibi
1329 1829 1717 1878 successorem,
1753 1809 1797 1870 Β
1826 1813 2138 1883 praeterﬂuit
2165 1817 2298 1888 (ll),
2360 1831 2524 1888 super
2567 1833 2724 1889 quem
2777 1820 2883 1891 [vir
2920 1821 3160 1892 sanctus]
3201 1821 3402 1890 Spiritu

118 1907 343 1959 ovibus
371 1920 491 1959 vero
519 1905 633 1960 suis
659 1905 943 1975 designans
980 1912 1279 1974 pastorem,
1306 1913 1426 1973 post
1472 1904 1716 1959 ultinuun

127 1997 290 2059 vale,
318 1997 567 2060 animum,
606 1995 791 2050 oculos
820 2012 881 2050 ac
909 1997 1072 2066 pedes
1095 2005 1320 2064 accepto
1354 1996 1536 2050 itineri
1562 1997 1720 2050 resti-

135 2087 278 2150 t.tit,
324 2096 517 2141 tantum
545 2087 786 2141 elevatus
808 2086 1049 2149 scientia,
1077 2094 1386 2155 assumptus
1410 2083 1540 2153 vita,
1576 2088 1716 2141 indi-

134 2180 407 2242 gnatione
452 2179 678 2248 spiritus
731 2179 811 2232 ἐιιί
869 2192 1088 2233 amarus
1139 2177 1346 2244 abiens,
1385 2193 1586 2249 pennas
1615 2180 1716 2232 sibi

125 2271 264 2326 dari
318 2269 570 2326 columbae
612 2274 980 2342 gemebundus
1025 2273 1332 2342 expetebat,
1385 2271 1578 2340 quibus
1627 2287 1718 2325 vo-

135 2362 316 2416 lando
339 2361 718 2431 requiesceret,
766 2371 820 2418 et
869 2364 1063 2433 quibus
1095 2361 1395 2433 elongando
1427 2362 1636 2431 fugiens
1664 2363 1717 2416 in

132 2452 771 2507 solitudinem-maneret
817 2452 988 2525 (Psal.
1017 2470 1126 2521 LIV,
1158 2455 1212 2521 7,
1243 2455 1320 2518 8).
1353 2453 1716 2521 Quemadmo-

127 2541 272 2594 dum
313 2542 456 2594 enim
505 2540 610 2596 Deo
639 2542 832 2613 dignus
873 2558 1004 2614 papa
1035 2543 1329 2614 Gregorius
1384 2544 1458 2597 ait
1493 2561 1506 2597 :
1556 2543 1717 2598 Dulce

127 2641 226 2686 est
254 2647 378 2687 esse
407 2633 462 2686 in
491 2633 642 2687 rebus
663 2634 935 2698 humanis,
965 2634 1058 2689 sed
1085 2639 1134 2689 ei
1163 2635 1338 2689 adhuc
1360 2635 1453 2704 qui
1495 2635 1562 2689 de
1608 2648 1718 2690 coe-

130 2723 372 2778 lestibus
397 2724 583 2793 gaudia
624 2724 768 2778 nulla
799 2726 1075 2795 gustavit;
1109 2734 1163 2780 at
1186 2728 1229 2782 si
1261 2727 1382 2796 quis
1404 2727 1513 2796 iam
1538 2728 1718 2784 cordis

128 2828 236 2867 ore
261 2815 553 2882 gustaverit
576 2829 695 2884 quae
741 2817 812 2871 sit
844 2816 934 2871 illa
981 2816 1206 2873 dulcedo
1252 2817 1550 2874 caelestium
1583 2834 1718 2889 prte-

134 2907 400 2973 miorum,
433 2907 553 2961 huic
581 2915 784 2975 quanto
815 2908 945 2963 illud
969 2909 1126 2964 dulce
1179 2910 1251 2964 sit
1283 2911 1424 2980 quod
1457 2911 1603 2965 intus
1639 2912 1715 2963 vi-

130 2997 254 3063 det,
286 3005 432 3052 tanto
477 2997 522 3052 in
556 2998 943 3055 amaritudines
968 3009 1249 3056 vertuntur
1277 3011 1539 3072 quotquot
1584 3000 1718 3056 foris

133 3088 398 3142 sustinet.
429 3088 655 3143 Risatur
675 3103 856 3144 secum
891 3093 956 3145 de
992 3093 1368 3157 rememoratis
1413 3094 1715 3164 iniquitati-

135 3181 269 3244 lzns,
295 3181 635 3248 reprehendit
657 3197 714 3237 se
744 3183 809 3237 de
827 3183 1273 3251 cogitationibus,
1306 3183 1606 3255 insequitur
1647 3185 1713 3240 de

136 3270 343 3336 verbis,
381 3280 435 3326 et
488 3273 642 3341 punit
679 3273 858 3329 flendo
890 3274 955 3328 de
1004 3274 1185 3330 factis.
1235 3274 1420 3344 Itaque
1466 3275 1571 3331 nisi
1611 3277 1711 3332 hoc

138 3363 304 3416 modo
329 3361 559 3433 Spiritus
587 3372 808 3420 sanctus
852 3373 1088 3419 mentem
1114 3365 1212 3420 viri
1253 3363 1410 3434 hujus
1433 3367 1484 3419 in
1517 3368 1713 3422 amari-

139 3451 380 3507 tudinem
429 3452 805 3522 temporalium
863 3462 917 3508 et
945 3453 1354 3510 delectationem
1385 3464 1713 3511 aeternorum

136 3541 536 3606 commovisset,
575 3551 774 3597 terram
801 3543 1070 3599 desertam
1095 3553 1148 3599 et
1181 3544 1378 3600 inviam
1405 3554 1554 3600 tanto
1579 3555 1711 3601 aestu

137 3635 318 3689 cordis
350 3650 453 3689 non
471 3637 772 3706 quasisset.

731 3729 960 3785 CAPUT
1005 3730 1114 3783 VII.

215 3815 437 3872 Favente
461 3817 692 3872 Tullensi
739 3821 976 3888 episcopo
1005 3821 1059 3873 in
1099 3817 1355 3888 l’osagum
1409 3819 1620 3874 secedit.
1644 3849 1714 3859 —

137 3909 242 3964 Per
265 3909 390 3964 illud
419 3922 628 3980 tempus
655 3909 822 3964 Jacob
847 3911 926 3980 (9)
972 3911 1055 3964 vir
1095 3912 1512 3966 conversatione
1545 3912 1711 3965 mori-

139 4003 344 4070 busque
374 4001 706 4056 admirabilis
753 4002 988 4057 Leucam
1045 4002 1267 4072 tegebat
1312 4001 1709 4073 [ecclesiarum]

140 4092 351 4152 urbem,
375 4091 476 4160 qui
499 4090 644 4162 [cum
685 4108 782 4162 pro
809 4092 889 4148 sui
929 4093 1216 4147 sanctitate
1259 4093 1311 4146 in
1336 4108 1430 4147 ora
1472 4093 1713 4147 omnium

139 4182 416 4251 penderet,
450 4183 664 4250 legibus
691 4182 926 4254 quoque]
960 4182 1255 4252 stupendus
1276 4191 1412 4237 erat.
1443 4183 1523 4238 Ad
1553 4198 1712 4253 quem

140 4290 264 4326 l‘lllll
291 4273 374 4326 vir
398 4273 489 4327 Dei
542 4271 862 4342 Hildulphus
888 4273 1144 4338 venisset,
1199 4281 1259 4328 ut
1301 4275 1566 4328 cbaritate
1605 4289 1713 4328 me-

141 4365 324 4418 diante
372 4370 638 4418 sctrelum
684 4363 757 4417 illi
804 4362 1109 4434 provideret
1157 4362 1332 4417 locum
1364 4362 1713 4417 libentissime

1823 1916 2015 1962 sancto
2044 1908 2284 1964 dictante
2305 1909 2564 1965 ecclesias
2597 1910 2863 1977 fundavit,
2891 1913 3120 1982 primam
3154 1913 3404 1968 videlicet

1823 1999 2038 2053 nomine
2090 1999 2261 2055 beatae
2316 2001 2406 2055 Dei
2456 2002 2734 2072 genitricis
2788 2012 2843 2058 et
2897 2019 3110 2074 semper
3175 2004 3402 2073 virginis

1822 2085 2022 2152 Mariae,
2059 2104 2220 2158 quam
2257 2100 2312 2144 et
2362 2090 2478 2160 [vni
2507 2091 2624 2147 Kal.
2679 2091 2879 2165 Martii]
2931 2095 3221 2162 dedicavit,
3249 2110 3400 2149 eam-

1821 2192 1924 2245 que
1953 2176 2658 2235 Medianum-Monasterium
2709 2181 3034 2250 appellavit;
3077 2183 3236 2236 aliam
3264 2197 3396 2237 vero

1821 2282 1886 2320 ex
1923 2267 2139 2320 nomine
2167 2268 2309 2322 beati
2357 2269 2499 2324 Petri
2547 2271 2806 2340 principis
2860 2272 3096 2344 omnium
3137 2272 3403 2342 apostolo-

1821 2372 1937 2410 rum
1974 2358 2176 2413 honore
2202 2358 2335 2432 [xvn
2361 2360 2480 2414 Kal.
2530 2359 2868 2432 Novembris]
2922 2355 3278 2417 consecravit.
3309 2362 3403 2416 llis

1820 2446 1890 2501 ita
1923 2448 2140 2504 statutis
2171 2489 2186 2516 ,
2240 2449 2348 2503 Deo
2395 2450 2605 2519 sibique
2657 2451 2840 2505 vivere
2891 2451 3054 2520 cmpit
3105 2468 3119 2517 ;
3175 2465 3404 2520 cumquo

1821 2539 2147 2606 praeconium
2201 2541 2374 2595 sancti
2440 2541 2673 2596 nominis
2725 2541 2843 2612 ejus
2921 2541 3061 2596 fama
3112 2543 3402 2598 multorum

1819 2626 1972 2698 longe
2008 2629 2223 2702 lateque
2257 2632 2511 2696 deferret,
2568 2627 2672 2687 viri
2704 2641 2951 2703 potentes
2977 2643 3030 2689 et
3061 2635 3266 2691 nobiles
3315 2637 3400 2690 vi-

1817 2717 2086 2774 sitationis
2112 2721 2283 2791 gratia
2316 2722 2381 2776 ad
2406 2738 2528 2777 eum
2555 2723 2750 2793 smpius
2775 2721 3134 2789 confluebant,
3163 2740 3398 2796 cumque

1818 2827 1848 2866 e
1872 2813 2100 2867 diversis
2130 2814 2374 2883 partibus
2399 2814 2551 2869 multi
2591 2827 2960 2880 accurrerent,
3016 2818 3279 2888 aliquanti
3332 2818 3400 2872 ad

1818 2903 1942 2958 vitae
1966 2904 2069 2959 iter
2095 2905 2309 2960 accensi
2339 2920 2462 2960 cum
2490 2905 2608 2960 viro
2629 2906 2722 2961 Dei
2757 2923 2976 2963 manere
3003 2908 3396 2963 decreverunt:

1817 2995 1969 3061 Quod
1998 3010 2120 3050 cum
2163 2996 2247 3050 vir
2277 2997 2384 3052 Deo
2413 2996 2601 3066 plenus
2644 2999 2871 3064 videret,
2897 3014 2926 3052 a
2955 3000 3181 3054 Domino
3210 3000 3261 3053 id
3286 2999 3400 3053 fieri

1817 3087 2114 3144 arbritatus
2139 3097 2256 3155 est;
2288 3099 2361 3154 et,
2391 3090 2644 3160 quoniam
2673 3083 2786 3161 ipse
2826 3091 2953 3147 olim
2987 3091 3261 3162 professus
3284 3107 3401 3145 mo-

1741 3152 1785 3215 C
1816 3177 2052 3232 nachum
2093 3179 2286 3244 fuerat,
2342 3181 2707 3238 habitationes
2737 3183 3018 3237 monachis
3050 3182 3207 3238 miles
3237 3181 3402 3250 cmpit

1813 3268 2102 3326 aediﬁcare.
2132 3270 2187 3325 ld
2221 3287 2347 3326 vero
2400 3272 2626 3343 populus
2665 3289 2787 3328 cum
2815 3275 3187 3344 comperisset,
3232 3275 3396 3326 dcvn-

1814 3361 1960 3417 tione
2006 3377 2282 3431 crescens,
2335 3363 2454 3432 plus
2505 3364 2664 3419 solito
2695 3364 3002 3419 confluebat
3047 3382 3060 3429 ;
3125 3381 3249 3419 nam
3305 3381 3400 3434 per

1813 3453 2004 3508 merita
2031 3453 2131 3508 viri
2159 3455 2330 3508 sancti
2362 3454 2571 3524 sibique
2621 3455 3008 3525 subjectornm,
3053 3456 3179 3510 cznci
3240 3455 3309 3508 ibi
3339 3455 3400 3508 il-

1813 3542 2224 3598 luminabantur
2255 3586 2270 3610 ,
2320 3545 2498 3599 claudi
2576 3545 3027 3601 convalescebant
3059 3585 3076 3612 ,
3125 3545 3398 3600 dmmones

1814 3637 2160 3707 fugabantur.
2221 3637 2376 3694 Unde
2435 3639 2620 3694 turbas
2678 3638 3058 3694 confluentium
3114 3637 3204 3692 vix
3254 3636 3397 3691 ferre

1814 3729 2022 3794 valens,
2047 3737 2200 3783 extra
2225 3728 2462 3785 claustra
2490 3729 2775 3786 ecclesiam
2807 3729 2861 3784 S.
2891 3728 3114 3784 Joannis
3145 3728 3396 3799 Baptistae

1813 3821 2087 3875 aedificetis
2115 3822 2401 3888 dedicavit,
2427 3832 2588 3892 atque
2631 3823 2838 3888 domos,
2868 3822 2923 3875 in
2971 3821 3165 3890 quibus
3208 3835 3396 3890 super-

1813 3911 2090 3966 venientes
2119 3913 2513 3982 reciperentur,
2544 3913 2800 3968 instituit.

2436 4001 2664 4057 CAPUT
2699 4001 2792 4056 IX.

1885 4092 2226 4165 Congregatis
2272 4093 2547 4162 discipulis
2601 4093 2837 4149 abbatem
2881 4096 3115 4166 prwfecit
3161 4094 3390 4148 Leubal-

1815 4185 1960 4239 (Iunt.
1985 4217 2052 4225 —
2081 4185 2320 4242 Cernens
2367 4187 2573 4242 interea
2613 4187 2698 4242 vir
2745 4186 2918 4243 fidelis
2964 4187 3173 4242 Domini
3205 4201 3395 4241 servus

1817 4276 2184 4344 hujuscemodi
2235 4277 2537 4332 solitudinis
2593 4287 2798 4346 partem
2850 4293 2955 4333 non
2987 4273 3262 4331 minimam
3308 4277 3397 4330 ad-

1815 4378 2011 4424 ventus
2039 4369 2121 4423 sui
2170 4370 2456 4448 occasigne
2488 4368 2748 4437 paulatim
2789 4367 3078 4432 excultam,
3131 4382 3195 4422 ac
3248 4367 3396 4420 velut

143 4455 508 4508 collaboravil.
545 4453 602 4509 Si
634 4454 847 4524 quidem
885 4470 914 4508 ιι
963 4454 1361 4524 praedecessore
1398 4454 1512 4524 eius
1543 4469 1712 4524 (Ιιιοιι-
1745 4491 1789 4547 D
1818 4465 2043 4520 novellis
2073 4465 2342 4520 olivarum
2391 4465 2761 4535 spiritualibus
2787 4465 2910 4520 filiis
2961 4466 3012 4519 in
3040 4465 3267 4519 circuitu
3295 4480 3393 4518 suo

147 4551 267 4602 dam
317 4547 587 4617 pontifice,
634 4545 892 4602 Girbaidi
938 4547 1047 4619 (l0)
1104 4545 1342 4609 nomine,
1395 4545 1511 4620 viro
1559 4562 1710 4615 arquc

146 4641 504 4707 sanctissimo,
541 4639 807 4696 Deodatus
860 4639 942 4693 vir
994 4653 1218 4694 summa:
1250 4637 1555 4692 sanctitatis
1584 4637 1710 4692 olim

151 4729 489 4784 Niverneusis
538 4728 820 4798 episcopus
873 4728 1193 4810 renuptians
1233 4726 1449 4793 sarculo,
1483 4727 1537 4781 in‘
1574 4727 1710 4782 saltu

155 4818 340 4888 Vosagi
365 4817 536 4873 locum
558 4819 891 4882 obtinuerat,
919 4819 1011 4872 ubi
1062 4818 1406 4874 sanctissime
1427 4833 1713 4873 conversa-

151 4921 235 4964 tus
258 4907 404 4982 [est],
425 4908 751 4964 monasteria
774 4897 982 4973 Statuit,
1016 4919 1174 4978 atque
1194 4919 1313 4979 post
1339 4909 1599 4963 diutinam
1631 4909 1711 4962 in-

149 4999 341 5054 Christi
367 5014 538 5068 agone
585 4998 830 5053 militiam
879 4999 1001 5054 vita:
1036 5008 1281 5053 senatum
1330 4998 1601 5054 laureatus
1632 5000 1711 5055 in-

153 5093 325 5148 travit.
373 5092 430 5146 lu
457 5107 564 5162 quo
612 5093 779 5147 ctiam
810 5093 948 5147 saltu
980 5093 1217 5148 virorum
1249 5101 1556 5146 sanctorum
1603 5092 1712 5147 cel-

152 5183 266 5237 lula:
295 5183 522 5236 inerant.
547 5181 813 5253 [Denique
862 5182 1261 5252 Sanctivagiutn
1279 5180 1389 5250 jam
1419 5192 1546 5237 tunc
1592 5191 1712 5237 erat

153 5272 405 5342 spirituali
452 5273 836 5326 monachorum
867 5274 1131 5328 exercitio
1165 5273 1492 5327 institutum.
1544 5274 1712 5328 Porro

153 5365 370 5416 dotnnus
426 5354 824 5416 Guudelhcrtus
855 5403 868 5427 ,
922 5362 1050 5415 olim
1097 5363 1369 5419 Senonum
1420 5364 1714 5437 praeclaris-

222 5512 293 5578 (8)
324 5513 377 5585 in
409 5515 697 5570 recentiori
732 5530 831 5568 ms.
862 5515 962 5585 leg.
991 5517 1353 5574 Weomndum.

221 5585 293 5651 (9)
324 5584 546 5663 Fallitur
572 5587 656 5639 hic
683 5596 870 5663 auctor
897 5584 1311 5663 inassignando
1348 5594 1581 5663 episcopi
1619 5612 1711 5648 nn-

153 5656 307 5712 tninc.
336 5657 424 5725 qui
457 5655 612 5725 longe
649 5667 764 5724 pust
792 5655 1078 5710 l'ltltlnllttttt
1105 5655 1254 5714 vixit.

224 5727 322 5792 (ll!)
363 5724 420 5778 lu
450 5724 564 5780 \‘Cl.
607 5743 705 5780 IIIS.
736 5726 834 5797 lt‘g.
877 5727 1182 5782 (intiba/du.

1815 4554 2101 4618 vestitam,
2155 4554 2337 4608 anima
2379 4553 2496 4624 ejus
2541 4567 2703 4624 super
2755 4553 2968 4607 Domini
3018 4551 3268 4607 salutaris
3310 4553 3394 4605 sui

1815 4646 2095 4714 praesentia
2117 4645 2524 4700 delectationem
2555 4645 2896 4715 concipiebat
2923 4644 3235 4699 maximam.
3257 4641 3399 4698 Cum

1817 4749 1942 4789 vero
1979 4733 2178 4788 dudum
2230 4733 2446 4788 deserta
2468 4743 2523 4788 et
2554 4733 2766 4803 impexa
2799 4745 3018 4787 eremus
3039 4731 3209 4786 aleret
3235 4729 3394 4784 Chri-

1814 4826 1880 4880 sti
1933 4839 2199 4895 pauperes
2233 4823 2566 4894 singulorum
2614 4838 2876 4877 annorum
2923 4820 3292 4892 proventibus,
3322 4835 3394 4874 ne

1815 4916 2108 4972 deficerent
2141 4916 2192 4970 in
2221 4915 2309 4969 via
2333 4915 2516 4970 θωραιὶ
2550 4915 2730 4983 istius,
2753 4914 2915 4968 etiam
2955 4914 3112 4983 juxta
3153 4912 3391 4967 litteram

1815 5007 2072 5076 compleri
2097 5006 2362 5077 gaudebat
2407 5006 2548 5074 quod
2596 5005 2724 5060 olim
2772 5002 3032 5074 propheta
3081 5002 3148 5056 de
3194 5001 3390 5055 veteris

1814 5096 1946 5167 legis
1979 5095 2250 5166 mysteriis
2314 5103 2368 5149 et
2417 5095 2538 5147 novi
2570 5092 2748 5164 populi
2807 5089 3099 5146 refectione
3129 5087 3389 5158 praedixe-

1815 5199 1916 5241 rat.
1951 5187 2170 5242 Deserta
2200 5186 2252 5240 in
2277 5186 2578 5240 ubertatem
2631 5199 2785 5239 versa
2826 5183 3046 5237 advena:
3086 5181 3393 5246 comedent,

1815 5278 2067 5348 frequens
2088 5293 2300 5347 quoque
2355 5277 2544 5346 vulgus
2572 5275 2811 5330 fidelium
2860 5274 3048 5329 sedulo
3075 5274 3250 5329 virum
3292 5273 3387 5325 Dei

1817 5372 2141 5426 invisentmn
2167 5384 2453 5424 numerosa
2485 5377 2864 5424 construxerat
2903 5366 3212 5421 habitacula
3241 5365 3387 5418 circa

1886 5524 1999 5593 (ll)
2035 5523 2204 5593 Hujus
2254 5522 2448 5593 capitis
2487 5521 2697 5593 initium
2729 5520 2800 5573 ita
2857 5520 2984 5593 legit
3033 5521 3198 5593 codex
3244 5517 3388 5570 anti-

1815 5589 2008 5664 quior':
2045 5589 2208 5664 Quem
2255 5592 2484 5664 videlicet
2539 5590 3005 5664 locunt_ntorttibus
3039 5589 3262 5664 undique
3306 5604 3388 5664 fc-

1815 5657 1956 5731 ;itum
1989 5663 2229 5731 ﬂuriolus
2277 5662 2488 5727 quidam
2540 5661 2600 5714 ob
2632 5660 2857 5716 validum
2907 5676 3137 5727 cursum,
3183 5657 3385 5726 Rapido

1819 5733 2042 5796 nomine,
2064 5733 2393 5802 prtt'tcrﬂnit.
