3900 6322
454 350 554 408 δὺς

1114 351 1285 407 ΞᾹΣΟ.
1321 351 1388 406 XI
1428 351 1632 409 AUCT.
1676 349 1950 406 lNCERTl
1982 349 2140 406 ANNI
2182 351 2268 406 ET
2311 351 2573 406 SCRIPT.
2631 360 2854 410 ’ΔΔΕΣΠ.

3607 355 3702 407 5'”;

451 487 618 542 cellas
664 497 976 542 sanctorum
1027 497 1246 556 propter
1296 487 1636 542 vicinitatem
1702 500 1890 540 eorum
1954 487 2032 541 vel

2157 465 2392 518 traeeOnii
2435 466 2550 535 ejus
2593 465 3006 536 circumpositas
3039 474 3213 521 terras
3247 468 3600 530 transvolans,
3629 489 3704 525 re-

449 579 782 633 ltabilitatem
825 579 1085 634 locorum.
1118 578 1222 634 Sed
1262 581 1346 634 vir
1378 579 1472 634 Dei
1499 582 1754 650 quoniam
1796 579 1908 648 jam
1939 597 2036 650 gu-

450 681 622 724 starat
650 680 702 726 et
728 671 935 726 viderat
959 687 1182 726 suavem
1211 687 1332 727 esse
1364 673 1672 738 Dominum,
1720 673 1796 726 nil
1825 655 2033 727 dulcius

452 763 706 826 habebat,
735 778 897 832 quatn
945 779 1139 818 vacare
1190 773 1244 817 et
1295 765 1480 818 videre
1529 764 1876 820 ineffabiliter
1915 780 2034 819 esse

449 855 615 909 Dei...
647 855 928 924 praecellit.
975 854 1295 910 Nostrorum
1344 856 1525 925 itaque
1568 865 1916 910 accrescente
1961 855 2034 910 ibi

448 961 673 1001 numero
720 946 970 1012 fratrum,
1002 959 1224 1002 sanctus
1272 947 1382 1012 ille,
1430 956 1490 1000 ut
1537 943 1751 1016 semper
1802 947 2034 1002 circum-

450 1047 690 1106 spectus,
724 1047 909 1092 custos
948 1038 1034 1092 sui
1076 1047 1320 1092 metuens
1363 1049 1498 1104 erat,
1525 1054 1655 1092 cura
1701 1053 1886 1093 eorum
1942 1047 2036 1092 aut

452 1127 758 1196 frequentia
809 1127 1152 1182 saecularium
1203 1143 1232 1180 a
1265 1127 1460 1182 dilecta
1510 1129 1691 1197 quiete
1744 1143 1855 1182 suae
1907 1142 2036 1182 con-

453 1221 820 1290 templationis
868 1236 1084 1290 quoquo
1128 1221 1287 1275 modo
1336 1221 1539 1286 divelli,
1587 1230 1917 1291 quapropter
1942 1221 2037 1276 do-

453 1327 638 1364 muum
668 1311 998 1367 Lcubaldum
1023 1313 1386 1368 venerabilem
1445 1314 1616 1368 virum
1666 1315 1913 1369 abbatem
1940 1314 2033 1368 de-

453 1403 740 1472 signavit,
793 1417 950 1472 quem
1001 1403 1304 1457 divinarum
1357 1411 1412 1458 et
1445 1404 1803 1458 humanarum
1855 1418 2034 1457 rerum

453 1491 647 1545 notitia
679 1492 822 1546 haud
875 1507 1038 1562 parva
1089 1493 1372 1561 praeditum
1425 1493 1711 1558 intellexit,
1771 1501 2037 1562 quatenus

456 1583 716 1638 fratribus
771 1585 1027 1654 pastorali
1081 1585 1358 1656 vigilantia
1412 1596 1688 1656 praeesset,
1740 1587 2037 1641 adventan-

413 1663 426 1672 “
455 1673 590 1728 tium
653 1691 774 1730 sese
831 1677 1060 1747 negotiis
1119 1677 1587 1747 in.pertiret;qui
1629 1691 1897 1746 quamque
1944 1677 2039 1731 de-

455 1773 600 1832 vote,
628 1781 898 1836 quamque
950 1777 1172 1822 strenue
1209 1768 1262 1822 id
1288 1766 1446 1823 ofﬁcii
1499 1769 1909 1842 administrarit,
1940 1785 2038 1822 au-

2136 547 2394 608 motiores
2434 570 2648 626 quoque
2677 564 3092 625 penetraverat;
3129 572 3369 626 cumque
3411 575 3443 613 e
3489 561 3708 616 diversis

2136 646 2385 714 partibus
2431 647 2582 700 multi
2629 649 2695 701 ad
2741 649 2918 702 virum
2972 649 3064 702 Dei
3118 651 3395 713 venirent,
3440 649 3708 706 Erhardus

2134 736 2244 788 vita
2281 737 2448 788 etiam
2501 736 2898 805 sanctissimus,
2955 753 3119 792 carne
3165 740 3388 809 quidem
3416 741 3577 796 beato
3604 742 3707 796 ﬂai-

2135 825 2338 896 dulpho
2364 841 2676 896 germanus,
2734 829 2925 883 ordine
2951 845 3084 883 vero
3111 831 3469 900 coepiscopns
3504 835 3710 888 nomine

2135 916 2294 986 hujus
2325 917 2549 990 [ascitus
2580 918 2728 992 (12)]
2777 921 3043 976 accurrit.
3067 921 3166 975 Diu
3214 923 3402 991 itaque
3438 926 3712 991 quaesitum

2137 1024 2259 1062 cum
2309 1010 2627 1074 invenisset,
2677 1011 2850 1065 labori
2883 1012 3001 1082 ejus
3037 1012 3442 1081 congratulatus,
3501 1013 3713 1082 inquit:

2136 1100 2298 1167 Ecce,
2322 1099 2512 1169 frater,
2531 1102 2861 1158 desiderium
2894 1103 3079 1159 cordis
3109 1103 3185 1157 tui
3211 1103 3407 1158 tribuit
3434 1104 3528 1158 tibi
3559 1105 3714 1169 Deus,

2136 1200 2192 1245 et
2223 1192 2499 1249 voluntate
2551 1202 2638 1248 tua
2679 1208 2787 1248 non
2844 1203 2898 1249 te
2943 1193 3215 1249 fraudavit
3269 1193 3446 1266 (Ρεαέ.
3494 1211 3588 1261 xx,
3643 1197 3713 1266 5].

2137 1281 2306 1349 Quem
2333 1284 2478 1337 enim
2505 1284 2595 1339 ditt
2621 1284 2924 1354 concupisti
2979 1284 3156 1338 locum
3195 1293 3298 1339 tua:
3328 1287 3715 1342 conversatieni

2138 1376 2372 1431 habilem
2405 1377 2678 1432 invenisti.
2712 1377 2790 1431 Tu
2835 1393 2967 1446 ergo
3002 1386 3087 1432 sta
3139 1377 3376 1433 viriliter
3419 1378 3472 1432 in
3519 1379 3641 1445 fide,
3670 1390 3718 1433 et

2139 1467 2446 1523 confortare
2475 1470 2526 1522 in
2551 1469 2778 1523 Domino
2806 1466 2977 1539 (Psal.
3009 1484 3158 1533 xxvi,
3193 1469 3304 1539 ii),
3354 1478 3412 1524 ct
3465 1471 3521 1524 in
3549 1480 3721 1537 poten-

2141 1561 2213 1614 tia
2254 1562 2474 1616 virtutis
2523 1560 2639 1629 ejus
2694 1569 2900 1627 certus,
2964 1561 3106 1630 quod
3158 1561 3249 1630 qui
3292 1565 3718 1631 perseveraverit

2138 1666 2312 1720 usque
2343 1650 2395 1704 in
2446 1651 2607 1705 finem
2656 1649 2747 1705 hic
2790 1651 2974 1705 salvus
3013 1651 3119 1706 erit
3175 1649 3398 1720 (Matth.
3442 1667 3595 1716 μιν,
3623 1653 3714 1720 13).

2140 1742 2246 1797 Per
2273 1742 2491 1815 [annos]
2535 1743 2699 1814 igitur
2766 1744 2972 1813 aliquot
3015 1743 3356 1816 [continuos]
3406 1759 3588 1800 secum
3622 1764 3721 1800 ma-

457 1835 681 1908 ctoritas
735 1857 1108 1924 proutoventis
1162 1857 1399 1912 credulis
1435 1840 1719 1913 mentibus
1751 1859 2036 1925 satisfecit,
2070 1842 2114 1902 Β
2145 1843 2356 1897 “cmest
2379 1843 2595 1888 ωιθτηίθ
2634 1835 2760 1889 Vim
2786 1836 3028 1891 "iCiSSim
3063 1835 3404 1891 resonabam
3427 1836 3715 1908 Unum"?

456 1945 708 2013 quoniam
759 1957 983 2001 sanctus
1033 1947 1261 2002 antistes
1313 1948 1829 2028 hqncnequaquant
1881 1957 2041 2004 tantae

453 2046 684 2090 catervae
707 2039 1095 2092 monachorum
1128 2048 1489 2107 promoveret,
1525 2039 1624 2094 nisi
1672 2045 1804 2110 prae;
1827 2041 2043 2096 caeteris

458 2121 526 2178 ad
549 2123 651 2178 hoc
680 2123 902 2193 dignum
930 2121 1254 2194 judicasset.

1085 2213 1312 2269 CAPUT
1351 2213 1420 2268 Χ.

528 2304 807 2375 Spinulum
835 2305 1095 2360 Joannem
1141 2316 1188 2359 et
1238 2304 1532 2375 Benignnm
1562 2307 1701 2360 viros
1751 2309 1865 2378 pios
1915 2308 2047 2361 reci-

461 2397 559 2465 pit.
580 2425 651 2435 —
674 2396 743 2450 At
777 2411 906 2451 vero
932 2410 1055 2449 cum
1090 2411 1278 2450 rumor
1310 2395 1537 2450 fratrum
1581 2397 1650 2450 ibi
1685 2405 2043 2463 accresceret,

457 2489 605 2542 inter
628 2489 866 2558 reliquos
895 2489 1022 2543 vitm
1054 2489 1297 2544 caelestis
1325 2498 1596 2544 amatores
1623 2499 1735 2544 tres
1757 2498 2042 2564 venerunt,

458 2594 692 2647 quorum
721 2579 929 2650 primus
956 2579 1212 2649 Spinulus
1243 2597 1258 2647 ;
1298 2581 1492 2652 reliqui
1534 2597 1664 2638 vero
1690 2582 1780 2652 qui
1806 2598 1967 2637 carne
1995 2591 2048 2638 et

459 2669 654 2737 spiritu
677 2671 917 2741 germani
947 2680 1126 2736 erant,
1158 2670 1308 2741 prior
1326 2670 1584 2738 Joannes,
1616 2672 1754 2727 alter
1779 2672 2049 2744 Benignus

460 2761 636 2816 vocati
679 2769 823 2828 sunt,
856 2759 969 2833 [qui
1021 2777 1087 2817 ex
1135 2764 1383 2819 emnobio
1407 2765 1708 2820 beatissimi
1751 2765 2046 2834 Maximini,

461 2852 605 2921 quod
636 2853 928 2922 praedictus
973 2853 1138 2910 Pater
1185 2854 1532 2923 fundaverat,
1585 2857 1871 2912 advenisse
1910 2860 2053 2913 refe-

464 2952 682 3010 runtur,
707 2952 1118 3014 statuerantque
1145 2961 1310 3016 penes
1335 2950 1508 3002 virum
1535 2949 1627 3004 Dei
1661 2948 1881 3019 degere,
1906 2949 2049 3018 quod

462 3031 579 3102 ('jUS
607 3031 1018 3090 converSatione
1057 3044 1112 3089 et
1155 3037 1422 3092 eharitate
1446 3039 1671 3092 nimium
1713 3039 2051 3094 delectaren-

465 3133 570 3176 tur.
603 3121 808 3178 llorum
843 3139 972 3202 vero
1001 3125 1263 3178 miracula
1315 3125 1368 3179 in
1401 3126 1853 3195 subsequentibus
1877 3127 2053 3182 multi-

463 3306 554 3361 riti
585 3307 725 3378 apud
746 3308 911 3361 Deum
943 3306 1037 3362 fiat
1074 3307 1204 3374 luce
1256 3309 1457 3364 clarius
1483 3309 1504 3382 ]
1532 3308 1704 3382 [nam]
1743 3325 1775 3364 a
1815 3311 1931 3364 viro
1961 3312 2053 3366 Dei

462 3399 694 3469 benigne
723 3401 988 3471 suscepti,
1039 3411 1265 3472 paterue
1317 3405 1586 3468 instructi,
1628 3404 1836 3475 ipsique
1863 3405 2056 3460 devote

464 3501 873 3558 conversantes,
901 3495 968 3547 ad
994 3495 1136 3548 viam
1165 3494 1286 3548 vitae
1314 3493 2051 3565 anhelabant,etquanquam

463 3583 706 3650 omnium
771 3584 1030 3638 virtutum
1082 3586 1312 3656 negotiis
1361 3603 1420 3640 se
1468 3587 1706 3641 vicissim
1750 3589 2082 3659 praecedere-

464 3675 687 3740 vellent,
720 3677 1024 3732 humilitate
1064 3686 1244 3732 tamen
1303 3688 1359 3733 et
1405 3679 1714 3734 obedientia
1760 3695 1819 3734 se
1858 3680 2055 3733 alteru-

467 3773 612 3817 trum
647 3765 866 3821 vincere
910 3766 1264 3822 festinabant.
1323 3769 1553 3824 Assidue
1602 3771 1653 3825 in
1696 3785 1790 3824 ore
1841 3769 2054 3824 illorum

469 3853 735 3921 Christus,
759 3857 959 3927 jugiter
1005 3861 1131 3913 vitae
1162 3868 1378 3915 aeternae
1411 3861 1676 3930 praeconia
1709 3863 2053 3929 resonabant,

468 3957 636 4016 utque
665 3951 958 4005 monachos
985 3951 1156 4015 decet,
1191 3950 1344 4019 juxta
1392 3962 1717 4021 praeceptum
1749 3953 1924 4008 Patris
1947 3970 2058 4007 om-

470 4040 564 4095 nia
595 4039 922 4095 exercebant
967 4041 1194 4114 [absque
1225 4042 1690 4112 pusillaniutitate,
1722 4059 1949 4098 raneore
1977 4045 2057 4099 vel

469 4133 856 4194 amaritudine.
891 4134 1118 4204 subjecti
1172 4135 1225 4188 in
1281 4134 1472 4189 timore
1511 4145 1564 4188 et
1604 4150 1788 4190 amore
1831 4135 2053 4200 Christi,

463 4225 688 4296 jejuniis
741 4233 797 4281 et
843 4225 1038 4294 vigiliis
1083 4234 1255 4281 semet
1302 4236 1661 4291 macerantes,
1721 4226 2057 4282 orationibus

469 4314 688 4368 contriti
720 4355 734 4378 ,
787 4314 1183 4383 humilitatique
1231 4315 1408 4369 cordis
1439 4314 1708 4370 inJefesse
1754 4317 2047 4381 instantes,

468 4405 746 4460 malebant
775 4407 1032 4475 quidquid
1081 4421 1307 4474 usquam
1335 4415 1552 4475 putatur
1578 4407 1918 4462 intolerabile
1943 4423 2060 4476 pet-

468 4496 614 4552 ferre
640 4513 801 4566 quant
828 4497 1103 4552 Christum
1154 4497 1208 4550 in
1248 4497 1428 4566 aliquo
1456 4495 1777 4569 offendere]
1827 4499 1891 4552 Et
1918 4513 2058 4566 quo-

471 4589 622 4642 niam
670 4588 873 4642 invidia
907 4587 1108 4642 diaboli
1141 4603 1289 4642 tnors
1348 4588 1587 4642 introivit
1638 4589 1689 4641 in
1721 4589 1906 4642 orbem
1950 4597 2058 4641 ter-

474 4696 661 4734 rarum
690 4679 846 4751 (Sap.
873 4695 931 4744 ιι,
958 4679 1078 4748 24),
1133 4679 1310 4732 sciens
1366 4678 1459 4732 Dei
1512 4677 1712 4732 athleta
1742 4677 2060 4746 l‘liltlulpbus

467 4785 531 4825 se
582 4785 818 4840 suosque
873 4773 1198 4838 quandoque
1237 4768 1366 4822 Adae
1423 4768 1664 4848 debitutn
1729 4767 2058 4834 reddituros,

470 4860 764 4931 sepulturae
820 4859 997 4913 locum
1030 4873 1276 4928 quaerere
1323 4858 1630 4912 destinavit.
1670 4855 1774 4911 Sed
1830 4857 1955 4926 quia
2002 4867 2062 4912 nt

469 4953 524 5005 in
569 4950 906 5005 convallibus
954 4947 1112 5012 solet,
1157 4947 1303 5002 circa
1349 4947 1738 5001 monasterium
1789 4961 2059 5015 aquarum

473 5053 592 5096 erat
617 5042 970 5108 abundantia,
1024 5042 1245 5095 minime
1295 5051 1479 5109 aptum
1539 5041 1854 5096 coemeterio
1884 5041 2060 5096 locum

469 5133 766 5202 judicavit;
799 5135 865 5188 ad
893 5143 1138 5187 austrum
1171 5147 1301 5186 vero
1325 5131 1480 5186 collis
1504 5131 1833 5184 monasterio
1881 5131 2062 5183 immi-

480 5231 594 5286 net,
627 5237 790 5291 super
816 5239 974 5292 quem
1025 5224 1108 5276 vir
1145 5231 1366 5278 sanctus
1407 5223 1690 5277 ecclesiam
1719 5234 2061 5288 construens,

477 5327 542 5366 ex
573 5313 790 5366 nomine
816 5312 960 5368 beati
1007 5313 1255 5382 Gregorii
1287 5329 1437 5382 papa:
1492 5313 1851 5380 consecravit,
1903 5323 2065 5383 atque

475 5402 683 5457 circum
709 5401 852 5456 hanc
879 5405 1252 5458 cmmeterium
1278 5403 1576 5457 benedixit.

1114 5494 1340 5549 CAPUT
1379 5493 1468 5547 XI.

555 5585 629 5640 Ab
673 5584 884 5638 Erardo
933 5585 1171 5653 episcopo
1220 5587 1482 5639 visitatur.
1536 5615 1604 5625 —
1633 5587 1799 5641 Fama
1855 5595 2063 5640 interea

557 5737 669 5807 (η)
703 5738 756 5791 ln
782 5745 888 5791 vet.
923 5752 1022 5790 ms.
1053 5738 1307 5790 excitatus

560 5810 670 5882 (13)
709 5810 764 5864 in
793 5818 900 5864 vet.
926 5823 1028 5863 ms.
1053 5825 1141 5877 per
1162 5807 1293 5859 dies.

2125 1941 2250 1996 que
2277 1926 2390 1997 (i5)
2421 1928 2765 1998 congregatis
2798 1927 3020 1997 utrique
3049 1927 3173 1982 vitae
3208 1930 3530 1984 necessaria
3553 1932 3719 1998 pravi-

2143 2016 2363 2084 debant,
2393 2025 2448 2072 et
2473 2017 2822 2072 tabernacula
2846 2014 3178 2088 erigebant.]

2753 2126 2982 2183 CAPUT
3024 2126 3140 2180 ΧΠ.

2221 2238 2398 2294 Otiliw
2449 2238 2685 2294 Eticom’s
2739 2239 2889 2294 ducis
2925 2239 3054 2307 ﬁlim
3103 2238 3272 2293 visum
3319 2247 3374 2292 et
3430 2239 3718 2308 baptismu-

2147 2336 2367 2404 confert.
2398 2367 2469 2375 —
2488 2336 2571 2390 Ad
2599 2352 2786 2390 eorum
2812 2335 3005 2389 merita
3034 2349 3164 2388 vero
3188 2333 3539 2387 ostendenda
3578 2351 3720 2389 reuo-

2146 2425 2345 2483 vantur
2365 2443 2395 2482 a
2425 2429 2534 2483 Deo
2557 2428 2815 2483 miracula
2856 2427 3146 2496 stupenda.
3175 2425 3352 2497 [Viris
3413 2429 3618 2480 etenim
3646 2427 3717 2481 Dei

2149 2521 2220 2574 ibi
2262 2521 2436 2575 adhuc
2482 2522 2688 2588 pariter
2745 2517 3244 2590 conversantibus,]
3292 2518 3545 2573 Eticonis
3589 2519 3720 2574 ducis

2151 2611 2370 2666 Elisacii
2402 2610 2510 2664 ﬁlia
2537 2626 2681 2666 cmca
2708 2621 2834 2665 nata
2861 2609 2928 2664 ad
2953 2609 3103 2666 viros
3138 2608 3235 2664 Dei
3282 2607 3556 2675 defertur,
3581 2621 3722 2680 utque

2151 2705 2268 2774 ejus
2301 2705 2661 2758 misereantur
2687 2719 2718 2756 a
2749 2703 2960 2758 mensus
2988 2690 3310 2772 parentibus
3351 2702 3551 2756 humili
3586 2718 3723 2772 prece

2151 2804 2472 2864 poscuntur.
2499 2792 2670 2859 Quam
2697 2807 2822 2847 cum
2853 2792 3032 2846 adhuc
3060 2790 3318 2862 gentilem
3341 2790 3457 2861 (H)
3483 2807 3603 2846 esse
3630 2807 3725 2844 res-

2152 2887 2376 2950 cissent,
2430 2898 2582 2940 more
2640 2883 3017 2939 ecclesiastico
3057 2882 3540 2937 catechizaverunt
3587 2891 3726 2950 atque

2152 2979 2218 3032 ad
2237 2978 2540 3032 orationem
2564 2976 2823 3045 prostrati
2851 2991 2950 3045 pro
2971 2975 3149 3029 salute
3178 2959 3370 3042 puella
3400 2973 3723 3026 clementiam

2154 3069 2365 3124 Domini
2393 3069 2779 3138 precabantur.
2825 3067 3045 3121 Monitis
3073 3066 3257 3134 itaque
3307 3065 3596 3119 catholicae
3624 3065 3724 3117 fidei

467 3156 818 3246 '“f'_""'“'".'
848 3156 972 3202 ‘9'"
1001 3156 1263 3248 ¹¹¹¹ξ“¹ξ’““¹
1293 3156 1368 3228 _'"
1401 3156 1853 3231 δυυπψωυιζυυῗ
1878 3156 2053 3182 ¹¹¹“¹“’
2081 3207 2122 3254 ι,
2155 3161 2426 3226 eductam,
2466 3167 2690 3215 sanctus
2715 3158 3040 3227 l-lildulphus
3076 3157 3652 3226 baptizavit,eamque
3676 3156 3727 3207 de

462 3215 698 3284 pltctbus
733 3217 980 3281 quaedam
1020 3217 1452 3287 explanabtmus,
1483 3228 1542 3272 ιιι
1567 3227 1757 3289 quanti
1811 3228 1922 3273 sint
1948 3235 2055 3275 nte-
2091 3244 2125 3268 ει
2157 3268 2316 3289 “nm
2343 3251 2486 3289 rm“,
2511 3261 2692 3289 manu,
2742 3259 2790 3289 ρ,
2839 3265 3006 3289 mn”,
3033 3249 3398 3289 "luminum,
3445 3251 3634 3289 ιιρεηη,ἱ
3656 3245 3727 3289 ετ,

1439 3260 1452 3284 ,
1485 3259 1542 3272 ιι.
1568 3259 1757 3284 ιιιιιιιιιι
1811 3259 1828 3272 κ

2157 3268 2317 3308 sacro
2342 3251 2486 3306 fonte
2511 3261 2692 3307 mente
2742 3259 2796 3306 et
2839 3265 3006 3305 carne
3033 3249 3398 3304 illuminatam
3442 3251 3634 3302 beatus
3655 3245 3732 3299 Er-

2158 3346 2359 3399 hardus
2406 3345 2642 3411 excepit,
2690 3352 2748 3397 et
2797 3343 2926 3398 dato
2964 3342 3184 3397 nomine
3220 3341 3447 3397 Otiliam
3507 3339 3729 3394 vocavit:

2159 3435 2302 3506 [quae
2358 3435 2410 3488 in
2466 3433 2839 3488 sanctimoniae
2889 3432 3175 3486 sanctitate
3227 3445 3580 3498 permanens,
3628 3428 3733 3481 boni

2156 3524 2398 3594 rectique
2429 3523 2687 3576 imitatrix
2735 3538 2843 3577 non
2896 3519 3246 3576 mediocriter
3290 3521 3572 3582 existens,
3615 3531 3733 3570 nunc

2151 3615 2263 3684 jam
2293 3631 2413 3670 cum
2440 3613 2659 3669 Christo
2691 3627 2923 3682 regnans
2945 3613 3034 3666 dat
3060 3605 3306 3665 in'terris
3336 3609 3731 3663 innumerum

2157 3707 2431 3776 signorum
2463 3703 2720 3759 miracula
2745 3701 2979 3774 dietim.]
3011 3701 3140 3768 Quae
3205 3715 3295 3753 res
3348 3699 3626 3751 intantum
3664 3710 3735 3747 va-

2159 3795 2338 3850 luitut
2375 3811 2479 3849 non
2516 3793 2836 3855 mediocres,
2866 3807 3054 3845 verum
3093 3789 3258 3844 etiam
3290 3802 3554 3857 personae
3577 3800 3735 3858 putea-

2161 3899 2241 3942 tes
2269 3889 2444 3942 virum
2472 3887 2564 3941 Dei
2619 3884 2968 3953 Hildulphum
3001 3890 3403 3938 venerareutur
3451 3897 3522 3936 ac
3575 3881 3736 3948 dilige-

2160 3989 2300 4043 rent,
2332 3980 2488 4049 eique
2515 3979 2583 4031 ad
2631 3987 2982 4047 augmentum
3037 3975 3140 4030 loci
3177 3972 3383 4026 auxilia
3437 3972 3739 4042 praeberent.

2163 4069 2326 4142 [Erat
2357 4069 2501 4122 enim
2561 4068 2726 4121 totius
2781 4065 3086 4120 honestatis
3129 4065 3327 4117 decore
3354 4062 3740 4131 _compositus,

2159 4162 2441 4230 aequaliter
2472 4175 2532 4215 se
2567 4158 2840 4213 affabilem
2877 4158 3141 4213 exhibens
3166 4152 3472 4225 omnibus]

2751 4272 2978 4328 CAPUT
3020 4271 3153 4326 Xlll.

2239 4389 2309 4442 De
2342 4389 2565 4458 Begonis
2595 4387 2746 4440 donis
2781 4397 2826 4439 ct
2851 4387 2935 4455 pio
2965 4386 3109 4438 obitu
3155 4383 3214 4438 S.
3266 4381 3512 4451 Spinuli.
3536 4412 3609 4423 —
3629 4379 3740 4446 Qni-

2166 4482 2288 4536 datn
2325 4477 2518 4552 [enim]
2570 4478 2654 4532 vir
2701 4477 2867 4547 Bcgo,
2920 4477 3097 4530 dictus
3142 4473 3391 4536 nomine,
3446 4473 3621 4528 sancti
3659 4471 3738 4523 vin‘

2168 4572 2488 4628 necessitati
2551 4569 2983 4631 communicans,
3035 4581 3217 4621 rerum
3275 4582 3507 4619 suarum
3567 4562 3740 4631 aliquid

2167 4665 2358 4719 usibus
2395 4662 2626 4717 fratrum
2655 4662 2757 4716 sub
2787 4661 2946 4714 beato
2969 4659 3087 4711 viro
3121 4657 3229 4710 Deo
3282 4655 3638 4709 militantium
3666 4654 3739 4705 de-

2165 4757 2346 4826 legare
2373 4755 2580 4818 statuit,
2598 4764 2760 4824 atque
2791 4751 2968 4805 locum
2993 4749 3085 4818 qui
3115 4761 3289 4815 usque
3317 4746 3482 4800 hodie
3507 4743 3740 4814 Begonis—

2165 4849 2311 4904 Cella
2377 4847 2615 4908 dicitur,
2676 4854 2731 4898 et
2783 4852 2990 4914 partem
3050 4839 3244 4908 Vosagi
3293 4853 3418 4906 quae
3471 4835 3740 4891 Folchoaii-

2167 4918 2347 5011 fiupes
2375 4939 2695 5008 appellatur,
2742 4935 3054 4990 destinavit.
3097 4931 3338 4999 Denique
3379 4931 3468 4982 vir
3510 4928 3606 4982 Dei
3650 4926 3742 4980 Hil—

2170 5032 2402 5102 dulphus
2433 5031 2486 5083 in
2520 5029 2650 5084 cella
2672 5028 2786 5097 jam
2839 5027 2982 5080 dicta
3032 5032 3232 5078 sanctae
3260 5022 3478 5076 scilicet
3509 5020 3652 5075 cruci
3678 5018 3743 5068 di-

2165 5137 2286 5181 cata
2316 5125 2492 5178 virum
2521 5136 2743 5176 summae
2766 5117 3086 5174 humilitatis
3115 5123 3169 5168 ct
3197 5113 3527 5168 obedientia
3572 5111 3743 5178 Spinu-

2168 5216 2300 5279 lum,
2330 5213 2548 5268 nomine
2579 5208 2882 5273 constituit,
2914 5207 2967 5260 in
3010 5220 3114 5274 qua
3140 5204 3278 5257 idem
3335 5202 3501 5255 homo
3531 5200 3742 5252 ﬁdeliter

2169 5306 2280 5360 Deo
2302 5304 2545 5359 serviens
2569 5308 2688 5370 post
2727 5297 3059 5365 multiplices
3086 5295 3136 5348 in
3167 5291 3370 5344 Christi
3403 5305 3583 5359 agone
3613 5288 3738 5340 labo-

2172 5413 2258 5451 res
2285 5411 2348 5449 ac
2374 5407 2663 5448 numerosa
2697 5387 3087 5444 miraculorum
3117 5384 3348 5454 insignia
3395 5384 3524 5438 vitae
3548 5392 3736 5434 aeterna:

2171 5491 2495 5541 consecutus
2516 5490 2596 5536 est
2622 5479 2862 5550 praemia.
2893 5479 3065 5544 Quem
3118 5465 3467 5542 omnipotens
3519 5472 3734 5525 Trinitas

2171 5579 2313 5649 apud
2334 5592 2391 5632 se
2418 5574 2778 5646 glorificatum
2805 5571 2858 5625 in
2896 5569 3076 5634 terris,
3133 5566 3432 5638 gloriosum
3479 5562 3733 5620 ostendere

2247 5733 2361 5806 (μ)
2393 5731 2665 5806 Gemite!"
2692 5729 2780 5782 hic
2810 5725 3103 5806 imprerrie
3131 5721 3368 5806 τψρθηπί
3404 5728 3722 5806 Dim-'33?"

2175 5793 2488 5872 quasi'idola
2521 5799 2740 5864 coleret,
2767 5799 2859 5854 sed
2883 5793 3006 5862 auia
3037 5795 3270 5852 nondum
3302 5802 3421 5848 erat
3465 5793 3720 5848 baptizata.
