3900 6322
171 297 282 355 597

1306 287 1647 345 VALCANDI
1676 285 1832 343 VITA
1865 286 1920 340 S.
1949 284 2330 340 lllLDUld’lll.

3321 286 3425 344 598

176 395 375 448 volens
409 392 460 446 in
488 389 648 453 coriis,
698 370 801 459 per
840 387 1199 444 ministerium
1243 384 1544 453 angelicum
1595 383 1752 437 beato
1781 379 1826 435 A
1854 380 1962 436 Deo
1992 379 2226 453 propitio
2274 359 2558 441 stabilitus,
2593 376 3022 446 pessunnlabitur
3053 375 3306 435 funditus.
3330 378 3423 434 Li-

176 484 478 554 Hildulpho
508 481 758 548 nctiticat,
802 489 861 535 ut
890 479 1099 550 glebam
1151 476 1322 532 sancti
1370 475 1436 530 ad
1483 481 1751 527 monaste-

173 578 330 632 rium
363 575 716 631 tumulmdum
757 575 996 637 revehat,
1025 571 1188 644 [sicut
1228 571 1343 640 ipse
1362 569 1552 623 beatus
1577 565 1751 620 adhuc

172 667 382 721 vivens
437 663 681 718 fratribus
737 680 859 718 cum
915 663 1084 716 multa
1134 675 1296 731 prece
1356 656 1748 727 mandaverat.]

172 757 302 812 Nec
331 771 479 811 mora
510 769 657 810 sorex
700 753 986 824 imperanti
1022 751 1280 808 obediens
1347 749 1583 804 cinerem
1645 762 1751 816 quo

171 849 450 918 fatigatos
480 857 613 903 artis
659 847 1020 903 collocaverat
1069 848 1296 912 excutit,
1338 844 1753 913 convocatisque

175 939 458 994 £ratribus
509 939 728 994 luminis
777 939 870 995 Dei
923 940 1138 994 nuntiat
1188 940 1394 994 obitum
1423 978 1438 1004 ,
1489 938 1579 1008 qui
1628 937 1754 992 licet

175 1039 352 1086 tanto
403 1029 567 1084 fratri:
618 1030 820 1086 auxilio
874 1031 1117 1086 destituti
1170 1038 1463 1087 maererent
1493 1071 1511 1098 ,
1570 1039 1750 1084 tamen

173 1120 382 1190 gloria:
434 1120 1006 1191 ejuscongaudebant,
1063 1119 1414 1189 accensisque
1457 1118 1630 1175 cereis
1685 1117 1752 1172 ad

177 1212 348 1267 beati
380 1210 505 1284 {viri
539 1209 750 1279 gebam1
772 1211 1061 1280 exsequias
1092 1210 1468 1282 properabant.

765 1322 991 1379 CAPUT
1026 1324 1163 1379 XIV.

267 1439 352 1492 Ad
375 1437 528 1506 cujus
569 1434 804 1490 umulum
853 1436 986 1504 ﬁunt
1031 1435 1406 1490 miracula.—
1433 1433 1526 1490 Vis
1573 1435 1752 1504 itaque

179 1539 485 1584 ventorum
510 1527 602 1597 pls
628 1527 786 1583 solito
810 1528 1173 1590 inhorruerat,
1201 1527 1334 1582 adeo
1358 1535 1417 1581 ut
1461 1542 1567 1581 non
1593 1527 1753 1580 modo

185 1621 447 1684 frutices,
465 1633 626 1673 verum
670 1619 834 1674 etiam
881 1632 1116 1672 annosas
1147 1632 1377 1687 quercus
1402 1617 1751 1686 excelsasque

187 1714 414 1767 abietes
437 1710 736 1766 eradiaret.
769 1710 827 1765 In
857 1710 950 1765 tali
989 1724 1119 1780 ergo
1143 1710 1358 1766 turbine
1405 1719 1532 1765 ante
1574 1711 1745 1765 sancti
1782 1715 1828 1776 Β

186 1805 301 1858 viri
333 1803 546 1874 glebam
573 1803 801 1858 ardentes
824 1801 968 1858 cerei
995 1817 1169 1873 usque
1206 1805 1273 1858 ad
1317 1802 1492 1858 locum
1521 1803 1749 1873 sepulcri

189 1896 367 1950 dclati
397 1903 544 1950 sunt.
576 1893 825 1965 Sepultum
849 1896 1284 1965 igiturterris,ut
1313 1895 1453 1964 apud
1482 1910 1542 1950 se
1570 1896 1752 1950 vivere

192 1987 347 2040 Deus
373 1986 743 2040 demonsraret
772 1987 827 2040 in
855 1987 1028 2054 ccelis,
1052 1986 1303 2042 omnibus
1348 1984 1752 2039 infirmantibus

203 2080 278 2133 ad
311 2079 483 2133 sancti
526 2078 600 2132 vit
625 2078 886 2133 tumulum
909 2078 1250 2140 venientibus
1293 2077 1462 2132 voluit
1503 2077 1753 2132 subveni-

199 2185 287 2225 re.
331 2169 527 2236 Quanti
558 2169 610 2223 ib
634 2169 918 2241 paralytici
944 2170 1095 2225 venis
1121 2167 1502 2238 redintegratis
1539 2167 1752 2221 solidati

193 2269 351 2324 sunt,
378 2258 546 2312 verbo
573 2267 635 2312 at
685 2259 886 2329 scripto
917 2275 1021 2314 non
1052 2258 1210 2314 facile
1234 2256 1608 2326 explicabitur,
1631 2271 1751 2310 om-

193 2355 288 2406 nis
311 2353 526 2408 caecitas
553 2352 820 2408 clriﬁcata
851 2354 974 2426 [est,
993 2353 1139 2425 cum]
1169 2353 1368 2408 lumine
1395 2353 1535 2407 diem
1560 2352 1752 2406 mirata

191 2442 501 2512 obstupuit,
557 2443 783 2497 universa
837 2443 1086 2498 debilitas
1114 2444 1188 2498 ibi
1217 2441 1547 2512 recuperatis
1569 2440 1753 2496 usibus

193 2536 373 2588 robur
395 2533 623 2588 amissrn
651 2535 922 2602 persensit
957 2551 972 2601 ;
1017 2537 1161 2589 unde
1220 2534 1395 2589 turbis
1424 2531 1754 2588 irruentibus

194 2633 537 2696 repertaest
561 2641 671 2696 :qua
696 2624 1010 2680 salsissima.

780 2735 1006 2792 CAPUT
1032 2735 1146 2793 XV.

276 2848 412 2914 Qum
433 2862 606 2902 cesses
629 2831 847 2915 imperat
870 2845 928 2901 S.
962 2845 1239 2916 Hildulfus
1272 2861 1332 2899 ne
1361 2845 1586 2915 fratrum
1610 2853 1757 2898 tran-

195 2942 442 3012 quillitas
471 2948 697 2994 turetur.
727 2970 799 2979 -—
839 2939 1144 3010 Cupiditate
1173 2938 1336 3008 igitur
1365 2937 1571 2999 salutis,
1603 2936 1758 2991 habi-

197 3035 467 3104 litateque
504 3030 596 3098 lci,
629 3045 890 3100 aquarum
923 3031 1249 3086 abundantia
1276 3029 1455 3100 populi
1478 3027 1754 3083 conﬂuen-
1783 3055 1826 3115 Ο

199 3139 311 3193 tes,
347 3123 599 3183 forumibi
646 3131 888 3177 statuere
939 3130 1304 3189 tentaverunt,
1336 3137 1496 3192 quam
1547 3121 1757 3190 inquie:

201 3217 444 3270 tudinem
473 3229 532 3266 ιιι·
560 3212 654 3268 Dei
686 3211 1008 3282 Hildulphus
1041 3212 1281 3268 sentiens
1332 3211 1580 3278 indoluit,
1637 3210 1757 3282 [ba-

197 3309 328 3364 culo
349 3318 470 3362 a'us
517 3303 757 3376 regente]
789 3304 1073 3359 ecclesiam
1116 3304 1260 3359 beati
1307 3302 1575 3374 Gregorii,
1605 3313 1663 3357 ut
1706 3303 1755 3358 ei

197 3399 364 3454 lltOl‘i.‘
398 3404 515 3448 erat
545 3405 802 3450 oraturus
850 3395 1095 3461 intravit,
1127 3395 1321 3450 deinde
1367 3396 1610 3450 oratione
1663 3410 1759 3448 cx-

196 3486 604 3561 pletasurrexit,
633 3494 686 3539 et
714 3486 779 3540 ad
828 3485 1092 3540 tumulum
1153 3485 1210 3540 S.
1238 3485 1444 3555 Spinuli
1479 3486 1642 3546 venit,
1677 3494 1758 3539 at-

194 3599 307 3652 que
346 3585 406 3630 ut
454 3586 570 3630 erat
622 3577 722 3646 pia:
766 3578 983 3640 mentis,
1041 3591 1134 3630 ora
1181 3576 1432 3646 perfusus
1485 3575 1756 3648 lacrymis,

194 3669 356 3736 inquit
384 3685 396 3720 :
429 3666 665 3732 Gratias,
704 3666 875 3723 frater
904 3666 1147 3736 Spinule,
1204 3666 1312 3721 Deo
1345 3667 1574 3736 agimus,
1618 3667 1758 3735 quod

196 3764 323 3816 tein
378 3761 526 3830 pacis
579 3759 798 3830 regione
836 3760 1118 3829 quiescere
1177 3757 1466 3824 credimus,
1522 3766 1576 3812 et
1620 3758 1759 3828 apud

190 3853 603 3919 umEpotentem
661 3841 836 3904 Deunf
881 3863 1038 3918 posse
1090 3847 1377 3917 plurimum
1419 3846 1756 3912 confidimus,

191 3958 346 3998 nosce
373 3951 422 3996 te
449 3943 610 3997 etiam
637 3941 856 4005 scimus,
884 3939 1154 4008 quomodo
1197 3947 1251 3994 et
1284 3954 1454 4008 quare
1495 3953 1594 3994 nos
1631 3937 1763 4009 [sci-

187 4036 311 4090 iicet
340 4034 608 4088 desiderio
659 4032 884 4087 liberius
936 4030 1162 4085 vacandi
1211 4030 1548 4085 orationibus
1578 4045 1642 4084 ac
1670 4029 1762 4083 de-

187 4126 459 4182 serviendi
512 4123 646 4195 Deo]
700 4122 932 4177 tumultu
996 4120 1316 4191 populorum
1371 4119 1562 4174 relicto
1623 4119 1762 4173 hanc

179 4219 534 4276 solitudinem
561 4217 899 4272 devenimus.
930 4213 1009 4270 Tu
1056 4215 1218 4286 igitur
1250 4213 1637 4284 tranquillitate
1662 4225 1760 4280 po-

183 4317 338 4379 titus,
364 4311 532 4367 nostri
574 4311 664 4380 qui
710 4310 764 4364 in
790 4309 876 4363 via
911 4309 1102 4364 mortis
1143 4321 1348 4372 sumus,
1395 4314 1450 4361 et
1477 4305 1618 4360 inter
1648 4304 1763 4373 ejus

1852 478 1938 525 cet
1972 469 2139 534 enim,
2167 469 2275 522 Deo
2303 479 2648 538 cooperante,
2672 467 2907 522 subsidia
2936 482 3218 537 corporum
3237 479 3457 524 nostro‘

1852 559 2204 614 conferantur
2229 558 2369 620 loco,
2405 567 2583 613 tamen
2633 559 2933 612 animarum
2981 559 3230 614 timemus
3285 561 3425 630 peri-

1852 652 2015 718 cula;
2062 652 2221 706 unde-
2258 651 2694 707 concurrentium
2744 651 3036 720 comprime
3085 652 3267 706 turbas
3303 693 3318 719 ,
3370 665 3425 710 ct

1852 743 2082 798 hilarem
2131 741 2544 810 atlluentemque
2577 742 2820 796 datorem
2861 743 3023 796 Deum
3073 743 3318 814 implora,
3367 753 3426 798 ut

1854 833 2248 890 benedictionis
2311 832 2429 904 ejus
2485 832 2785 887 sentiamus
2837 833 3105 903 gratiam,
3160 843 3426 903 quatenus

1853 925 2076 995 penuria
2107 923 2402 978 necessarii
2438 921 2610 978 victus
2640 937 2702 978 ac
2731 925 2957 977 vestitus
3003 922 3243 991 expulsa,
3270 938 3427 978 occu-

1855 1017 2114 1086 sioneque
2165 1015 2390 1083 laqueos
2438 1013 2770 1082 deceptionis
2820 1012 3042 1082 optandi
3091 1013 3428 1067 invidissimo

1853 1105 2067 1160 diabolo
2097 1103 2330 1171 sublata,
2347 1102 2666 1173 impleamus
2693 1111 2890 1157 nostra:
2909 1100 3257 1171 professionis
3280 1113 3425 1158 vota.

1855 1195 2006 1251 Tunc
2033 1210 2164 1250 vero
2205 1194 2418 1248 videres
2449 1193 2699 1264 spiritum
2733 1207 2899 1246 carne
2935 1192 3191 1258 solutmn,
3243 1203 3296 1247 ct
3323 1194 3425 1245 vita

1853 1287 2084 1357 potitum
2109 1283 2331 1339 obedire
2372 1282 2606 1348 mortali,
2639 1297 2702 1336 ac
2741 1282 2787 1336 si
2836 1281 2980 1336 idem
3011 1291 3283 1338 teneretur
3311 1283 3428 1334 viu-

1855 1377 1976 1433 culo
2000 1377 2213 1432 mortis.
2261 1375 2395 1430 Nam
2426 1375 2594 1446 signis
2639 1373 3001 1440 cessantibus,
3044 1372 3425 1443 venisque,co-

1855 1469 2040 1524 bibitis
2067 1468 2387 1532 salinarum,
2423 1465 2726 1534 frequentia
2773 1480 2988 1535 quoque
3020 1465 3220 1519 desinit
3267 1465 3431 1535 popu-

1855 1560 2052 1614 lorum.
2092 1558 2174 1612 Ad
2227 1557 2615 1613 confutandum
2666 1566 2843 1609 tamen
2895 1555 3264 1625 impudentem
3310 1568 3432 1622 gar-

1856 1652 2131 1708 rulitatem
2161 1651 2466 1708 invidorum
2512 1658 2566 1704 et
2595 1648 3200 1713 incredulorum,'datur
3229 1647 3428 1701 ibidem

1855 1759 2023 1814 usque
2069 1743 2231 1799 hodie
2274 1741 2509 1812 prospici
2560 1739 2964 1796 evidentissima
3013 1737 3210 1791 indicia
3268 1736 3429 1790 trium

1852 1842 2122 1908 quondam
2150 1895 2165 1913 ο
2187 1843 2493 1906 puteorum.
2524 1833 2768 1902 Denique
2824 1840 3045 1887 sanctus
3077 1829 3226 1882 finita
3272 1843 3432 1897 prece

1852 1942 1916 1982 ac
1954 1925 2312 1996 querimonia,
2346 1924 2529 1978 alacer
2565 1937 2631 1976 ac
2654 1922 2824 1976 fidens
2863 1936 2922 1976 se
2942 1921 3054 1990 jam
3085 1927 3429 1974 consecutum

1851 2028 2079 2089 optata,
2126 2019 2194 2074 ad
2245 2017 2445 2072 fratres
2495 2029 2773 2086 regressus
2830 2013 3095 2067 sollicitos
3134 2009 3433 2080 vigilesque

1853 2109 2085 2167 orationi
2139 2109 2390 2164 insistere
2438 2107 2707 2170 hortatur,
2738 2119 2846 2174 quo
2900 2117 3151 2173 repressa
3199 2115 3431 2155 concur-

1853 2212 2006 2258 sante
2040 2203 2194 2257 turba
2233 2201 2300 2255 ab
2342 2199 2726 2270 Omnipotente
2766 2195 3068 2252 consolatio
3107 2191 3444 2249 voluntariae»

1851 2294 2190 2366 paupertatis
2211 2291 2428 2346 aliunde
2458 2305 2646 2346 eorum
2691 2289 3041 2356 dirigeretur.

2438 2381 2665 2438 CAPUT
2703 2378 2841 2434 xvr.
2908 2451 2940 2456 ﬁ
3063 2449 3072 2455 η

1923 2477 2243 2532 Donationes
2289 2475 2443 2545 factae
2480 2471 2817 2537 monasterio,
2849 2468 2906 2524 S.
2942 2467 3219 2536 Hildulphi
3253 2473 3446 2517 mortt-r

1854 2570 2051 2640 ﬁcatio‘,
2084 2569 2182 2623 sibi
2213 2567 2340 2637 fuga
2368 2565 2612 2620 consulit.
2645 2593 2713 2602 —
2741 2560 3000 2615 Precibus
3029 2569 3260 2626 namque
3289 2553 3435 2609 beati

1857 2659 2064 2731 Spinuli
2108 2657 2427 2726 meritisque
2453 2654 2595 2710 beati
2625 2652 2728 2706 viri
2756 2664 2881 2705 mox
2921 2647 3205 2704 subsecuta
3241 2653 3323 2699 est
3344 2643 3438 2698 be-

1856 2752 2089 2810 nedictio
2130 2749 2367 2805 Domini.
2395 2747 2530 2802 Nam
2560 2745 2797 2801 nondum
2849 2749 3054 2812 septem
3102 2736 3291 2793 diebus
3344 2735 3448 2788 deo-

1856 2842 2050 2905 cursis,
2086 2839 2256 2910 llagio
2288 2838 2376 2892 vir
2435 2835 2680 2900 illustris,
2733 2833 2822 2902 qui
2853 2841 2908 2886 et
2953 2827 3293 2896 Flariulphus
3323 2824 3435 2896 (15)

1857 2932 2063 2988 solebat
2091 2925 2668 3000 cognominariadfuit,
2695 2940 2758 2979 ac
2782 2923 3060 2994 cujusdam
3089 2918 3282 2972 nobilis
3307 2931 3438 2987 pra:-

1859 3024 1932 3078 dii
1959 3023 2220 3076 Berchem
2262 3019 2375 3090 (16)
2428 3019 2555 3074 dicti
2608 3015 2899 3071 maximam
2947 3020 3154 3083 partem
3214 3007 3438 3064 contulit

1858 3113 1977 3167 loco
2006 3109 2064 3166 S.
2092 3109 2269 3175 Petri;
2301 3107 2454 3176 cujus
2473 3106 2693 3162 traditio
2716 3103 3030 3159 solemniter
3054 3109 3194 3165 acta,
3225 3107 3444 3152 erilem—-

1859 3207 1947 3276 plo
1970 3211 2051 3260 est
2091 3201 2288 3258 litteris
2315 3201 2592 3264 innodata,
2626 3197 2956 3270 prmfatoque
2978 3191 3274 3248 Leutbaldo
3309 3197 3439 3243 tunc

1861 3295 2120 3366 temporis
2143 3292 2321 3348 abbati
2345 3302 2429 3347 est
2449 3290 2678 3355 credita,
2705 3287 2901 3357 quibus
2926 3283 3362 3343 convinceretur,
3390 3277 3436 3331 si

1859 3390 2036 3458 aliqua
2089 3385 2410 3456 quandoque
2458 3383 2587 3436 hinc
2640 3379 3044 3434 machinaretur
3081 3373 3438 3426 violentorum

1859 3477 2252 3534 controversia.
2282 3473 2433 3529 Multi
2461 3469 2654 3527 deinde
2684 3467 2948 3522 nobilium
2969 3462 3108 3531 juris
3131 3461 3211 3515 sui
3239 3459 3438 3529 praadia

1861 3568 2083 3639 praefato
2114 3569 2230 3623 loco
2260 3563 2628 3626 contulerunt,
2651 3572 2752 3613 nec
2776 3555 2944 3609 multo
2965 3561 3083 3623 post
3110 3550 3285 3619 aliqua
3311 3562 3440 3617 por-‘-

1863 3664 1936 3718 tio
1965 3660 2103 3714 villae
2132 3654 2598 3723 Hundinis-Heym
2623 3658 2945 3717 nuncupatas
2969 3645 3143 3700 eidem
3176 3642 3294 3695 loco
3321 3653 3440 3692 ces-

1862 3753 1933 3810 sit
1982 3753 2104 3823 jure
2154 3746 2509 3819 possessoris.
2559 3739 2862 3811 Perpendat
2902 3738 3082 3807 digne,
3138 3733 3228 3823 qui
3277 3729 3438 3794 valet,
3515 3805 3522 3815 ι

1862 3820 2023 3916 quam
2053 3839 2318 3913 profunda
2348 3837 2430 3891 vir
2455 3836 2558 3890 iste.
2581 3828 2991 3886 mortificatione
3019 3824 3125 3888 sui,
3155 3821 3262 3874 Deo
3287 3820 3444 3873 vita:-

1862 3910 1968 4006 que
1994 3910 2104 3989 sua:
2132 3927 2452 3984 inhaesisset.
2486 3922 2748 3994 Apostolo
2771 3918 3022 3989 equidem
3040 3957 3054 3980 ,
3089 3910 3334 3981 quodque
3361 3915 3445 3961 est

1813 4023 1825 4032 ’
1862 4003 2246 4086 excellentius,
2276 4017 2375 4087 ipsi
2416 4016 2632 4071 Christo
2661 4010 2875 4066 videtur
2900 4003 3225 4067 crucifixus,
3253 4009 3444 4068 potens

1864 4117 2044 4172 dicere
2066 4112 2208 4166 veris
2237 4107 2403 4163 animi
2433 4105 2654 4160 vocibus
2697 4119 2712 4155 :
2746 4098 2873 4153 Mihi
2905 4093 3130 4148 mundus
3160 4087 3444 4154 cruciﬁxus

1864 4218 1958 4273 est,
1985 4215 2032 4260 et
2079 4220 2171 4274 ego
2202 4199 2395 4255 mundo
2429 4193 2572 4269 (Gal.
2616 4209 2692 4258 vr,
2721 4190 2830 4259 M).
2860 4189 2925 4242 Et
2954 4204 2968 4239 :
3008 4180 3296 4274 Vivogjam‘
3313 4192 3446 4274 ⁸ηοιι

1865 4269 1976 4368 ego,
2010 4269 2127 4350 vivii
2156 4309 2272 4348 vero
2301 4292 2355 4344 in
2375 4306 2454 4343 me
2483 4286 2720 4343 Christus
2747 4280 2888 4355 (Gal.
2911 4295 2969 4344 ιι,
3141 4269 3448 4368 Cruciﬁittts

181 4405 426 4479 pericula
473 4402 815 4468 ﬂuctuamus,
855 4401 1113 4456 miserere
1156 4413 1396 4463 oramus,
1438 4397 1566 4466 quin
1600 4396 1762 4450 etiam
1792 4387 1842 4447 Ι)
1869 4389 2065 4459 quippe
2151 4382 2254 4453 ipsi
2296 4381 2472 4435 fuerat.
2527 4375 2757 4432 mundus
2829 4374 2880 4427 in
2931 4367 3167 4472 maligno
3224 4365 3446 4479 [Pofllus

183 4500 229 4552 si
263 4495 347 4550 fas
375 4502 459 4550 est
479 4492 742 4564 exigimus
793 4491 877 4546 illa
910 4492 1022 4558 ipsa
1053 4490 1251 4544 virtute
1297 4486 1570 4558 praeclarae
1596 4486 1767 4540 maxi—

184 4599 401 4654 maeque
428 4582 774 4645 obedientiae,
823 4596 943 4650 qua:
973 4581 1026 4634 in
1058 4588 1107 4634 te
1137 4565 1364 4634 refulsit
1394 4579 1519 4632 dum
1558 4585 1767 4646 tempo-

185 4677 380 4732 raliter
427 4674 636 4730 viveres
665 4715 681 4741 ,
726 4673 880 4744 cujus
923 4687 1138 4742 quoque
1181 4670 1374 4724 merito
1419 4668 1764 4734 mternaliter,

187 4777 251 4824 ut
279 4765 621 4822 evidentibus
655 4773 710 4818 et
739 4763 1069 4833 quotidianis
1118 4762 1285 4831 signis
1313 4760 1500 4830 liquet,
1547 4760 1766 4827 gaudes,

192 4877 261 4916 ne
293 4859 644 4932 popularibus
682 4856 916 4927 negotiis
946 4854 1188 4924 religioni
1221 4852 1532 4907 monasticae
1585 4851 1770 4905 indici-

189 4953 318 5008 bilis
345 4948 764 5021 periclitatiouis
795 4945 1090 5015 procellam
1127 4944 1380 4998 suscites.
1415 4942 1470 4996 Si
1503 4939 1648 4996 enim
1672 4942 1773 4995 hac

191 5043 519 5118 populorum
545 5038 869 5096 continentia
914 5035 1085 5107 pressi
1111 5034 1396 5096 fuerimus,
1427 5048 1532 5087 non
1581 5046 1773 5100 parum

192 5154 224 5192 a
251 5135 534 5207 proposito
557 5129 970 5191 declinabimus,
995 5127 1122 5196 quin
1150 5125 1406 5196 paulatim
1437 5121 1776 5177 saecularium

189 5229 388 5304 jurgiis
410 5235 465 5282 et
520 5224 698 5278 causis
751 5237 813 5276 ac
844 5221 890 5276 si
941 5220 1108 5274 nimio
1135 5217 1353 5289 pulvere
1408 5214 1586 5269 infecti
1618 5224 1778 5284 atque

195 5320 418 5385 foedati,
452 5318 690 5372 omnium
743 5312 1098 5369 mundissimo
1140 5309 1362 5364 minime
1398 5308 1778 5362 inhrercbimus

194 5408 470 5473 Creatori,
500 5407 753 5477 quodque
793 5403 974 5458 absit!
1005 5401 1137 5456 ordo
1168 5399 1498 5454 monasticus
1540 5399 1628 5452 hic
1665 5395 1778 5463 jam

270 5573 391 5644 (15)
433 5572 486 5644 lu
515 5565 800 5644 recentiori
832 5562 1159 5644 insalegitur
1195 5559 1542 5644 ffariulpltus.

271 5627 390 5717 iis}
417 5642 580 5700 bain
611 5655 711 5696 ms.
735 5627 1338 5702 Mediani—Klouasterii,
1355 5631 1428 5685 ita
1450 5630 1613 5685 etiam
1643 5627 1780 5683 infra

1871 4455 1919 4549 (⁷1
1937 4455 2098 4532 Ῐοὶιη.
2132 4490 2186 4541 v,
2228 4473 2340 4542 19),
2363 4471 2455 4541 qui
2502 4485 2602 4524 nec
2640 4468 2862 4523 adversa
2895 4455 3332 4532 pertimescebat,
3347 4463 3447 4549 nec

1870 4541 2127 4641 prospera
2160 4541 2468 4635 appetebat.
2507 4562 2622 4631 ipse
2655 4556 2847 4613 deinde
2875 4552 3074 4609 mundo
3105 4561 3264 4641 quem
3297 4541 3442 4641 abo-

1873 4634 2474 4718 minabaturmortuus,
2520 4668 2588 4707 ex
2636 4660 2790 4721 parte
2836 4643 3061 4708 diaboli,
3111 4639 3264 4707 cujus
3296 4634 3451 4689 blan-

1872 4753 2072 4806 dientis
2135 4749 2340 4804 viscum
2398 4745 2616 4808 vitavit,
2676 4737 2948 4796 sazvicntis
3010 4735 3268 4800 impetum
3339 4739 3450 4779 non

1873 4843 2103 4908 horruit,
2137 4836 2395 4896 honorari
2447 4849 2639 4890 verens
2664 4834 2715 4886 in
2745 4827 3012 4901 propriis,
3063 4817 3334 4877 commisit
3390 4829 3451 4867 se

1874 4939 2202 5010 peregrinis,
2235 4937 2288 4989 in
2315 4933 2511 5004 quibus
2539 4946 2598 4986 se
2641 4924 2935 4998 glorificari
2964 4927 3248 4990 postquam
3287 4909 3453 5010 intel-

1877 5001 2034 5094 iexit:
2065 5001 2202 5097 fugte
2229 5001 2532 5087 consuluit;
2561 5018 2652 5074 scd
2683 5016 2896 5071 tandem
2921 5014 3220 5066 insecutum
3254 5001 3450 5073 gloria,

1877 5121 2092 5176 ﬂentem
2118 5130 2172 5174 et
2193 5117 2548 5174 reluctantem
2577 5111 2838 5166 violenter
2871 5103 3111 5167 retinuit,
3137 5114 3240 5168 qua
3273 5105 3454 5150 tamen

1879 5230 1938 5270 se
1969 5230 2074 5268 non
2108 5212 2276 5267 multo
2311 5218 2428 5279 post
2477 5205 2777 5267 excutiens,
2808 5200 2947 5254 hanc
2976 5192 3143 5250 eremi
3173 5186 3462 5244 habitatri-

1880 5321 1997 5362 ccm
2025 5303 2145 5359 fore
2197 5301 2464 5362 diffidens,
2521 5296 2694 5350 invias
2747 5289 3049 5360 exploravit
3102 5283 3276 5339 sedes.
3327 5279 3494 5334 llluc.

1882 5401 2045 5455 etiam
2079 5412 2177 5452 nec
2233 5406 2358 5450 tunc
2389 5391 2602 5464 quidem
2654 5385 2820 5457 gloria
2865 5383 2931 5438 ab
2970 5377 3305 5436 insecutione
3350 5381 3460 5425 tam
3493 5421 3496 5424 ,

1885 5553 2154 5693 llggituti‘iin
2179 5567 2300 5623 cap.
2326 5549 2425 5618 i9;
2453 5546 2623 5604 codex
2647 5553 2824 5601 tamen
2845 5531 3311 5596 Paderbornensis
3331 5526 3464 5597 legit

1933 5641 2050 5682 ereu
2098 5640 2170 5677 ιιι.

1933 5640 2170 5682 ereunm.
