3922 6318
549 293 655 346 599

1341 281 1514 337 SAZC.
1557 281 1625 335 XI
1658 276 1860 334 AUCT.
1888 271 2162 330 lNCEllTl
2185 271 2343 326 ANNI
2373 270 2460 325 ET
2500 270 2765 326 SClilPT.
2803 273 3022 328 ’AAEZ‘n.

3640 283 3718 342 600

549 426 828 482 laudabilis
857 424 1066 495 fugitivi
1097 422 1334 490 fatigata,
1370 419 1521 487 quasi
1551 418 1742 472 saltem
1774 411 2124 485 egentissimo
2154 412 2198 468 Α
2233 407 2338 462 lius
2365 409 2675 472 commillil.
2701 419 2755 463 υῑ
2791 408 2870 462 eis
2900 423 2998 476 1³Ιό
3021 421 3178 476 Ροδεθ
3209 405 3349 459 imm
3387 415 3428 460 εἴ
3447 423 3576 468 ex“:
3604 418 3726 478 fidele

550 519 712 573 totius
751 517 869 586 opis
911 512 1122 567 facilius
1150 525 1493 580 persuasura,
1529 517 1585 562 et
1620 507 1762 578 quod
1789 505 1960 575 majus
2004 513 2120 558 erat

547 611 910 680 subjectorum
941 603 1248 675 pecuniaria
1269 641 1284 666 ,
1311 603 1400 670 qui
1439 615 1778 671 nequaquam
1806 599 2120 653 movebatur

545 703 726 756 suasio
764 713 976 770 quoque
1021 711 1128 751 non
1182 703 1290 752 stat
1310 693 1520 775 confisa
1554 701 1778 762 paratu,
1829 691 2120 759 subrepere

546 791 617 844 illi
655 789 905 858 quaesivit
939 789 1052 859 (l7)
1080 787 1382 843 divinorum
1411 786 1688 862 signorum
1735 785 1956 847 amictu,
1987 796 2119 851 qua-

543 886 701 931 tenus
732 865 1116 931 vereretur—vir
1151 875 1239 931 ille
1280 889 1340 931 se
1366 874 1639 954 culpatum
1673 871 1762 945 iri,
1795 872 1838 926 si
1873 872 2119 953 repudia-

541 977 622 1022 ret
659 968 813 1038 quasi
844 968 1102 1023 divinitus
1131 969 1438 1047 procuratis
1485 967 1702 1040 interim
1731 964 1931 1020 fulciri.
1963 964 2114 1046 Quis,

540 1076 744 1129 quasso,
771 1061 1144 1129 religiosorum
1175 1063 1280 1118 hac
1314 1072 1494 1122 nostra
1521 1071 1840 1130 tempestate
1864 1075 1970 1114 non
2003 1075 2118 1123 am-

538 1152 646 1205 biat
679 1154 910 1223 negotiis
939 1155 1118 1208 szeculi
1161 1170 1248 1210 res
1286 1169 1412 1210 suas
1436 1154 1656 1224 augeri,
1707 1153 2114 1208 adventantiun't

537 1245 891 1300 concursibus
937 1247 1165 1301 extolli?
1205 1248 1327 1317 quis
1353 1262 1514 1317 porro
1542 1245 1666 1301 talia
1690 1246 1790 1300 sibi
1829 1255 2116 1315 suppetere

538 1335 749 1402 videns,
781 1352 888 1402 non
919 1339 1098 1394 credat
1147 1354 1206 1393 se
1237 1339 1453 1405 cmlitus
1477 1337 1768 1408 honorari,
1796 1329 2117 1391 enumerans

539 1426 644 1480 sibi
675 1427 756 1482 vel
786 1429 967 1501 potius
999 1431 1206 1499 fingens
1235 1431 1302 1485 de
1329 1447 1388 1486 se
1414 1434 1661 1509 quaedam
1711 1432 1969 1499 maxima,
1997 1445 2116 1499 quae

531 1512 643 1582 jam
670 1519 812 1586 apud
840 1518 1002 1572 Deum
1035 1529 1286 1586 constant
1313 1521 1536 1574 minima
1567 1531 1659 1575 aut
1692 1522 1884 1589 nulla?
1917 1522 2114 1576 Verum

536 1605 752 1662 Deicola
785 1608 955 1664 instar
981 1611 1125 1674 beati
1157 1611 1384 1672 Abrahae
1415 1627 1520 1666 non
1549 1627 1774 1667 casurus
1805 1613 2116 1667 tentabatur

535 1716 566 1750 a
599 1699 823 1755 Domino
849 1702 1055 1756 sciente
1095 1702 1178 1758 vel
1217 1703 1344 1774 quid
1393 1702 1506 1774 ipse
1533 1715 1678 1771 esset
1720 1704 1982 1768 facturus,
2031 1703 2114 1757 vel

534 1791 660 1858 quid
685 1791 874 1848 lateret
902 1793 955 1848 in
982 1793 1181 1856 famulo
1201 1811 1321 1856 suo,
1345 1806 1612 1865 quatenus
1638 1796 1794 1860 nobis
1815 1798 2115 1866 aperiretur

534 1881 761 1936 nimium
791 1883 980 1938 intitna
1012 1886 1131 1955 ejus
1161 1886 1536 1954 mortificatio,
1583 1889 1676 1942 sed
1714 1886 1826 1956 jam
1876 1887 2116 1942 calamus

534 1971 793 2026 reddatur
814 1974 963 2043 operi
995 1987 1194 2044 coepto.
1831 1980 1833 1982 ’

1107 2065 1334 2122 CAPUT
1375 2067 1535 2124 XVII.

604 2151 859 2221 De,’um‘to
890 2155 1075 2209 abbate
1105 2155 1394 2212 Leutbaldo
1424 2160 1636 2232 resumit
1667 2176 1844 2213 curam
1869 2169 2114 2231 pastora-

531 2241 632 2294 fsm
659 2242 713 2296 in
761 2246 1065 2300 monachos.
1100 2276 1170 2286 —
1220 2247 1477 2303 Dominus
1513 2250 1726 2306 tandem
1780 2250 2113 2306 Leuthaldus

533 2333 762 2388 fideliter
783 2344 944 2404 atque
969 2340 1263 2405 prudenter
1291 2340 1670 2395 administrato
1698 2342 2114 2412 dispensationis

531 2424 632 2478 sibi
665 2426 888 2482 creditze
909 2427 1108 2494 cilicio,
1131 2445 1195 2484 ex
1224 2431 1383 2502 hujus
1406 2433 1530 2486 vita:
1550 2433 1859 2488 subtractus
1882 2434 2111 2501 lubrico,

530 2524 684 2570 artus
713 2515 849 2583 solo,
887 2518 1138 2587 spiritum
1166 2520 1397 2576 reddidit
1424 2522 1582 2586 omlo.
1606 2525 2111 2592 perenniter-inire-

531 2619 717 2658 surum
753 2605 1012 2673 Domino,
1061 2610 1145 2664 cui
1191 2611 1326 2664 nihil
1376 2613 1612 2682 prtetulit
1643 2614 1695 2667 in
1735 2603 1954 2668 mundo.
1991 2615 2110 2670 Mox

531 2697 928 2752 monachorum
953 2700 1114 2755 anxia
1149 2701 1302 2755 turba
1337 2703 1514 2758 idonei
1544 2706 1776 2772 pastoris
1805 2708 2110 2776 provisione

531 2788 811 2856 temporali
836 2787 1113 2855 destituta,
1132 2793 1198 2846 ad
1224 2792 1438 2862 pietatis
1461 2794 1768 2864 pontificem
1799 2799 2108 2866 recursital,

530 2885 586 2931 et
622 2892 744 2932 eum
775 2877 1022 2935 luctuosa
1055 2879 1338 2939 reflectere
1374 2900 1532 2954 prece
1559 2887 1830 2959 quaeritat,
1863 2903 1928 2943 ne
1959 2890 2105 2944 dedi-

529 2979 790 3036 gnaretur
813 2971 995 3026 ovium
1035 2987 1313 3044 resumere
1353 2976 1644 3044 sarcinam,
1667 2991 1767 3045 pro
1795 2979 1990 3046 quibus
2017 2995 2108 3048 pa—

529 3068 737 3114 storum
764 3059 958 3116 Pastor
987 3063 1260 3131 probrosa:
1303 3067 1492 3120 mortis
1540 3067 1822 3137 amplexus
1851 3079 1932 3122 est
1963 3069 2106 3138 inju-

531 3150 687 3202 riam.
715 3150 913 3205 Verum
933 3152 1015 3206 vir
1037 3153 1302 3221 docibilis,
1328 3156 1422 3210 Dei
1453 3157 1646 3212 cedere
1677 3174 1876 3227 gnarus
1898 3161 2106 3228 pietati,

528 3254 636 3294 non
669 3251 846 3297 autem
877 3245 1120 3300 emerita:
1147 3245 1258 3314 jam
1289 3251 1556 3304 senectuti
1585 3250 1999 3321 haudquaquam
2022 3255 2109 3324 ju-

527 3332 732 3388 dicavit
777 3333 1121 3391 refutandum
1167 3338 1309 3408 quod
1339 3339 1805 3414 animadvertebat
1831 3342 2107 3420 Christum

521 3422 732 3490 jubere,
783 3425 850 3480 de
907 3442 1130 3483 suorum
1170 3432 1482 3499 praecordiis
1529 3449 1734 3504 pauper
1788 3437 2103 3504 pastoralis.

527 3515 924 3588 ltaque.gregis
957 3536 1123 3591 grave
1168 3539 1334 3578 onere
1389 3524 1569 3579 denuo
1617 3535 1900 3599 suscepto,
1935 3529 2106 3582 tribus

527 3607 866 3663 solummodo
900 3610 1059 3666 annis
1116 3613 1312 3682 quibus
1338 3623 1615 3685 superstes
1667 3615 1766 3671 fuit
1816 3619 1868 3672 in
1909 3620 2105 3674 smculo

528 3696 793 3752 instanter
815 3699 1058 3766 porrexit
1081 3699 1342 3758 fratribus
1367 3705 1570 3776 virgam
1602 3709 1962 3777 correptionis
1983 3725 2103 3764 cum

527 3787 938 3842 sustentationis
985 3789 1203 3854 baculo,
1235 3806 1301 3845 eo
1345 3793 1612 3866 siquidem
1640 3798 1706 3851 ad
1739 3799 2102 3856 emetiendum

528 3873 782 3927 curriculi
835 3876 1128 3943 pauxillum
1163 3879 1305 3948 quod
1337 3883 1575 3938 restabat
1625 3885 1954 3942 reddebatur
1993 3890 2104 3944 ala-

527 3961 674 4017 crior
712 3978 818 4032 quo
841 3974 1091 4036 correpto
1121 3971 1292 4038 spatio
1331 3983 1566 4043 cmperat
1592 3975 1780 4030 bravio
1826 3977 1937 4032 ﬁeri
1970 3981 2102 4034 vici-

527 4067 667 4108 IIIOI'.

1081 4149 1308 4206 CAPUT
1348 4152 1532 4208 XVIII.
1625 4191 1630 4196 -

598 4228 660 4285 S.
690 4232 933 4289 Erardus
969 4237 1067 4306 ipsi
1087 4239 1580 4322 lvaledicit.—lude
1603 4246 1793 4300 beatus
1824 4249 2101 4306 Erhardus

524 4332 832 4380 constructa
863 4328 1091 4384 ecclesia
1140 4347 1204 4386 ex
1256 4338 1474 4391 nomine
1514 4335 1574 4392 S.
1616 4340 1944 4398 confessoris
1970 4344 2098 4414 Apri

2149 1747 2189 1804 Β

2214 495 2449 567 jngeque
2480 499 2795 573 praesidium
2823 499 2914 566 sit,
2965 497 3110 566 quod
3142 496 3225 550 vir
3256 496 3563 568 Deo‘plenus
3596 507 3730 566 liben-

2223 589 2428 643 tissime
2466 587 2699 660 annuit].
2733 589 2972 664 Tandem
3003 588 3188 644 dulces
3232 588 3284 642 in
3311 587 3553 656 amplexus
3597 613 3722 657 mea.

2221 687 2324 747 tes,
2351 693 2415 734 ac
2450 679 2652 734 mutuis
2696 679 2988 751 multisque
3029 679 3248 734 fletibus
3291 693 3351 758 se
3390 681 3718 764 perfundentes,

2219 772 2462 828 oratione
2483 771 2687 841 pariter
2709 771 2850 838 fusa,
2866 771 2972 826 non
2997 773 3113 828 sine
3135 765 3372 827 maxima
3399 761 3542 831 cordis
3560 787 3718 838 conui-

2221 863 2364 915 tione
2385 869 2569 914 mutua
2591 854 2799 916 visiOne
2821 859 3070 916 caruere.
3086 859 3282 916 Beatus
3304 868 3461 928 autem
3478 853 3718 938 Erhardus,

2218 941 2410 1008 Rheno
2439 951 2806 1016 transvadato,
2830 951 3179 1022 Rege-nsborg
3201 950 3314 1023 (18)
3345 951 3578 1009 civitatem
3598 975 3718 1016 stt-nn

2217 1031 2402 1100 sedem
2432 1043 2680 1098 videlicet
2713 1051 2821 1098 tam
2851 1053 3041 1098 sancto
3078 1043 3312 1114 praesule
3347 1041 3572 1100 edebrem
3606 1050 3717 1106 futu-

2220 1149 2334 1188 ram
2393 1135 2578 1190 subiit.
2617 1134 2672 1187 lu
2721 1147 2824 1203 qua
2884 1149 2989 1190 non
3047 1141 3168 1204 post
3210 1131 3421 1205 plurina
3477 1145 3719 1215 temporum

2217 1228 2485 1284 curricula
2539 1238 2702 1282 sexto
2741 1229 2870 1282 ldus
2922 1229 3165 1284 Januarii
3196 1231 3262 1285 de
3319 1234 3468 1285 mtrte'
3510 1223 3568 1287 ad
3591 1237 3718 1294 vitam

2220 1321 2458 1374 transiit.
2493 1321 2725 1376 Sanctus
2757 1336 2886 1374 vero
2927 1320 3248 1390 Hildulplms
3277 1320 3348 1374 ab
3372 1335 3505 1390 «pere
3536 1324 3612 1382 Dei
3637 1345 3718 1384 non

2217 1412 2520 1477 deficiebat,
2563 1414 2653 1466 sed
2680 1413 2903 1482 jejuniis
2959 1423 3014 1468 et
3039 1411 3316 1470 laboribus
3353 1413 3570 1482 bligatos
3605 1431 3722 1476 anus

2216 1493 2434 1574 Spiritui
2468 1505 2674 1560 servire
2703 1491 2983 1574 cogebat,
3011 1505 3267 1560 fratribus
3306 1507 3384 1562 sib
3420 1508 3644 1577 subjectis
3671 1530 3719 1569 ac

2218 1595 2456 1651 maxime
2491 1595 2688 1651 Joanni
2751 1605 2806 1651 ct
2869 1596 3113 1666 Benigno
3171 1596 3402 1668 [quorm
3450 1601 3718 1659 mentionem

2218 1702 2378 1756 supra
2411 1687 2690 1760 fecimus],
2719 1703 2860 1758 quos
2909 1689 3157 1758 quotidie
3187 1690 3265 1744 ad-
3309 1687 3508 1744 miiora-
3546 1696 3720 1752 tendere

2217 1779 2510 1848 gaudebat,
2541 1795 2678 1849 quos
2723 1781 2886 1835 etiam
2920 1797 3030 1836 non
3081 1780 3254 1835 solun]
3303 1780 3484 1850 ptulic-a
3513 1786 3718 1840 exhorta-

2220 1872 2384 1937 tione,
2400 1873 2497 1926 sed
2521 1872 2788 1936 interdum
2813 1873 3024 1942 privata
3057 1881 3120 1928 ac
3147 1873 3395 1928 amieabli
3419 1875 3721 1936 collocutioue

2219 1963 2298 2017 sui
2331 1979 2600 2018 memores
2629 1964 2744 2018 fore
2795 1967 3074 2031 mouebat,
3101 1981 3199 2037 pro
3237 1975 3362 2020 Slall
3405 1965 3718 2023 Ecclesiarum

2218 2054 2340 2115 Dei,
2379 2070 2477 2124 pro
2528 2071 2659 2124 pace
2708 2071 2894 2126 regum
2952 2068 3006 2118 et
3047 2059 3230 2113 salute
3283 2057 3561 2126 poulorum
3594 2076 3721 2117 orare

2216 2146 2512 2213 suadebat,
2542 2147 2685 2201 viam
2709 2163 2840 2203 vero
2870 2149 2994 2204 vita:
3039 2160 3206 2219 quam
3249 2149 3390 2205 seml
3430 2153 3721 2222 arripuerant

2218 2238 2447 2292 fideliter
2475 2255 2722 2305 currere,
2764 2252 2822 2296 et
2848 2242 3038 2296 bravio
3071 2259 3320 2314 superna)
3351 2247 3722 2301 emunerationis

2215 2331 2449 2386 scienter
2475 2331 2750 2396 anhelare,
2809 2333 2938 2388 illud
2988 2334 3552 2391 Douiinicttmwllicito
3592 2341 3723 2392 corde

2215 2424 2430 2476 assidue
2460 2423 2768 2491 replicando
2796 2443 2811 2478 :
2861 2424 3031 2479 Nemo
3076 2427 3286 2480 mittens
3312 2443 3491 2480 nanum
3515 2445 3646 2484 suam
3665 2432 3718 2482 ad

2213 2525 2449 2567 aratrum
2483 2525 2530 2569 et
2558 2517 2836 2585 respiciens
2864 2531 3023 2580 retro,
3047 2529 3200 2587 aptus
3222 2529 3298 2573 est
3327 2536 3454 2590 rigto
3489 2520 3575 2574 Dei
3597 2521 3720 2591 (Luc.

2213 2621 2288 2670 ix,
2333 2605 2445 2676 62).
2479 2606 2672 2660 Aiebat
2711 2609 2855 2662 enim
2897 2624 2913 2662 :
2955 2608 3156 2664 Fidelis
3185 2619 3271 2665 est
3299 2611 3436 2676 Dent,
3469 2619 3522 2665 et
3545 2615 3720 2666 n'.entiri

2213 2697 2408 2763 nescit,
2451 2699 2608 2754 bouis
2639 2699 2881 2757 moribus
2926 2700 3250 2754 consuefieri
3305 2701 3567 2767 stucreut,
3606 2703 3719 2755 vit-ut

2213 2801 2277 2840 ae
2322 2789 2520 2842 vestitu
2577 2791 2840 2846 mediocri
2888 2793 3128 2846 contenti
3173 2806 3294 2847 esse
3346 2792 3722 2856 dieerent,obe-

2211 2877 2470 2931 dientiam
2503 2880 2761 2935 humilem
2806 2891 2994 2937 mutuo
3037 2883 3140 2936 sibi
3203 2897 3268 2936 ac
3307 2881 3506 2939 soleter
3539 2885 3722 2938 exhibe-

2211 2979 2354 3038 rent,
2391 2970 2594 3026 Christi
2641 2975 2881 3044 vestigiis
2907 2983 3036 3030 ante
3075 2975 3255 3030 omnia
3287 2975 3578 3039 insistrent,
3601 2977 3723 3030 iusti-

2213 3066 2403 3119 tutioni
2436 3066 2578 3121 beati
2614 3066 2892 3124 Benedicti
2938 3068 3195 3125 alacriter
3227 3070 3529 3134 insudarut.
3557 3070 3724 3126 discre-

2215 3155 2343 3208 tioni
2387 3171 2484 3224 per
2531 3155 2714 3212 omnia
2765 3157 2993 3213 docebat
3037 3158 3341 3228 invigilare,
3385 3173 3517 3228 qua)
3568 3161 3722 3230 sepius

2215 3247 2521 3303 inculcabat
2573 3232 2805 3304 matrem
2849 3249 2962 3319 (19)
2995 3249 3256 3304 virtutum
3287 3264 3450 3315 esse;
3484 3265 3723 3307 nonnum-

2216 3337 2397 3404 tionis,
2430 3339 2811 3407 animositatis,
2849 3327 3223 3407 verbositatis,
3256 3341 3725 3402 όθιηριίοιιὶξηοιὶο-

2212 3429 2497 3499 sitatisque
2527 3431 2728 3485 malum
2762 3448 2866 3494 nec
2912 3434 2963 3486 iu
2996 3433 3149 3502 plebe
3192 3421 3428 3488 fidelium
3457 3434 3629 3489 diceba
3656 3437 3724 3491 dc-

2214 3521 2684 3589 prchendendum,
2717 3534 2921 3595 quanto
2973 3527 3153 3581 minus
3201 3527 3253 3580 in
3303 3528 3554 3582 claustris
3597 3545 3722 3586 urua-

2209 3611 2458 3667 chorum.
2511 3612 2602 3669 Sic
2641 3615 2834 3670 beatus
2863 3631 3027 3671 senex
3060 3601 3156 3688 per
3183 3619 3428 3674 ordinem
3455 3629 3636 3674 cuncta
3661 3624 3726 3676 tis-

2210 3718 2432 3770 ponens,
2464 3705 2691 3776 plusque
2741 3709 2990 3778 exemplo
3031 3709 3230 3766 fratres
3283 3727 3446 3782 quam
3493 3713 3644 3768 verbo
3676 3711 3731 3764 is-

2209 3805 2449 3862 strueus,
2485 3797 2552 3852 ad
2587 3813 2746 3854 omne
2773 3815 2909 3870 Opus
2950 3803 3150 3857 bonum
3178 3816 3458 3874 promptos
3502 3813 3553 3858 et
3578 3803 3735 3859 alac‘es

2211 3886 2487 3953 reddebat,
2535 3876 2772 3960 namque
2812 3908 3068 3948 manuum
3121 3910 3344 3948 suarutn
3376 3894 3554 3950 labore
3600 3895 3732 3950 cibtn

2207 3992 2317 4032 sua:
2346 3989 2548 4034 sanetae
2595 3983 2862 4037 senectuti
2895 3994 3014 4038 erat
3053 3987 3404 4054 conquirens,
3443 3987 3630 4058 jugiter
3658 3997 3735 4040 tan

2207 4070 2305 4124 sibi
2335 4087 2496 4141 quam
2531 4074 2651 4128 aliis
2699 4075 2844 4130 illam
2876 4077 3224 4146 apostolicam
3276 4080 3590 4134 sententiam
3627 4079 3738 4146 iuge-

2207 4178 2330 4216 rcns
2361 4183 2374 4217 :
2409 4163 2512 4230 Qui
2543 4157 2646 4221 non
2678 4169 2782 4222 vult
2827 4172 3035 4238 apcrari
3069 4187 3162 4226 nec
3189 4174 3463 4228 manducet
3490 4173 3568 4232 (ΙΙ
3595 4173 3744 4228 Thess.

2207 4266 2288 4317 ιιι,
2325 4252 2431 4323 ιο).
2835 4265 2840 4270 έ

2793 4348 3020 4407 CAPUT
3061 4352 3198 4408 ΧΙΧ.

524 4426 631 4466 non
657 4415 844 4484 procul
900 4434 928 4471 a
979 4425 1328 4488 monasterio,
1377 4427 1445 4478 ad
1511 4427 1694 4482 lteram
1750 4432 1956 4488 scilicet
1987 4436 2098 4498 jam
2138 4425 2179 4479 ῐ)
2208 4500 2211 4502 _
2278 4434 2411 4504 Ejus
2441 4436 2733 4509 disciplinae
2755 4459 2809 4495 se
2831 4445 3005 4497 subdit
3031 4445 3108 4498 vir
3137 4445 3359 4502 illustris
3393 4446 3740 4502 Tlieudoafdus.

524 4505 652 4558 dicti
675 4504 930 4577 fluminis,
962 4511 1112 4566 fratri
1135 4529 1238 4570 suo
1261 4517 1378 4572 viro
1393 4510 1494 4572 Dei
1521 4531 1643 4590 post
1666 4524 2097 4583 exhortationem

524 4595 577 4681 in
626 4593 898 4654 Creatoris
929 4600 1121 4656 militia
1158 4605 1294 4660 dixit
1353 4621 1366 4660 :
1415 4608 1674 4665 Dominus
1716 4613 1950 4681 possedit
2001 4619 2097 4674 tibi

517 4680 719 4751 locum,
737 4686 1028 4746 adfuturus
1046 4694 1298 4750 omnibus
1321 4711 1442 4764 qua:
1469 4699 1677 4769 egeris:
1706 4680 1880 4758 tamen
1908 4721 2100 4763 moneo

521 4785 578 4830 et
613 4787 736 4846 peto
765 4788 824 4833 ut
873 4783 1286 4840 novissimorum
1331 4786 1534 4857 jngiter
1588 4793 1864 4864 nostrique
1892 4812 2100 4854 memor

519 4867 627 4931 sis,
672 4885 760 4924 me
807 4887 936 4928 sane
969 4885 1185 4944 Oportet
1227 4880 1474 4948 separari
1508 4895 1537 4935 a
1587 4893 1673 4949 te,
1724 4897 1942 4954 aspectu
1991 4905 2095 4944 non

521 4961 703 5025 corde,
735 4961 872 5018 facie
907 4980 1014 5020 non
1046 4977 1230 5023 mente
1256 4986 1270 5034 ;
1311 4971 1530 5042 angelus
1561 4984 1737 5030 autem
1766 4975 1975 5032 Domini
2007 4980 2096 5034 bo-

519 5065 622 5105 nus
655 5049 810 5122 juxta
839 5055 1232 5126 beneplaeitum
1263 5059 1378 5129 ejus
1407 5077 1589 5118 comes
1621 5065 1713 5120 fiat
1755 5081 1886 5122 mea:
1941 5084 2098 5138 perc-

520 5141 848 5209 grinatiouis
897 5150 1078 5204 sedem
1138 5152 1409 5222 propriatn
1456 5155 1694 5211 revisere
1739 5158 2094 5235 disponentis.

519 5229 644 5304 [Cui
699 5245 911 5303 contra,
951 5238 1162 5320 (frater,
1193 5242 1384 5298 beatus
1430 5245 1657 5301 antistes
1707 5247 1844 5302 inter
1901 5233 2094 5308 caetera

521 5329 855 5378 secretorum
907 5326 1210 5384 ctelestium
1238 5331 1526 5402 colloquia,
1577 5335 1772 5392 fratres
1802 5353 1938 5406 quos
1988 5341 2096 5398 Deo

522 5413 918 5487 venerabilique
960 5429 1190 5488 patrono
1229 5421 1520 5480 Maximino
1550 5441 1886 5498 aggregarat,
1919 5441 2089 5490 atten-

743 5568 799 5644 ln
829 5587 928 5626 ms.
959 5571 1083 5644 leg,
1103 5573 1356 5644 qucesizil.

593 5638 702 5708 με)
742 5637 798 5691 In
828 5655 929 5695 ms.
971 5637 1201 5700 M'edian.
1241 5644 1627 5706 lienesbuorch.

2203 4555 2272 4564 ——
2301 4527 2541 4596 Curaque
2572 4529 2858 4588 luculenta:
2891 4538 3323 4594 conversationis
3347 4537 3465 4608 ejus
3501 4540 3744 4611 speculare

2197 4615 2390 4685 jubar,
2415 4620 2527 4674 veri
2553 4620 2689 4677 solis
2719 4623 3004 4693 trajectum
3051 4643 3484 4698 quaquaversum
3509 4631 3743 4686 evibraret

2203 4707 2376 4765 lucem
2405 4711 2668 4767 virtutum
2719 4716 2784 4771 ad
2815 4720 3146 4787 arguendum
3190 4733 3408 4778 noctem
3449 4725 3739 4782 mortalium.

2203 4799 2446 4854 nonnulli
2494 4801 2835 4860 saecularium
2877 4806 3142 4865 fallaciter
3184 4811 3285 4867 sibi
3318 4815 3635 4870 arridentem
3663 4814 3738 4867 de-

2202 4892 2444 4948 ridentes
2477 4897 2762 4966 mundum,
2795 4914 2862 4956 ne
2889 4901 2986 4972 ipsi
3017 4907 3282 4962 veraciter
3308 4923 3338 4962 a
3366 4910 3558 4964 mundo
3581 4908 3743 4963 irrideo

2202 4992 2410 5051 rentur,
2450 4995 2571 5056 post
2618 4990 2890 5046 modicum
2941 4992 3228 5052 facultates
3273 5014 3402 5055 suas
3453 5001 3741 5071 pauperibus

2193 5072 2410 5146 jurique
2439 5077 2499 5132 S.
2524 5079 2670 5136 Petri
2703 5086 3101 5154 contradidere,
3123 5099 3286 5160 atque
3308 5093 3484 5150 stultae
3500 5093 3743 5164 sapientia:

2198 5166 2435 5222 edomita
2479 5173 2870 5243 cervicositate,
2923 5180 3220 5250 sapientem
3267 5185 3546 5240 stultitiam
3570 5184 3740 5241 Christi

2198 5257 2299 5312 sub
2357 5261 2518 5318 beato
2559 5265 2679 5318 viro
2735 5268 3022 5339 militaturi
3071 5289 3380 5346 suscepere.
3431 5278 3524 5334 llis
3555 5279 3742 5350 diebus

2198 5348 2416 5419 quidam
2446 5353 2552 5421 vir,
2588 5359 2808 5415 nomine
2840 5361 3240 5432 Theudoaldus,
3293 5369 3436 5425 inter
3470 5348 3610 5444 regni
3637 5386 3740 5441 pro-

2197 5457 2349 5498 ceres
2374 5445 2599 5503 illustris
2621 5448 2940 5518 babeba'tur,
2970 5456 3058 5523 qui
3100 5465 3254 5511 tenax
3289 5458 3546 5529 glutinum
3577 5459 3735 5516 mundi

2269 5602 2382 5672 (l9)
2417 5603 2472 5657 In
2507 5621 2605 5659 ms.
2636 5607 2928 5664 Paderbor.
2968 5611 3164 5683 legitur
3200 5615 3518 5674 Mercedem.
