3900 6322
0 335 111 387 L01

0 427 297 480 nouiter
341 425 436 482 sed
465 423 817 480 exitiabiliter
844 422 1112 493 pretiosas
1151 422 1360 474 animas
1404 419 1649 472 inescare
1681 421 1724 471 Α

0 517 394 585 μιεειιοιιιίε,
463 515 712 585 prudenti
794 512 1074 569 declinans
1128 510 1314 576 oculo,
1383 521 1646 564 consensu

0 609 244 662 ixoris
278 605 403 675 jam
431 601 1051 659 initiatarsanctimonize
1074 600 1372 670 proposito,
1404 596 1649 668 deposito

0 697 290 752 nilitari
320 695 556 766 cingulo,
597 693 744 749 beati
776 693 879 747 viri
923 707 982 747 se
1022 690 1262 746 subdidit
1314 686 1647 766 magisterio,

0 807 164 845 :um
227 806 343 845 suo
399 788 628 843 naturali
678 787 810 850 (ilio,
885 784 1108 839 nomine
1149 783 1324 837 Abho.
1365 780 1464 835 llic
1512 780 1653 832 inter

0 893 256 935 :aatera
316 879 617 936 collationis
645 881 764 932 sua:
821 876 978 931 xenia
1033 873 1263 930 contulit
1310 871 1474 926 etiam
1526 868 1654 924 huic

0 973 323 1028 rcenobio
349 971 629 1028 basilicam
679 969 874 1023 honori
902 976 1176 1038 perpetua:
1215 963 1440 1033 virginis
1470 961 1652 1015 Mariae

0 1066 302 1120 iicatam
337 1065 389 1119 in
423 1063 552 1132 jam.
583 1063 730 1118 dicto
753 1061 954 1131 praedio
975 1059 1238 1113 Bercltem
1283 1057 1442 1110 sitam
1474 1053 1653 1108 multi-

0 1160 166 1229 plici
182 1169 312 1214 tate
342 1151 608 1214 redituutn
647 1155 995 1226 praecipuam.

675 1244 900 1302 CAPUT
944 1243 1061 1296 ΧΧ.

99 1342 183 1397 S.
228 1340 518 1409 Hildulplii
571 1341 742 1394 obitus
774 1349 823 1392 et
876 1337 1166 1406 sepultura.
1197 1365 1258 1373 -—
1285 1333 1418 1387 Huic
1442 1333 1656 1400 negotio

5 1435 310 1490 eximius
339 1433 501 1488 Pater
530 1420 810 1498 insistens,
843 1429 943 1485 nec
966 1428 1191 1482 omnino
1218 1428 1378 1480 annis
1408 1425 1653 1496 proprio-

9 1541 149 1594 iure
176 1525 408 1594 corpori
433 1537 683 1594 parcens,
709 1535 1038 1592 magnopere
1063 1520 1343 1588 satagebat
1374 1528 1480 1571 tam
1514 1533 1652 1587 prie-

12 1634 138 1671 sen
151 1617 306 1670 tium
334 1627 497 1684 quam
525 1613 689 1668 etiam
713 1609 1016 1666 futurorum
1042 1609 1238 1663 ibidem
1260 1607 1653 1662 ctenobitarnm

24 1706 389 1763 necessitati
418 1712 473 1759 et
522 1703 693 1772 quieti
732 1701 1036 1770 providere,
1067 1715 1133 1753 ne
1182 1698 1550 1767 cujuscunque
1581 1697 1653 1752 rei

1208 280 1540 382 VACCAan
1574 319 1730 374 \’|T.-\
1755 319 1810 381 S,
1844 310 2229 370 illLDUl.Plll.

3144 319 3148 324 '
3225 308 3332 365 602

1756 409 1985 463 bellante
2036 407 2247 460 narium
2305 402 2716 458 detruncatinne
2767 399 3092 464 deformali,
3140 401 3328 469 quinta

1759 501 2075 564 indictione,
2105 498 2298 568 Sergio
2328 495 2622 551 venerabili
2655 508 2812 564 papa,
2840 492 2990 563 cujus
3016 493 3120 546 duo
3151 493 3331 562 proxi-

1757 595 1980 649 miores.
2015 604 2356 652 successores
2408 603 2604 646 nomen
2662 585 2884 640 Joannis
2934 585 3328 654 possederunt,

1755 686 2054 739 Romanam
2107 682 2409 738 Ecclesiam-
2454 688 2692 750 regente,
2741 677 2853 747 qui.
2883 677 3085 731 invenit
3137 676 3330 730 miram

1755 778 2056 849 portionem
2108 775 2236 845 ligni
2285 771 2543 828 salutaris
2597 771 2650 824 iti
2701 770 2940 825 sacrario
2973 769 3112 823 beati
3162 768 3329 823 Petri.

1757 865 1955 938 [Hujus
2001 865 2190 920 diebus
2233 861 2688 924 Thcudobaldus,
2734 875 2826 914 rex
2863 859 3187 930 Anglorum,
3241 862 3331 927 qui

1756 955 1927 1010 multa
1969 956 2022 1010 in
2071 970 2167 1010 sua
2217 954 2394 1024 patria
2444 951 2583 1007 bella
2637 959 2900 1022 gesserat,
2941 952 3007 1004 ad
3057 951 3332 1005 Christum

1757 1061 2052 1102 conversus
2081 1045 2392 1117 properavit
2421 1044 2680 1108 Romam,
2729 1043 2819 1112 qui
2860 1057 2955 1110 per
2983 1042 3331 1110 Cunipertum

1758 1135 2242 1205 Longobardorum
2291 1148 2472 1203 regem
2519 1132 2743 1187 veniens
2792 1130 3018 1184 mirifice
3055 1140 3334 1200 susceptus

1758 1235 1860 1280 est.
1889 1225 1940 1280 ls
1980 1241 2102 1281 cum
2143 1211 2371 1279 Romam
2418 1223 2778 1294 pervenisset,
2830 1238 2860 1276 a
2907 1209 3160 1290 pracdicto
3198 1213 3334 1292 papa

1760 1316 2108 1384 baptizatus,
2159 1317 2459 1385 Petrusque
2505 1315 2835 1384 appellatus,
2872 1316 3049 1370 adhuc
3099 1315 3150 1367 in
3201 1315 3337 1369 albis

1761 1409 2106 1475 constitutus,
2139 1411 2206 1463 ad
2233 1409 2476 1464 caelestia
2512 1425 2678 1478 regna
2722 1407 2972 1477 migravit
3003 1405 3163 1477 (20).]
3197 1406 3336 1472 Quin

1759 1499 1924 1552 etiam
1955 1497 2058 1552 hac
2097 1507 2416 1567 tempestate
2453 1497 2681 1552 domnus
2715 1496 2880 1558 Beda,
2916 1496 3002 1549 vir.
3027 1495 3339 1549 monasticze

1761 1589 2039 1660 religionis
2060 1588 2366 1657 praecipuus
2387 1587 2441 1640 in
2471 1587 2715 1642 doctrina
2745 1596 2801 1641 ct
2826 1595 2941 1639 arte
2971 1573 3337 1652 caleulatoria,

1761 1679 1990 1736 florebat
2021 1679 2381 1748 magnificus,
2415 1687 2472 1744 et
2516 1677 2699 1731 ﬂoruit
2724 1677 2815 1732 diu
2855 1686 2974 1756 post
3004 1667 3207 1730 obitum
3238 1675 3342 1728 Pa-

27 1798 371 1869 imngemia
413 1809 473 1851 se
504 1761 682 1849 ηίεηιιε
710 1761 944 1863 νέευιηιιί
981 1761 1178 1846 amo",
1203 1761 1363 1860 p35,,
1391 1761 1656 1844 ίηέριινῖιςθ
1689 1761 1733 1819 Β
1767 1771 1864 1825 tris
1906 1771 2075 1824 nostri
2127 1769 2422 1840 Hildulphi,
2458 1778 2514 1824 et
2551 1769 2677 1825 licet
2700 1768 2914 1823 videres
2957 1767 3341 1836 discipuiorum

29 1888 482 1941 excursationem
519 1883 1053 1953 quantulameunque
1073 1880 1318 1935 valerent
1339 1879 1655 1934 obtendere.

35 1979 220 2043 Quod
273 1977 512 2030 maxime
561 1974 849 2029 desidiosis
887 1981 941 2027 et
973 1980 1180 2026 arctam
1210 1971 1378 2024 vitam
1433 1969 1658 2023 remisse

42 2070 386 2126 tenentibus
437 2077 522 2122 est
582 2066 892 2131 familiare;
943 2079 1176 2134 cumque
1213 2062 1326 2132 jam
1382 2061 1660 2116 laboribus

42 2163 238 2216 effeto
270 2174 496 2229 corpore
536 2158 760 2226 spiritus
804 2155 1100 2210 ferventior
1129 2163 1292 2220 esset,
1348 2153 1469 2222 pius
1518 2153 1660 2206 Deus

46 2268 191 2308 eum
225 2264 422 2305 vocare
462 2247 634 2302 voluit
659 2249 725 2302 ad
773 2261 1028 2317 coronam
1077 2244 1324 2314 justitize.
1373 2243 1431 2297 In
1461 2243 1660 2313 vigiliis

52 2343 261 2409 itaque
287 2338 635 2401 constitutus,
661 2335 810 2391 febre
835 2346 919 2392 est
947 2345 1264 2406 correptus;
1297 2350 1399 2403 qua
1427 2349 1524 2404 per
1545 2332 1661 2387 dies

56 2435 514 2503 ingravescente,
547 2427 749 2484 fratres
785 2429 983 2484 turbati
1017 2427 1082 2482 ad
1132 2436 1360 2481 stratum
1389 2425 1536 2480 senis
1565 2440 1660 2478 ac-

57 2532 326 2588 currunt,
376 2523 467 2590 qui
517 2536 773 2592 namque,
823 2531 1098 2589 utcunque
1168 2527 1401 2589 poterat,
1447 2532 1662 2586 semper

60 2614 357 2670 Christum
387 2605 764 2668 annuntiabat.
787 2611 890 2678 Qui
932 2626 1055 2666 cum
1082 2609 1263 2664 maesti
1289 2609 1498 2672 fierent,
1523 2618 1574 2661 et
1604 2623 1663 2660 se

63 2706 313 2762 desolari
341 2704 606 2769 dolerent,
631 2718 739 2758 una
765 2710 886 2758 erat
903 2703 1145 2757 omnium
1166 2716 1269 2756 vox
1292 2700 1660 2770 plangentium

66 2809 508 2870 precantemque
536 2812 606 2853 ne
635 2804 820 2867 pastor
845 2795 1026 2851 ovium
1058 2794 1148 2866 [f.,
1181 2791 1332 2864 oves]
1359 2792 1660 2847 desereret.

71 2897 170 2950 llis
207 2892 567 2966 querimoniis
588 2891 952 2963 lacrymisque
978 2895 1301 2955 commotus,
1332 2895 1390 2943 ut
1418 2893 1535 2940 erat
1549 2883 1662 2953 jam

70 2999 325 3042 extrema
375 2994 531 3055 parte
578 2982 825 3053 corporis
872 2979 1266 3051 prmmortuus,
1311 2977 1365 3030 in
1421 2986 1663 3030 extrema

73 3078 263 3134 lectuli
320 3085 474 3148 parte
528 3075 758 3138 resedit,
806 3082 862 3129 et
917 3070 1326 3140 circumspectis
1379 3068 1658 3134 fratribus,
1689 3100 1734 3161 ς

75 3172 218 3233 Pax,
260 3168 458 3238 inquit,
509 3167 684 3222 vobis.
735 3165 962 3219 Demum
992 3179 1155 3218 manu
1189 3162 1418 3224 elevata,
1448 3161 1530 3214 his
1567 3174 1663 3213 eos

79 3261 268 3315 verbis
301 3259 578 3314 benedixit
612 3255 704 3313 :0
747 3257 890 3311 Deus
941 3249 1307 3324 om'nipotens,
1357 3251 1665 3305 benedicito
1734 3289 1736 3298 ,

79 3357 347 3417 clemens,
370 3357 772 3421 praesentesque
795 3357 914 3402 tuos
933 3360 1088 3402 serva
1115 3359 1211 3415 per
1231 3343 1427 3399 saacnla
1459 3357 1664 3396 servos.

80 3449 178 3502 [iis
202 3445 368 3516 igitur
391 3442 580 3506 finitis,
606 3439 938 3495 humillimus
961 3451 1121 3507 prece
1142 3434 1440 3489 humillima
1468 3433 1667 3485 fratres

80 3537 340 3593 exoravit
372 3532 730 3589 continuatim
787 3530 856 3585 ad
895 3529 1062 3583 altare
1088 3526 1289 3582 Christi
1327 3526 1378 3577 in
1412 3523 1672 3592 omnique

82 3631 274 3685 divino
307 3625 484 3683 cilicio
531 3622 852 3678 memoriam
896 3621 1132 3676 retinere
1179 3619 1263 3672 sui
1313 3615 1569 3681 nominis,
1603 3628 1668 3667 ne

82 3721 432 3791 contingeret
479 3733 603 3773 eum
657 3729 910 3785 suosque,
975 3727 1110 3782 quos
1161 3711 1250 3764 hic
1301 3707 1671 3777 temporalitcr

83 3814 252 3877 rexit,
280 3811 406 3864 almi
457 3808 637 3863 Patris
671 3805 947 3861 Benedicti
1001 3804 1194 3860 abesse
1243 3798 1675 3860 conturberniis,

86 3918 254 3975 atque
283 3901 630 3972 supradictis
659 3897 913 3966 milleqne
958 3893 1168 3951 solatiis
1211 3892 1331 3947 aliis
1353 3890 1524 3960 quieti
1555 3891 1676 3944 ovia

87 3999 334 4052 cularum
372 4007 593 4049 suarum
624 3990 851 4060 impigre
893 3986 1143 4058 provisis,
1188 3985 1452 4039 virtutum
1483 3981 1674 4052 plenus

89 4101 256 4159 atque
287 4089 522 4152 dierum,
569 4083 771 4140 mundo
827 4081 916 4150 qui
967 4079 1081 4149 jam
1137 4076 1296 4132 talem
1337 4075 1536 4130 habere
1565 4089 1671 4127 non

96 4180 429 4242 merebatur,
481 4175 820 4232 subtrahitur
867 4172 1028 4225 Pater
1055 4167 1404 4234 venerabilis,
1451 4180 1673 4222 securus

95 4272 149 4324 in
194 4280 350 4339 porta
399 4267 548 4336 regni
578 4280 701 4320 cum
753 4260 1098 4316 senatoribus
1145 4267 1303 4312 terra:
1355 4259 1494 4311 inter
1537 4271 1673 4324 quos

98 4361 294 4415 nobilis
324 4357 611 4414 habebitur
644 4353 893 4408 Christus
929 4350 1013 4404 vir
1043 4351 1243 4403 sancta:
1268 4345 1538 4400 Ecclesiae.
1568 4345 1673 4397 lste

1764 1863 2018 1918 examina
2057 1863 2182 1917 hinc
2214 1863 2338 1926 inde
2369 1862 2615 1916 certatim
2648 1859 2993 1925 confluxisse,
3019 1861 3199 1930 piique
3241 1861 3343 1915 I‘a-

1767 1957 1869 2011 tris
1900 1965 1955 2009 et
1985 1956 2227 2025 magistri
2259 1953 2421 2031 funus
2468 1955 2556 2024 pio
2596 1970 2718 2009 cum
2748 1957 2947 2025 gemitu
2985 1953 3342 2026 conszipasse,

1761 2046 1853 2114 qui
1884 2045 2012 2102 licet
2039 2046 2128 2116 pie
2156 2046 2458 2115 gauderent
2484 2053 2591 2098 tam
2619 2044 2862 2112 przeclari
2894 2044 3216 2098 institutorls
3242 2045 3342 2098 sibi

1763 2153 1870 2192 non
1903 2135 2090 2191 defore
2117 2135 2333 2190 cmlitus
2377 2135 2678 2205 patrocinia
2700 2177 2714 2201 ,
2747 2144 2922 2189 tamen
2961 2134 3046 2203 pie
3080 2131 3342 2186 deﬂebam

1764 2227 2119 2282 humanitatis
2146 2235 2404 2282 consueta
2428 2225 2530 2280 sibi
2559 2225 2835 2279 subtracta
2861 2225 3077 2279 solatia.
3105 2222 3345 2277 Tandem

1762 2321 2002 2376 ofliciose
2049 2329 2242 2375 curato
2275 2319 2540 2374 cadavere
2575 2333 2807 2386 semper
2829 2317 3216 2373 reminiscendi.
3248 2315 3349 2368 Pa-

1765 2412 1896 2475 tris,
1933 2411 2296 2465 humaverunt
2329 2408 2458 2463 illud
2495 2409 2547 2462 in
2591 2409 2812 2463 basilica
2847 2407 2988 2462 beati
3025 2421 3175 2476 papae
3215 2404 3352 2459 Gre-

1764 2503 1897 2575 gorii
1921 2518 1951 2556 a
1977 2502 2182 2558 dextris
2208 2501 2416 2567 altaris,
2443 2501 2624 2555 adulta
2642 2500 2756 2570 jam
2782 2501 2900 2555 luce
2924 2500 3174 2564 secunda:
3200 2496 3350 2571 feriae

1765 2609 1907 2650 anno
1965 2594 2242 2650 tricesimo
2307 2602 2462 2648 sexto
2508 2592 2861 2646 habitationis
2917 2608 3028 2646 sua:
3084 2591 3136 2646 in
3190 2588 3350 2655 hujus

1771 2685 2030 2740 terribilis
2057 2685 2225 2740 eremi
2251 2685 2528 2749 vastitate,
2559 2683 2975 2752 quadragesimo
3007 2696 3133 2735 vero
3177 2694 3206 2732 a
3236 2679 3352 2748 glo—

1767 2775 1911 2829 riosa
1948 2774 2150 2830 domini
2187 2773 2460 2843 pontificis
2493 2773 2770 2826 Maximini
2809 2771 3190 2834 translatione,
3228 2783 3349 2837 qua1

1765 2868 1978 2922 exstitit
2018 2869 2118 2922 sub
2163 2867 2270 2922 hoc
2311 2876 2498 2922 nostro
2542 2865 2948 2936 archipraasule,
2995 2863 3222 2934 Pippino
3259 2878 3351 2916 su-

1768 2961 1950 3032 perius
1988 2962 2134 3016 dicto
2158 2961 2272 3028 jam
2307 2969 2434 3016 tunc
2474 2960 2680 3018 Gallias
2721 2961 3085 3030 gubernante.
3123 2959 3350 3028 veruin-

1771 3064 1948 3107 tamen
1981 3069 2104 3108 cum
2149 3053 2241 3107 lux
2289 3051 2605 3108 meritorum
2655 3050 2796 3108 beati
2832 3050 3104 3119 Hildulphi
3143 3048 3352 3103 crebris

1769 3145 2097 3198 claresceret
2127 3142 2428 3207 miraculis,
2453 3127 2682 3196 relatum
2709 3142 2777 3196 ab
2800 3141 3030 3196 coclesia
3060 3139 3364 3208 sepulturae

1770 3252 1880 3290 sua:
1910 3234 2155 3288 mirabile
2198 3249 2427 3303 corpus,
2474 3233 2759 3286 devotione
2794 3247 2860 3287 ac
2889 3232 3067 3294 studio
3120 3231 3351 3284 fratrum

1773 3325 1969 3395 templo
2012 3327 2185 3380 beata:
2230 3325 2414 3381 Mariae
2461 3323 2702 3393 Virginis
2738 3333 2820 3378 est
2861 3323 3114 3384 illatum,
3149 3322 3204 3374 in
3246 3336 3355 3390 quo

1770 3419 2113 3471 dexrrorsum
2141 3415 2374 3484 eleganti
2397 3446 2399 3449 -
2421 3413 2626 3467 fornice
2656 3413 2936 3481 aliquanto
2965 3412 3178 3466 delituit
3219 3420 3354 3478 tem—

1771 3522 1924 3576 pure,
1952 3506 2105 3574 cujus
2136 3505 2201 3558 in-
2241 3503 2495 3572 praesenti
2545 3501 2794 3556 laudibus
2835 3501 3113 3569 occupari,
3145 3500 3356 3554 nieiitis

1771 3571 2068 3661 sublevari,
2116 3571 2365 3664 vestigiis
2412 3591 2716 3656 informari,
2749 3601 2802 3644 et
2841 3592 2893 3645 in
2928 3591 3110 3644 futuro
3143 3571 3361 3661 gaudiis

1771 3689 2047 3742 valeamus
2076 3687 2344 3756 cOptilari,
2388 3685 2750 3754 praeveniente
2789 3699 2853 3739 ac
2887 3684 3249 3760 subsequente
3278 3684 3357 3736 ef-

1774 3780 2094 3835 ficacissima
2121 3779 2492 3834 misericordia
2514 3787 2569 3832 et
2590 3776 3094 3832 misericordissima
3121 3774 3355 3829 efficacia

1772 3871 2018 3927 Fac-toris
2071 3869 2483 3938 Refectorisque
2539 3870 2705 3924 nostri
2745 3867 3104 3942 potentissimi
3159 3881 3224 3921 ac
3266 3866 3358 3920 be-

1773 3963 2106 4035 nignissimi,
2139 3963 2232 4032 qui
2266 3964 2446 4016 crucis
2469 3961 2937 4031 nudaeexpeditos
2957 3975 3222 4029 sequaces
3251 3975 3359 4027 pra:

1775 4056 1901 4112 filiis
1923 4056 2205 4111 hominum
2230 4053 2519 4126 glorificat,
2547 4071 2669 4109 cum
2695 4071 2790 4110 eos
2812 4069 3036 4110 securos
3060 4068 3177 4119 non
3199 4052 3359 4104 modo

1773 4162 1996 4201 suorum
2039 4147 2355 4201 meritorum
2406 4146 2617 4212 actitat,
2670 4147 2764 4202 sed
2803 4146 3015 4216 judices
3057 4142 3358 4196 alienorum

1773 4239 2052 4294 habendos
2079 4237 2382 4293 denuntiat.

2363 4329 2591 4386 CAPUT
2631 4330 2770 4384 XXI.

99 4454 329 4520 denique
377 4451 461 4502 vir
503 4449 691 4502 beatus
746 4443 1066 4513 Hildulplius
1123 4441 1376 4511 quoniam
1427 4436 1672 4506 exemplo
1699 4442 1751 4500 1)
1849 4423 1923 4477 De
1965 4423 2105 4492 [8ίὶσὶ
2152 4423 2294 4476 obitu
2331 4434 2630 4478 sanctorum
2670 4421 2895 4478 Joannis
2933 4432 2980 4475 et
3020 4419 3263 4490 Benigni.
3296 4448 3364 4458 —-

103 4545 388 4598 ﬂaminica:
438 4538 711 4610 parabolae
767 4538 820 4590 in
864 4550 996 4589 arvo
1026 4533 1244 4588 contriti
1297 4541 1352 4586 et
1404 4530 1672 4584 humiliati

102 4631 277 4685 cordis
340 4636 614 4698 sparserat
675 4637 858 4679 semen
913 4628 1076 4675 recta:
1141 4617 1477 4680 intentionis,
1531 4615 1675 4685 quod

106 4723 239 4775 ultro
302 4718 658 4779 l'ructilicans,
713 4714 946 4784 primum
1003 4708 1225 4764 herbam
1286 4719 1482 4762 tenera:
1507 4709 1678 4761 aetio-

109 4815 219 4877 nis,
288 4810 410 4864 dein
481 4809 685 4876 spicam
757 4803 1158 4874 provectionis,
1227 4809 1550 4871 pervenerat
1609 4801 1674 4853 ad

111 4904 431 4957 frumentum
461 4898 812 4968 perfectionis
862 4896 1045 4950 divina
1094 4893 1262 4960 falce,
1307 4892 1678 4962 temporaliter

109 4994 221 5061 rjus
246 4994 354 5046 vita
385 4993 622 5057 deserta,
657 4999 713 5043 ut
739 5002 967 5058 granum
1005 5001 1034 5038 a
1064 4985 1342 5054 palearum
1373 4996 1678 5036 recremen-

115 5092 178 5142 tis
228 5086 528 5149 selectnm,
587 5081 861 5137 inducitur
906 5080 961 5132 in
1016 5088 1234 5132 sclerum
1284 5076 1410 5128 vita:
1459 5075 1676 5128 horrea.

114 5182 332 5237 Emicuit
364 5189 544 5234 tamen
586 5179 652 5232 ab
685 5175 1022 5232 aerumnabili
1054 5173 1287 5230 incolatu
1325 5171 1483 5240 hujus
1511 5172 1678 5226 nostri

112 5276 277 5331 exsilii
317 5273 594 5344 piissimus
623 5281 813 5342 pastor
859 5284 924 5323 ac
976 5269 1208 5322 nutritor
1241 5275 1424 5321 noster
1461 5274 1682 5319 sanctus

112 5365 448 5434 llildulphns,
478 5361 668 5430 quinto
700 5360 821 5413 ldus
864 5357 1014 5421 Julii,
1047 5372 1168 5410 cum
1216 5363 1470 5425 ageretur
1503 5370 1679 5409 annus

114 5462 176 5514 ab
203 5455 575 5512 lucarnatione
603 5434 968 5530 Jesu'Cliristi
1013 5449 1136 5513 707,
1185 5447 1472 5502 consulatu
1515 5446 1682 5501 Justi-

114 5553 255 5610 niani
295 5548 516 5604 Minoris
569 5545 834 5617 Augusti,
880 5560 908 5598 a
959 5543 1138 5599 Leone
1191 5552 1378 5597 contra
1426 5556 1550 5596 eum
1599 5555 1684 5594 re-

194 5729 292 5803 ιῖεὓ)
331 5727 548 5786 Αηευιίε
576 5727 779 5784 inclusa
805 5727 996 5782 desunt
1023 5725 1078 5780 in
1111 5740 1210 5780 ms.
1240 5721 1549 5778 Paderboru

1780 4517 1908 4570 Post
1939 4517 2158 4569 beatum
2181 4515 2407 4586 gloriosi
2437 4514 2714 4585 ﬂildulphi
2745 4515 3030 4572 transitum
3061 4511 3361 4581 Reymber-

1781 4617 1866 4662 tus
1905 4611 1987 4662 vir
2014 4608 2389 4678 spectabilium
2439 4608 2778 4664 ornamentis
2807 4607 3061 4661 decenter
3103 4604 3366 4675 praeditus

1781 4715 2026 4764 morum,
2081 4699 2338 4755 concordi
2389 4707 2517 4756 voto
2573 4698 2800 4754 fratrum
2856 4698 3134 4768 regiminis
3197 4694 3365 4751 subiit

1780 4790 2038 4846 ollicium.
2082 4789 2254 4862 Hujus
2305 4801 2547 4862 tempora
2579 4797 2646 4862 ζει
2681 4789 2938 4860 opuscula
2992 4787 3093 4844 sub
3143 4787 3362 4855 regibus

1781 4884 2123 4940 Theo'dorico
2172 4891 2335 4952 atque
2371 4882 2679 4940 Childerico
2723 4881 2980 4947 Juniore,
3029 4879 3365 4950 Pippinoque

1784 4977 1894 5030 filio
1922 4976 2076 5031 ducis
2106 4973 2287 5030 Caroli
2319 4983 2448 5030 sunt
2492 4975 2742 5040 decursa,
2775 4982 2984 5029 restant
3009 4986 3139 5028 sane
3168 4985 3362 5040 quam-

1781 5067 2014 5138 plurima
2045 5068 2156 5122 Deo
2180 5066 2487 5135 dignissimi
2517 5065 2695 5121 Patris
2724 5065 2895 5120 nostri
2932 5063 3202 5134 l-lildulphi
3239 5076 3365 5117 suc-

1783 5173 2172 5228 cessurumque
2192 5156 2308 5226 ejus
2330 5166 2451 5213 acta
2479 5157 2690 5211 meritis
2710 5155 3102 5222 illiuscondita,
3123 5171 3242 5226 qua:
3265 5169 3364 5224 pro

1784 5249 2004 5304 fastidio
2033 5248 2254 5303 lectoris
2283 5247 2503 5302 interim
2531 5243 2849 5308 differenda,
2877 5251 2932 5297 et
2957 5243 3061 5299 alio
3103 5244 3364 5314 opusculo

1779 5340 2146 5409 judicavimus
2199 5339 2516 5410 deleganda.
2568 5335 3055 5392 Prteclarissimum
3108 5352 3240 5392 vero
3287 5337 3364 5390 in-

1785 5433 1942 5487 victae
1983 5433 2268 5487 charilatis
2296 5433 2349 5486 in
2382 5433 2524 5498 vita,
2563 5432 2616 5486 in
2670 5438 2843 5485 morte
2881 5444 2946 5484 ac
2976 5437 3096 5500 post
3134 5441 3367 5484 mortem

1787 5522 2306 5591 incxstinguibilitcr
2361 5533 2694 5578 conservatae
2759 5522 3189 5594 experimentum
3258 5534 3366 5575 non
