3900 6322
621 296 725 352 603

1338 290 1508 346 ΞίΕΟ.
1542 289 1607 343 XI
1639 288 1846 344 AUCT.
1879 283 2151 341 INCERTI
2182 286 2205 341 Α

2235 285 2360 358 NN!
2391 287 2474 340 ET
2514 286 2778 342 SCRIPT.
2808 287 3027 341 'AALZII.
3698 300 3758 357 θυι

621 411 838 464 videtur
879 405 1364 476 imprarsentianuu
1400 402 1788 466 diﬁ‘ereudum,
1836 400 2086 455 omnilms
2119 400 2198 453 sui
2230 410 2274 465 Α
2305 416 2413 454 uno
2458 401 2714 456 decenter
2757 400 3020 454 reconditi
3066 403 3370 467 mausoleo,
3418 411 3654 472 sepultura
3686 427 3759 467 sum

623 501 974 556 dilectoribus
1000 498 1163 554 castis
1205 495 1359 550 dulce
1386 495 1605 550 omnino
1633 509 1696 548 ac
1732 493 2056 564 proﬁcuum.
2088 491 2201 546 Duo

630 591 893 659 siquidem
950 586 1195 656 discipuli
1241 584 1527 639 laudabilis
1579 581 1823 654 magistri
1869 580 2103 635 Joannes
2149 589 2204 633 et

624 679 918 749 Benignus,
950 692 1109 746 quos,
1137 685 1198 730 ut
1229 675 1546 746 praedictum
1580 682 1684 736 est,
1721 685 2007 742 germanos
2035 669 2204 752 exsti-

627 773 758 826 tisse
817 785 982 825 carne
1021 784 1086 822 ac
1113 768 1331 838 spiritu,
1360 780 1591 836 quorum
1622 765 1772 834 prior
1803 762 2200 834 presbyteralu,

624 869 760 922 alter
790 882 918 922 vero
968 865 1293 934 fungebatur
1340 862 1654 915 diaconatu.
1701 858 1760 913 In
1810 857 1962 924 cujus
2006 856 2207 926 iugiter

625 959 767 1014 soliti
817 958 1073 1012 assistere
1110 953 1404 1024 obsequio,
1450 949 1798 1020 quotidianas
1838 948 1949 1002 Deo
1999 946 2205 1000 hostias

626 1050 1016 1120 redemptionis
1043 1056 1246 1101 nostrae
1277 1053 1331 1100 et
1359 1041 1797 1097 mortiﬁcationis
1826 1053 1936 1094 suae
1965 1045 2207 1091 mactan-

629 1155 742 1208 tes,
770 1140 1024 1196 laudabili
1055 1138 1208 1193 initio
1237 1135 1645 1190 laudabiliorem
1688 1131 1978 1201 iungentes
2021 1128 2204 1191 ﬁnem,

627 1235 694 1286 ad
743 1231 965 1286 cmleste
1011 1242 1236 1298 regnum
1282 1225 1450 1279 secuti
1500 1224 1754 1277 dilectum
1817 1221 2203 1282 institutorem,

628 1324 800 1392 pridie
827 1320 1095 1376 Kalendas
1123 1317 1346 1387 Augusti
1378 1316 1444 1370 ad
1474 1313 1748 1368 Christum
1775 1311 1982 1381 pariter
2008 1309 2208 1379 migra-

628 1424 842 1480 vcrunt,
872 1412 1124 1467 videlicet
1150 1417 1273 1478 post
1317 1407 1696 1478 migrationem
1735 1403 1907 1458 sancti
1946 1401 2206 1472 vigesimo

630 1510 807 1578 primo
834 1507 938 1560 die.
989 1503 1142 1570 Quod
1186 1500 1450 1556 indultum
1501 1499 1670 1552 fuisse
1710 1496 1917 1551 inlitus:
1954 1493 2204 1548 charitati

631 1600 818 1666 trium,
860 1611 967 1651 non
1017 1609 1147 1649 vero
1196 1592 1472 1647 exstitisse
1513 1589 1793 1644 fortuitum
1837 1601 1995 1641 nemo
2035 1584 2206 1639 refra-

630 1689 847 1760 gahitur
875 1684 1139 1748 ﬁdelium,
1168 1699 1291 1738 cum
1330 1682 1574 1750 legamus
1607 1678 1834 1734 fratrem
1886 1677 2026 1730 inter
2069 1675 2203 1729 alios

2307 493 2489 546 traditi
2539 494 2591 546 in
2635 493 2784 548 Beati
2813 493 3061 562 Gregorii
3093 495 3357 559 oratorio,
3389 497 3519 563 quod
3543 499 3690 554 sociale
3706 505 3758 558 ile-

2306 598 2402 637 cus
2433 583 2636 638 nostris
2675 585 2851 638 adhuc
2881 583 3041 638 datur
3073 592 3131 638 et
3164 584 3379 639 dabitur
3407 584 3580 642 futuris
3611 595 3763 659 prosilio

2305 674 2517 728 diebus.

2885 766 3113 822 CAPUT
3150 766 3318 822 XXII.

2377 855 2458 908 Ad
2506 870 2687 908 eorum
2730 855 2992 908 (urnulam
3041 857 3459 910 sanctimonialis
3491 875 3642 912 manta
3675 865 3765 914 and:

2307 958 2550 999 armatur.
2579 975 2649 984 —
2677 945 2979 1000 lnnumeris
3009 956 3131 1016 post
3181 947 3521 1003 mortalitatis
3547 949 3668 1018 hujus
3694 968 3767 1005 eu-

2308 1037 2516 1090 sionem
2546 1044 2763 1092 sanctos
2810 1037 2945 1091 istos
2977 1039 3322 1108 omnipotens
3358 1040 3590 1106 maiestas
3610 1042 3768 1095 nobiliu-

2308 1130 2387 1183 vit
2407 1129 2707 1195 miraculis,
2734 1131 2931 1198 quibus
2962 1140 3174 1202 pateret
3195 1147 3362 1199 quam
3390 1130 3552 1186 bonus
3577 1133 3768 1189 thesaurus

2309 1219 2362 1274 in
2387 1236 2517 1291 agro
2547 1221 2727 1276 cordis
2756 1236 2969 1288 eorum,
3003 1223 3128 1276 dum
3161 1223 3506 1289 adriserunt,
3548 1223 3681 1277 latuit.
3708 1226 3767 1278 Sal

2309 1311 2582 1367 sufﬁciant
2609 1327 2780 1382 pauca
2828 1312 3069 1381 subiecta
3114 1314 3183 1367 de
3228 1313 3493 1384 pluribus.
3537 1313 3626 1368 Sub
3656 1318 3766 1369 eodem

2310 1411 2550 1473 tempore
2576 1405 2786 1459 exstitit
2821 1405 3249 1460 sanctimonialis
3282 1405 3540 1475 quadam,
3565 1405 3770 1476 Ilymeldrz.

2307 1491 2392 1548 dis
2438 1495 2680 1560 nomine,
2734 1496 2910 1550 tenuis
2959 1497 3180 1566 quidem
3237 1497 3512 1560 facultate,
3557 1498 3632 1551 sed
3665 1500 3766 1564 opina

2308 1584 2437 1650 ﬁde,
2470 1602 2590 1657 qua:
2635 1587 2750 1641 sive
2779 1589 3022 1656 peccatis
3058 1588 3424 1658 exigentibus,
3455 1589 3555 1642 sive
3589 1599 3634 1641 ut
3655 1593 3767 1641 meriu

2308 1675 2501 1729 horum
2531 1676 2834 1731 amicorum
2865 1692 3084 1732 suorum
3110 1677 3164 1732 in
3197 1693 3262 1733 ea
3300 1678 3767 1733 manifestaretceliu

628 1797 735 1835 non
781 1785 1033 1833 vocatum
1081 1774 1334 1844 precibus
1377 1771 1669 1827 venerandi
1728 1767 2003 1824 Anastasii
2056 1765 2205 1821 obitu
2237 1745 2282 1803 Β
2312 1766 2516 1831 virtus,
2548 1767 2778 1822 naturali
2826 1783 2926 1823 sua
2951 1769 3316 1824 subductione
3353 1769 3586 1824 destituta
3618 1771 3771 1838 gestabat

626 1883 725 1923 suo
759 1865 1084 1936 prawenisse
1109 1863 1226 1932 eius
1253 1861 1393 1915 diem
1419 1861 1732 1929 septimum.
1763 1857 1900 1911 Ilinc
1921 1855 2032 1923 iam
2063 1855 2208 1910 cala-

629 1974 774 2012 mum
820 1956 944 2009 dmn
975 1954 1202 2008 nimium
1239 1952 1412 2005 inhiat
1439 1961 1640 2016 mente,
1673 1951 1852 2019 pigeat
1875 1947 2208 2002 enucleatius

628 2063 950 2120 percurrere
980 2047 1174 2101 seriem
1201 2044 1274 2096 rei
1308 2052 1490 2113 gestze.
1520 2043 1686 2095 Beato
1714 2057 1777 2095 ac
1807 2055 2020 2108 semper
2046 2038 2210 2093 remi-

627 2138 882 2192 niscendo
911 2136 1169 2205 magistro
1197 2132 1485 2200 Hildulpho
1529 2146 1597 2185 ex
1638 2130 1847 2184 lubrico
1885 2127 2048 2196 huius
2083 2127 2208 2180 vita:

625 2239 871 2284 senatum
897 2229 1046 2298 regni
1071 2226 1420 2296 ingreswroi,
1459 2225 1512 2277 in
1549 2238 1837 2278 commune
1873 2219 2208 2276 charissimis

627 2322 859 2388 ﬁliisque
904 2333 1131 2372 monens
1182 2314 1542 2369 fraternitatis
1579 2313 1964 2381 societatisque
2007 2316 2208 2365 sancta:

627 2407 1064 2478 congregationis
1094 2405 1223 2459 almi
1259 2403 1507 2473 praasulis
1535 2402 1844 2465 Maximini,
1874 2410 1931 2454 ut
1961 2399 2202 2462 decebat,

631 2511 739 2554 tam
787 2497 1107 2568 spiritaliter
1149 2511 1311 2565 quam
1343 2493 1699 2562 corporaliter
1743 2491 2076 2556 meminisse,
2109 2490 2209 2544 sub

628 2589 830 2643 Christi
863 2587 1227 2655 Ecclesimque
1277 2584 1590 2638 testimonio
1623 2583 1708 2636 his
1740 2581 1951 2635 duobus
1997 2594 2208 2649 germa-

629 2682 714 2735 nis
744 2695 802 2735 se
828 2687 1111 2735 secuturos
1147 2676 1215 2731 ad
1249 2677 1487 2731 coelestia
1518 2675 1710 2744 gaudia
1741 2673 1977 2727 innotuit
2015 2672 2206 2741 spiritu

627 2771 965 2843 prophetico.
995 2769 1096 2836 Qui
1125 2767 1398 2836 extemplo
1426 2767 1643 2836 utrique
1672 2765 1933 2836 languore
1961 2762 2206 2833 depressi

628 2864 1000 2918 decubuerunt
1043 2859 1243 2915 lectulo
1286 2858 1400 2928 (2|)
1440 2857 1586 2929 [cum
1622 2857 1774 2927 Aguo
1813 2853 2056 2926 victuri].
2091 2852 2208 2919 Quo

628 2971 724 3025 per
765 2955 882 3009 dies
928 2961 1278 3022 augmentum
1312 2933 1588 3020 capiente,
1635 2947 1974 3003 dissolutioni
2017 2960 2210 3014 corpu-

628 3063 746 3100 rum
795 3059 854 3099 se
905 3052 1193 3098 senserunt
1237 3041 1643 3111 propinquare,
1699 3055 1820 3094 cum
1875 3047 2097 3107 repente
2144 3035 2202 3090 S.

625 3136 885 3200 Joannes,
918 3135 1010 3203 qui
1038 3143 1094 3189 et
1125 3131 1296 3200 maior
1324 3140 1453 3186 natu
1495 3139 1634 3197 erat,
1682 3145 1846 3184 unum
1891 3145 1921 3184 e
1949 3127 2206 3183 fratribus

625 3227 848 3292 direxit,
879 3225 1192 3282 sciscitatur
1228 3223 1462 3292 qualiter
1499 3237 1559 3276 se
1599 3221 1822 3276 haberet
1842 3235 2084 3274 seorsum
2110 3218 2208 3274 de-

625 3318 885 3370 cumhens
956 3314 1341 3370 dilectissimus
1416 3311 1605 3366 frater.
1672 3309 2005 3376 Quantoeius
2076 3324 2208 3378 ergo

628 3407 914 3478 perﬁcicns
942 3405 1202 3476 imperata
1238 3403 1557 3468 monachus,
1589 3401 1789 3471 reperit
1822 3401 1913 3456 Dei
1947 3399 2204 3453 famulum

627 3504 990 3560 sacramentis
1020 3501 1313 3556 Dominicis
1335 3499 1721 3554 communitum
1753 3497 1993 3552 evasisse
2036 3511 2206 3552 nexus

629 3595 978 3650 mortalitatis
1028 3593 1204 3661 huius.
1254 3593 1540 3657 Cucurrit,
1596 3590 1952 3645 renuntiavit.
2006 3588 2206 3644 Beatus

627 3703 757 3742 vero
797 3686 905 3750 ille,
948 3701 1109 3755 quem
1140 3685 1464 3739 sollicitabat
1494 3684 1670 3738 adhuc
1699 3693 1985 3753 suspectus
2013 3697 2204 3736 exces-

630 3777 980 3845 susiunioris
1023 3786 1078 3831 et
1120 3776 1301 3830 dilecti
1344 3776 1547 3841 fratris,
1599 3775 1644 3828 si
1677 3781 1798 3844 post
1835 3774 2042 3828 obitum
2089 3772 2206 3842 eius

631 3867 964 3936 contigisset,
985 3880 1106 3919 eum
1130 3865 1442 3933 aliquandiu
1465 3865 1726 3917 interesse
1749 3863 1908 3916 rebus
1931 3862 2204 3928 humanis,

631 3956 814 4011 audito
837 3955 945 4024 iam
964 3956 1202 4010 discessu
1222 3955 1359 4025 eius,
1385 3955 1740 4021 lmtabundus,
1760 3955 1972 4025 inquit?
1997 3973 2016 4007 ι
2039 3955 2207 4009 Maxi-

633 4065 750 4103 mas
773 4057 875 4102 tua:
904 4048 1112 4120 pietati,
1144 4047 1386 4116 piissime
1415 4045 1683 4101 formator
1715 4048 1969 4113 hominis,
2002 4047 2207 4117 gratias

632 4139 888 4209 rependo,
941 4139 1085 4208 quod
1134 4140 1358 4191 fratrem
1419 4153 1597 4191 meum
1651 4138 1718 4192 ad
1777 4153 2001 4207 regnum
2057 4147 2203 4191 tuum

630 4241 756 4283 ante
808 4245 894 4284 me
945 4229 1121 4293 mitto,
1169 4236 1223 4281 et
1265 4227 1377 4296 iam
1425 4242 1645 4281 securus
1685 4237 1740 4281 et
1788 4228 2027 4298 gaudens
2081 4227 2206 4280 hinc

629 4327 752 4388 post
794 4334 916 4373 eum
946 4320 1012 4370 ad
1043 4327 1094 4372 te
1117 4317 1280 4371 vado.
1315 4337 1333 4369 ι
1373 4315 1466 4370 llis
1496 4317 1744 4386 expletis,
1783 4319 2144 4386 interrogatus
2175 4332 2205 4370 a

2309 1858 2504 1913 inutile
2555 1866 2610 1913 et
2660 1859 2958 1914 cruciabile
3013 1860 3226 1931 pondus
3287 1876 3480 1916 manus
3527 1858 3768 1914 aridalla

2309 1949 2497 2024 sedulo
2525 1949 2800 2006 excubans
2841 1961 2961 2008 erat
2985 1953 3037 2006 in
3072 1953 3302 2021 praefato
3328 1952 3569 2010 oratorio.
3592 1954 3657 2008 ubi
3675 1957 3768 2006 adia-

2307 2038 2420 2092 luta
2473 2040 2680 2095 tumulo
2727 2056 2915 2096 eorum
2966 2041 3244 2098 subveniri
3297 2045 3510 2112 petebat
3551 2042 3631 2097 sibi
3664 2059 3767 2112 price.

2307 2126 2433 2182 ﬁetu
2479 2144 2544 2183 ac
2585 2130 2790 2200 gemitu
2839 2131 3170 2201 importuno.
3205 2133 3380 2203 Igitur
3409 2133 3692 2197 muliercula
3708 2136 3765 2188 isr.

2308 2221 2616 2277 nullatenus
2643 2222 2712 2276 ab
2749 2223 3001 2294 inemptis
3029 2225 3358 2293 quiescenti,
3389 2237 3535 2280 nocte
3557 2225 3710 2293 quidam
3729 2225 3766 2274 ill

2308 2312 2484 2366 astitit
2528 2312 2768 2380 fulgidus
2813 2313 2866 2367 in
2921 2313 3108 2369 habitu
3155 2315 3482 2379 monachali,
3514 2316 3701 2382 inquiens
3720 2315 3766 2363 ei:

2309 2402 2722 2473 Ilymeldrudis,
2773 2405 2950 2460 aderit
3001 2415 3106 2461 tua:
3151 2406 3565 2462 incommoditati
3605 2405 3766 2460 medicin:

2309 2495 2564 2551 caelestis.
2616 2497 3005 2553 Verumtamen
3059 2513 3194 2552 cave
3251 2493 3322 2554 de
3377 2511 3557 2554 caetero
3603 2496 3768 2564 aliquilua

2310 2587 2572 2656 implicari
2624 2587 2864 2657 ﬂagitiis,
2912 2605 2982 2645 ne
3023 2605 3220 2661 pereas
3268 2607 3394 2646 cum
3443 2593 3532 2644 eis.
3575 2589 3649 2652 Et,
3677 2603 3768 2638 manu

2309 2677 2425 2746 eius
2455 2685 2815 2745 contrectata,
2863 2681 3076 2736 sanavit
3106 2697 3227 2737 eam
3278 2698 3383 2752 ope
3427 2679 3765 2753 praestantia-imi.

2307 2767 2480 2823 Isdem
2507 2778 2688 2824 autem
2718 2771 2800 2826 vir
2825 2773 3172 2827 asseverabat
3196 2789 3259 2828 se
3287 2773 3540 2829 Joannem
3564 2786 3656 2826 esse
3674 2783 3768 2838 pars

2308 2873 2468 2928 quem
2492 2859 2828 2929 alteriunior
2866 2863 2956 2918 illo
2997 2864 3288 2919 videbatur
3310 2864 3765 2934 pulcherrimusstarc.

2309 2951 2401 3020 qui
2431 2967 2534 3006 una
2563 2954 2967 3022 protestabatur
2994 2956 3128 3012 velle
3158 2972 3218 3026 se
3257 2957 3387 3013 inde
3413 2958 3566 3012 exire.

2868 3045 3097 3102 CAPUT
3135 3047 3330 3102 XXIII.

2235 3098 2278 3158 C
2380 3134 2576 3190 Mulier
2601 3153 2740 3192 cwca
2779 3098 3413 3198 illuminalu’r.—:I\—liud
3445 3140 3599 3194 itidem
3622 3137 3766 3191 mimu-

2308 3225 2419 3280 lum
2467 3227 2597 3282 inibi
2641 3239 2920 3283 ostensum
2969 3239 3072 3286 est.
3122 3230 3200 3287 Ne
3250 3232 3414 3287 alicui
3459 3231 3580 3285 forte
3615 3228 3764 3281 videant

2308 3331 2629 3382 onerosum,
2662 3318 2940 3374 succincta
2972 3321 3288 3376 narratione
3335 3330 3417 3376 est
3450 3315 3764 3391 aggrediendum.

2307 3407 2424 3462 Non
2466 3407 2623 3479 longe
2665 3424 2694 3462 a
2741 3411 3078 3466 monasterio
3128 3413 3292 3480 quasi
3340 3409 3586 3466 curriculo
3621 3404 3763 3461 millium

2309 3499 2398 3554 vix
2428 3500 2633 3555 dimidii
2661 3501 2909 3572 degebat,
2944 3503 3162 3558 nomine
3199 3504 3413 3573 Agnes,
3436 3500 3632 3566 anicula,
3650 3499 3764 3550 mullo-

2309 3607 2428 3646 rmn
2477 3591 2799 3647 decursione
2829 3609 3092 3650 annorum
3126 3596 3244 3649 visu
3285 3595 3519 3654 multata,
3545 3606 3638 3661 qua:
3657 3601 3761 3656 εὔιε-

2310 3685 2450 3738 torio
2498 3684 2707 3738 aselluli
2731 3694 2786 3739 et
2809 3685 2973 3740 ductu
3002 3701 3224 3741 suorum
3253 3687 3406 3740 adire
3427 3683 3661 3739 ecclesiam
3681 3676 3760 3728 illis

2309 3784 2427 3832 erat
2464 3777 2646 3832 solita.
2693 3777 2786 3832 Die
2817 3777 3050 3846 quadam
3084 3778 3249 3849 igitur
3292 3779 3359 3834 de
3386 3791 3523 3832 more
3557 3770 3760 3827 adveniens

2309 3883 2475 3936 seque
2524 3877 2647 3937 post
2695 3868 3061 3939 expletionem
3109 3869 3296 3924 missae
3336 3869 3521 3923 tumba:
3559 3872 3760 3919 sanctorum

2309 3967 2684 4028 presternens,
2725 3959 2930 4015 diutius
2975 3970 3094 4016 erat
3121 3961 3358 4016 orationi
3406 3959 3636 4017 insistens,
3668 3961 3761 4006 cur

2309 4051 2471 4106 diatis
2522 4052 2738 4106 tandem
2791 4050 2909 4119 eius
2974 4053 3263 4108 comitibus
3320 4051 3486 4122 precis
3525 4046 3760 4119 prolixitate.

2309 4141 2554 4212 aggressi
2585 4151 2713 4196 sunt
2750 4157 2780 4196 a
2824 4142 2944 4197 loco
2973 4158 3093 4196 eam
3124 4143 3420 4206 dimovere,
3449 4145 3686 4195 asseram
3706 4131 3760 4181 ιη.

2311 4246 2423 4284 ram
2456 4230 2812 4298 regressionis
2848 4231 3193 4301 praeteriisse.
3231 4231 3363 4297 Qua:
3397 4241 3592 4300 surgens
3624 4218 3746 4290 protilc

2311 4331 2399 4375 tur
2422 4336 2483 4376 se
2512 4336 2639 4376 suos
2663 4331 3065 4390 praesentesque
3086 4331 3312 4376 cunctos
3334 4320 3520 4393 Optime
3539 4310 3757 4385 νεωρίωνᾗ

630 4409 891 4464 fratribus
931 4425 998 4462 an
1051 4407 1363 4478 singulatim
1406 4418 1588 4462 essent
1620 4407 1942 4472 tumulandi,
1970 4405 2201 4475 adjecit:
2237 4435 2281 4492 ι)
2309 4414 2726 4470 Gratulantihus
2756 4430 2887 4486 ergo
2933 4415 3207 4481 onmibus,
3257 4426 3530 4484 gratesque
3562 4410 3642 4463 Deo
3675 4400 3758 4454 refe-

628 4502 804 4565 Ahsit,
836 4501 1042 4555 domini
1072 4500 1199 4564 mei,
1232 4508 1290 4554 ut
1325 4513 1640 4569 separemur
1666 4500 1733 4554 ab
1766 4500 2022 4565 invicem,
2056 4507 2111 4554 et
2151 4499 2204 4552 in

628 4593 812 4646 futuro
836 4603 891 4648 et
929 4594 981 4646 in
1008 4591 1295 4662 praesenti!
1329 4592 1490 4646 unius
1525 4591 1670 4646 enim
1710 4606 1808 4646 nos
1850 4591 2128 4660 genitricis
2153 4591 2206 4644 in

628 4688 772 4740 hanc
802 4684 976 4740 lucem
1009 4683 1198 4738 eﬂ‘udit
1223 4693 1431 4749 uterus,
1462 4700 1567 4737 una
1595 4666 1650 4738 et
1681 4684 1780 4738 sub
1818 4698 1924 4736 uno
1961 4683 2207 4737 instructi

625 4795 812 4834 sumus
835 4779 1148 4833 monasticis
1171 4778 1407 4843 actibus,
1440 4793 1578 4832 unus
1611 4779 1700 4830 uni
1727 4778 1836 4830 Deo
1863 4777 2208 4831 commendat

627 4874 696 4927 ab
745 4873 847 4927 hac
897 4871 1014 4926 luce
1062 4871 1260 4935 exitus,
1313 4886 1449 4924 unus
1499 4870 1826 4924 omnimodis
1877 4869 2107 4938 recipiat
2153 4877 2208 4922 et

626 4963 844 5018 claudat
872 4972 1029 5016 terra:
1053 4961 1246 5014 matris
1267 4961 1505 5014 omnium
1537 4967 1778 5013 nostrum
1808 4958 1981 5024 sinus,
2005 4959 2208 5028 quoad-

628 5067 798 5122 usque
844 5051 1066 5106 veuiens
1105 5066 1203 5105 nos
1250 5050 1450 5103 excitet
1496 5048 1778 5102 Dominus.
1820 5047 2062 5101 Tandem
2116 5048 2204 5102 ubi

630 5146 775 5198 hunc
827 5144 1000 5198 ﬁnivit
1039 5157 1372 5205 sermonem,
1410 5141 1614 5208 pariter
1649 5139 1814 5193 etiam
1859 5139 2034 5193 lucem
2069 5147 2207 5192 tern-

629 5234 901 5302 poralem,
940 5235 1262 5286 subsecutus
1299 5243 1517 5286 sanctus
1564 5239 1810 5284 sanctum
1858 5229 2113 5295 Iratrem,
2153 5239 2208 5284 et

627 5324 845 5391 utrique
883 5321 1059 5375 dilecti
1091 5322 1346 5376 dilectum
1380 5328 1767 5390 prmceplorem
1799 5318 1926 5372 olim
1967 5317 2206 5372 caelesti-

627 5413 729 5466 bus
783 5411 990 5464 inhiare
1059 5421 1410 5471 monentem,
1467 5425 1609 5463 nime
1658 5408 1940 5477 promissis
1999 5409 2205 5477 maiora

627 5504 993 5559 exhibentem.
1021 5504 1218 5558 Verum
1251 5506 1379 5574 quid
1404 5505 1586 5559 multis
1617 5503 1707 5557 diu
1734 5503 1821 5557 hic
1846 5503 2205 5558 hazrebimus?

698 5637 808 5708 (9|)
848 5635 1016 5708 Paulo
1043 5631 1206 5708 aliter
1234 5645 1287 5690 et
1315 5635 1540 5708 brevius
1576 5639 1653 5692 sic
1677 5637 1827 5708 hunc
1855 5639 2033 5708 locum
2077 5637 2204 5706 legit

622 5706 797 5764 codex”
837 5706 1448 5764 Mediani-Monasterii:
1495 5707 1786 5776 lliltlulplio
1832 5707 2041 5763 mortali
2088 5710 2203 5763 vita:

2312 4506 2580 4569 rentibus,
2611 4505 2726 4574 ipsa
2757 4521 2854 4576 per
2883 4521 2944 4559 se
2969 4514 3095 4560 tunc
3123 4513 3177 4559 et
3203 4506 3452 4574 deinceps
3480 4496 3669 4570 repetivit
3688 4504 3756 4544 sua.

2308 4598 2479 4666 magis
2536 4597 2814 4667 magisque
2866 4606 3102 4652 aestuans
3154 4597 3466 4654 laetiﬁcatori
3510 4608 3588 4648 suo
3625 4587 3756 4656 placere

2307 4687 2520 4742 actione
2550 4699 2720 4741 recta.

2873 4777 3099 4834 CAPUT
3132 4778 3322 4832 XXIV.

2380 4866 2624 4921 Tertium
2663 4867 3014 4922 nihilominus
3057 4869 3375 4924 miraculum
3411 4860 3677 4923 subnectitur
3704 4866 3752 4926 εξ-

2309 4960 2504 5012 eundo.
2547 4957 2714 5014 Poeta
2758 4961 2976 5028 quidam
3015 4961 3242 5016 Domino
3274 4960 3460 5016 cecinit
3491 4955 3670 5028 gaudete
3686 4943 3752 5027 PE”

2308 5067 2532 5106 numero
2557 5053 2795 5122 (VIRCIL.
2828 5054 2944 5124 Egl.
2982 5055 3038 5121 8,
3073 5071 3124 5108 v.
3156 5056 3267 5126 15).
3298 5051 3754 5126 Quaquarersamivct-

2309 5154 2537 5212 vagante
2567 5145 2756 5199 horum
2780 5144 3051 5214 iustorum
3078 5125 3245 5209 fama,
3274 5162 3403 5215 quos
3422 5155 3598 5211 semper
3617 5125 3750 5188 habebit

2307 5241 2509 5286 :eterna
2559 5235 2817 5287 memoria
2865 5249 2928 5288 ex
2970 5218 3172 5302 prtedio
3216 5233 3274 5288 S.
3315 5230 3544 5302 Stephani
3573 5226 3747 5278 Danomm

2308 5338 2441 5391 opus
2467 5323 2626 5378 solito
2654 5325 2904 5387 vocitari,
2927 5323 3068 5393 quod
3094 5335 3346 5396 corrupte
3378 5337 3504 5378 nunc
3529 5309 3745 5397 Danoliriun

2308 5411 2550 5463 vocitant
2619 5411 2798 5464 cuncti
2857 5410 3017 5465 Mosa:
3090 5409 3238 5466 ﬂuvii
3306 5411 3575 5480 adiacentes
3627 5399 3744 5452 littori-

2307 5503 2537 5570 Quidam
2579 5518 2754 5559 caecus
2799 5520 2859 5560 se
2915 5506 3228 5562 immiscens
3275 5502 3554 5575 frequentia
3590 5485 3743 5564 pOP‘d‘”

2305 5638 2600 5702 subtracto,
2643 5635 2854 5709 prtvfati
2895 5637 3000 5691 duo
3037 5641 3274 5707 germani
3317 5638 3456 5709 parili
3489 5615 3740 5699 [unguenda

2305 5709 2488 5777 pressi,
2530 5723 2651 5763 mox
2685 5706 3050 5762 accubuerunt
3075 5709 3284 5765 lectulo.
