3900 6322
103 305 250 358 6:}5
1344 307 1684 363 VALCANDI
1721 307 1877 362 V'ITA
1911 305 1968 360 S.
2001 303 2314 360 DEODATI.
3287 303 3392 359 606

99 423 248 476 huc
275 422 617 491 prOperanti,
646 427 858 476 excitus
887 421 1036 491 gravi
1068 423 1408 477 inconnnodo
1438 425 1520 478 sui
1551 433 1604 478 et
1631 438 1723 492 spe
1752 434 1798 488 Α
1824 421 1987 474 letmn
2018 422 2247 474 vocitato
2267 459 2283 483 ,
2331 419 2539 475 detersa
2573 419 2802 490 caligine
2849 416 3125 480 cmcitatis,
3180 430 3239 470 se
3289 416 3392 471 sibi

95 509 395 566 beneficii
435 510 586 565 affuit
633 527 755 566 cum
797 528 1017 567 munere
1058 513 1311 568 inanuali.
1355 513 1519 568 Nocte
1559 513 1722 583 igitur
1823 511 2050 565 libermn
2078 511 2288 564 itineris
2312 509 2502 564 ducem
2531 512 2797 566 redditum
2819 524 2884 564 ex
2911 511 3184 578 insperato
3203 507 3390 570 sensit,

95 600 398 669 precibus
429 601 670 670 impensa
702 617 802 656 nec
848 613 1059 672 sperata
1111 604 1444 657 exhilaratus
1491 603 1718 669 medela,
1823 619 1886 657 ac
1917 602 2117 656 oblitus
2144 602 2378 671 querelae
2402 601 2574 671 jugis,
2614 602 2798 656 verbis
2828 601 3105 655 affectibus
3154 600 3391 664 mutatis,

97 692 285 745 facto
315 707 474 747 mane
508 693 708 748 obnixe
747 695 1027 764 satagebat
1072 694 1308 750 revisere
1343 695 1580 764 propria.
1615 693 1721 749 Sed
1825 703 2044 763 repente
2071 694 2191 748 duci
2220 709 2316 748 suo
2355 693 2779 761 gratulabundus
2810 692 3022 761 inquit:
3058 709 3076 742 ι
3108 689 3275 744 Video
3320 701 3390 753 te,

94 781 267 848 quid
322 790 446 850 aget
495 783 826 838 miserabilis
884 784 1189 853 quibusque
1236 783 1615 839 festinantibus
1663 800 1722 840 se
1822 785 2090 852 silvasque
2117 783 2244 837 hinc
2278 783 2420 848 inde,
2449 793 2505 837 et
2533 783 2585 836 in
2617 783 2830 836 cunctis
2863 797 2946 836 me
2974 781 3146 836 sentio
3176 795 3394 847 compe-

96 869 373 925 reddere
400 873 651 941 propriis,
685 873 775 928 hic
821 875 1107 943 stipendiis
1150 876 1388 929 haerebat
1425 875 1636 943 alienis,
1669 885 1722 930 et
1823 885 1929 930 tem
1973 875 2093 928 viae.
2146 874 2296 928 Totis
2351 874 2532 942 itaque
2578 873 2772 927 animis
2813 873 3055 942 ingentes
3101 872 3392 942 gratiarum

94 960 344 1030 duplici
395 963 591 1018 anxius
647 964 835 1029 modo,
889 965 1003 1020 sive
1051 966 1194 1034 quod
1243 967 1462 1020 carebat
1507 977 1722 1038 sperato
1823 967 2066 1021 actiones
2105 966 2298 1020 divina:
2344 964 2777 1034 Omnipotentiae,
2818 964 3231 1031 etiicacihusque
3268 977 3396 1015 san-

93 1045 434 1114 beneficio,
461 1048 544 1104 vel
569 1051 711 1120 quod
749 1051 998 1106 familiari
1029 1053 1242 1123 tugurio
1276 1056 1584 1110 vecordium
1627 1059 1722 1112 ah-
1821 1068 2034 1112 ctorum
2063 1073 2198 1127 quos
2229 1058 2567 1111 miserrimus
2607 1057 2714 1111 adii
2746 1057 2953 1110 meritis
3001 1054 3204 1119 refero,
3249 1053 3392 1121 quod

89 1135 318 1205 jectus
356 1129 612 1206 ludibrio,
643 1142 864 1208 quidam
897 1152 1075 1196 tamen
1115 1143 1346 1198 fratrum
1392 1161 1608 1201 manum
1645 1148 1720 1203 illi
1822 1165 1909 1204 me
1957 1149 2088 1202 mihi
2137 1149 2394 1202 donatum
2448 1161 2701 1217 agnosco.
2735 1166 2754 1198 ›
2820 1145 2996 1200 Lmtus
3049 1159 3180 1214 ergo
3225 1144 3395 1196 frater

97 1229 447 1298 porrigens,
495 1231 562 1284 ad
611 1230 786 1286 locum
821 1234 912 1301 qui
956 1234 1152 1290 dicitur
1178 1234 1523 1293 Visio-Vallis
1553 1252 1722 1307 usque
1824 1239 2001 1293 lietum
2040 1237 2246 1292 dimisit
2271 1237 2336 1290 ad
2368 1252 2483 1291 sua.
2518 1237 2637 1305 Ipse
2679 1237 2907 1292 cmnobii
2948 1245 3198 1306 repetens
3243 1233 3392 1288 clau-

105 1323 383 1376 niedium
433 1322 678 1378 deduxit.
727 1321 828 1377 Ubi
879 1325 1092 1380 tandem
1133 1327 1292 1381 homo
1334 1343 1623 1398 erumpens
1667 1331 1721 1386 in
1823 1348 1956 1403 stra,
2007 1339 2224 1408 utrique
2270 1337 2421 1393 laetos
2468 1336 2785 1399 efﬁcientes,
2823 1331 2909 1385 hie
2956 1327 3267 1389 monachos,
3307 1316 3397 1378 ille

97 1413 558 1480 querimoniam,
615 1415 998 1471 miserabiliter
1043 1417 1300 1474 detestari
1351 1417 1720 1476 infelicitatem
1820 1429 2068 1500 populos,
2105 1431 2194 1484 ubi
2225 1437 2520 1483 narrarunt
2543 1436 2692 1498 gesta
2729 1425 2781 1479 in
2809 1425 2916 1476 via.
2952 1420 3047 1474 Itis
3073 1415 3406 1472 innumeris...

103 1520 294 1559 suam
326 1506 410 1560 his
440 1505 620 1560 verbis
647 1509 812 1577 cmpit
839 1526 852 1562 :
883 1508 994 1564 Heu
1023 1509 1168 1580 piget
1194 1520 1287 1566 aut
1313 1514 1476 1581 pudet
1501 1529 1586 1568 me
1615 1516 1722 1568 mi-
1822 1537 1928 1592 que
1956 1521 2097 1592 valiis
2156 1520 2434 1576 miraculis
2483 1520 2744 1574 hactenus
2797 1514 2948 1568 locus
3008 1510 3146 1564 idem
3199 1506 3395 1561 divinae

99 1611 324 1652 serum
352 1598 598 1667 attigisse
627 1599 725 1654 has
748 1610 930 1668 partes
955 1609 1010 1655 et
1034 1602 1169 1655 adeo
1199 1603 1504 1659 ditfamatos
1528 1607 1721 1662 adesse

1823 1615 2153 1686 dignationis
2184 1613 2479 1684 opitulante
2508 1624 2732 1665 munere
2773 1604 2988 1662 claruit.
3021 1602 3149 1668 Quae
3179 1613 3274 1669 pro
3312 1596 3394 1651 sui

115 1699 409 1778 patronos
453 1704 517 1744 ac
561 1689 784 1746 Patres!
828 1692 1196 1764 divulgabitur
1230 1697 1440 1752 cunctis
1470 1713 1554 1751 me
1587 1697 1722 1753 infe-
1823 1707 2002 1778 copia,
2045 1705 2374 1773 scripturum
2405 1717 2617 1773 quoque
2656 1699 2858 1767 inopia,
2909 1710 2974 1750 ac
3017 1694 3274 1748 lectorum
3303 1704 3393 1744 so-

105 1775 462 1832 lieissimum
515 1788 567 1832 et
600 1781 1012 1854 nequissimum}
1050 1785 1358 1840 mortalium
1397 1802 1547 1854 esse,
1580 1789 1720 1844 sicut
1751 1794 1793 1848 Β
1821 1775 2010 1850 cordia
2053 1794 2202 1864 prior
2229 1801 2359 1846 tetas
2390 1800 2484 1845 aut
2524 1789 2766 1844 funditus
2804 1785 3069 1854 attingere
3093 1777 3394 1840 exhorruit,

107 1886 287 1924 nttnc
335 1875 585 1942 experior
619 1881 676 1926 et
709 1873 880 1928 fateor
910 1875 1131 1946 integre.
1188 1877 1232 1932 Ο
1273 1888 1404 1948 quot
1441 1889 1495 1934 et
1530 1882 1719 1951 quanti
1821 1893 1916 1936 aut
1943 1883 2030 1935 vix
2068 1879 2297 1949 alicujus
2327 1879 2546 1933 inculta:
2587 1871 3071 1945 argumentationis
3099 1865 3395 1935 exemplari

107 1961 816 2034 parilivehementiorique
838 1965 1136 2024 infortunio
1159 1970 1360 2025 detenti
1387 1987 1482 2040 per
1503 1983 1722 2029 sanctos
1822 1972 2104 2027 notificare
2152 1970 2344 2025 saltem
2395 1978 2637 2024 extrema
2687 1965 2857 2019 valuit
2905 1961 2990 2016 vel
3035 1958 3233 2023 voluit;
3281 1958 3396 2025 ipse

117 2053 270 2108 illos
316 2063 432 2108 sunt
468 2055 669 2126 adepti,
714 2073 858 2112 nunc
906 2075 994 2115 me
1021 2077 1206 2126 unum,
1257 2064 1332 2117 uti
1373 2065 1719 2134 perspicuum
1822 2079 1952 2118 vero
1982 2077 2175 2116 manus
2217 2061 2347 2116 dare
2375 2057 2754 2114 inobedientia:
2794 2053 3000 2108 veritus
3037 2050 3397 2120 qualicunque

109 2150 244 2204 est,
269 2141 624 2199 infeliciorem
654 2145 1044 2204 infelicissimis
1067 2152 1245 2206 redire
1267 2154 1493 2224 contigit
1517 2156 1721 2224 absque
1822 2151 2053 2207 lectione
2078 2153 2348 2220 incompta
2365 2149 2533 2204 latere
2561 2148 2772 2201 futuros
2795 2143 3014 2198 minime
3042 2155 3159 2196 sum
3183 2153 3234 2207 p;
3253 2151 3394 2191 ssus.

111 2231 340 2287 effectu
370 2234 500 2288 voti.
549 2233 675 2292 Ilaec
719 2246 880 2306 atque
928 2238 1232 2308 hujusmodi
1266 2242 1418 2312 plura
1457 2245 1718 2301 animosis
1827 2241 1909 2314 [Si
1943 2244 2064 2312 quis
2092 2257 2220 2298 vero
2246 2240 2441 2296 librum
2470 2240 2852 2295 miraculorum
2888 2249 3052 2305 super
3076 2233 3188 2286 haec
3221 2241 3398 2282 trans-

110 2339 258 2379 cnm
313 2338 733 2396 prosequeretur
765 2331 1024 2399 querelis,
1061 2333 1339 2389 obtinente
1377 2339 1718 2406 praestantis-
1824 2349 2048 2390 currere
2106 2335 2405 2398 studuerit,
2450 2329 2870 2387 evidentissimis
2915 2338 3208 2396 agnoscere
3252 2320 3397 2374 indi-

109 2415 276 2470 sime
304 2416 475 2471 ubivis
507 2421 792 2486 praesentia
825 2423 1122 2478 amicorum
1150 2427 1266 2491 Dei,
1297 2442 1461 2481 unum
1501 2428 1720 2484 eﬂ‘eeto-
1827 2427 1926 2481 ciis
1956 2427 2173 2494 poterit,
2223 2433 2458 2495 quantus
2497 2424 2588 2478 hic
2617 2422 2807 2477 beatus
2850 2419 3012 2472 Pater
3059 2423 3242 2469 noster
3280 2411 3397 2465 Hil-

111 2519 256 2558 rum
290 2520 411 2559 cum
450 2507 541 2562 illo
567 2519 618 2564 et
651 2511 703 2564 in
742 2511 832 2584 illo
851 2514 952 2582 qui
991 2523 1046 2570 et
1078 2514 1274 2584 ubique
1303 2527 1359 2572 et
1394 2534 1636 2587 praesens
1665 2529 1721 2576 et
1827 2517 2057 2588 dulplms
2083 2518 2374 2582 exstiterit,
2405 2515 2700 2587 qualesque
2731 2513 2876 2567 viros
2907 2510 3146 2565 dictante
3189 2503 3394 2574 Spiritu

111 2603 336 2663 potens
363 2597 550 2651 existit
588 2598 640 2652 in
691 2600 811 2656 loco
849 2617 914 2657 ex
961 2614 1223 2660 nroventu
1261 2608 1522 2674 genuino,
1567 2611 1716 2666 Cori-
1829 2619 2018 2664 sancto
2049 2619 2253 2664 sanctae
2293 2608 2548 2664 Ecclesia:
2578 2601 2948 2674 educaveritﬂ

143 2745 1257 2770 Μ

1261 2744 3396 2777 -ᾴ--ᾙΜΜ

733 2889 883 2977 DE
958 2892 1892 2987 SUCCESSORIBUS
1990 2897 2082 2985 S.
2155 2893 2834 2985 HILDULPHI

1301 3061 1846 3124 INMONASTERIO
1881 3064 2302 3123 MEDIANENSI

1093 3202 1255 3275 (Vide
1284 3202 1607 3276 Patrologiaa
1643 3185 1767 3261 tam.
1793 3205 2123 3273 CXXXVIII,
2155 3205 2255 3260 col.
2284 3203 2440 3276 203.)

667 3429 1116 3588 VITA
1241 3433 1920 3593 SANCTI
1983 3428 2882 3676 ‘DEOpA'rI

1533 3347 1912 3365 ..ἡ

3582 3601 3600 3640 ε

2501 3669 2638 3781 ﬁt
2724 3658 3398 3762 {/ﬂ(‘,,m._,;{a.e{fif
3476 3714 3504 3736 ..

431 3983 696 4041 PRIMUM
725 3983 1057 4042 EPISCOPO
1085 3983 1523 4050 NIVERNENSI,
1559 3984 1716 4040 DElN
1738 3984 2009 4040 ABBATE
2050 3982 2297 4040 VALLIS
2323 3981 2667 4039 GALlL/ExE
2705 3981 2773 4037 IN
2814 3934 3112 4038 ΥΟὸΑεὶὀυ

1077 4152 1912 4234 COMMENTARIUS
1982 4155 2449 4233 PRIEVIUS

921 4312 1072 4377 (Acta
1110 4321 1415 4365 sanctorum
1442 4308 1719 4374 Bolland.,
1774 4305 1920 4362 Junii
1962 4315 2000 4362 t.
2033 4307 2120 4374 Ill,
2150 4308 2240 4365 die
2261 4309 2346 4375 I9,
2377 4325 2430 4378 p.
2462 4309 2608 4378 869.)

3671 3747 3688 3760 ι.

3669 3773 3676 3780 ι

3648 3763 3674 3808 ζ]

3655 3806 3670 3814 ,ν

1010 4554 1103 4613 De
1135 4552 1334 4615 sancti
1380 4553 1593 4628 cultu;
1621 4555 1771 4628 vita,
1814 4559 1998 4615 astate
2030 4569 2100 4614 ac
2141 4550 2552 4612 monasterio.

193 4743 244 4794 I.
267 4739 514 4808 Vosagus
543 4739 1325 4802 inons,saltus.silva,eremus
1357 4756 1451 4808 per
1476 4739 1707 4793 confinia
1738 4725 1778 4782 Ο
1813 4747 1954 4810 quod
2015 4749 2198 4809 postea
2264 4741 2329 4791 ad
2393 4739 2635 4793 ordinem
2683 4738 3257 4810 Prmmonstratensem
3308 4746 3393 4791 est

120 4810 372 4872 Alsatiaa,
403 4810 722 4880 Burgundize
747 4819 801 4864 et
841 4812 1179 4878 potissimum
1215 4810 1577 4876 Lntharingiaa
1612 4825 1709 4863 ex-
1815 4809 2153 4866 translatum.
2186 4810 2385 4862 Ibidem
2415 4810 2579 4862 etiam
2635 4809 2928 4880 invenitur
2961 4827 2985 4880 c_
3018 4809 3246 4880 Medium
3289 4823 3388 4880 seu

123 4883 407 4942 ten-.litur;
455 4877 789 4948 praebuitque
824 4877 950 4936 ulim
983 4881 1145 4934 variis
1184 4881 1405 4941 sanctis,
1445 4890 1552 4934 tam
1585 4895 1706 4934 ere-
1813 4881 2117 4935 Medianum
2171 4880 2574 4944 Monasterium,
2615 4893 2644 4930 a
2703 4879 2760 4932 S.
2814 4878 3118 4945 I-lild-ulpho,
3170 4877 3392 4948 dimisso

126 4951 300 5012 mitis,
333 4945 493 5018 quam
528 4945 842 5014 emnobitis,
889 4951 1154 5004 dmnicilia
1209 4965 1300 5004 seu
1358 4951 1705 5004 monasteria.
1814 4951 2276 5019 archiepiscopatu
2323 4948 2626 5002 Trevircnsi
2657 4968 2673 4999 ι
2709 4957 2984 5019 erectum;
3021 4949 3088 5019 de
3118 4961 3223 5013 quo
3250 4945 3394 5019 ejus-

122 5019 276 5074 Inter
321 5017 433 5072 haec
462 5021 669 5088 potiora
717 5021 955 5090 quinque
987 5022 1347 5075 censebantur
1392 5020 1455 5090 in
1490 5021 1704 5072 modum
1813 5035 1916 5090 que
1958 5017 2240 5073 fundatore
2274 5020 2502 5087 plurima
2539 5019 2675 5070 infra
2708 5018 2991 5090 dicentur”
3025 5017 3390 5090 Ipsutnjnqtlo

124 5091 312 5143 crucis
342 5085 602 5154 distenta;
634 5106 697 5142 ex
729 5085 926 5158 quibus
958 5091 1008 5143 in
1052 5092 1226 5159 capite
1256 5099 1371 5143 erat
1397 5089 1461 5143 ad
1492 5099 1708 5156 septen-
1813 5085 1932 5145 cum
1965 5085 2286 5145 Senoneusi‘
2310 5099 2656 5158 aggregatum
2687 5096 2768 5140 est
2800 5085 3255 5159 licuedictingeﬁ.
3297 5085 3390 5159 Υἱ-

131 5162 386 5230 triouem.
422 5159 678 5230 Budonisi
712 5155 1092 5216 monasterium
1120 5155 1180 5213 'a
1238 5160 1294 5214 S.
1333 5160 1549 5213 Boi-Ione
1582 5159 1708 5212 'I‘ul-
1816 5162 1923 5214 toni
1954 5155 2400 5230 congregationif
2425 5159 2804 5230 Monasterium
2843 5155 3392 5230 demnm‘Vallis-Ga-f

3173 3633 3194 3660 ἑὲ
3355 3635 3380 3660 ί
3579 3633 3624 3660 Η

3173 3639 3194 3654 έρ
3363 3639 3379 3648 ς
3579 3639 3591 3659 α
3607 3641 3624 3660 ρ

2724 3639 2852 3762 0a
2881 3653 3249 3755 (ξῃελμ-εξί
3602 3667 3752 3760 είςί
3773 3701 3813 3738 3.,
3847 3731 3869 3748 τ

2691 3769 2778 3792 ψ

127 5228 266 5282 lensi
298 5230 568 5298 episcopo,
599 5229 751 5294 cujus
797 5231 932 5285 infra
987 5231 1144 5284 latior
1197 5231 1256 5283 fit
1305 5230 1528 5290 mentio,
1578 5246 1708 5283 con-

131 5309 423 5363 structum,
449 5298 560 5366 jam
590 5300 848 5353 dirutum.
878 5302 1001 5355 Inde
1031 5303 1098 5355 ab
1123 5302 1329 5354 oriente
1355 5309 1438 5353 est
1484 5319 1500 5350 ι
1537 5301 1708 5353 Seno-

133 5384 300 5422 nense
339 5372 744 5434 monasterium,
792 5386 822 5424 a
879 5372 934 5424 S.
989 5371 1284 5425 Guinberto
1339 5385 1432 5423 seu
1487 5369 1706 5424 Gundo-

133 5442 355 5509 duherto
411 5441 816 5509 archiepise0p0
863 5460 881 5493 ι
931 5441 1226 5494 Senonensi
1272 5441 1569 5501 conditum,
1627 5441 1703 5494 uti

135 5506 296 5578 latius
327 5509 392 5561 ad
427 5506 807 5578 hujns‘Vita‘m
838 5551 850 5570 ,
886 5511 950 5565 21
1005 5510 1281 5565 Februarii
1324 5521 1405 5562 est
1452 5511 1701 5576 relatum,

137 5577 277 5650 quod
303 5579 459 5633 modo
483 5577 660 5634 exstat
689 5580 787 5635 sub
816 5580 1160 5635 Bcnedictina
1187 5582 1224 5636 S
1276 5580 1450 5634 Vitoni
1475 5597 1702 5650 congre-

137 5649 366 5720 gatione.
397 5649 435 5702 Ε
472 5651 689 5720 regione
734 5651 802 5704 ab
831 5652 1106 5706 occidente
1148 5652 1398 5704 visitatur
1429 5649 1703 5704 monaste-

142 5718 276 5772 rium
299 5717 618 5791 Stinagiuﬁm,
639 5722 792 5793 vulgo
811 5721 1048 5790 Estinan,
1083 5723 1147 5777 ad
1170 5723 1432 5776 Mortham
1460 5723 1698 5788 Iluvim‘n,

1812 5231 1983 5295 Iilteze,
2013 5227 2475 5299 quttd'Jttttctttt':ts
2502 5228 2768 5299 dixerant,
2801 5228 2865 5299 all
2899 5227 3199 5299 meridiem,
3232 5228 3391 5299 quasi

1813 5303 1864 5354 in
1901 5297 2043 5368 pede
2062 5302 2258 5361 crucis,
2292 5316 2452 5367 quam
2503 5298 2605 5350 ista
2631 5297 2902 5368 Nemnobia
2961 5297 3212 5358 formant,
3249 5313 3278 5350 a
3328 5297 3387 5351 ὃ.

1815 5367 2069 5434 Deodato,
2124 5371 2276 5435 cujus
2323 5367 2408 5421 hic
2452 5367 2584 5420 Acta
2627 5367 2982 5433 illustrarnns,
3010 5367 3282 5420 conditum
3335 5375 3389 5420 et

1810 5443 2082 5495 excultum
2117 5442 2240 5504 fuit;
2280 5440 2534 5506 obituque
2584 5438 2854 5506 ejusdem,
2905 5449 2958 5490 et
3005 5436 3278 5503 sepultura
3327 5452 3390 5490 ac

1813 5512 2084 5565 miraculis
2107 5511 2346 5572 clarum;
2377 5515 2514 5561 unde
2545 5508 2612 5560 ab
2663 5507 2752 5560 illo
2793 5508 2905 5575 jam
2953 5508 3157 5575 pridem
3192 5521 3387 5559 nomen

1812 5583 2018 5649 accepit
2047 5581 2320 5647 oppidum,
2353 5580 2494 5647 quod
2525 5579 2697 5632 eidem
2730 5579 2988 5649 paula_tim
3035 5577 3290 5649 accrevit,
3321 5576 3389 5628 ad

1812 5645 2012 5705 dictum
2068 5645 2282 5703 Ilnvium
2330 5645 2616 5713 M'ortham,
2663 5645 2820 5717 vulgo
2864 5645 3391 5717 Suinl-Diéjen-Lor-

1813 5725 1957 5775 mine
2033 5732 2391 5790 nuncupatum
2452 5721 2564 5790 (cst
2641 5715 2783 5774 enim
2836 5718 2976 5771 aliud
3035 5717 3100 5771 ad
3145 5715 3383 5786 Ligerim
