3900 6322
599 286 693 341 ttl

1223 424 1498 436 ..._...__._.

790 425 1678 451 ΜΞ

604 427 817 456 ..πη-τις

1563 577 1916 696 VlTA
1999 577 2118 689 S.

781 811 1058 872 Primum
1091 828 1121 872 θ
1161 806 1541 899 Βερᾱθιθηδὶ
1587 804 1894 866 monacho
1931 801 2184 864 scriota.

1400 274 1572 334 SeEC.
1609 274 1674 327 XI
1703 273 1904 328 AUCT.
1937 271 2207 328 lNCERTl
2236 270 2396 325 ANNI
2423 269 2506 323 ET
2538 268 2796 324 SCRlPT.
2821 269 3044 326 ’AAESU.

3673 261 3737 324 652

1508 408 3736 446 Μ

2213 566 2838 687 DEODATI

2226 797 2379 858 dein
2414 814 2446 856 a
2475 791 2934 856 Mediolanensi
2967 791 3189 853 abbate
3229 787 3591 866 interpolata

1648 949 1726 1002 Eat
1747 965 1842 1002 ms.
1873 946 2130 999 codicibus
2158 952 2203 996 et
2231 941 2448 994 editione
2480 939 2775 993 Nanciana.

1109 1269 1332 1324 CAPUT
1369 1266 1652 1322 PRIMUM.

709 1405 886 1466 Ortus,
915 1404 1233 1472 episcopatus
1265 1400 1607 1461 Niversensis,
1648 1400 1749 1451 vita
1783 1395 2040 1449 solitaria.

675 1539 726 1590 l.
770 1536 1043 1591 Catholica
1091 1534 1238 1598 fides,
1271 1542 1322 1586 et
1358 1531 1662 1585 Christiana
1715 1531 1908 1599 pietas,
1963 1535 2163 1595 quanto

600 1626 839 1680 vivacius
863 1625 1032 1678 aciem
1065 1623 1258 1676 mentis
1289 1621 1340 1674 in
1374 1620 1727 1674 invisibilibus
1769 1618 1967 1687 deligit,
2013 1626 2164 1670 tanto

600 1717 818 1787 segnius
848 1715 1076 1768 visibilia
1120 1713 1363 1774 attendit,
1416 1711 1538 1779 quia
1592 1725 1775 1764 eorum
1830 1709 2065 1761 vanitate
2105 1721 2163 1760 se

601 1821 757 1876 posse
784 1805 975 1859 czecari
1017 1802 1418 1866 animadvertit;
1452 1817 1548 1854 nec
1590 1801 1852 1854 mulcetur
1881 1799 2162 1867 qualicun-

600 1910 704 1965 que
731 1896 906 1964 specie
933 1894 1277 1956 caducorum,
1314 1907 1429 1960 qua:
1463 1892 1687 1944 miratur
1726 1898 1778 1944 et
1808 1889 1975 1942 ambit
2021 1886 2159 1939 ﬂuxa

600 1971 894 2039 carnalium
935 1985 1221 2039 curiositas
1267 1983 1523 2044 exterius,
1576 1981 1827 2050 quoniam
1880 1989 1972 2032 aut
2019 1978 2160 2032 foeda

600 2077 890 2141 interdum,
918 2083 1007 2129 aut
1030 2091 1198 2130 vacua
1233 2075 1380 2130 novit
1431 2074 1673 2127 interius.
1721 2072 1760 2125 A
1804 2070 1998 2140 quibus
2041 2069 2161 2123 ideo

598 2167 781 2221 oculos
817 2167 1008 2220 avertit
1034 2175 1298 2238 quatenus
1320 2164 1440 2217 veri
1473 2173 1527 2216 et
1574 2161 1727 2217 solidi
1769 2161 1889 2213 boni
1919 2159 2158 2212 oblecta-

603 2257 747 2310 mine
782 2257 832 2310 in
863 2264 1120 2310 aeternum
1157 2254 1355 2324 perfrui
1397 2255 1592 2323 possit;
1639 2250 1788 2317 cujus
1829 2250 2008 2304 sobrio
2038 2249 2159 2302 vino

597 2345 678 2400 sic
708 2345 1004 2400 inebriatur
1029 2354 1087 2398 ut
1109 2345 1318 2414 ignoret
1340 2358 1445 2412 quo
1469 2342 1682 2396 tramite
1709 2342 1774 2394 ad
1805 2341 1920 2393 haec
1946 2340 2155 2392 inﬁrma

597 2442 918 2487 revertatur.
971 2432 1050 2487 Ad
1089 2432 1388 2500 huiusmodi
1435 2447 1639 2486 merum
1667 2432 1746 2484 sic
1777 2445 1873 2484 nos
1913 2430 2160 2483 hortatur

597 2524 874 2579 Canticum
904 2526 1232 2578 canticorum
1257 2542 1270 2577 :
1300 2523 1490 2586 Bibile,
1525 2524 1698 2585 amici,
1749 2531 1795 2575 et
1823 2519 2151 2574 iuebriamiui

597 2614 890 2668 charissimi
921 2613 1096 2684 (Cant.
1122 2629 1174 2677 v,
1211 2613 1283 2683 Ι).
1313 2612 1514 2666 Animae
1539 2612 1772 2666 ebrietas
1810 2609 2018 2680 gemina
2041 2615 2153 2672 est;

598 2713 688 2757 aut
716 2705 856 2759 enim
889 2705 1148 2760 inebriata
1179 2718 1360 2758 amore
1397 2704 1600 2768 sreculi,
1638 2702 1972 2757 obliviscitur
1997 2700 2162 2755 Crea-

599 2794 730 2848 toris
773 2794 876 2859 sui,
909 2801 1000 2847 aut
1036 2794 1294 2848 inebriata
1349 2793 1607 2862 prmclaro
1665 2792 1830 2847 calice
1878 2791 2162 2845 charitatis

599 2881 713 2944 Dei,
745 2882 820 2936 sic
847 2883 1100 2936 ardenter
1129 2884 1364 2938 adlueret
1402 2882 1676 2938 Conditori
1705 2890 1763 2935 ut
1807 2897 1911 2936 non
1963 2881 2164 2935 sentiat

599 2975 855 3043 quidquid
899 2983 980 3029 est
1034 2976 1237 3030 mundi.
1291 2976 1442 3043 Quod
1482 2976 1790 3045 frequenter
1820 2975 2066 3030 audimus
2108 2983 2164 3029 et

577 3062 842 3118 ~videmus
875 3062 1090 3130 factum,
1120 3067 1331 3135 quando
1357 3065 1596 3121 nonnulli
1624 3081 1718 3134 pro
1747 3065 2016 3119 desiderio
2039 3065 2162 3119 vitae

597 3159 830 3216 aeternae,
875 3163 1124 3221 parentes
1166 3155 1344 3209 carnis
1396 3164 1451 3208 et
1504 3154 1729 3224 patriam
1775 3170 1955 3217 suam,
2018 3153 2162 3206 nullo

598 3243 972 3311 compellente,
1021 3246 1120 3300 sub
1159 3244 1284 3316 jugo
1334 3245 1546 3300 l‘atrum
1588 3245 1942 3316 spiritualium
1969 3244 2162 3299 victuri

597 3328 837 3415 fugiunt;
868 3341 922 3386 et
952 3334 1218 3403 quondam
1255 3336 1402 3398 elati,
1435 3336 1653 3404 cupiunt
1680 3350 1799 3390 esse
1827 3336 1964 3405 quod
2003 3334 2163 3404 paulo

597 3430 724 3475 ante
760 3422 1131 3492 despexerunt,
1168 3435 1219 3479 et
1247 3427 1426 3480 odisse
1455 3427 1716 3497 incipiunt
1746 3427 1886 3496 quod
1926 3427 2160 3482 fuerant.

595 3513 950 3570 Amarescunt
995 3519 1074 3572 eis
1121 3517 1245 3572 olim
1285 3519 1480 3583 dulcia,
1509 3530 1562 3574 et
1591 3519 1903 3574 dulcescunt
1945 3535 2158 3585 amara;

599 3619 854 3672 prospera
886 3605 1192 3670 formidant,
1225 3611 1447 3663 adversa
1475 3619 1749 3678 exoptant,
1784 3609 1934 3664 obliti
1991 3609 2160 3664 facul-

602 3698 768 3744 tatum
797 3709 1032 3757 suarum,
1059 3699 1404 3768 omniumque
1447 3701 1740 3755 carnalium
1785 3700 2158 3766 alfectionum;

603 3795 703 3832 nec
735 3781 1052 3851 importunis
1097 3784 1308 3840 fletibus
1356 3790 1640 3857 coniugum
1693 3800 2034 3854 revocantur,
2067 3805 2160 3844 seu

603 3869 800 3938 pietate
830 3873 1192 3940 parvulorum,
1225 3877 1301 3930 sic
1334 3877 1508 3932 festini
1549 3881 1614 3932 ad
1649 3879 1881 3935 laborem
1914 3881 2065 3951 quasi
2097 3879 2162 3934 ad

603 3959 864 4027 requiem.
893 3961 1003 4016 Hoc
1032 3964 1201 4017 sancti
1251 3964 1482 4034 Spiritus
1515 3975 1686 4022 musto
1729 3969 1944 4035 quidam
1997 3967 2158 4037 pleni,

601 4053 971 4121 opulentarum
1029 4055 1237 4110 urbium
1295 4073 1512 4111 suarum
1572 4065 1696 4111 sunt
1741 4058 1891 4111 obliti
1952 4058 2002 4110 in
2061 4059 2163 4112 hac

600 4157 834 4211 paupere
882 4144 1109 4217 Vosago,
1163 4145 1307 4201 fame
1361 4155 1414 4201 et
1462 4146 1661 4214 frigore
1715 4149 1993 4201 tabescere
2031 4161 2161 4201 con-

604 4239 758 4293 lenti.
807 4240 880 4294 De
920 4255 1142 4310 quorum
1177 4256 1401 4295 numero
1448 4226 1722 4310 piissimus
1769 4240 1928 4294 Pater
1981 4249 2166 4294 noster

600 4329 886 4397 Deodatus,
920 4332 1188 4402 praecipuo
1236 4333 1387 4388 nobis
1431 4332 1800 4403 prtedicandus
1849 4338 1931 4386 est
1969 4346 2166 4400 pracco«

602 4421 691 4474 nio
714 4421 846 4491 (ἓῖ).

708 4551 724 4564 .
763 4515 954 4569 Beatus
981 4515 1244 4571 Deodatus
1275 4531 1530 4587 generoso
1564 4515 1971 4572 occidentalium
1995 4513 2158 4567 Fran.

603 4619 786 4657 eorum
847 4607 1104 4674 sanguine
1152 4617 1502 4678 procreatus,
1552 4623 1760 4660 morum
1819 4613 1874 4659 et
1943 4615 2160 4658 actuum

604 4698 948 4766 praerogativa
976 4699 1026 4752 in
1059 4714 1169 4752 sure
1197 4701 1452 4768 prosapize
1490 4700 1626 4754 linea
1661 4699 1888 4753 eminuit
1937 4697 2160 4766 primus,

603 4785 845 4852 quamvis
871 4801 934 4840 ex
959 4789 1199 4857 corporis
1229 4789 1440 4842 aetatula
1485 4798 1795 4843 censeretur
1838 4796 2163 4857 postremus.

671 4957 783 5038 (:2?)
822 4956 1166 5038 Hin_e_irtcipit
1186 4975 1294 5038 "uls.
1319 4958 1722 5038 Ultrajectimrm
1753 4959 2055 5038 praepositis
2077 4959 2161 5038 his

600 5028 817 5081 verbis:
863 5045 881 5077 ι
918 5028 1197 5082 Piissimus
1224 5030 1379 5082 Pater
1418 5032 1602 5084 noster
1649 5030 1937 5091 Deodatus,
1970 5030 2160 5095 praeci-

601 5111 705 5178 pup
731 5097 880 5151 nobis
908 5098 1061 5152 hodie
1085 5099 1453 5178 praulicandus
1477 5108 1557 5178 est
1585 5098 1850 5167 praeconio
1879 5098 1968 5167 qui
1999 5113 2155 5168 gene-

599 5168 742 5227 roso,
779 5187 797 5218 ι
837 5176 966 5223 etc..
999 5178 1054 5223 et
1084 5179 1298 5223 secutus
1322 5168 1619 5222 Mosander.

672 5235 782 5303 (25)
821 5236 1040 5292 Carolus
1087 5238 1136 5291 le
1180 5237 1367 5292 Cointe
1409 5238 1473 5292 ad
1501 5252 1696 5291 annum
1726 5237 1850 5297 657,
1887 5251 2037 5300 num,
2070 5235 2156 5298 16,

599 5304 802 5372 profert
845 5323 863 5356 ι
906 5308 1261 5373 privilegium,
1313 5308 1453 5375 quod
1498 5308 1686 5360 Emmo
1726 5306 2158 5373 archiepiscopus

602 5374 926 5446 Senonensis
951 5375 1006 5446 S,
1037 5375 1326 5428 Petri-Vivi
1369 5379 1419 5430 in
1450 5379 1653 5446 synodo
1676 5376 1897 5431 collecta
1939 5390 2152 5446 conces.

600 5446 690 5508 sit,
727 5463 745 5496 ι
789 5445 872 5498 cui
925 5445 1236 5515 subseripsit
1290 5447 1426 5500 inter
1463 5444 1595 5500 alios
1639 5447 1919 5515 cpiscopus
1968 5444 2158 5499 Niver-

603 5516 802 5577 nensis,
853 5529 1007 5582 quem
1040 5514 1086 5568 le
1115 5514 1305 5569 Cointe
1353 5517 1646 5569 arbitratur
1677 5514 1862 5569 fuisse
1907 5515 2048 5569 lumc
2100 5515 2157 5568 S.

599 5584 926 5647 Deodatum;
963 5584 1051 5638 sed
1082 5583 1146 5650 (si
1175 5586 1236 5645 is,
1268 5594 1324 5636 ut
1352 5585 1462 5638 vuit
1488 5585 1766 5650 Riguetus,
1791 5585 1889 5638 sub
1915 5600 2002 5637 an.
2033 5584 2155 5646 640.

602 5666 660 5709 ιιι
689 5664 864 5710 autem
895 5669 1014 5726 ego,
1046 5653 1170 5721 650,
1194 5654 1498 5725 episcopatu
1547 5656 1698 5725 abiit)
1747 5656 1899 5724 longe
1947 5669 2156 5708 exere-at

2189 1247 2233 1302 Α
2265 1262 2341 1316 Dc
2365 1261 2560 1314 virtute
2591 1259 2643 1312 in
2671 1257 2921 1311 virtutem
2947 1255 3148 1324 itaque,
3179 1271 3275 1324 per
3303 1253 3478 1308 artatis
3499 1251 3739 1306 incrementi

2267 1355 2534 1428 gradatim
2549 1352 2745 1414 eundo,
2770 1359 2980 1419 gratum
3011 1364 3070 1402 se
3097 1364 3162 1401 ex
3197 1346 3413 1417 gemina
3445 1345 3663 1398 charitate
3684 1360 3742 1396 et-

2265 1446 2480 1498 hibehat
2503 1442 2621 1497 Deo
2671 1451 2724 1496 et
2762 1440 2979 1510 populo,
3005 1440 3224 1492 divitias
3258 1436 3471 1497 salutis,
3512 1435 3739 1504 sapientiam

2265 1534 2510 1587 videlicet
2549 1532 2617 1585 ac'
2642 1530 2943 1593 scientiam,
2970 1528 3287 1597 pariterque
3317 1525 3550 1578 timorem
3582 1523 3737 1584 Domini,

2266 1623 2673 1694 infatigabiliter
2697 1618 3082 1688 complectens,
3138 1632 3235 1687 pro
3266 1611 3631 1681 incorruptibili
3667 1612 3739 1663 ilico

2263 1733 2442 1772 sauro.
2471 1715 2710 1769 Tandem
2734 1712 2848 1780 pari
2871 1720 2926 1764 et
2949 1709 3109 1763 unico
3134 1721 3363 1762 assensu
3388 1704 3512 1759 clcri
3540 1712 3584 1756 et
3613 1702 3736 1769 plebis,

2262 1823 2290 1860 a
2329 1808 2434 1860 Deo
2479 1803 2585 1875 (cui
2640 1818 2698 1856 se
2738 1809 2908 1854 totum
2958 1797 3198 1866 dederat)
3249 1795 3406 1875 juxta
3456 1792 3649 1846 nominis
3690 1792 3737 1842 sui

2261 1895 2533 1966 exemplar
2566 1895 2792 1948 donatus
2820 1901 2902 1945 est
2927 1887 3200 1958 pontificio
3232 1867 3501 1944 Nive'rnis,
3531 1896 3588 1936 ne
3617 1894 3734 1933 sanna

2261 1987 2376 2055 ejus
2403 1984 2545 2038 actio
2581 1981 2780 2036 diutius
2816 1979 3010 2034 lateret
3049 1977 3148 2031 sub
3175 1975 3381 2036 modio,
3419 1971 3553 2026 velut
3597 1970 3737 2022 lucerna

2260 2075 2668 2146 praeclarissima
2703 2069 3082 2126 decentissimo
3108 2063 3437 2136 praeﬁgenda
3482 2059 3731 2120 candelabro,

2263 2177 2320 2222 ut
2351 2155 2468 2222 tam
2487 2166 2652 2222 verbo
2685 2179 2844 2233 quam
2873 2161 3014 2216 facto
3064 2159 3276 2212 luceret
3326 2154 3560 2208 omnibus
3603 2151 3642 2202 in
3676 2148 3734 2200 Do-

2262 2259 2391 2312 mini
2425 2255 2751 2328 sanctuario.
2795 2251 2949 2320 Quod
2985 2257 3184 2320 quanta
3225 2244 3507 2301 devotione
3552 2250 3594 2294 et
3639 2240 3732 2293 incla-

2259 2349 2414 2412 stria,
2477 2348 2576 2401 sub
2633 2345 2800 2400 infula
2866 2340 3182 2412 pontificali,
3249 2333 3593 2395 illustraverit,
3637 2345 3732 2383 nem

2256 2440 2499 2510 priorum
2529 2436 2770 2503 ambigit,
2814 2434 3028 2503 quando
3058 2445 3278 2484 omnem
3322 2426 3435 2494 ejus
3473 2425 3638 2478 laudern
3661 2421 3731 2472 finit

2256 2530 2524 2600 perfectus
2553 2527 2717 2582 canit.
2751 2525 2807 2579 lu
2839 2539 2943 2594 quo
2973 2521 3318 2592 pernoscitur
3345 2517 3530 2573 clarius
3550 2515 3640 2567 lure
3660 2527 3730 2564 rem

2193 2654 2234 2707 Β
2261 2621 2314 2674 in
2341 2619 2650 2689 episcopatu
2678 2631 2783 2670 non
2826 2630 2944 2678 sua,
2984 2612 3077 2667 sed
3122 2627 3243 2680 qua:
3282 2619 3407 2663 sunt
3451 2605 3561 2660 Jesu
3603 2601 3730 2657 Christi

2266 2720 2468 2765 tantum
2496 2708 2753 2778 quaesisse
2776 2707 2916 2777 (23);
2948 2719 3046 2758 nec
3068 2702 3262 2757 saltem
3291 2702 3360 2754 ab
3399 2697 3650 2752 hominibus
3677 2706 3723 2775 re.

2262 2801 2556 2856 verentiam
2579 2800 2832 2860 debitam,
2864 2797 2956 2851 sed
2987 2811 3016 2850 a
3049 2796 3156 2850 Deo
3191 2790 3599 2848 remuneratione
3619 2785 3726 2838 illilu.

2265 2901 2372 2948 tam
2399 2909 2464 2948 cx
2493 2892 2697 2946 honore
2725 2891 2815 2945 illo
2844 2897 3056 2959 aptasse
3098 2886 3183 2943 cui
3237 2895 3350 2940 tam
3399 2881 3602 2953 perfecte
3623 2877 3726 2930 valuit

2263 2982 2591 3038 renuntiare.

2331 3075 2385 3128 5.
2427 3073 2665 3141 Denique
2714 3069 3085 3126 sanctissimus
3116 3067 3367 3130 antistes,
3413 3063 3578 3132 sagitta
3615 3056 3725 3111 citari.

2265 3163 2393 3217 tatis
2445 3162 2637 3217 divinae
2682 3160 2970 3214 salubriter
3011 3158 3348 3218 vulneratus,
3405 3151 3528 3207 trahi
3571 3159 3610 3202 et
3650 3161 3724 3197 cnt-

2264 3266 2384 3307 rere
2425 3258 2543 3320 post
2577 3247 2758 3304 Jesum
2788 3249 3071 3315 expetebat
3119 3254 3264 3298 totus
3303 3243 3448 3315 (-24);
3491 3232 3724 3307 perpendens

2264 3341 2520 3398 mundum
2554 3339 2606 3392 in
2663 3338 2896 3406 maligno
2948 3337 3179 3406 positum
3237 3334 3290 3403 (1
3335 3333 3483 3385 Jorm.
3523 3343 3565 3388 v,
3598 3323 3725 3384 9),

2263 3445 2366 3501 que
2413 3431 2464 3483 in
2497 3428 2672 3482 medio
2723 3426 3096 3481 scandalorum
3130 3465 3144 3478 .
3198 3423 3408 3478 Etenim
3445 3420 3564 3473 sicut
3602 3426 3720 3478 ετιιντ·

2261 3522 2449 3576 borum
2503 3527 2584 3572 est
2639 3517 2938 3581 minimmn,
3000 3532 3093 3571 seu
3161 3525 3315 3570 certe
3367 3511 3436 3566 nil
3487 3505 3588 3562 boni
3626 3514 3722 3567 agt-re

2262 3622 2318 3669 et
2345 3617 2514 3667 semet
2555 3607 2973 3676 perfectissimos
3000 3608 3050 3661 in
3078 3606 3251 3661 oculis
3284 3603 3373 3658 Dei
3417 3597 3651 3654 restituere,
3676 3590 3718 3642 sit.

2261 3703 2503 3773 profecto
2533 3703 2810 3760 humilium
2859 3708 2961 3765 est,
3017 3713 3136 3767 quce
3183 3706 3442 3764 prazcepta
3487 3684 3719 3749 summust:

2264 3797 2463 3862 facere,
2492 3810 2655 3865 seque
2697 3793 2911 3848 inutiles
2937 3806 3122 3844 servos
3151 3788 3305 3843 (Luc.
3333 3803 3452 3850 xvu,
3484 3783 3573 3852 ill),
3595 3789 3632 3833 et
3652 3790 3718 3826 nm-

2264 3888 2422 3943 nibus
2451 3886 2755 3941 hominibus
2786 3883 3068 3936 inferiores
3113 3896 3175 3934 ac
3214 3879 3448 3945 viliores,
3491 3889 3575 3927 non
3612 3865 3718 3921 solum

2189 3984 2232 4046 C
2264 3995 2360 4034 suo
2401 3993 2496 4033 ore
2550 3976 2920 4047 pronuntiare,
2972 3988 3159 4026 verum
3207 3972 3370 4025 etiam
3424 3967 3578 4021 intimo
3607 3955 3716 4047 cordis

2264 4071 2450 4126 ali'ectu
2475 4042 2711 4124 credere.
2738 4066 2944 4134 Quippe
2973 4050 2999 4117 a
3033 4063 3235 4116 malitia
3273 4057 3518 4120 conversi,
3547 4060 3588 4107 et
3607 4042 3715 4102 eiiecti

2263 4163 2316 4216 in
2345 4163 2515 4226 oculis
2542 4160 2652 4214 suis
2678 4157 2907 4226 parvuli,
2959 4155 3181 4208 Domino
3226 4150 3466 4222 parvulos
3489 4134 3713 4202 eustmlienti

2265 4252 2435 4324 (Psal.
2461 4266 2604 4314 exrv,
2634 4249 2688 4318 6)
2719 4247 2913 4302 deﬂent
2947 4254 3125 4299 mente
3160 4241 3383 4314 supplici
3412 4258 3424 4292 :
3453 4231 3714 4324 Imperferltttl

2269 4323 2441 4398 meum
2467 4343 2701 4396 viderunt
2729 4338 2865 4392 oculi
2892 4339 2967 4391 (ui
2992 4323 3714 4408 (Psal.cxxxvttt,16).Hocau-

2263 4447 2365 4504 (lue
2394 4441 2566 4501 Paeto,
2600 4431 2680 4484 vir
2706 4443 2929 4482 summa:
2973 4425 3280 4480 sanctitatis
3315 4421 3552 4475 Deodatus
3574 4413 3611 4462 in
3627 4403 3712 4504 ti‘i'

2267 4496 2373 4576 tate
2396 4496 2517 4575 iDei
2557 4519 2857 4572 humilitate
2885 4515 3122 4586 perfecta
3178 4512 3436 4566 radicatus
3470 4513 3516 4559 et
3550 4496 3712 4587 fundant!

2263 4610 2432 4680 (Psal.
2461 4625 2628 4671 xcvn,
2653 4608 2708 4672 2,
2731 4608 2806 4676 '5),
2837 4582 3044 4661 necnon
3081 4612 3324 4672 respectu
3371 4591 3560 4653 districti
3583 4582 3710 4679 iudicis

2264 4713 2622 4770 extremaeque
2668 4697 3014 4753 discussionis
3066 4696 3331 4757 altnnilu,
3367 4703 3416 4745 et
3469 4686 3603 4740 sciens
3635 4683 3708 4741 ‘l"-"

2262 4793 2346 4848 cui
2387 4793 2503 4862 plus
2531 4791 2905 4852 committitur,
2939 4788 3057 4856 plus
3103 4788 3171 4841 ab
3202 4802 3266 4840 eo
3292 4782 3497 4853 exigitur
3517 4773 3627 4844 (Lar.
3649 4777 3705 4815 tu.

2263 4965 2569 5033 coniectura
2621 4962 2745 5033 illa;
2801 4976 2952 5033 meo
3006 4975 3069 5014 ac
3127 4947 3702 5033 Sammartha"j‘ff“‘1..iii

2261 5015 2630 5102 episcopatum
2644 5015 2761 5098 ejus
2788 5015 3042 5084 differunt
3073 5030 3328 5102 usquead
3359 5042 3438 5078 an.

2260 5084 2592 5174 piteces'serit
2615 5084 2885 5156 Gilbertus
2906 5116 3002 5174 pro
3030 5084 3170 5152 anne
3315 5107 3480 5174 (ἓξ-ηις.

2262 5144 2338 5226 |sis
2379 5173 2631 5226 Ecclesia:
2681 5179 2859 5226 notus.
2907 5144 3084 5235 Quare
3142 5169 3271 5223 mihi
3313 5165 3495 5235 videtur

2262 5251 2568 5310 assumptus
2605 5250 2722 5320 post
2759 5218 3073 5320 Agricbltjrn
3117 5238 3210 5320 qui
3271 5223 3570 5320 ptj‘t‘uierlfi:

2193 5328 2236 5384 ι)
2264 5287 2731 5384 ρῃηεοιῗιδεγῇφιιο
2759 5287 3284 5384 Matisconensi'anni
3309 5287 3421 5365 58l,
3451 5291 3570 5349 facile
3593 5287 3682 5351 l’°"“

2264 5379 2551 5454 unguen,
2587 5381 2761 5454 Vitam
2793 5379 3142 5454 protr-antisse.
3296 5453 3300 5454 ί
3390 5440 3400 5452 _
3433 5446 3468 5454 μ
3495 5445 3507 5454 .
3540 5444 3552 5454 ι
3574 5419 3694 5454 nm,

2261 5521 2308 5573 ci
2336 5503 2462 5573 ‘cm'n
2491 5503 2683 5586 sponsa
2716 5536 2728 5569 :
2762 5517 2932 5569 'I'rulte
2961 5533 3039 5569 me
3065 5503 3273 5586 post“,
3295 5517 3515 5586 τραπεζῆας
3536 5503 3628 5547 sua!

2265 5592 2472 5645 odorem
2503 5577 2882 5658 unguentorum
2903 5577 3106 5640 tuorum
3135 5584 3306 5656 (Cant.
3334 5597 3369 5643 ι,
3395 5577 3458 5644 '5)-
3487 5589 3502 5621 θ
