  <div class='ocr_page' id='page_1' title='image "/cluster/home/n/w/nwhite01/storage/ocr_20150623/151/hvd.32044015473796/312.png"; bbox 0 0 3900 6322; ppageno 0'>
   <div class='ocr_carea' id='block_1_1' title="bbox 103 357 215 410">
    <p class='ocr_par' dir='ltr' id='par_1_1' title="bbox 103 357 215 410">
     <span class='ocr_line' id='line_1_1' title="bbox 103 357 215 410; baseline -0.018 0"><span class='ocrx_word' id='word_1_1' title='bbox 103 357 215 410; x_wconf 61' lang='grc'><strong>833</strong></span> 
     </span>
    </p>
   </div>
   <div class='ocr_carea' id='block_1_2' title="bbox 1247 351 2216 409">
    <p class='ocr_par' dir='ltr' id='par_1_2' title="bbox 1247 351 2216 409">
     <span class='ocr_line' id='line_1_2' title="bbox 1247 351 2216 409; baseline -0.001 -2"><span class='ocrx_word' id='word_1_2' title='bbox 1247 351 1580 409; x_wconf 72' lang='lat' dir='ltr'><strong>VALCANDI</strong></span> <span class='ocrx_word' id='word_1_3' title='bbox 1621 351 1778 406; x_wconf 79' lang='lat' dir='ltr'><strong>VITA</strong></span> <span class='ocrx_word' id='word_1_4' title='bbox 1812 352 1871 406; x_wconf 92' lang='lat' dir='ltr'><strong>S.</strong></span> <span class='ocrx_word' id='word_1_5' title='bbox 1898 351 2216 407; x_wconf 76' lang='lat' dir='ltr'><strong>DEODATI.</strong></span> 
     </span>
    </p>
   </div>
   <div class='ocr_carea' id='block_1_3' title="bbox 3269 361 3371 415">
    <p class='ocr_par' dir='ltr' id='par_1_3' title="bbox 3269 361 3371 415">
     <span class='ocr_line' id='line_1_3' title="bbox 3269 361 3371 415; baseline 0 0"><span class='ocrx_word' id='word_1_6' title='bbox 3269 361 3371 415; x_wconf 79' lang='lat' dir='ltr'><strong>GH</strong></span> 
     </span>
    </p>
   </div>
   <div class='ocr_carea' id='block_1_4' title="bbox 99 465 3372 544">
    <p class='ocr_par' dir='ltr' id='par_1_4' title="bbox 99 465 3372 544">
     <span class='ocr_line' id='line_1_4' title="bbox 99 465 3372 544; baseline 0.002 -24"><span class='ocrx_word' id='word_1_7' title='bbox 99 469 220 544; x_wconf 58' lang='grc' dir='ltr'><strong>ιδ),</strong></span> <span class='ocrx_word' id='word_1_8' title='bbox 257 468 326 520; x_wconf 87' lang='lat' dir='ltr'><strong>ad</strong></span> <span class='ocrx_word' id='word_1_9' title='bbox 352 469 680 537; x_wconf 88' lang='lat' dir='ltr'><strong>sequendum</strong></span> <span class='ocrx_word' id='word_1_10' title='bbox 707 467 980 524; x_wconf 77' lang='lat' dir='ltr'><strong>Christum</strong></span> <span class='ocrx_word' id='word_1_11' title='bbox 1017 467 1257 537; x_wconf 78' lang='lat' dir='ltr'><strong>perfecte</strong></span> <span class='ocrx_word' id='word_1_12' title='bbox 1286 476 1367 522; x_wconf 91' lang='lat' dir='ltr'><strong>est</strong></span> <span class='ocrx_word' id='word_1_13' title='bbox 1407 471 1694 520; x_wconf 88' lang='lat' dir='ltr'><strong>animatus.</strong></span> <span class='ocrx_word' id='word_1_14' title='bbox 1730 471 1772 524; x_wconf 80' lang='grc' dir='ltr'>Λ</span> <span class='ocrx_word' id='word_1_15' title='bbox 1802 465 2150 534; x_wconf 84' lang='lat' dir='ltr'><strong>episcopium.</strong></span> <span class='ocrx_word' id='word_1_16' title='bbox 2196 465 2324 524; x_wconf 83' lang='lat' dir='ltr'><strong>Sed,</strong></span> <span class='ocrx_word' id='word_1_17' title='bbox 2372 465 2495 536; x_wconf 83' lang='lat' dir='ltr'><strong>quia</strong></span> <span class='ocrx_word' id='word_1_18' title='bbox 2547 477 2669 520; x_wconf 91' lang='lat' dir='ltr'><strong>sunt</strong></span> <span class='ocrx_word' id='word_1_19' title='bbox 2703 467 2904 523; x_wconf 84' lang='lat' dir='ltr'><strong>inlimis</strong></span> <span class='ocrx_word' id='word_1_20' title='bbox 2945 469 3220 536; x_wconf 86' lang='lat' dir='ltr'><strong>interiora,</strong></span> <span class='ocrx_word' id='word_1_21' title='bbox 3259 472 3372 544; x_wconf 83' lang='lat' dir='ltr'><strong>jam</strong></span> 
     </span>
    </p>
   </div>
   <div class='ocr_carea' id='block_1_5' title="bbox 99 540 1691 632">
    <p class='ocr_par' dir='ltr' id='par_1_5' title="bbox 99 540 1691 632">
     <span class='ocr_line' id='line_1_5' title="bbox 99 540 1691 632; baseline -0.001 -21"><span class='ocrx_word' id='word_1_22' title='bbox 99 540 518 615; x_wconf 67' lang='lat' dir='ltr'><strong>Deliberatioue</strong></span> <span class='ocrx_word' id='word_1_23' title='bbox 544 575 674 632; x_wconf 83' lang='lat' dir='ltr'><strong>ergo</strong></span> <span class='ocrx_word' id='word_1_24' title='bbox 703 570 864 616; x_wconf 73' lang='lat' dir='ltr'><strong>tanta:</strong></span> <span class='ocrx_word' id='word_1_25' title='bbox 908 560 983 614; x_wconf 88' lang='lat' dir='ltr'><strong>rei</strong></span> <span class='ocrx_word' id='word_1_26' title='bbox 1035 574 1254 628; x_wconf 83' lang='lat' dir='ltr'><strong>prorsus</strong></span> <span class='ocrx_word' id='word_1_27' title='bbox 1303 567 1514 628; x_wconf 83' lang='lat' dir='ltr'><strong>arrepta</strong></span> <span class='ocrx_word' id='word_1_28' title='bbox 1557 557 1691 626; x_wconf 68' lang='grc' dir='ltr'><strong>(ΞΒ),</strong></span> 
     </span>
    </p>
   </div>
   <div class='ocr_carea' id='block_1_6' title="bbox 99 646 1694 718">
    <p class='ocr_par' dir='ltr' id='par_1_6' title="bbox 99 646 1694 718">
     <span class='ocr_line' id='line_1_6' title="bbox 99 646 1694 718; baseline -0.001 -19"><span class='ocrx_word' id='word_1_29' title='bbox 99 649 407 718; x_wconf 78' lang='lat' dir='ltr'><strong>abnegavit</strong></span> <span class='ocrx_word' id='word_1_30' title='bbox 453 665 548 703; x_wconf 91' lang='lat' dir='ltr'><strong>sua</strong></span> <span class='ocrx_word' id='word_1_31' title='bbox 605 659 661 704; x_wconf 89' lang='lat' dir='ltr'><strong>et</strong></span> <span class='ocrx_word' id='word_1_32' title='bbox 707 649 883 703; x_wconf 85' lang='lat' dir='ltr'><strong>aliena</strong></span> <span class='ocrx_word' id='word_1_33' title='bbox 937 649 1171 717; x_wconf 81' lang='lat' dir='ltr'><strong>negotia,</strong></span> <span class='ocrx_word' id='word_1_34' title='bbox 1232 662 1542 701; x_wconf 86' lang='lat' dir='ltr'><strong>successore</strong></span> <span class='ocrx_word' id='word_1_35' title='bbox 1592 646 1694 700; x_wconf 86' lang='lat' dir='ltr'><strong>sibi</strong></span> 
     </span>
    </p>
   </div>
   <div class='ocr_carea' id='block_1_7' title="bbox 101 735 1694 806">
    <p class='ocr_par' dir='ltr' id='par_1_7' title="bbox 101 735 1694 806">
     <span class='ocr_line' id='line_1_7' title="bbox 101 735 1694 806; baseline 0.001 -18"><span class='ocrx_word' id='word_1_36' title='bbox 101 737 328 789; x_wconf 77' lang='lat' dir='ltr'><strong>delecto</strong></span> <span class='ocrx_word' id='word_1_37' title='bbox 357 738 422 791; x_wconf 89' lang='lat' dir='ltr'><strong>ad</strong></span> <span class='ocrx_word' id='word_1_38' title='bbox 453 753 564 791; x_wconf 76' lang='lat' dir='ltr'><strong>suze</strong></span> <span class='ocrx_word' id='word_1_39' title='bbox 596 738 847 792; x_wconf 73' lang='lat' dir='ltr'><strong>dimcesis</strong></span> <span class='ocrx_word' id='word_1_40' title='bbox 876 735 1238 806; x_wconf 81' lang='lat' dir='ltr'><strong>gubernacula</strong></span> <span class='ocrx_word' id='word_1_41' title='bbox 1271 735 1406 804; x_wconf 72' lang='grc'>(26),</span> <span class='ocrx_word' id='word_1_42' title='bbox 1439 750 1505 789; x_wconf 91' lang='lat' dir='ltr'><strong>ne</strong></span> <span class='ocrx_word' id='word_1_43' title='bbox 1544 737 1694 790; x_wconf 90' lang='lat' dir='ltr'><strong>navis</strong></span> 
     </span>
    </p>
   </div>
   <div class='ocr_carea' id='block_1_8' title="bbox 101 827 1694 897">
    <p class='ocr_par' dir='ltr' id='par_1_8' title="bbox 101 827 1694 897">
     <span class='ocr_line' id='line_1_8' title="bbox 101 827 1694 897; baseline 0.001 -17"><span class='ocrx_word' id='word_1_44' title='bbox 101 827 372 882; x_wconf 80' lang='lat' dir='ltr'><strong>Ecclesia:</strong></span> <span class='ocrx_word' id='word_1_45' title='bbox 401 828 599 883; x_wconf 91' lang='lat' dir='ltr'><strong>Christi</strong></span> <span class='ocrx_word' id='word_1_46' title='bbox 632 828 1052 897; x_wconf 81' lang='lat' dir='ltr'><strong>periclitaretur,</strong></span> <span class='ocrx_word' id='word_1_47' title='bbox 1094 837 1202 881; x_wconf 90' lang='lat' dir='ltr'><strong>tam</strong></span> <span class='ocrx_word' id='word_1_48' title='bbox 1254 827 1444 881; x_wconf 89' lang='lat' dir='ltr'><strong>idoneo</strong></span> <span class='ocrx_word' id='word_1_49' title='bbox 1492 827 1694 896; x_wconf 82' lang='lat' dir='ltr'><strong>remige</strong></span> 
     </span>
    </p>
   </div>
   <div class='ocr_carea' id='block_1_9' title="bbox 102 917 1695 988">
    <p class='ocr_par' dir='ltr' id='par_1_9' title="bbox 102 917 1695 988">
     <span class='ocr_line' id='line_1_9' title="bbox 102 917 1695 988; baseline 0 -18"><span class='ocrx_word' id='word_1_50' title='bbox 102 919 348 984; x_wconf 91' lang='lat' dir='ltr'><strong>privata.</strong></span> <span class='ocrx_word' id='word_1_51' title='bbox 399 919 490 973; x_wconf 93' lang='lat' dir='ltr'><strong>Sic</strong></span> <span class='ocrx_word' id='word_1_52' title='bbox 518 917 836 987; x_wconf 63' lang='lat' dir='ltr'><strong>frequentiae</strong></span> <span class='ocrx_word' id='word_1_53' title='bbox 862 918 946 972; x_wconf 89' lang='lat' dir='ltr'><strong>sui</strong></span> <span class='ocrx_word' id='word_1_54' title='bbox 989 917 1186 988; x_wconf 84' lang='lat' dir='ltr'><strong>gregis,</strong></span> <span class='ocrx_word' id='word_1_55' title='bbox 1215 917 1319 985; x_wconf 92' lang='lat' dir='ltr'><strong>piis</strong></span> <span class='ocrx_word' id='word_1_56' title='bbox 1365 917 1430 971; x_wconf 92' lang='lat' dir='ltr'><strong>ad</strong></span> <span class='ocrx_word' id='word_1_57' title='bbox 1476 931 1533 972; x_wconf 89' lang='lat' dir='ltr'><strong>se</strong></span> <span class='ocrx_word' id='word_1_58' title='bbox 1568 918 1695 970; x_wconf 89' lang='lat' dir='ltr'><strong>reti-</strong></span> 
     </span>
    </p>
   </div>
   <div class='ocr_carea' id='block_1_10' title="bbox 103 1007 1694 1077">
    <p class='ocr_par' dir='ltr' id='par_1_10' title="bbox 103 1007 1694 1077">
     <span class='ocr_line' id='line_1_10' title="bbox 103 1007 1694 1077; baseline 0.002 -18"><span class='ocrx_word' id='word_1_59' title='bbox 103 1011 353 1062; x_wconf 87' lang='lat' dir='ltr'><strong>nendum</strong></span> <span class='ocrx_word' id='word_1_60' title='bbox 389 1019 613 1064; x_wconf 60' lang='lat' dir='ltr'><strong>armata</strong></span> <span class='ocrx_word' id='word_1_61' title='bbox 651 1007 888 1073; x_wconf 83' lang='lat' dir='ltr'><strong>ﬂetibus,</strong></span> <span class='ocrx_word' id='word_1_62' title='bbox 934 1008 1264 1072; x_wconf 86' lang='lat' dir='ltr'><strong>valedicens,</strong></span> <span class='ocrx_word' id='word_1_63' title='bbox 1323 1023 1445 1062; x_wconf 91' lang='lat' dir='ltr'><strong>cum</strong></span> <span class='ocrx_word' id='word_1_64' title='bbox 1491 1008 1694 1077; x_wconf 83' lang='lat' dir='ltr'><strong>aliquot</strong></span> 
     </span>
    </p>
   </div>
   <div class='ocr_carea' id='block_1_11' title="bbox 102 1100 1693 1170">
    <p class='ocr_par' dir='ltr' id='par_1_11' title="bbox 102 1100 1693 1170">
     <span class='ocr_line' id='line_1_11' title="bbox 102 1100 1693 1170; baseline 0.001 -18"><span class='ocrx_word' id='word_1_65' title='bbox 102 1100 213 1153; x_wconf 83' lang='lat' dir='ltr'><strong>sibi</strong></span> <span class='ocrx_word' id='word_1_66' title='bbox 268 1101 537 1156; x_wconf 86' lang='lat' dir='ltr'><strong>unanimis</strong></span> <span class='ocrx_word' id='word_1_67' title='bbox 568 1114 845 1170; x_wconf 82' lang='lat' dir='ltr'><strong>regressus</strong></span> <span class='ocrx_word' id='word_1_68' title='bbox 898 1100 1211 1155; x_wconf 84' lang='lat' dir='ltr'><strong>Niversensi</strong></span> <span class='ocrx_word' id='word_1_69' title='bbox 1244 1100 1456 1168; x_wconf 91' lang='lat' dir='ltr'><strong>oppido,</strong></span> <span class='ocrx_word' id='word_1_70' title='bbox 1504 1110 1693 1169; x_wconf 83' lang='lat' dir='ltr'><strong>spente</strong></span> 
     </span>
    </p>
   </div>
   <div class='ocr_carea' id='block_1_12' title="bbox 102 1191 1692 1254">
    <p class='ocr_par' dir='ltr' id='par_1_12' title="bbox 102 1191 1692 1254">
     <span class='ocr_line' id='line_1_12' title="bbox 102 1191 1692 1254; baseline 0 -10"><span class='ocrx_word' id='word_1_71' title='bbox 102 1192 324 1246; x_wconf 77' lang='lat' dir='ltr'><strong>exsulat</strong></span> <span class='ocrx_word' id='word_1_72' title='bbox 359 1208 388 1246; x_wconf 91' lang='lat' dir='ltr'><strong>a</strong></span> <span class='ocrx_word' id='word_1_73' title='bbox 445 1192 676 1246; x_wconf 86' lang='lat' dir='ltr'><strong>naturali</strong></span> <span class='ocrx_word' id='word_1_74' title='bbox 715 1192 849 1254; x_wconf 89' lang='lat' dir='ltr'><strong>solo,</strong></span> <span class='ocrx_word' id='word_1_75' title='bbox 877 1192 1119 1248; x_wconf 86' lang='lat' dir='ltr'><strong>coucivis</strong></span> <span class='ocrx_word' id='word_1_76' title='bbox 1159 1201 1211 1244; x_wconf 89' lang='lat' dir='ltr'><strong>et</strong></span> <span class='ocrx_word' id='word_1_77' title='bbox 1246 1191 1488 1244; x_wconf 80' lang='lat' dir='ltr'><strong>cohaeres</strong></span> <span class='ocrx_word' id='word_1_78' title='bbox 1521 1193 1692 1244; x_wconf 81' lang='lat' dir='ltr'><strong>adnit-</strong></span> 
     </span>
    </p>
   </div>
   <div class='ocr_carea' id='block_1_13' title="bbox 105 1281 1693 1349">
    <p class='ocr_par' dir='ltr' id='par_1_13' title="bbox 105 1281 1693 1349">
     <span class='ocr_line' id='line_1_13' title="bbox 105 1281 1693 1349; baseline -0.003 -13"><span class='ocrx_word' id='word_1_79' title='bbox 105 1292 354 1336; x_wconf 87' lang='lat' dir='ltr'><strong>meratns</strong></span> <span class='ocrx_word' id='word_1_80' title='bbox 381 1282 618 1337; x_wconf 82' lang='lat' dir='ltr'><strong>Christo.</strong></span> <span class='ocrx_word' id='word_1_81' title='bbox 647 1283 816 1348; x_wconf 84' lang='lat' dir='ltr'><strong>Quem</strong></span> <span class='ocrx_word' id='word_1_82' title='bbox 849 1292 1165 1348; x_wconf 78' lang='lat' dir='ltr'><strong>exspectare</strong></span> <span class='ocrx_word' id='word_1_83' title='bbox 1193 1281 1444 1349; x_wconf 88' lang='lat' dir='ltr'><strong>cupiebat</strong></span> <span class='ocrx_word' id='word_1_84' title='bbox 1485 1282 1536 1335; x_wconf 91' lang='lat' dir='ltr'><strong>in</strong></span> <span class='ocrx_word' id='word_1_85' title='bbox 1567 1281 1693 1336; x_wconf 84' lang='lat' dir='ltr'><strong>soli-</strong></span> 
     </span>
    </p>
   </div>
   <div class='ocr_carea' id='block_1_14' title="bbox 104 1372 1692 1442">
    <p class='ocr_par' dir='ltr' id='par_1_14' title="bbox 104 1372 1692 1442">
     <span class='ocr_line' id='line_1_14' title="bbox 104 1372 1692 1442; baseline 0 -16"><span class='ocrx_word' id='word_1_86' title='bbox 104 1375 300 1427; x_wconf 88' lang='lat' dir='ltr'><strong>tudine</strong></span> <span class='ocrx_word' id='word_1_87' title='bbox 335 1389 645 1438; x_wconf 89' lang='lat' dir='ltr'><strong>mansurus,</strong></span> <span class='ocrx_word' id='word_1_88' title='bbox 675 1373 855 1427; x_wconf 86' lang='lat' dir='ltr'><strong>salvus</strong></span> <span class='ocrx_word' id='word_1_89' title='bbox 895 1381 951 1427; x_wconf 92' lang='lat' dir='ltr'><strong>et</strong></span> <span class='ocrx_word' id='word_1_90' title='bbox 980 1373 1232 1428; x_wconf 89' lang='lat' dir='ltr'><strong>immunis</strong></span> <span class='ocrx_word' id='word_1_91' title='bbox 1261 1372 1435 1428; x_wconf 81' lang='lat' dir='ltr'><strong>Iactus</strong></span> <span class='ocrx_word' id='word_1_92' title='bbox 1470 1389 1498 1427; x_wconf 90' lang='lat' dir='ltr'><strong>a</strong></span> <span class='ocrx_word' id='word_1_93' title='bbox 1527 1375 1692 1442; x_wconf 87' lang='lat' dir='ltr'><strong>pusil-</strong></span> 
     </span>
    </p>
   </div>
   <div class='ocr_carea' id='block_1_15' title="bbox 105 1457 1689 1528">
    <p class='ocr_par' dir='ltr' id='par_1_15' title="bbox 105 1457 1689 1528">
     <span class='ocr_line' id='line_1_15' title="bbox 105 1457 1689 1528; baseline 0.001 -17"><span class='ocrx_word' id='word_1_94' title='bbox 105 1459 413 1513; x_wconf 88' lang='lat' dir='ltr'><strong>lanimitate</strong></span> <span class='ocrx_word' id='word_1_95' title='bbox 444 1459 666 1528; x_wconf 82' lang='lat' dir='ltr'><strong>spiritus</strong></span> <span class='ocrx_word' id='word_1_96' title='bbox 691 1469 743 1513; x_wconf 92' lang='lat' dir='ltr'><strong>et</strong></span> <span class='ocrx_word' id='word_1_97' title='bbox 773 1467 1094 1527; x_wconf 86' lang='lat' dir='ltr'><strong>tempestate</strong></span> <span class='ocrx_word' id='word_1_98' title='bbox 1121 1457 1398 1527; x_wconf 87' lang='lat' dir='ltr'><strong>popularis</strong></span> <span class='ocrx_word' id='word_1_99' title='bbox 1427 1459 1689 1512; x_wconf 91' lang='lat' dir='ltr'><strong>tumultus</strong></span> 
     </span>
    </p>
   </div>
   <div class='ocr_carea' id='block_1_16' title="bbox 105 1547 1689 1618">
    <p class='ocr_par' dir='ltr' id='par_1_16' title="bbox 105 1547 1689 1618">
     <span class='ocr_line' id='line_1_16' title="bbox 105 1547 1689 1618; baseline 0.003 -20"><span class='ocrx_word' id='word_1_100' title='bbox 105 1547 286 1615; x_wconf 81' lang='lat' dir='ltr'><strong>(Psal.</strong></span> <span class='ocrx_word' id='word_1_101' title='bbox 323 1564 431 1612; x_wconf 82' lang='lat' dir='ltr'><strong>LIV,</strong></span> <span class='ocrx_word' id='word_1_102' title='bbox 458 1547 534 1617; x_wconf 82' lang='lat'><strong>9).</strong></span> <span class='ocrx_word' id='word_1_103' title='bbox 566 1547 665 1602; x_wconf 90' lang='lat' dir='ltr'><strong>Hic</strong></span> <span class='ocrx_word' id='word_1_104' title='bbox 693 1549 806 1616; x_wconf 89' lang='lat' dir='ltr'><strong>jam</strong></span> <span class='ocrx_word' id='word_1_105' title='bbox 838 1563 942 1602; x_wconf 89' lang='lat' dir='ltr'><strong>non</strong></span> <span class='ocrx_word' id='word_1_106' title='bbox 975 1547 1154 1617; x_wconf 81' lang='lat' dir='ltr'><strong>pigeat</strong></span> <span class='ocrx_word' id='word_1_107' title='bbox 1193 1563 1290 1602; x_wconf 88' lang='lat' dir='ltr'><strong>nos</strong></span> <span class='ocrx_word' id='word_1_108' title='bbox 1333 1563 1514 1616; x_wconf 80' lang='lat' dir='ltr'><strong>agere,</strong></span> <span class='ocrx_word' id='word_1_109' title='bbox 1546 1549 1689 1618; x_wconf 83' lang='lat' dir='ltr'><strong>quod</strong></span> 
     </span>
    </p>
   </div>
   <div class='ocr_carea' id='block_1_17' title="bbox 104 1639 1690 1720">
    <p class='ocr_par' dir='ltr' id='par_1_17' title="bbox 104 1639 1690 1720">
     <span class='ocr_line' id='line_1_17' title="bbox 104 1639 1690 1720; baseline 0.003 -29"><span class='ocrx_word' id='word_1_110' title='bbox 104 1641 472 1720; x_wconf 83' lang='lat' dir='ltr'><strong>pretiosorum</strong></span> <span class='ocrx_word' id='word_1_111' title='bbox 521 1639 858 1693; x_wconf 89' lang='lat' dir='ltr'><strong>metallorum</strong></span> <span class='ocrx_word' id='word_1_112' title='bbox 914 1639 1272 1707; x_wconf 81' lang='lat' dir='ltr'><strong>vestigatores</strong></span> <span class='ocrx_word' id='word_1_113' title='bbox 1320 1650 1374 1694; x_wconf 92' lang='lat' dir='ltr'><strong>et</strong></span> <span class='ocrx_word' id='word_1_114' title='bbox 1408 1640 1690 1696; x_wconf 87' lang='lat' dir='ltr'><strong>eIIossores</strong></span> 
     </span>
    </p>
   </div>
   <div class='ocr_carea' id='block_1_18' title="bbox 111 1731 1689 1800">
    <p class='ocr_par' dir='ltr' id='par_1_18' title="bbox 111 1731 1689 1800">
     <span class='ocr_line' id='line_1_18' title="bbox 111 1731 1689 1800; baseline 0.002 -16"><span class='ocrx_word' id='word_1_115' title='bbox 111 1741 330 1786; x_wconf 85' lang='lat' dir='ltr'><strong>constat</strong></span> <span class='ocrx_word' id='word_1_116' title='bbox 361 1733 619 1794; x_wconf 89' lang='lat' dir='ltr'><strong>actitare;</strong></span> <span class='ocrx_word' id='word_1_117' title='bbox 671 1731 869 1800; x_wconf 85' lang='lat' dir='ltr'><strong>quibus</strong></span> <span class='ocrx_word' id='word_1_118' title='bbox 921 1731 964 1785; x_wconf 91' lang='lat' dir='ltr'><strong>si</strong></span> <span class='ocrx_word' id='word_1_119' title='bbox 1004 1731 1238 1800; x_wconf 91' lang='lat' dir='ltr'><strong>qualitas</strong></span> <span class='ocrx_word' id='word_1_120' title='bbox 1284 1739 1514 1786; x_wconf 73' lang='lat' dir='ltr'><strong>terrente</strong></span> <span class='ocrx_word' id='word_1_121' title='bbox 1539 1746 1689 1787; x_wconf 68' lang='lat' dir='ltr'><strong>vena:</strong></span> 
     </span>
    </p>
   </div>
   <div class='ocr_carea' id='block_1_19' title="bbox 1799 555 2463 626">
    <p class='ocr_par' dir='ltr' id='par_1_19' title="bbox 1799 555 2463 626">
     <span class='ocr_line' id='line_1_19' title="bbox 1799 555 2463 626; baseline 0.011 -23"><span class='ocrx_word' id='word_1_122' title='bbox 1799 555 2048 608; x_wconf 87' lang='lat' dir='ltr'><strong>veniatur</strong></span> <span class='ocrx_word' id='word_1_123' title='bbox 2071 557 2138 609; x_wconf 90' lang='lat' dir='ltr'><strong>ad</strong></span> <span class='ocrx_word' id='word_1_124' title='bbox 2163 558 2463 626; x_wconf 85' lang='lat' dir='ltr'><strong>sequentia.</strong></span> 
     </span>
    </p>
   </div>
   <div class='ocr_carea' id='block_1_20' title="bbox 1865 645 3372 717">
    <p class='ocr_par' dir='ltr' id='par_1_20' title="bbox 1865 645 3372 717">
     <span class='ocr_line' id='line_1_20' title="bbox 1865 645 3372 717; baseline 0.005 -20"><span class='ocrx_word' id='word_1_125' title='bbox 1865 645 1919 698; x_wconf 75' lang='grc'>4.</span> <span class='ocrx_word' id='word_1_126' title='bbox 1958 646 2120 713; x_wconf 83' lang='lat' dir='ltr'><strong>Igitur</strong></span> <span class='ocrx_word' id='word_1_127' title='bbox 2149 655 2334 716; x_wconf 89' lang='lat' dir='ltr'><strong>terque</strong></span> <span class='ocrx_word' id='word_1_128' title='bbox 2357 658 2652 717; x_wconf 84' lang='lat' dir='ltr'><strong>quaterque</strong></span> <span class='ocrx_word' id='word_1_129' title='bbox 2680 650 2836 704; x_wconf 87' lang='lat' dir='ltr'><strong>beato</strong></span> <span class='ocrx_word' id='word_1_130' title='bbox 2882 650 3137 716; x_wconf 87' lang='lat' dir='ltr'><strong>Deodato,</strong></span> <span class='ocrx_word' id='word_1_131' title='bbox 3184 663 3372 706; x_wconf 80' lang='lat' dir='ltr'><strong>centu-</strong></span> 
     </span>
    </p>
   </div>
   <div class='ocr_carea' id='block_1_21' title="bbox 1797 735 3373 812">
    <p class='ocr_par' dir='ltr' id='par_1_21' title="bbox 1797 735 3373 812">
     <span class='ocr_line' id='line_1_21' title="bbox 1797 735 3373 812; baseline 0.005 -24"><span class='ocrx_word' id='word_1_132' title='bbox 1797 735 1941 804; x_wconf 90' lang='lat' dir='ltr'><strong>plum</strong></span> <span class='ocrx_word' id='word_1_133' title='bbox 1973 751 2002 788; x_wconf 87' lang='lat' dir='ltr'><strong>a</strong></span> <span class='ocrx_word' id='word_1_134' title='bbox 2030 735 2248 791; x_wconf 80' lang='lat' dir='ltr'><strong>Christo</strong></span> <span class='ocrx_word' id='word_1_135' title='bbox 2281 746 2335 791; x_wconf 90' lang='lat' dir='ltr'><strong>et</strong></span> <span class='ocrx_word' id='word_1_136' title='bbox 2363 737 2526 791; x_wconf 85' lang='lat' dir='ltr'><strong>vitam</strong></span> <span class='ocrx_word' id='word_1_137' title='bbox 2571 748 2828 792; x_wconf 71' lang='lat' dir='ltr'><strong>mteruam</strong></span> <span class='ocrx_word' id='word_1_138' title='bbox 2883 743 3207 809; x_wconf 80' lang='lat' dir='ltr'><strong>capessenti,</strong></span> <span class='ocrx_word' id='word_1_139' title='bbox 3264 759 3373 812; x_wconf 72' lang='lat' dir='ltr'><strong>pra:</strong></span> 
     </span>
    </p>
   </div>
   <div class='ocr_carea' id='block_1_22' title="bbox 1795 825 3373 886">
    <p class='ocr_par' dir='ltr' id='par_1_22' title="bbox 1795 825 3373 886">
     <span class='ocr_line' id='line_1_22' title="bbox 1795 825 3373 886; baseline 0.005 -9"><span class='ocrx_word' id='word_1_140' title='bbox 1795 825 2008 878; x_wconf 75' lang='lat' dir='ltr'><strong>caeteris</strong></span> <span class='ocrx_word' id='word_1_141' title='bbox 2034 826 2259 880; x_wconf 90' lang='lat' dir='ltr'><strong>comites</strong></span> <span class='ocrx_word' id='word_1_142' title='bbox 2291 837 2451 880; x_wconf 82' lang='lat' dir='ltr'><strong>tantae</strong></span> <span class='ocrx_word' id='word_1_143' title='bbox 2482 830 2745 882; x_wconf 83' lang='lat' dir='ltr'><strong>mercedis</strong></span> <span class='ocrx_word' id='word_1_144' title='bbox 2793 831 3081 886; x_wconf 71' lang='lat' dir='ltr'><strong>cohmsisse</strong></span> <span class='ocrx_word' id='word_1_145' title='bbox 3125 831 3373 886; x_wconf 80' lang='lat' dir='ltr'><strong>feruntur</strong></span> 
     </span>
    </p>
   </div>
   <div class='ocr_carea' id='block_1_23' title="bbox 1796 909 3368 990">
    <p class='ocr_par' dir='ltr' id='par_1_23' title="bbox 1796 909 3368 990">
     <span class='ocr_line' id='line_1_23' title="bbox 1796 909 3368 990; baseline 0.007 -26"><span class='ocrx_word' id='word_1_146' title='bbox 1796 909 1910 973; x_wconf 89' lang='lat' dir='ltr'><strong>isti,</strong></span> <span class='ocrx_word' id='word_1_147' title='bbox 1939 912 2271 981; x_wconf 81' lang='lat' dir='ltr'><strong>Arbogastus</strong></span> <span class='ocrx_word' id='word_1_148' title='bbox 2300 924 2352 966; x_wconf 81' lang='lat' dir='ltr'><strong>et</strong></span> <span class='ocrx_word' id='word_1_149' title='bbox 2384 914 2686 970; x_wconf 85' lang='lat' dir='ltr'><strong>Florentius</strong></span> <span class='ocrx_word' id='word_1_150' title='bbox 2722 917 2834 987; x_wconf 73' lang='lat'><strong>(28)</strong></span> <span class='ocrx_word' id='word_1_151' title='bbox 2877 935 3104 986; x_wconf 85' lang='lat' dir='ltr'><strong>quorum</strong></span> <span class='ocrx_word' id='word_1_152' title='bbox 3135 921 3286 990; x_wconf 91' lang='lat' dir='ltr'><strong>prior</strong></span> <span class='ocrx_word' id='word_1_153' title='bbox 3317 924 3368 975; x_wconf 92' lang='lat' dir='ltr'><strong>in</strong></span> 
     </span>
    </p>
   </div>
   <div class='ocr_carea' id='block_1_24' title="bbox 1795 1006 3372 1080">
    <p class='ocr_par' dir='ltr' id='par_1_24' title="bbox 1795 1006 3372 1080">
     <span class='ocr_line' id='line_1_24' title="bbox 1795 1006 3372 1080; baseline 0.005 -24"><span class='ocrx_word' id='word_1_154' title='bbox 1795 1016 1952 1056; x_wconf 85' lang='lat' dir='ltr'><strong>sacro</strong></span> <span class='ocrx_word' id='word_1_155' title='bbox 2004 1018 2223 1057; x_wconf 91' lang='lat' dir='ltr'><strong>nemore</strong></span> <span class='ocrx_word' id='word_1_156' title='bbox 2275 1006 2436 1073; x_wconf 90' lang='lat' dir='ltr'><strong>(quod</strong></span> <span class='ocrx_word' id='word_1_157' title='bbox 2510 1006 2806 1060; x_wconf 89' lang='lat' dir='ltr'><strong>Teutonico</strong></span> <span class='ocrx_word' id='word_1_158' title='bbox 2854 1008 3101 1063; x_wconf 85' lang='lat' dir='ltr'><strong>idiOmatc</strong></span> <span class='ocrx_word' id='word_1_159' title='bbox 3142 1010 3372 1080; x_wconf 80' lang='lat' dir='ltr'><strong>lleilige-</strong></span> 
     </span>
    </p>
   </div>
   <div class='ocr_carea' id='block_1_25' title="bbox 1793 1094 3372 1170">
    <p class='ocr_par' dir='ltr' id='par_1_25' title="bbox 1793 1094 3372 1170">
     <span class='ocr_line' id='line_1_25' title="bbox 1793 1094 3372 1170; baseline 0.006 -24"><span class='ocrx_word' id='word_1_160' title='bbox 1793 1101 1958 1146; x_wconf 80' lang='lat' dir='ltr'><strong>Storst</strong></span> <span class='ocrx_word' id='word_1_161' title='bbox 1981 1094 2264 1163; x_wconf 79' lang='lat' dir='ltr'><strong>vocitatur)</strong></span> <span class='ocrx_word' id='word_1_162' title='bbox 2294 1097 2572 1150; x_wconf 87' lang='lat' dir='ltr'><strong>eremitica</strong></span> <span class='ocrx_word' id='word_1_163' title='bbox 2601 1097 2711 1150; x_wconf 87' lang='lat' dir='ltr'><strong>vita</strong></span> <span class='ocrx_word' id='word_1_164' title='bbox 2742 1105 2821 1152; x_wconf 87' lang='lat' dir='ltr'><strong>est</strong></span> <span class='ocrx_word' id='word_1_165' title='bbox 2861 1098 3105 1164; x_wconf 86' lang='lat' dir='ltr'><strong>l&#39;nnctus;</strong></span> <span class='ocrx_word' id='word_1_166' title='bbox 3142 1101 3372 1170; x_wconf 83' lang='lat' dir='ltr'><strong>indeque</strong></span> 
     </span>
    </p>
   </div>
   <div class='ocr_carea' id='block_1_26' title="bbox 1794 1183 3370 1260">
    <p class='ocr_par' dir='ltr' id='par_1_26' title="bbox 1794 1183 3370 1260">
     <span class='ocr_line' id='line_1_26' title="bbox 1794 1183 3370 1260; baseline 0.006 -24"><span class='ocrx_word' id='word_1_167' title='bbox 1794 1183 1860 1236; x_wconf 92' lang='lat' dir='ltr'><strong>ad</strong></span> <span class='ocrx_word' id='word_1_168' title='bbox 1911 1184 2279 1254; x_wconf 88' lang='lat' dir='ltr'><strong>episcopatum</strong></span> <span class='ocrx_word' id='word_1_169' title='bbox 2332 1185 2652 1256; x_wconf 68' lang='lat' dir='ltr'><strong>Argentinze</strong></span> <span class='ocrx_word' id='word_1_170' title='bbox 2703 1189 2936 1243; x_wconf 85' lang='lat' dir='ltr'><strong>civitatis</strong></span> <span class='ocrx_word' id='word_1_171' title='bbox 2999 1201 3200 1260; x_wconf 81' lang='lat' dir='ltr'><strong>raptus.</strong></span> <span class='ocrx_word' id='word_1_172' title='bbox 3274 1194 3370 1246; x_wconf 84' lang='lat' dir='ltr'><strong>Cui</strong></span> 
     </span>
    </p>
   </div>
   <div class='ocr_carea' id='block_1_27' title="bbox 1793 1272 3368 1335">
    <p class='ocr_par' dir='ltr' id='par_1_27' title="bbox 1793 1272 3368 1335">
     <span class='ocr_line' id='line_1_27' title="bbox 1793 1272 3368 1335; baseline 0.006 -9"><span class='ocrx_word' id='word_1_173' title='bbox 1793 1272 2066 1327; x_wconf 86' lang='lat' dir='ltr'><strong>decedenti</strong></span> <span class='ocrx_word' id='word_1_174' title='bbox 2117 1275 2283 1329; x_wconf 89' lang='lat' dir='ltr'><strong>altera</strong></span> <span class='ocrx_word' id='word_1_175' title='bbox 2334 1277 2620 1331; x_wconf 88' lang='lat' dir='ltr'><strong>solitudine</strong></span> <span class='ocrx_word' id='word_1_176' title='bbox 2662 1276 2858 1332; x_wconf 85' lang='lat' dir='ltr'><strong>IIasale</strong></span> <span class='ocrx_word' id='word_1_177' title='bbox 2889 1279 3194 1335; x_wconf 87' lang='lat' dir='ltr'><strong>abstractus</strong></span> <span class='ocrx_word' id='word_1_178' title='bbox 3239 1297 3368 1335; x_wconf 90' lang='lat' dir='ltr'><strong>suc-</strong></span> 
     </span>
    </p>
   </div>
   <div class='ocr_carea' id='block_1_28' title="bbox 1791 1352 3370 1435">
    <p class='ocr_par' dir='ltr' id='par_1_28' title="bbox 1791 1352 3370 1435">
     <span class='ocr_line' id='line_1_28' title="bbox 1791 1352 3370 1435; baseline 0.006 -21"><span class='ocrx_word' id='word_1_179' title='bbox 1791 1374 1975 1414; x_wconf 87' lang='lat' dir='ltr'><strong>cessor</strong></span> <span class='ocrx_word' id='word_1_180' title='bbox 1999 1370 2079 1414; x_wconf 91' lang='lat' dir='ltr'><strong>est</strong></span> <span class='ocrx_word' id='word_1_181' title='bbox 2105 1360 2259 1416; x_wconf 89' lang='lat' dir='ltr'><strong>datus</strong></span> <span class='ocrx_word' id='word_1_182' title='bbox 2283 1364 2430 1432; x_wconf 78' lang='lat'><strong>_(9.9).</strong></span> <span class='ocrx_word' id='word_1_183' title='bbox 2467 1365 2528 1417; x_wconf 88' lang='lat' dir='ltr'><strong>Ili</strong></span> <span class='ocrx_word' id='word_1_184' title='bbox 2589 1352 2871 1434; x_wconf 78' lang='lat' dir='ltr'><strong>postquam</strong></span> <span class='ocrx_word' id='word_1_185' title='bbox 2926 1368 3157 1435; x_wconf 90' lang='lat' dir='ltr'><strong>plurima</strong></span> <span class='ocrx_word' id='word_1_186' title='bbox 3210 1371 3370 1424; x_wconf 85' lang='lat' dir='ltr'><strong>terris</strong></span> 
     </span>
    </p>
   </div>
   <div class='ocr_carea' id='block_1_29' title="bbox 1793 1455 3368 1524">
    <p class='ocr_par' dir='ltr' id='par_1_29' title="bbox 1793 1455 3368 1524">
     <span class='ocr_line' id='line_1_29' title="bbox 1793 1455 3368 1524; baseline 0.008 -22"><span class='ocrx_word' id='word_1_187' title='bbox 1793 1460 2162 1506; x_wconf 81' lang='lat' dir='ltr'><strong>monstravere</strong></span> <span class='ocrx_word' id='word_1_188' title='bbox 2209 1469 2425 1508; x_wconf 89' lang='lat' dir='ltr'><strong>suorum</strong></span> <span class='ocrx_word' id='word_1_189' title='bbox 2461 1455 2690 1524; x_wconf 80' lang='lat' dir='ltr'><strong>insignia</strong></span> <span class='ocrx_word' id='word_1_190' title='bbox 2743 1458 3076 1523; x_wconf 86' lang='lat' dir='ltr'><strong>meritorum,</strong></span> <span class='ocrx_word' id='word_1_191' title='bbox 3119 1462 3293 1514; x_wconf 84' lang='lat' dir='ltr'><strong>vocati</strong></span> <span class='ocrx_word' id='word_1_192' title='bbox 3339 1480 3368 1514; x_wconf 91' lang='lat' dir='ltr'><strong>a</strong></span> 
     </span>
    </p>
   </div>
   <div class='ocr_carea' id='block_1_30' title="bbox 1793 1541 3372 1621">
    <p class='ocr_par' dir='ltr' id='par_1_30' title="bbox 1793 1541 3372 1621">
     <span class='ocr_line' id='line_1_30' title="bbox 1793 1541 3372 1621; baseline 0.008 -27"><span class='ocrx_word' id='word_1_193' title='bbox 1793 1541 2022 1596; x_wconf 86' lang='lat' dir='ltr'><strong>Domino</strong></span> <span class='ocrx_word' id='word_1_194' title='bbox 2054 1544 2397 1611; x_wconf 88' lang='lat' dir='ltr'><strong>requiescunt.</strong></span> <span class='ocrx_word' id='word_1_195' title='bbox 2440 1549 2630 1616; x_wconf 88' lang='lat' dir='ltr'><strong>spiritu</strong></span> <span class='ocrx_word' id='word_1_196' title='bbox 2678 1550 2729 1602; x_wconf 89' lang='lat' dir='ltr'><strong>in</strong></span> <span class='ocrx_word' id='word_1_197' title='bbox 2781 1551 2900 1604; x_wconf 69' lang='lat' dir='ltr'><strong>coeli</strong></span> <span class='ocrx_word' id='word_1_198' title='bbox 2954 1552 3094 1614; x_wconf 84' lang='lat' dir='ltr'><strong>aula,</strong></span> <span class='ocrx_word' id='word_1_199' title='bbox 3145 1569 3372 1621; x_wconf 89' lang='lat' dir='ltr'><strong>corpore</strong></span> 
     </span>
    </p>
   </div>
   <div class='ocr_carea' id='block_1_31' title="bbox 1792 1634 3368 1713">
    <p class='ocr_par' dir='ltr' id='par_1_31' title="bbox 1792 1634 3368 1713">
     <span class='ocr_line' id='line_1_31' title="bbox 1792 1634 3368 1713; baseline 0.008 -28"><span class='ocrx_word' id='word_1_200' title='bbox 1792 1642 1969 1686; x_wconf 89' lang='lat' dir='ltr'><strong>autem</strong></span> <span class='ocrx_word' id='word_1_201' title='bbox 2002 1634 2052 1687; x_wconf 92' lang='lat' dir='ltr'><strong>in</strong></span> <span class='ocrx_word' id='word_1_202' title='bbox 2097 1634 2248 1698; x_wconf 90' lang='lat' dir='ltr'><strong>locis,</strong></span> <span class='ocrx_word' id='word_1_203' title='bbox 2278 1651 2396 1704; x_wconf 69' lang='lat' dir='ltr'><strong>qua:</strong></span> <span class='ocrx_word' id='word_1_204' title='bbox 2428 1638 2725 1694; x_wconf 87' lang='lat' dir='ltr'><strong>instituisse</strong></span> <span class='ocrx_word' id='word_1_205' title='bbox 2770 1657 2863 1696; x_wconf 91' lang='lat' dir='ltr'><strong>eos</strong></span> <span class='ocrx_word' id='word_1_206' title='bbox 2911 1643 3144 1696; x_wconf 78' lang='lat' dir='ltr'><strong>diximus</strong></span> <span class='ocrx_word' id='word_1_207' title='bbox 3184 1661 3368 1713; x_wconf 86' lang='lat' dir='ltr'><strong>supra.</strong></span> 
     </span>
    </p>
   </div>
   <div class='ocr_carea' id='block_1_32' title="bbox 1794 1721 3372 1800">
    <p class='ocr_par' dir='ltr' id='par_1_32' title="bbox 1794 1721 3372 1800">
     <span class='ocr_line' id='line_1_32' title="bbox 1794 1721 3372 1800; baseline 0.007 -26"><span class='ocrx_word' id='word_1_208' title='bbox 1794 1721 1942 1779; x_wconf 90' lang='lat' dir='ltr'><strong>Tunc</strong></span> <span class='ocrx_word' id='word_1_209' title='bbox 1968 1724 2307 1794; x_wconf 77' lang='lat' dir='ltr'><strong>Willigodus,</strong></span> <span class='ocrx_word' id='word_1_210' title='bbox 2340 1728 2647 1793; x_wconf 85' lang='lat' dir='ltr'><strong>douinolus,</strong></span> <span class='ocrx_word' id='word_1_211' title='bbox 2696 1740 2750 1784; x_wconf 93' lang='lat' dir='ltr'><strong>et</strong></span> <span class='ocrx_word' id='word_1_212' title='bbox 2780 1732 3042 1787; x_wconf 88' lang='lat' dir='ltr'><strong>univocus</strong></span> <span class='ocrx_word' id='word_1_213' title='bbox 3072 1733 3186 1800; x_wconf 89' lang='lat' dir='ltr'><strong>ejus</strong></span> <span class='ocrx_word' id='word_1_214' title='bbox 3239 1736 3372 1788; x_wconf 87' lang='lat' dir='ltr'><strong>Deo-</strong></span> 
     </span>
    </p>
   </div>
   <div class='ocr_carea' id='block_1_33' title="bbox 106 1803 3369 1892">
    <p class='ocr_par' dir='ltr' id='par_1_33' title="bbox 106 1803 3369 1892">
     <span class='ocr_line' id='line_1_33' title="bbox 106 1803 3369 1892; baseline 0.002 -24"><span class='ocrx_word' id='word_1_215' title='bbox 106 1824 378 1888; x_wconf 65' lang='lat' dir='ltr'><strong>arriserii,</strong></span> <span class='ocrx_word' id='word_1_216' title='bbox 426 1832 586 1892; x_wconf 73' lang='lat' dir='ltr'><strong>atque</strong></span> <span class='ocrx_word' id='word_1_217' title='bbox 615 1838 712 1892; x_wconf 77' lang='lat' dir='ltr'><strong>per</strong></span> <span class='ocrx_word' id='word_1_218' title='bbox 740 1838 800 1877; x_wconf 82' lang='lat' dir='ltr'><strong>se</strong></span> <span class='ocrx_word' id='word_1_219' title='bbox 843 1822 910 1876; x_wconf 79' lang='lat' dir='ltr'><strong>ad</strong></span> <span class='ocrx_word' id='word_1_220' title='bbox 957 1821 1176 1876; x_wconf 78' lang='lat' dir='ltr'><strong>divitem</strong></span> <span class='ocrx_word' id='word_1_221' title='bbox 1212 1837 1444 1877; x_wconf 73' lang='lat' dir='ltr'><strong>massam</strong></span> <span class='ocrx_word' id='word_1_222' title='bbox 1473 1833 1689 1878; x_wconf 65' lang='lat' dir='ltr'><strong>ventum</strong></span> <span class='ocrx_word' id='word_1_223' title='bbox 1725 1803 1767 1861; x_wconf 62' lang='grc' dir='ltr'><strong>υ</strong></span> <span class='ocrx_word' id='word_1_224' title='bbox 1795 1817 1970 1877; x_wconf 85' lang='lat' dir='ltr'><strong>datus,</strong></span> <span class='ocrx_word' id='word_1_225' title='bbox 2005 1833 2140 1886; x_wconf 89' lang='lat' dir='ltr'><strong>quos</strong></span> <span class='ocrx_word' id='word_1_226' title='bbox 2165 1833 2193 1871; x_wconf 86' lang='lat' dir='ltr'><strong>a</strong></span> <span class='ocrx_word' id='word_1_227' title='bbox 2223 1827 2411 1872; x_wconf 88' lang='lat' dir='ltr'><strong>sancto</strong></span> <span class='ocrx_word' id='word_1_228' title='bbox 2442 1821 2556 1872; x_wconf 87' lang='lat' dir='ltr'><strong>viro</strong></span> <span class='ocrx_word' id='word_1_229' title='bbox 2581 1821 2730 1875; x_wconf 75' lang='lat' dir='ltr'><strong>labor</strong></span> <span class='ocrx_word' id='word_1_230' title='bbox 2757 1839 2862 1876; x_wconf 88' lang='lat' dir='ltr'><strong>non</strong></span> <span class='ocrx_word' id='word_1_231' title='bbox 2894 1823 3186 1892; x_wconf 85' lang='lat' dir='ltr'><strong>disparavit</strong></span> <span class='ocrx_word' id='word_1_232' title='bbox 3209 1824 3369 1888; x_wconf 87' lang='lat' dir='ltr'><strong>ullus,</strong></span> 
     </span>
    </p>
   </div>
   <div class='ocr_carea' id='block_1_34' title="bbox 108 1912 1690 1982">
    <p class='ocr_par' dir='ltr' id='par_1_34' title="bbox 108 1912 1690 1982">
     <span class='ocr_line' id='line_1_34' title="bbox 108 1912 1690 1982; baseline 0.003 -17"><span class='ocrx_word' id='word_1_233' title='bbox 108 1914 174 1966; x_wconf 89' lang='lat' dir='ltr'><strong>iri</strong></span> <span class='ocrx_word' id='word_1_234' title='bbox 209 1913 527 1982; x_wconf 85' lang='lat' dir='ltr'><strong>promiserit</strong></span> <span class='ocrx_word' id='word_1_235' title='bbox 577 1923 672 1965; x_wconf 88' lang='lat' dir='ltr'><strong>aut</strong></span> <span class='ocrx_word' id='word_1_236' title='bbox 697 1912 1105 1974; x_wconf 87' lang='lat' dir='ltr'><strong>renuntiaverit,</strong></span> <span class='ocrx_word' id='word_1_237' title='bbox 1136 1913 1403 1982; x_wconf 82' lang='lat' dir='ltr'><strong>extemplo</strong></span> <span class='ocrx_word' id='word_1_238' title='bbox 1431 1915 1690 1969; x_wconf 92' lang='lat' dir='ltr'><strong>animosis</strong></span> 
     </span>
    </p>
   </div>
   <div class='ocr_carea' id='block_1_35' title="bbox 115 2001 1690 2072">
    <p class='ocr_par' dir='ltr' id='par_1_35' title="bbox 115 2001 1690 2072">
     <span class='ocr_line' id='line_1_35' title="bbox 115 2001 1690 2072; baseline 0.003 -19"><span class='ocrx_word' id='word_1_239' title='bbox 115 2003 436 2072; x_wconf 73' lang='lat' dir='ltr'><strong>vangis(27)</strong></span> <span class='ocrx_word' id='word_1_240' title='bbox 460 2012 516 2056; x_wconf 90' lang='lat' dir='ltr'><strong>et</strong></span> <span class='ocrx_word' id='word_1_241' title='bbox 544 2003 740 2056; x_wconf 90' lang='lat' dir='ltr'><strong>marris</strong></span> <span class='ocrx_word' id='word_1_242' title='bbox 786 2012 979 2056; x_wconf 89' lang='lat' dir='ltr'><strong>cuncta</strong></span> <span class='ocrx_word' id='word_1_243' title='bbox 1025 2001 1217 2056; x_wconf 88' lang='lat' dir='ltr'><strong>rudera</strong></span> <span class='ocrx_word' id='word_1_244' title='bbox 1249 2011 1496 2072; x_wconf 79' lang='lat' dir='ltr'><strong>egerunt,</strong></span> <span class='ocrx_word' id='word_1_245' title='bbox 1519 2003 1690 2058; x_wconf 89' lang='lat' dir='ltr'><strong>donec</strong></span> 
     </span>
    </p>
   </div>
   <div class='ocr_carea' id='block_1_36' title="bbox 115 2093 1688 2163">
    <p class='ocr_par' dir='ltr' id='par_1_36' title="bbox 115 2093 1688 2163">
     <span class='ocr_line' id='line_1_36' title="bbox 115 2093 1688 2163; baseline 0.003 -17"><span class='ocrx_word' id='word_1_246' title='bbox 115 2095 186 2146; x_wconf 88' lang='lat' dir='ltr'><strong>ad</strong></span> <span class='ocrx_word' id='word_1_247' title='bbox 213 2094 444 2162; x_wconf 90' lang='lat' dir='ltr'><strong>cupitum</strong></span> <span class='ocrx_word' id='word_1_248' title='bbox 470 2094 744 2148; x_wconf 88' lang='lat' dir='ltr'><strong>metallum</strong></span> <span class='ocrx_word' id='word_1_249' title='bbox 777 2094 1118 2163; x_wconf 86' lang='lat' dir='ltr'><strong>perveniunt.</strong></span> <span class='ocrx_word' id='word_1_250' title='bbox 1150 2093 1240 2147; x_wconf 92' lang='lat' dir='ltr'><strong>Sic</strong></span> <span class='ocrx_word' id='word_1_251' title='bbox 1276 2109 1375 2148; x_wconf 92' lang='lat' dir='ltr'><strong>nos</strong></span> <span class='ocrx_word' id='word_1_252' title='bbox 1411 2093 1568 2161; x_wconf 89' lang='lat' dir='ltr'><strong>hujus</strong></span> <span class='ocrx_word' id='word_1_253' title='bbox 1591 2096 1688 2151; x_wconf 88' lang='lat' dir='ltr'><strong>viri</strong></span> 
     </span>
    </p>
   </div>
   <div class='ocr_carea' id='block_1_37' title="bbox 110 2185 1686 2252">
    <p class='ocr_par' dir='ltr' id='par_1_37' title="bbox 110 2185 1686 2252">
     <span class='ocr_line' id='line_1_37' title="bbox 110 2185 1686 2252; baseline 0.001 -14"><span class='ocrx_word' id='word_1_254' title='bbox 110 2185 291 2239; x_wconf 86' lang='lat' dir='ltr'><strong>sancti</strong></span> <span class='ocrx_word' id='word_1_255' title='bbox 335 2185 570 2238; x_wconf 88' lang='lat' dir='ltr'><strong>animum</strong></span> <span class='ocrx_word' id='word_1_256' title='bbox 601 2225 616 2250; x_wconf 96' lang='lat'><strong>,</strong></span> <span class='ocrx_word' id='word_1_257' title='bbox 674 2185 796 2239; x_wconf 89' lang='lat' dir='ltr'><strong>huic</strong></span> <span class='ocrx_word' id='word_1_258' title='bbox 850 2185 1052 2239; x_wconf 88' lang='lat' dir='ltr'><strong>mundo</strong></span> <span class='ocrx_word' id='word_1_259' title='bbox 1095 2196 1407 2252; x_wconf 84' lang='lat' dir='ltr'><strong>mortuum,</strong></span> <span class='ocrx_word' id='word_1_260' title='bbox 1461 2195 1515 2240; x_wconf 91' lang='lat' dir='ltr'><strong>et</strong></span> <span class='ocrx_word' id='word_1_261' title='bbox 1567 2201 1686 2240; x_wconf 92' lang='lat' dir='ltr'><strong>cum</strong></span> 
     </span>
    </p>
   </div>
   <div class='ocr_carea' id='block_1_38' title="bbox 107 2276 1688 2349">
    <p class='ocr_par' dir='ltr' id='par_1_38' title="bbox 107 2276 1688 2349">
     <span class='ocr_line' id='line_1_38' title="bbox 107 2276 1688 2349; baseline 0.001 -20"><span class='ocrx_word' id='word_1_262' title='bbox 107 2276 328 2331; x_wconf 89' lang='lat' dir='ltr'><strong>Christo</strong></span> <span class='ocrx_word' id='word_1_263' title='bbox 372 2277 422 2330; x_wconf 91' lang='lat' dir='ltr'><strong>in</strong></span> <span class='ocrx_word' id='word_1_264' title='bbox 463 2277 573 2331; x_wconf 90' lang='lat' dir='ltr'><strong>Deo</strong></span> <span class='ocrx_word' id='word_1_265' title='bbox 600 2277 942 2344; x_wconf 84' lang='lat' dir='ltr'><strong>absconsum,</strong></span> <span class='ocrx_word' id='word_1_266' title='bbox 974 2279 1270 2333; x_wconf 88' lang='lat' dir='ltr'><strong>metiamur</strong></span> <span class='ocrx_word' id='word_1_267' title='bbox 1305 2287 1359 2332; x_wconf 92' lang='lat' dir='ltr'><strong>et</strong></span> <span class='ocrx_word' id='word_1_268' title='bbox 1385 2279 1688 2349; x_wconf 90' lang='lat' dir='ltr'><strong>perpenda-</strong></span> 
     </span>
    </p>
   </div>
   <div class='ocr_carea' id='block_1_39' title="bbox 106 2371 1689 2442">
    <p class='ocr_par' dir='ltr' id='par_1_39' title="bbox 106 2371 1689 2442">
     <span class='ocr_line' id='line_1_39' title="bbox 106 2371 1689 2442; baseline 0 -16"><span class='ocrx_word' id='word_1_269' title='bbox 106 2387 252 2435; x_wconf 88' lang='lat' dir='ltr'><strong>mus,</strong></span> <span class='ocrx_word' id='word_1_270' title='bbox 302 2372 347 2426; x_wconf 91' lang='lat' dir='ltr'><strong>si</strong></span> <span class='ocrx_word' id='word_1_271' title='bbox 399 2387 709 2442; x_wconf 87' lang='lat' dir='ltr'><strong>possumus,</strong></span> <span class='ocrx_word' id='word_1_272' title='bbox 761 2387 828 2426; x_wconf 84' lang='lat' dir='ltr'><strong>cx</strong></span> <span class='ocrx_word' id='word_1_273' title='bbox 876 2372 1138 2442; x_wconf 87' lang='lat' dir='ltr'><strong>qualitate</strong></span> <span class='ocrx_word' id='word_1_274' title='bbox 1187 2372 1519 2426; x_wconf 80' lang='lat' dir='ltr'><strong>exteriorum</strong></span> <span class='ocrx_word' id='word_1_275' title='bbox 1574 2371 1689 2439; x_wconf 86' lang='lat' dir='ltr'><strong>ejus</strong></span> 
     </span>
    </p>
   </div>
   <div class='ocr_carea' id='block_1_40' title="bbox 103 2460 1688 2532">
    <p class='ocr_par' dir='ltr' id='par_1_40' title="bbox 103 2460 1688 2532">
     <span class='ocr_line' id='line_1_40' title="bbox 103 2460 1688 2532; baseline 0.003 -19"><span class='ocrx_word' id='word_1_276' title='bbox 103 2469 346 2514; x_wconf 76' lang='lat' dir='ltr'><strong>actuum.</strong></span> <span class='ocrx_word' id='word_1_277' title='bbox 370 2460 786 2516; x_wconf 89' lang='lat' dir='ltr'><strong>Consideremus</strong></span> <span class='ocrx_word' id='word_1_278' title='bbox 824 2463 1012 2532; x_wconf 88' lang='lat' dir='ltr'><strong>quanti</strong></span> <span class='ocrx_word' id='word_1_279' title='bbox 1057 2463 1408 2518; x_wconf 66' lang='lat' dir='ltr'><strong>mstimaverit</strong></span> <span class='ocrx_word' id='word_1_280' title='bbox 1451 2477 1688 2532; x_wconf 67' lang='lat' dir='ltr'><strong>praesens</strong></span> 
     </span>
    </p>
   </div>
   <div class='ocr_carea' id='block_1_41' title="bbox 102 2552 1689 2625">
    <p class='ocr_par' dir='ltr' id='par_1_41' title="bbox 102 2552 1689 2625">
     <span class='ocr_line' id='line_1_41' title="bbox 102 2552 1689 2625; baseline 0.001 -18"><span class='ocrx_word' id='word_1_281' title='bbox 102 2552 386 2619; x_wconf 65' lang='lat' dir='ltr'><strong>saeculum,</strong></span> <span class='ocrx_word' id='word_1_282' title='bbox 431 2555 517 2608; x_wconf 92' lang='lat' dir='ltr'><strong>cui</strong></span> <span class='ocrx_word' id='word_1_283' title='bbox 553 2554 803 2609; x_wconf 82' lang='lat' dir='ltr'><strong>valefecit</strong></span> <span class='ocrx_word' id='word_1_284' title='bbox 831 2555 1048 2624; x_wconf 89' lang='lat' dir='ltr'><strong>quando</strong></span> <span class='ocrx_word' id='word_1_285' title='bbox 1079 2555 1126 2610; x_wconf 92' lang='lat' dir='ltr'><strong>ei</strong></span> <span class='ocrx_word' id='word_1_286' title='bbox 1185 2554 1464 2610; x_wconf 78' lang='lat' dir='ltr'><strong>arridebat</strong></span> <span class='ocrx_word' id='word_1_287' title='bbox 1517 2553 1689 2625; x_wconf 92' lang='lat' dir='ltr'><strong>pluri-</strong></span> 
     </span>
    </p>
   </div>
   <div class='ocr_carea' id='block_1_42' title="bbox 103 2645 1688 2716">
    <p class='ocr_par' dir='ltr' id='par_1_42' title="bbox 103 2645 1688 2716">
     <span class='ocr_line' id='line_1_42' title="bbox 103 2645 1688 2716; baseline 0.003 -20"><span class='ocrx_word' id='word_1_288' title='bbox 103 2661 282 2707; x_wconf 87' lang='lat' dir='ltr'><strong>mum,</strong></span> <span class='ocrx_word' id='word_1_289' title='bbox 312 2654 528 2700; x_wconf 90' lang='lat' dir='ltr'><strong>secutus</strong></span> <span class='ocrx_word' id='word_1_290' title='bbox 571 2646 639 2700; x_wconf 92' lang='lat' dir='ltr'><strong>ad</strong></span> <span class='ocrx_word' id='word_1_291' title='bbox 691 2645 925 2700; x_wconf 86' lang='lat' dir='ltr'><strong>lamenta</strong></span> <span class='ocrx_word' id='word_1_292' title='bbox 979 2647 1204 2716; x_wconf 88' lang='lat' dir='ltr'><strong>spiritus</strong></span> <span class='ocrx_word' id='word_1_293' title='bbox 1257 2646 1602 2702; x_wconf 90' lang='lat' dir='ltr'><strong>contribulati</strong></span> <span class='ocrx_word' id='word_1_294' title='bbox 1633 2654 1688 2700; x_wconf 89' lang='lat' dir='ltr'><strong>et</strong></span> 
     </span>
    </p>
   </div>
   <div class='ocr_carea' id='block_1_43' title="bbox 101 2737 1688 2810">
    <p class='ocr_par' dir='ltr' id='par_1_43' title="bbox 101 2737 1688 2810">
     <span class='ocr_line' id='line_1_43' title="bbox 101 2737 1688 2810; baseline 0.001 -19"><span class='ocrx_word' id='word_1_295' title='bbox 101 2737 325 2791; x_wconf 89' lang='lat' dir='ltr'><strong>contriti</strong></span> <span class='ocrx_word' id='word_1_296' title='bbox 353 2738 531 2792; x_wconf 90' lang='lat' dir='ltr'><strong>cordis</strong></span> <span class='ocrx_word' id='word_1_297' title='bbox 559 2738 842 2792; x_wconf 90' lang='lat' dir='ltr'><strong>Dominum</strong></span> <span class='ocrx_word' id='word_1_298' title='bbox 872 2737 1054 2792; x_wconf 86' lang='lat' dir='ltr'><strong>Jcsnm</strong></span> <span class='ocrx_word' id='word_1_299' title='bbox 1084 2737 1254 2810; x_wconf 72' lang='lat' dir='ltr'><strong>(Paul.</strong></span> <span class='ocrx_word' id='word_1_300' title='bbox 1288 2755 1338 2801; x_wconf 90' lang='lat' dir='ltr'><strong>L,</strong></span> <span class='ocrx_word' id='word_1_301' title='bbox 1365 2738 1452 2804; x_wconf 74' lang='lat' dir='ltr'><strong>l9)</strong></span> <span class='ocrx_word' id='word_1_302' title='bbox 1481 2737 1592 2806; x_wconf 88' lang='lat' dir='ltr'><strong>qui,</strong></span> <span class='ocrx_word' id='word_1_303' title='bbox 1622 2753 1688 2796; x_wconf 87' lang='lat' dir='ltr'><strong>ne</strong></span> 
     </span>
    </p>
   </div>
   <div class='ocr_carea' id='block_1_44' title="bbox 99 2826 1685 2898">
    <p class='ocr_par' dir='ltr' id='par_1_44' title="bbox 99 2826 1685 2898">
     <span class='ocr_line' id='line_1_44' title="bbox 99 2826 1685 2898; baseline 0 -18"><span class='ocrx_word' id='word_1_304' title='bbox 99 2827 193 2880; x_wconf 90' lang='lat' dir='ltr'><strong>hic</strong></span> <span class='ocrx_word' id='word_1_305' title='bbox 225 2826 546 2895; x_wconf 86' lang='lat' dir='ltr'><strong>periremus,</strong></span> <span class='ocrx_word' id='word_1_306' title='bbox 576 2828 643 2881; x_wconf 91' lang='lat' dir='ltr'><strong>ad</strong></span> <span class='ocrx_word' id='word_1_307' title='bbox 689 2828 828 2882; x_wconf 89' lang='lat' dir='ltr'><strong>hanc</strong></span> <span class='ocrx_word' id='word_1_308' title='bbox 857 2827 1048 2881; x_wconf 84' lang='lat' dir='ltr'><strong>vallem</strong></span> <span class='ocrx_word' id='word_1_309' title='bbox 1092 2827 1370 2881; x_wconf 88' lang='lat' dir='ltr'><strong>descendit</strong></span> <span class='ocrx_word' id='word_1_310' title='bbox 1417 2826 1685 2898; x_wconf 80' lang='lat' dir='ltr'><strong>Iacrynia-</strong></span> 
     </span>
    </p>
   </div>
   <div class='ocr_carea' id='block_1_45' title="bbox 100 2914 1688 2985">
    <p class='ocr_par' dir='ltr' id='par_1_45' title="bbox 100 2914 1688 2985">
     <span class='ocr_line' id='line_1_45' title="bbox 100 2914 1688 2985; baseline 0.001 -18"><span class='ocrx_word' id='word_1_311' title='bbox 100 2931 251 2968; x_wconf 92' lang='lat' dir='ltr'><strong>rum.</strong></span> <span class='ocrx_word' id='word_1_312' title='bbox 294 2915 399 2970; x_wconf 81' lang='lat' dir='ltr'><strong>Nec</strong></span> <span class='ocrx_word' id='word_1_313' title='bbox 430 2915 788 2985; x_wconf 90' lang='lat' dir='ltr'><strong>pauperculus</strong></span> <span class='ocrx_word' id='word_1_314' title='bbox 822 2915 1048 2985; x_wconf 90' lang='lat' dir='ltr'><strong>quilibet</strong></span> <span class='ocrx_word' id='word_1_315' title='bbox 1074 2914 1363 2970; x_wconf 91' lang='lat' dir='ltr'><strong>homuncio</strong></span> <span class='ocrx_word' id='word_1_316' title='bbox 1391 2922 1532 2968; x_wconf 87' lang='lat' dir='ltr'><strong>tanta</strong></span> <span class='ocrx_word' id='word_1_317' title='bbox 1575 2915 1688 2968; x_wconf 84' lang='lat' dir='ltr'><strong>ala-</strong></span> 
     </span>
    </p>
   </div>
   <div class='ocr_carea' id='block_1_46' title="bbox 99 3004 1686 3075">
    <p class='ocr_par' dir='ltr' id='par_1_46' title="bbox 99 3004 1686 3075">
     <span class='ocr_line' id='line_1_46' title="bbox 99 3004 1686 3075; baseline 0 -17"><span class='ocrx_word' id='word_1_318' title='bbox 99 3006 305 3059; x_wconf 86' lang='lat' dir='ltr'><strong>critate</strong></span> <span class='ocrx_word' id='word_1_319' title='bbox 353 3006 570 3074; x_wconf 86' lang='lat' dir='ltr'><strong>reliquit</strong></span> <span class='ocrx_word' id='word_1_320' title='bbox 604 3005 708 3060; x_wconf 88' lang='lat' dir='ltr'><strong>vile</strong></span> <span class='ocrx_word' id='word_1_321' title='bbox 736 3004 1101 3075; x_wconf 64' lang='lat' dir='ltr'><strong>,tuguriolum,</strong></span> <span class='ocrx_word' id='word_1_322' title='bbox 1155 3004 1334 3059; x_wconf 86' lang='lat' dir='ltr'><strong>culmo</strong></span> <span class='ocrx_word' id='word_1_323' title='bbox 1384 3013 1439 3059; x_wconf 89' lang='lat' dir='ltr'><strong>et</strong></span> <span class='ocrx_word' id='word_1_324' title='bbox 1482 3004 1686 3074; x_wconf 84' lang='lat' dir='ltr'><strong>cespite</strong></span> 
     </span>
    </p>
   </div>
   <div class='ocr_carea' id='block_1_47' title="bbox 97 3093 1685 3166">
    <p class='ocr_par' dir='ltr' id='par_1_47' title="bbox 97 3093 1685 3166">
     <span class='ocr_line' id='line_1_47' title="bbox 97 3093 1685 3166; baseline -0.001 -17"><span class='ocrx_word' id='word_1_325' title='bbox 97 3105 440 3160; x_wconf 89' lang='lat' dir='ltr'><strong>contectum,</strong></span> <span class='ocrx_word' id='word_1_326' title='bbox 481 3106 681 3166; x_wconf 86' lang='lat' dir='ltr'><strong>quanta</strong></span> <span class='ocrx_word' id='word_1_327' title='bbox 712 3097 799 3150; x_wconf 92' lang='lat' dir='ltr'><strong>hic</strong></span> <span class='ocrx_word' id='word_1_328' title='bbox 826 3095 919 3150; x_wconf 91' lang='lat' dir='ltr'><strong>Dei</strong></span> <span class='ocrx_word' id='word_1_329' title='bbox 962 3095 1138 3150; x_wconf 90' lang='lat' dir='ltr'><strong>cultor</strong></span> <span class='ocrx_word' id='word_1_330' title='bbox 1167 3096 1358 3149; x_wconf 88' lang='lat' dir='ltr'><strong>urbem</strong></span> <span class='ocrx_word' id='word_1_331' title='bbox 1397 3093 1685 3149; x_wconf 88' lang='lat' dir='ltr'><strong>Niversen-</strong></span> 
     </span>
    </p>
   </div>
   <div class='ocr_carea' id='block_1_48' title="bbox 96 3184 1686 3255">
    <p class='ocr_par' dir='ltr' id='par_1_48' title="bbox 96 3184 1686 3255">
     <span class='ocr_line' id='line_1_48' title="bbox 96 3184 1686 3255; baseline -0.003 -13"><span class='ocrx_word' id='word_1_332' title='bbox 96 3190 269 3252; x_wconf 81' lang='lat' dir='ltr'><strong>sitim,</strong></span> <span class='ocrx_word' id='word_1_333' title='bbox 297 3185 449 3255; x_wconf 89' lang='lat' dir='ltr'><strong>cujus</strong></span> <span class='ocrx_word' id='word_1_334' title='bbox 498 3187 550 3240; x_wconf 88' lang='lat' dir='ltr'><strong>in</strong></span> <span class='ocrx_word' id='word_1_335' title='bbox 597 3201 806 3241; x_wconf 87' lang='lat' dir='ltr'><strong>summa</strong></span> <span class='ocrx_word' id='word_1_336' title='bbox 860 3200 1040 3239; x_wconf 87' lang='lat' dir='ltr'><strong>rerum</strong></span> <span class='ocrx_word' id='word_1_337' title='bbox 1073 3185 1224 3255; x_wconf 86' lang='lat' dir='ltr'><strong>copia</strong></span> <span class='ocrx_word' id='word_1_338' title='bbox 1271 3184 1686 3239; x_wconf 88' lang='lat' dir='ltr'><strong>administrabat</strong></span> 
     </span>
    </p>
   </div>
   <div class='ocr_carea' id='block_1_49' title="bbox 171 3315 1683 3388">
    <p class='ocr_par' dir='ltr' id='par_1_49' title="bbox 171 3315 1683 3388">
     <span class='ocr_line' id='line_1_49' title="bbox 171 3315 1683 3388; baseline -0.001 -18"><span class='ocrx_word' id='word_1_339' title='bbox 171 3318 290 3388; x_wconf 67' lang='lat'><strong>(25)</strong></span> <span class='ocrx_word' id='word_1_340' title='bbox 334 3317 594 3386; x_wconf 90' lang='lat' dir='ltr'><strong>Impressa</strong></span> <span class='ocrx_word' id='word_1_341' title='bbox 625 3317 860 3385; x_wconf 81' lang='lat' dir='ltr'><strong>abrepta,</strong></span> <span class='ocrx_word' id='word_1_342' title='bbox 882 3316 1045 3370; x_wconf 86' lang='lat' dir='ltr'><strong>credo</strong></span> <span class='ocrx_word' id='word_1_343' title='bbox 1097 3317 1219 3388; x_wconf 77' lang='grc' dir='ltr'><strong>(ριῖο</strong></span> <span class='ocrx_word' id='word_1_344' title='bbox 1240 3329 1356 3388; x_wconf 86' lang='lat' dir='ltr'><strong>us_u_</strong></span> <span class='ocrx_word' id='word_1_345' title='bbox 1375 3315 1533 3388; x_wconf 79' lang='lat' dir='ltr'><strong>medii</strong></span> <span class='ocrx_word' id='word_1_346' title='bbox 1559 3315 1683 3388; x_wconf 65' lang='lat' dir='ltr'><strong>aevi,</strong></span> 
     </span>
    </p>
   </div>
   <div class='ocr_carea' id='block_1_50' title="bbox 94 3383 1684 3457">
    <p class='ocr_par' dir='ltr' id='par_1_50' title="bbox 94 3383 1684 3457">
     <span class='ocr_line' id='line_1_50' title="bbox 94 3383 1684 3457; baseline 0 -19"><span class='ocrx_word' id='word_1_347' title='bbox 94 3383 540 3457; x_wconf 42' lang='lat' dir='ltr'><strong>praepositio—nem</strong></span> <span class='ocrx_word' id='word_1_348' title='bbox 572 3389 639 3440; x_wconf 81' lang='lat' dir='ltr'><strong>ad</strong></span> <span class='ocrx_word' id='word_1_349' title='bbox 693 3383 1013 3440; x_wconf 82' lang='lat' dir='ltr'><strong>invariatam</strong></span> <span class='ocrx_word' id='word_1_350' title='bbox 1058 3383 1365 3454; x_wconf 78' lang='lat' dir='ltr'><strong>scribentis)</strong></span> <span class='ocrx_word' id='word_1_351' title='bbox 1417 3385 1583 3439; x_wconf 80' lang='lat' dir='ltr'><strong>fuisse</strong></span> <span class='ocrx_word' id='word_1_352' title='bbox 1632 3386 1684 3438; x_wconf 91' lang='lat' dir='ltr'><strong>in</strong></span> 
     </span>
    </p>
   </div>
   <div class='ocr_carea' id='block_1_51' title="bbox 94 3458 991 3527">
    <p class='ocr_par' dir='ltr' id='par_1_51' title="bbox 94 3458 991 3527">
     <span class='ocr_line' id='line_1_51' title="bbox 94 3458 991 3527; baseline -0.006 -14"><span class='ocrx_word' id='word_1_353' title='bbox 94 3460 350 3526; x_wconf 76' lang='lat' dir='ltr'><strong>originali</strong></span> <span class='ocrx_word' id='word_1_354' title='bbox 381 3472 718 3527; x_wconf 79' lang='lat' dir='ltr'><strong>expressum,</strong></span> <span class='ocrx_word' id='word_1_355' title='bbox 755 3458 991 3527; x_wconf 70' lang='lat' dir='ltr'><strong>adreptq.</strong></span> 
     </span>
    </p>
   </div>
   <div class='ocr_carea' id='block_1_52' title="bbox 170 3523 1685 3599">
    <p class='ocr_par' dir='ltr' id='par_1_52' title="bbox 170 3523 1685 3599">
     <span class='ocr_line' id='line_1_52' title="bbox 170 3523 1685 3599; baseline -0.003 -17"><span class='ocrx_word' id='word_1_356' title='bbox 170 3523 290 3599; x_wconf 57' lang='grc' dir='ltr'><strong>(ἐϋ)</strong></span> <span class='ocrx_word' id='word_1_357' title='bbox 333 3531 383 3582; x_wconf 92' lang='lat' dir='ltr'><strong>In</strong></span> <span class='ocrx_word' id='word_1_358' title='bbox 422 3523 521 3582; x_wconf 78' lang='lat' dir='ltr'><strong>uis.</strong></span> <span class='ocrx_word' id='word_1_359' title='bbox 560 3526 846 3599; x_wconf 85' lang='lat' dir='ltr'><strong>Bodecensi</strong></span> <span class='ocrx_word' id='word_1_360' title='bbox 878 3523 1312 3599; x_wconf 30' lang='lat' dir='ltr'><strong>et‘Ultrajectino</strong></span> <span class='ocrx_word' id='word_1_361' title='bbox 1333 3523 1541 3599; x_wconf 65' lang='lat' dir='ltr'><strong>desunt</strong></span> <span class='ocrx_word' id='word_1_362' title='bbox 1572 3523 1685 3578; x_wconf 80' lang='lat' dir='ltr'><strong>haec</strong></span> 
     </span>
    </p>
   </div>
   <div class='ocr_carea' id='block_1_53' title="bbox 93 3594 1687 3663">
    <p class='ocr_par' dir='ltr' id='par_1_53' title="bbox 93 3594 1687 3663">
     <span class='ocr_line' id='line_1_53' title="bbox 93 3594 1687 3663; baseline -0.004 -11"><span class='ocrx_word' id='word_1_363' title='bbox 93 3599 162 3654; x_wconf 89' lang='lat' dir='ltr'><strong>de</strong></span> <span class='ocrx_word' id='word_1_364' title='bbox 180 3594 494 3652; x_wconf 63' lang='lat' dir='ltr'><strong>successore</strong></span> <span class='ocrx_word' id='word_1_365' title='bbox 537 3596 752 3662; x_wconf 79' lang='lat' dir='ltr'><strong>delecto,</strong></span> <span class='ocrx_word' id='word_1_366' title='bbox 781 3604 884 3650; x_wconf 89' lang='lat' dir='ltr'><strong>etc.</strong></span> <span class='ocrx_word' id='word_1_367' title='bbox 931 3595 976 3650; x_wconf 93' lang='lat' dir='ltr'><strong>Is</strong></span> <span class='ocrx_word' id='word_1_368' title='bbox 1002 3608 1202 3658; x_wconf 89' lang='lat' dir='ltr'><strong>autem,</strong></span> <span class='ocrx_word' id='word_1_369' title='bbox 1239 3609 1305 3647; x_wconf 83' lang='lat' dir='ltr'><strong>ex</strong></span> <span class='ocrx_word' id='word_1_370' title='bbox 1332 3594 1541 3663; x_wconf 82' lang='lat' dir='ltr'><strong>Rigneti</strong></span> <span class='ocrx_word' id='word_1_371' title='bbox 1570 3608 1687 3648; x_wconf 90' lang='lat' dir='ltr'><strong>sen-</strong></span> 
     </span>
    </p>
   </div>
   <div class='ocr_carea' id='block_1_54' title="bbox 98 3664 1685 3732">
    <p class='ocr_par' dir='ltr' id='par_1_54' title="bbox 98 3664 1685 3732">
     <span class='ocr_line' id='line_1_54' title="bbox 98 3664 1685 3732; baseline -0.003 -11"><span class='ocrx_word' id='word_1_372' title='bbox 98 3670 298 3732; x_wconf 84' lang='lat' dir='ltr'><strong>tentia,</strong></span> <span class='ocrx_word' id='word_1_373' title='bbox 326 3668 543 3722; x_wconf 85' lang='lat' dir='ltr'><strong>deberet</strong></span> <span class='ocrx_word' id='word_1_374' title='bbox 573 3667 782 3720; x_wconf 79' lang='lat' dir='ltr'><strong>censeri</strong></span> <span class='ocrx_word' id='word_1_375' title='bbox 814 3666 1110 3727; x_wconf 73' lang='lat' dir='ltr'><strong>Itanracus,</strong></span> <span class='ocrx_word' id='word_1_376' title='bbox 1150 3666 1217 3718; x_wconf 77' lang='lat' dir='ltr'><strong>ad</strong></span> <span class='ocrx_word' id='word_1_377' title='bbox 1265 3679 1352 3716; x_wconf 89' lang='lat' dir='ltr'><strong>an.</strong></span> <span class='ocrx_word' id='word_1_378' title='bbox 1395 3664 1518 3726; x_wconf 77' lang='lat'><strong>650,</strong></span> <span class='ocrx_word' id='word_1_379' title='bbox 1551 3678 1685 3716; x_wconf 91' lang='lat' dir='ltr'><strong>con-</strong></span> 
     </span>
    </p>
   </div>
   <div class='ocr_carea' id='block_1_55' title="bbox 95 3733 1684 3804">
    <p class='ocr_par' dir='ltr' id='par_1_55' title="bbox 95 3733 1684 3804">
     <span class='ocr_line' id='line_1_55' title="bbox 95 3733 1684 3804; baseline -0.002 -13"><span class='ocrx_word' id='word_1_380' title='bbox 95 3739 233 3791; x_wconf 92' lang='lat' dir='ltr'><strong>cilio</strong></span> <span class='ocrx_word' id='word_1_381' title='bbox 271 3737 609 3792; x_wconf 84' lang='lat' dir='ltr'><strong>Cabiloneusi</strong></span> <span class='ocrx_word' id='word_1_382' title='bbox 654 3737 1004 3804; x_wconf 90' lang='lat' dir='ltr'><strong>subscriptus.</strong></span> <span class='ocrx_word' id='word_1_383' title='bbox 1043 3735 1150 3789; x_wconf 86' lang='lat' dir='ltr'><strong>Nec</strong></span> <span class='ocrx_word' id='word_1_384' title='bbox 1192 3735 1360 3796; x_wconf 88' lang='lat' dir='ltr'><strong>obest,</strong></span> <span class='ocrx_word' id='word_1_385' title='bbox 1413 3742 1516 3788; x_wconf 91' lang='lat' dir='ltr'><strong>etc.</strong></span> <span class='ocrx_word' id='word_1_386' title='bbox 1554 3733 1684 3788; x_wconf 88' lang='lat' dir='ltr'><strong>Vide</strong></span> 
     </span>
    </p>
   </div>
   <div class='ocr_carea' id='block_1_56' title="bbox 92 3804 1210 3877">
    <p class='ocr_par' dir='ltr' id='par_1_56' title="bbox 92 3804 1210 3877">
     <span class='ocr_line' id='line_1_56' title="bbox 92 3804 1210 3877; baseline -0.005 -16"><span class='ocrx_word' id='word_1_387' title='bbox 92 3809 363 3877; x_wconf 86' lang='lat' dir='ltr'><strong>append.,</strong></span> <span class='ocrx_word' id='word_1_388' title='bbox 397 3816 437 3861; x_wconf 92' lang='lat' dir='ltr'><strong>t.</strong></span> <span class='ocrx_word' id='word_1_389' title='bbox 471 3806 536 3859; x_wconf 89' lang='lat' dir='ltr'><strong>Vl</strong></span> <span class='ocrx_word' id='word_1_390' title='bbox 589 3804 728 3859; x_wconf 85' lang='lat' dir='ltr'><strong>Junii</strong></span> <span class='ocrx_word' id='word_1_391' title='bbox 759 3822 881 3877; x_wconf 85' lang='lat' dir='ltr'><strong>pag.</strong></span> <span class='ocrx_word' id='word_1_392' title='bbox 913 3805 1039 3868; x_wconf 66' lang='lat'><strong>216,</strong></span> <span class='ocrx_word' id='word_1_393' title='bbox 1070 3822 1118 3859; x_wconf 93' lang='lat' dir='ltr'><strong>c.</strong></span> <span class='ocrx_word' id='word_1_394' title='bbox 1157 3805 1210 3856; x_wconf 74' lang='lat'><strong>2.</strong></span> 
     </span>
    </p>
   </div>
   <div class='ocr_carea' id='block_1_57' title="bbox 166 3874 1681 3946">
    <p class='ocr_par' dir='ltr' id='par_1_57' title="bbox 166 3874 1681 3946">
     <span class='ocr_line' id='line_1_57' title="bbox 166 3874 1681 3946; baseline 0 -18"><span class='ocrx_word' id='word_1_395' title='bbox 166 3874 288 3946; x_wconf 67' lang='lat'><strong>(27)</strong></span> <span class='ocrx_word' id='word_1_396' title='bbox 327 3877 401 3929; x_wconf 88' lang='lat' dir='ltr'><strong>Ita</strong></span> <span class='ocrx_word' id='word_1_397' title='bbox 449 3892 549 3946; x_wconf 62' lang='lat' dir='ltr'><strong>ms.</strong></span> <span class='ocrx_word' id='word_1_398' title='bbox 582 3876 800 3946; x_wconf 85' lang='lat' dir='ltr'><strong>consule</strong></span> <span class='ocrx_word' id='word_1_399' title='bbox 843 3891 961 3943; x_wconf 65' lang='lat' dir='ltr'><strong>qnte</strong></span> <span class='ocrx_word' id='word_1_400' title='bbox 991 3876 1055 3929; x_wconf 89' lang='lat' dir='ltr'><strong>de</strong></span> <span class='ocrx_word' id='word_1_401' title='bbox 1091 3875 1280 3946; x_wconf 69' lang='lat' dir='ltr'><strong>vangis</strong></span> <span class='ocrx_word' id='word_1_402' title='bbox 1323 3874 1681 3946; x_wconf 82' lang='lat' dir='ltr'><strong>disseruimus</strong></span> 
     </span>
    </p>
   </div>
   <div class='ocr_carea' id='block_1_58' title="bbox 90 3944 1678 4016">
    <p class='ocr_par' dir='ltr' id='par_1_58' title="bbox 90 3944 1678 4016">
     <span class='ocr_line' id='line_1_58' title="bbox 90 3944 1678 4016; baseline -0.002 -16"><span class='ocrx_word' id='word_1_403' title='bbox 90 3964 145 4001; x_wconf 82' lang='lat' dir='ltr'><strong>xi</strong></span> <span class='ocrx_word' id='word_1_404' title='bbox 178 3944 389 4016; x_wconf 62' lang='lat' dir='ltr'><strong>Aprilis</strong></span> <span class='ocrx_word' id='word_1_405' title='bbox 417 3948 482 3999; x_wconf 92' lang='lat' dir='ltr'><strong>ad</strong></span> <span class='ocrx_word' id='word_1_406' title='bbox 511 3945 687 3999; x_wconf 83' lang='lat' dir='ltr'><strong>Vitam</strong></span> <span class='ocrx_word' id='word_1_407' title='bbox 716 3945 774 3998; x_wconf 91' lang='lat' dir='ltr'><strong>S.</strong></span> <span class='ocrx_word' id='word_1_408' title='bbox 816 3946 984 4009; x_wconf 90' lang='lat' dir='ltr'><strong>Isaac,</strong></span> <span class='ocrx_word' id='word_1_409' title='bbox 1034 3960 1099 3999; x_wconf 83' lang='lat' dir='ltr'><strong>ex</strong></span> <span class='ocrx_word' id='word_1_410' title='bbox 1133 3960 1193 4016; x_wconf 86' lang='lat' dir='ltr'><strong>II&#39;I</strong></span> <span class='ocrx_word' id='word_1_411' title='bbox 1225 3944 1566 4016; x_wconf 80' lang='lat' dir='ltr'><strong>Dialogorum</strong></span> <span class='ocrx_word' id='word_1_412' title='bbox 1619 3946 1678 3998; x_wconf 94' lang='lat' dir='ltr'><strong>S.</strong></span> 
     </span>
    </p>
   </div>
   <div class='ocr_carea' id='block_1_59' title="bbox 91 4013 1681 4082">
    <p class='ocr_par' dir='ltr' id='par_1_59' title="bbox 91 4013 1681 4082">
     <span class='ocr_line' id='line_1_59' title="bbox 91 4013 1681 4082; baseline -0.001 -12"><span class='ocrx_word' id='word_1_413' title='bbox 91 4013 370 4082; x_wconf 73' lang='lat' dir='ltr'><strong>Gregorii.</strong></span> <span class='ocrx_word' id='word_1_414' title='bbox 403 4016 546 4070; x_wconf 90' lang='lat' dir='ltr'><strong>Idem</strong></span> <span class='ocrx_word' id='word_1_415' title='bbox 580 4029 774 4071; x_wconf 92' lang='lat' dir='ltr'><strong>nomen</strong></span> <span class='ocrx_word' id='word_1_416' title='bbox 807 4016 1034 4068; x_wconf 88' lang='lat' dir='ltr'><strong>habetur</strong></span> <span class='ocrx_word' id='word_1_417' title='bbox 1075 4015 1238 4068; x_wconf 88' lang='lat' dir='ltr'><strong>etiam</strong></span> <span class='ocrx_word' id='word_1_418' title='bbox 1287 4013 1681 4078; x_wconf 32' lang='lat' dir='ltr'><strong>xtv’Januarii,</strong></span> 
     </span>
    </p>
   </div>
   <div class='ocr_carea' id='block_1_60' title="bbox 92 4084 1684 4153">
    <p class='ocr_par' dir='ltr' id='par_1_60' title="bbox 92 4084 1684 4153">
     <span class='ocr_line' id='line_1_60' title="bbox 92 4084 1684 4153; baseline 0 -14"><span class='ocrx_word' id='word_1_419' title='bbox 92 4088 145 4140; x_wconf 90' lang='lat' dir='ltr'><strong>in</strong></span> <span class='ocrx_word' id='word_1_420' title='bbox 184 4085 314 4141; x_wconf 77' lang='lat' dir='ltr'><strong>Vita</strong></span> <span class='ocrx_word' id='word_1_421' title='bbox 358 4085 414 4140; x_wconf 90' lang='lat' dir='ltr'><strong>S.</strong></span> <span class='ocrx_word' id='word_1_422' title='bbox 450 4085 645 4140; x_wconf 88' lang='lat' dir='ltr'><strong>Felicis</strong></span> <span class='ocrx_word' id='word_1_423' title='bbox 683 4084 895 4137; x_wconf 80' lang='lat' dir='ltr'><strong>Nolani.</strong></span> <span class='ocrx_word' id='word_1_424' title='bbox 940 4084 1036 4138; x_wconf 85' lang='lat' dir='ltr'><strong>Est</strong></span> <span class='ocrx_word' id='word_1_425' title='bbox 1075 4095 1251 4138; x_wconf 87' lang='lat' dir='ltr'><strong>autem</strong></span> <span class='ocrx_word' id='word_1_426' title='bbox 1299 4102 1465 4153; x_wconf 84' lang='lat' dir='ltr'><strong>vanga</strong></span> <span class='ocrx_word' id='word_1_427' title='bbox 1514 4100 1684 4152; x_wconf 79' lang='lat' dir='ltr'><strong>genus</strong></span> 
     </span>
    </p>
   </div>
   <div class='ocr_carea' id='block_1_61' title="bbox 92 4155 1684 4226">
    <p class='ocr_par' dir='ltr' id='par_1_61' title="bbox 92 4155 1684 4226">
     <span class='ocr_line' id='line_1_61' title="bbox 92 4155 1684 4226; baseline 0 -18"><span class='ocrx_word' id='word_1_428' title='bbox 92 4155 626 4226; x_wconf 28' lang='lat' dir='ltr'><strong>ligonisahlosander</strong></span> <span class='ocrx_word' id='word_1_429' title='bbox 655 4155 930 4226; x_wconf 77' lang='lat' dir='ltr'><strong>explicat,</strong></span> <span class='ocrx_word' id='word_1_430' title='bbox 956 4171 973 4203; x_wconf 75' lang='grc' dir='ltr'>ι</span> <span class='ocrx_word' id='word_1_431' title='bbox 1013 4155 1207 4226; x_wconf 80' lang='lat' dir='ltr'><strong>marris</strong></span> <span class='ocrx_word' id='word_1_432' title='bbox 1235 4165 1289 4208; x_wconf 90' lang='lat' dir='ltr'><strong>et</strong></span> <span class='ocrx_word' id='word_1_433' title='bbox 1309 4155 1684 4226; x_wconf 70' lang='lat' dir='ltr'><strong>instrumentis</strong></span> 
     </span>
    </p>
   </div>
   <div class='ocr_carea' id='block_1_62' title="bbox 90 4224 1678 4295">
    <p class='ocr_par' dir='ltr' id='par_1_62' title="bbox 90 4224 1678 4295">
     <span class='ocr_line' id='line_1_62' title="bbox 90 4224 1678 4295; baseline 0 -17"><span class='ocrx_word' id='word_1_434' title='bbox 90 4224 242 4281; x_wconf 83' lang='lat' dir='ltr'><strong>aliis.</strong></span> <span class='ocrx_word' id='word_1_435' title='bbox 277 4245 297 4278; x_wconf 77' lang='grc' dir='ltr'><strong><em>ι</em></strong></span> <span class='ocrx_word' id='word_1_436' title='bbox 325 4225 589 4295; x_wconf 87' lang='lat' dir='ltr'><strong>lmpressa</strong></span> <span class='ocrx_word' id='word_1_437' title='bbox 617 4225 980 4295; x_wconf 12' lang='lat' dir='ltr'><strong>Ieguntivasis.</strong></span> <span class='ocrx_word' id='word_1_438' title='bbox 1004 4224 1197 4287; x_wconf 88' lang='lat' dir='ltr'><strong>Censet</strong></span> <span class='ocrx_word' id='word_1_439' title='bbox 1215 4239 1376 4295; x_wconf 90' lang='lat' dir='ltr'><strong>porro</strong></span> <span class='ocrx_word' id='word_1_440' title='bbox 1395 4224 1678 4294; x_wconf 80' lang='lat' dir='ltr'><strong>Riguetus,</strong></span> 
     </span>
    </p>
   </div>
   <div class='ocr_carea' id='block_1_63' title="bbox 91 4294 1683 4362">
    <p class='ocr_par' dir='ltr' id='par_1_63' title="bbox 91 4294 1683 4362">
     <span class='ocr_line' id='line_1_63' title="bbox 91 4294 1683 4362; baseline 0 -14"><span class='ocrx_word' id='word_1_441' title='bbox 91 4306 256 4352; x_wconf 70' lang='lat' dir='ltr'><strong>mtatc</strong></span> <span class='ocrx_word' id='word_1_442' title='bbox 279 4294 520 4350; x_wconf 82' lang='lat' dir='ltr'><strong>auctoris</strong></span> <span class='ocrx_word' id='word_1_443' title='bbox 547 4296 712 4348; x_wconf 82' lang='lat' dir='ltr'><strong>fuisse</strong></span> <span class='ocrx_word' id='word_1_444' title='bbox 742 4294 946 4348; x_wconf 87' lang='lat' dir='ltr'><strong>minera</strong></span> <span class='ocrx_word' id='word_1_445' title='bbox 979 4295 1030 4348; x_wconf 92' lang='lat' dir='ltr'><strong>in</strong></span> <span class='ocrx_word' id='word_1_446' title='bbox 1057 4294 1326 4347; x_wconf 87' lang='lat' dir='ltr'><strong>montanis</strong></span> <span class='ocrx_word' id='word_1_447' title='bbox 1350 4295 1487 4359; x_wconf 88' lang='lat' dir='ltr'><strong>istis,</strong></span> <span class='ocrx_word' id='word_1_448' title='bbox 1517 4312 1536 4345; x_wconf 70' lang='grc' dir='ltr'>ί</span> <span class='ocrx_word' id='word_1_449' title='bbox 1564 4296 1683 4362; x_wconf 89' lang='lat' dir='ltr'><strong>qui-</strong></span> 
     </span>
    </p>
   </div>
   <div class='ocr_carea' id='block_1_64' title="bbox 91 4365 1681 4434">
    <p class='ocr_par' dir='ltr' id='par_1_64' title="bbox 91 4365 1681 4434">
     <span class='ocr_line' id='line_1_64' title="bbox 91 4365 1681 4434; baseline -0.001 -14"><span class='ocrx_word' id='word_1_450' title='bbox 91 4367 217 4427; x_wconf 88' lang='lat' dir='ltr'><strong>bus.</strong></span> <span class='ocrx_word' id='word_1_451' title='bbox 250 4367 448 4434; x_wconf 88' lang='lat' dir='ltr'><strong>inquit,</strong></span> <span class='ocrx_word' id='word_1_452' title='bbox 478 4365 731 4420; x_wconf 88' lang='lat' dir='ltr'><strong>eruendis</strong></span> <span class='ocrx_word' id='word_1_453' title='bbox 773 4365 1006 4418; x_wconf 88' lang='lat' dir='ltr'><strong>vidimus</strong></span> <span class='ocrx_word' id='word_1_454' title='bbox 1052 4375 1233 4419; x_wconf 91' lang='lat' dir='ltr'><strong>nostra</strong></span> <span class='ocrx_word' id='word_1_455' title='bbox 1269 4374 1428 4418; x_wconf 81' lang='lat' dir='ltr'><strong>a-tate</strong></span> <span class='ocrx_word' id='word_1_456' title='bbox 1480 4369 1681 4418; x_wconf 89' lang='lat' dir='ltr'><strong>trnstra</strong></span> 
     </span>
    </p>
   </div>
   <div class='ocr_carea' id='block_1_65' title="bbox 94 4435 1677 4491">
    <p class='ocr_par' dir='ltr' id='par_1_65' title="bbox 94 4435 1677 4491">
     <span class='ocr_line' id='line_1_65' title="bbox 94 4435 1677 4491; baseline -0.001 -4"><span class='ocrx_word' id='word_1_457' title='bbox 94 4437 413 4491; x_wconf 86' lang='lat' dir='ltr'><strong>allaborari.</strong></span> <span class='ocrx_word' id='word_1_458' title='bbox 473 4435 693 4490; x_wconf 88' lang='lat' dir='ltr'><strong>Interim</strong></span> <span class='ocrx_word' id='word_1_459' title='bbox 750 4435 1079 4489; x_wconf 88' lang='lat' dir='ltr'><strong>chartularia</strong></span> <span class='ocrx_word' id='word_1_460' title='bbox 1138 4444 1322 4487; x_wconf 87' lang='lat' dir='ltr'><strong>nostra</strong></span> <span class='ocrx_word' id='word_1_461' title='bbox 1358 4436 1547 4487; x_wconf 89' lang='lat' dir='ltr'><strong>docent</strong></span> <span class='ocrx_word' id='word_1_462' title='bbox 1588 4451 1677 4488; x_wconf 90' lang='lat' dir='ltr'><strong>an.</strong></span> 
     </span>
    </p>
   </div>
   <div class='ocr_carea' id='block_1_66' title="bbox 93 4497 1678 4571">
    <p class='ocr_par' dir='ltr' id='par_1_66' title="bbox 93 4497 1678 4571">
     <span class='ocr_line' id='line_1_66' title="bbox 93 4497 1678 4571; baseline -0.001 -13"><span class='ocrx_word' id='word_1_463' title='bbox 93 4507 258 4570; x_wconf 70' lang='lat'><strong>1290,</strong></span> <span class='ocrx_word' id='word_1_464' title='bbox 277 4506 480 4560; x_wconf 89' lang='lat' dir='ltr'><strong>solutas</strong></span> <span class='ocrx_word' id='word_1_465' title='bbox 501 4497 666 4560; x_wconf 73' lang='lat' dir='ltr'><strong>fuisse</strong></span> <span class='ocrx_word' id='word_1_466' title='bbox 689 4504 941 4558; x_wconf 79' lang='lat' dir='ltr'><strong>Ecclesiae</strong></span> <span class='ocrx_word' id='word_1_467' title='bbox 969 4514 1165 4558; x_wconf 71' lang='lat' dir='ltr'><strong>nostra:</strong></span> <span class='ocrx_word' id='word_1_468' title='bbox 1189 4503 1427 4557; x_wconf 84' lang='lat' dir='ltr'><strong>decimas</strong></span> <span class='ocrx_word' id='word_1_469' title='bbox 1448 4505 1678 4571; x_wconf 84' lang='lat' dir='ltr'><strong>argenti,</strong></span> 
     </span>
    </p>
   </div>
   <div class='ocr_carea' id='block_1_67' title="bbox 91 4574 1680 4644">
    <p class='ocr_par' dir='ltr' id='par_1_67' title="bbox 91 4574 1680 4644">
     <span class='ocr_line' id='line_1_67' title="bbox 91 4574 1680 4644; baseline -0.002 -16"><span class='ocrx_word' id='word_1_470' title='bbox 91 4579 239 4644; x_wconf 90' lang='lat' dir='ltr'><strong>quod</strong></span> <span class='ocrx_word' id='word_1_471' title='bbox 272 4578 584 4630; x_wconf 88' lang='lat' dir='ltr'><strong>eruebatur.</strong></span> <span class='ocrx_word' id='word_1_472' title='bbox 600 4574 714 4630; x_wconf 63' lang='lat' dir='ltr'><strong>bon</strong></span> <span class='ocrx_word' id='word_1_473' title='bbox 728 4574 900 4642; x_wconf 84' lang='lat' dir='ltr'><strong>allego</strong></span> <span class='ocrx_word' id='word_1_474' title='bbox 921 4584 1098 4628; x_wconf 89' lang='lat' dir='ltr'><strong>autem</strong></span> <span class='ocrx_word' id='word_1_475' title='bbox 1116 4574 1442 4644; x_wconf 82' lang='lat' dir='ltr'><strong>ecgraphum</strong></span> <span class='ocrx_word' id='word_1_476' title='bbox 1457 4575 1680 4637; x_wconf 68' lang='lat' dir='ltr'><strong>chartae,</strong></span> 
     </span>
    </p>
   </div>
   <div class='ocr_carea' id='block_1_68' title="bbox 98 4643 1682 4716">
    <p class='ocr_par' dir='ltr' id='par_1_68' title="bbox 98 4643 1682 4716">
     <span class='ocr_line' id='line_1_68' title="bbox 98 4643 1682 4716; baseline 0 -19"><span class='ocrx_word' id='word_1_477' title='bbox 98 4643 363 4716; x_wconf 84' lang='lat' dir='ltr'><strong>tauquam</strong></span> <span class='ocrx_word' id='word_1_478' title='bbox 387 4648 609 4716; x_wconf 59' lang='lat' dir='ltr'><strong>signata</strong></span> <span class='ocrx_word' id='word_1_479' title='bbox 635 4661 724 4698; x_wconf 87' lang='lat' dir='ltr'><strong>an.</strong></span> <span class='ocrx_word' id='word_1_480' title='bbox 756 4645 1042 4716; x_wconf 15' lang='lat' dir='ltr'><strong>939,77quia</strong></span> <span class='ocrx_word' id='word_1_481' title='bbox 1072 4643 1358 4697; x_wconf 85' lang='lat' dir='ltr'><strong>sinceritas</strong></span> <span class='ocrx_word' id='word_1_482' title='bbox 1391 4644 1506 4713; x_wconf 84' lang='lat' dir='ltr'><strong>ejus</strong></span> <span class='ocrx_word' id='word_1_483' title='bbox 1548 4645 1682 4698; x_wconf 89' lang='lat' dir='ltr'><strong>mihi</strong></span> 
     </span>
    </p>
   </div>
   <div class='ocr_carea' id='block_1_69' title="bbox 93 4715 975 4786">
    <p class='ocr_par' dir='ltr' id='par_1_69' title="bbox 93 4715 975 4786">
     <span class='ocr_line' id='line_1_69' title="bbox 93 4715 975 4786; baseline -0.001 -18"><span class='ocrx_word' id='word_1_484' title='bbox 93 4715 252 4771; x_wconf 82' lang='lat' dir='ltr'><strong>valde</strong></span> <span class='ocrx_word' id='word_1_485' title='bbox 281 4726 365 4770; x_wconf 89' lang='lat' dir='ltr'><strong>est</strong></span> <span class='ocrx_word' id='word_1_486' title='bbox 391 4715 660 4786; x_wconf 86' lang='lat' dir='ltr'><strong>suspecta.</strong></span> <span class='ocrx_word' id='word_1_487' title='bbox 703 4733 735 4786; x_wconf 14' lang='grc' dir='ltr'><strong>»γ</strong></span> <span class='ocrx_word' id='word_1_488' title='bbox 765 4715 839 4768; x_wconf 90' lang='lat' dir='ltr'><strong>Ita</strong></span> <span class='ocrx_word' id='word_1_489' title='bbox 870 4715 975 4768; x_wconf 89' lang='lat' dir='ltr'><strong>ille.</strong></span> 
     </span>
    </p>
   </div>
   <div class='ocr_carea' id='block_1_70' title="bbox 169 4780 1682 4856">
    <p class='ocr_par' dir='ltr' id='par_1_70' title="bbox 169 4780 1682 4856">
     <span class='ocr_line' id='line_1_70' title="bbox 169 4780 1682 4856; baseline -0.003 -16"><span class='ocrx_word' id='word_1_490' title='bbox 169 4788 292 4856; x_wconf 74' lang='lat'><strong>(&#39;28)</strong></span> <span class='ocrx_word' id='word_1_491' title='bbox 331 4780 538 4841; x_wconf 82' lang='lat' dir='ltr'><strong>Colitur</strong></span> <span class='ocrx_word' id='word_1_492' title='bbox 568 4786 625 4840; x_wconf 90' lang='lat' dir='ltr'><strong>S.</strong></span> <span class='ocrx_word' id='word_1_493' title='bbox 649 4785 981 4856; x_wconf 80' lang='lat' dir='ltr'><strong>Arbogastus</strong></span> <span class='ocrx_word' id='word_1_494' title='bbox 1016 4783 1078 4836; x_wconf 73' lang='lat'><strong>2|</strong></span> <span class='ocrx_word' id='word_1_495' title='bbox 1110 4780 1234 4856; x_wconf 79' lang='lat' dir='ltr'><strong>Julii</strong></span> <span class='ocrx_word' id='word_1_496' title='bbox 1273 4791 1348 4856; x_wconf 81' lang='lat' dir='ltr'><strong>et__</strong></span> <span class='ocrx_word' id='word_1_497' title='bbox 1371 4781 1428 4836; x_wconf 90' lang='lat' dir='ltr'><strong>S.</strong></span> <span class='ocrx_word' id='word_1_498' title='bbox 1459 4783 1682 4856; x_wconf 85' lang='lat' dir='ltr'><strong>Floren-</strong></span> 
     </span>
    </p>
   </div>
   <div class='ocr_carea' id='block_1_71' title="bbox 91 4852 1682 4924">
    <p class='ocr_par' dir='ltr' id='par_1_71' title="bbox 91 4852 1682 4924">
     <span class='ocr_line' id='line_1_71' title="bbox 91 4852 1682 4924; baseline -0.001 -17"><span class='ocrx_word' id='word_1_499' title='bbox 91 4852 204 4909; x_wconf 82' lang='lat' dir='ltr'><strong>tius</strong></span> <span class='ocrx_word' id='word_1_500' title='bbox 241 4852 278 4908; x_wconf 86' lang='lat'><strong>7</strong></span> <span class='ocrx_word' id='word_1_501' title='bbox 310 4856 650 4920; x_wconf 85' lang='lat' dir='ltr'><strong>Novembris,</strong></span> <span class='ocrx_word' id='word_1_502' title='bbox 693 4852 852 4909; x_wconf 82' lang='lat' dir='ltr'><strong>ambo</strong></span> <span class='ocrx_word' id='word_1_503' title='bbox 893 4853 1272 4924; x_wconf 81' lang='lat' dir='ltr'><strong>Martyrologio</strong></span> <span class='ocrx_word' id='word_1_504' title='bbox 1317 4852 1560 4924; x_wconf 70' lang='lat' dir='ltr'><strong>Romano</strong></span> <span class='ocrx_word' id='word_1_505' title='bbox 1603 4855 1682 4906; x_wconf 90' lang='lat' dir='ltr'><strong>in-</strong></span> 
     </span>
    </p>
   </div>
   <div class='ocr_carea' id='block_1_72' title="bbox 96 4923 1679 4995">
    <p class='ocr_par' dir='ltr' id='par_1_72' title="bbox 96 4923 1679 4995">
     <span class='ocr_line' id='line_1_72' title="bbox 96 4923 1679 4995; baseline 0.001 -19"><span class='ocrx_word' id='word_1_506' title='bbox 96 4926 313 4995; x_wconf 89' lang='lat' dir='ltr'><strong>scripti.</strong></span> <span class='ocrx_word' id='word_1_507' title='bbox 341 4925 470 4990; x_wconf 74' lang='lat' dir='ltr'><strong>Qua:</strong></span> <span class='ocrx_word' id='word_1_508' title='bbox 497 4927 564 4980; x_wconf 86' lang='lat' dir='ltr'><strong>de.</strong></span> <span class='ocrx_word' id='word_1_509' title='bbox 589 4928 655 4980; x_wconf 91' lang='lat' dir='ltr'><strong>iis</strong></span> <span class='ocrx_word' id='word_1_510' title='bbox 680 4926 779 4984; x_wconf 71' lang='lat' dir='ltr'><strong>hic,</strong></span> <span class='ocrx_word' id='word_1_511' title='bbox 798 4923 1070 4988; x_wconf 88' lang='lat' dir='ltr'><strong>dicuntur,</strong></span> <span class='ocrx_word' id='word_1_512' title='bbox 1095 4924 1318 4995; x_wconf 77' lang='lat' dir='ltr'><strong>exposui</strong></span> <span class='ocrx_word' id='word_1_513' title='bbox 1351 4923 1405 4975; x_wconf 90' lang='lat' dir='ltr'><strong>in</strong></span> <span class='ocrx_word' id='word_1_514' title='bbox 1437 4923 1679 4978; x_wconf 85' lang='lat' dir='ltr'><strong>Diatriba</strong></span> 
     </span>
    </p>
   </div>
   <div class='ocr_carea' id='block_1_73' title="bbox 97 4994 1680 5064">
    <p class='ocr_par' dir='ltr' id='par_1_73' title="bbox 97 4994 1680 5064">
     <span class='ocr_line' id='line_1_73' title="bbox 97 4994 1680 5064; baseline -0.001 -17"><span class='ocrx_word' id='word_1_515' title='bbox 97 4995 161 5048; x_wconf 90' lang='lat' dir='ltr'><strong>de</strong></span> <span class='ocrx_word' id='word_1_516' title='bbox 195 4994 376 5050; x_wconf 74' lang='lat' dir='ltr'><strong>tribus</strong></span> <span class='ocrx_word' id='word_1_517' title='bbox 397 4995 732 5064; x_wconf 82' lang='lat' dir='ltr'><strong>Dagobertis,</strong></span> <span class='ocrx_word' id='word_1_518' title='bbox 763 4995 854 5048; x_wconf 90' lang='lat' dir='ltr'><strong>lib.</strong></span> <span class='ocrx_word' id='word_1_519' title='bbox 888 5011 947 5057; x_wconf 87' lang='lat' dir='ltr'><strong>ll,</strong></span> <span class='ocrx_word' id='word_1_520' title='bbox 981 5011 1028 5049; x_wconf 92' lang='lat' dir='ltr'><strong>c.</strong></span> <span class='ocrx_word' id='word_1_521' title='bbox 1050 4995 1105 5048; x_wconf 80' lang='lat'><strong>5.</strong></span> <span class='ocrx_word' id='word_1_522' title='bbox 1139 4994 1467 5064; x_wconf 84' lang='lat' dir='ltr'><strong>Floruerunt</strong></span> <span class='ocrx_word' id='word_1_523' title='bbox 1501 5002 1680 5064; x_wconf 87' lang='lat' dir='ltr'><strong>autem</strong></span> 
     </span>
    </p>
   </div>
   <div class='ocr_carea' id='block_1_74' title="bbox 99 5062 1679 5134">
    <p class='ocr_par' dir='ltr' id='par_1_74' title="bbox 99 5062 1679 5134">
     <span class='ocr_line' id='line_1_74' title="bbox 99 5062 1679 5134; baseline 0 -19"><span class='ocrx_word' id='word_1_524' title='bbox 99 5066 196 5119; x_wconf 90' lang='lat' dir='ltr'><strong>sub</strong></span> <span class='ocrx_word' id='word_1_525' title='bbox 234 5062 537 5134; x_wconf 73' lang='lat' dir='ltr'><strong>Dagoberto</strong></span> <span class='ocrx_word' id='word_1_526' title='bbox 568 5066 823 5130; x_wconf 88' lang='lat' dir='ltr'><strong>secundo,</strong></span> <span class='ocrx_word' id='word_1_527' title='bbox 860 5064 969 5119; x_wconf 82' lang='lat' dir='ltr'><strong>tilio</strong></span> <span class='ocrx_word' id='word_1_528' title='bbox 1010 5065 1066 5118; x_wconf 88' lang='lat' dir='ltr'><strong>S.</strong></span> <span class='ocrx_word' id='word_1_529' title='bbox 1115 5062 1408 5132; x_wconf 78' lang='lat' dir='ltr'><strong>Sigeberti,</strong></span> <span class='ocrx_word' id='word_1_530' title='bbox 1455 5063 1544 5131; x_wconf 88' lang='lat' dir='ltr'><strong>qui</strong></span> <span class='ocrx_word' id='word_1_531' title='bbox 1580 5062 1679 5130; x_wconf 90' lang='lat' dir='ltr'><strong>(uti</strong></span> 
     </span>
    </p>
   </div>
   <div class='ocr_carea' id='block_1_75' title="bbox 99 5135 1681 5204">
    <p class='ocr_par' dir='ltr' id='par_1_75' title="bbox 99 5135 1681 5204">
     <span class='ocr_line' id='line_1_75' title="bbox 99 5135 1681 5204; baseline 0.001 -19"><span class='ocrx_word' id='word_1_532' title='bbox 99 5137 327 5204; x_wconf 80' lang='lat' dir='ltr'><strong>exposui</strong></span> <span class='ocrx_word' id='word_1_533' title='bbox 370 5136 430 5204; x_wconf 86' lang='lat' dir='ltr'><strong>in</strong></span> <span class='ocrx_word' id='word_1_534' title='bbox 477 5135 711 5189; x_wconf 88' lang='lat' dir='ltr'><strong>Diatriba</strong></span> <span class='ocrx_word' id='word_1_535' title='bbox 762 5136 1120 5202; x_wconf 78' lang='lat' dir='ltr'><strong>Dagoberlina</strong></span> <span class='ocrx_word' id='word_1_536' title='bbox 1174 5135 1426 5186; x_wconf 88' lang='lat' dir='ltr'><strong>innovata</strong></span> <span class='ocrx_word' id='word_1_537' title='bbox 1464 5141 1681 5204; x_wconf 13' lang='lat' dir='ltr'><strong>etiantc</strong></span> 
     </span>
    </p>
   </div>
   <div class='ocr_carea' id='block_1_76' title="bbox 101 5202 1679 5274">
    <p class='ocr_par' dir='ltr' id='par_1_76' title="bbox 101 5202 1679 5274">
     <span class='ocr_line' id='line_1_76' title="bbox 101 5202 1679 5274; baseline 0.001 -20"><span class='ocrx_word' id='word_1_538' title='bbox 101 5202 312 5258; x_wconf 90' lang='lat' dir='ltr'><strong>tomum</strong></span> <span class='ocrx_word' id='word_1_539' title='bbox 343 5203 404 5258; x_wconf 94' lang='lat' dir='ltr'><strong>III</strong></span> <span class='ocrx_word' id='word_1_540' title='bbox 437 5205 634 5274; x_wconf 85' lang='lat' dir='ltr'><strong>Aprilis</strong></span> <span class='ocrx_word' id='word_1_541' title='bbox 660 5205 881 5268; x_wconf 82' lang='lat' dir='ltr'><strong>excusa)</strong></span> <span class='ocrx_word' id='word_1_542' title='bbox 915 5206 1158 5274; x_wconf 81' lang='lat' dir='ltr'><strong>regnavit</strong></span> <span class='ocrx_word' id='word_1_543' title='bbox 1181 5205 1249 5257; x_wconf 91' lang='lat' dir='ltr'><strong>ab</strong></span> <span class='ocrx_word' id='word_1_544' title='bbox 1277 5217 1431 5274; x_wconf 80' lang='lat' dir='ltr'><strong>anno</strong></span> <span class='ocrx_word' id='word_1_545' title='bbox 1459 5202 1578 5274; x_wconf 72' lang='grc'><strong>661,</strong></span> <span class='ocrx_word' id='word_1_546' title='bbox 1625 5202 1679 5255; x_wconf 88' lang='lat' dir='ltr'><strong>in</strong></span> 
     </span>
    </p>
   </div>
   <div class='ocr_carea' id='block_1_77' title="bbox 100 5271 1679 5344">
    <p class='ocr_par' dir='ltr' id='par_1_77' title="bbox 100 5271 1679 5344">
     <span class='ocr_line' id='line_1_77' title="bbox 100 5271 1679 5344; baseline -0.001 -18"><span class='ocrx_word' id='word_1_547' title='bbox 100 5275 445 5344; x_wconf 73' lang='lat' dir='ltr'><strong>Adrhenanis</strong></span> <span class='ocrx_word' id='word_1_548' title='bbox 467 5271 780 5344; x_wconf 81' lang='lat' dir='ltr'><strong>provinciis,</strong></span> <span class='ocrx_word' id='word_1_549' title='bbox 808 5284 862 5329; x_wconf 90' lang='lat' dir='ltr'><strong>et</strong></span> <span class='ocrx_word' id='word_1_550' title='bbox 893 5271 1014 5342; x_wconf 63' lang='lat' dir='ltr'><strong>post</strong></span> <span class='ocrx_word' id='word_1_551' title='bbox 1036 5275 1276 5329; x_wconf 90' lang='lat' dir='ltr'><strong>occisum</strong></span> <span class='ocrx_word' id='word_1_552' title='bbox 1315 5271 1679 5344; x_wconf 82' lang='lat' dir='ltr'><strong>Childericum</strong></span> 
     </span>
    </p>
   </div>
   <div class='ocr_carea' id='block_1_78' title="bbox 103 5343 1680 5414">
    <p class='ocr_par' dir='ltr' id='par_1_78' title="bbox 103 5343 1680 5414">
     <span class='ocr_line' id='line_1_78' title="bbox 103 5343 1680 5414; baseline -0.002 -19"><span class='ocrx_word' id='word_1_553' title='bbox 103 5343 155 5397; x_wconf 87' lang='lat' dir='ltr'><strong>in</strong></span> <span class='ocrx_word' id='word_1_554' title='bbox 179 5345 386 5414; x_wconf 87' lang='lat' dir='ltr'><strong>reliqua</strong></span> <span class='ocrx_word' id='word_1_555' title='bbox 409 5343 686 5398; x_wconf 80' lang='lat' dir='ltr'><strong>Austrasia</strong></span> <span class='ocrx_word' id='word_1_556' title='bbox 711 5360 882 5413; x_wconf 87' lang='lat' dir='ltr'><strong>usque</strong></span> <span class='ocrx_word' id='word_1_557' title='bbox 903 5345 968 5398; x_wconf 90' lang='lat' dir='ltr'><strong>ad</strong></span> <span class='ocrx_word' id='word_1_558' title='bbox 988 5360 1192 5414; x_wconf 77' lang='lat' dir='ltr'><strong>annum</strong></span> <span class='ocrx_word' id='word_1_559' title='bbox 1214 5344 1466 5414; x_wconf 82' lang='lat' dir='ltr'><strong>680,quo</strong></span> <span class='ocrx_word' id='word_1_560' title='bbox 1483 5352 1537 5396; x_wconf 89' lang='lat' dir='ltr'><strong>et</strong></span> <span class='ocrx_word' id='word_1_561' title='bbox 1567 5343 1680 5414; x_wconf 62' lang='lat' dir='ltr'><strong>ipse</strong></span> 
     </span>
    </p>
   </div>
   <div class='ocr_carea' id='block_1_79' title="bbox 103 5409 1676 5483">
    <p class='ocr_par' dir='ltr' id='par_1_79' title="bbox 103 5409 1676 5483">
     <span class='ocr_line' id='line_1_79' title="bbox 103 5409 1676 5483; baseline -0.001 -17"><span class='ocrx_word' id='word_1_562' title='bbox 103 5409 316 5483; x_wconf 75' lang='lat' dir='ltr'><strong>occisus</strong></span> <span class='ocrx_word' id='word_1_563' title='bbox 347 5424 449 5470; x_wconf 89' lang='lat' dir='ltr'><strong>est.</strong></span> <span class='ocrx_word' id='word_1_564' title='bbox 485 5416 700 5468; x_wconf 90' lang='lat' dir='ltr'><strong>Dubitat</strong></span> <span class='ocrx_word' id='word_1_565' title='bbox 749 5409 925 5467; x_wconf 73' lang='lat' dir='ltr'><strong>tamen</strong></span> <span class='ocrx_word' id='word_1_566' title='bbox 984 5413 1244 5483; x_wconf 79' lang='lat' dir='ltr'><strong>Riguetus</strong></span> <span class='ocrx_word' id='word_1_567' title='bbox 1294 5409 1389 5466; x_wconf 43' lang='lat' dir='ltr'><strong>an_</strong></span> <span class='ocrx_word' id='word_1_568' title='bbox 1418 5409 1470 5465; x_wconf 91' lang='lat' dir='ltr'><strong>hi</strong></span> <span class='ocrx_word' id='word_1_569' title='bbox 1506 5409 1676 5466; x_wconf 89' lang='lat' dir='ltr'><strong>sancti</strong></span> 
     </span>
    </p>
   </div>
   <div class='ocr_carea' id='block_1_80' title="bbox 105 5481 1677 5547">
    <p class='ocr_par' dir='ltr' id='par_1_80' title="bbox 105 5481 1677 5547">
     <span class='ocr_line' id='line_1_80' title="bbox 105 5481 1677 5547; baseline 0.003 -14"><span class='ocrx_word' id='word_1_570' title='bbox 105 5481 404 5538; x_wconf 86' lang='lat' dir='ltr'><strong>Deodatum</strong></span> <span class='ocrx_word' id='word_1_571' title='bbox 441 5486 613 5538; x_wconf 89' lang='lat' dir='ltr'><strong>secuti</strong></span> <span class='ocrx_word' id='word_1_572' title='bbox 665 5483 912 5538; x_wconf 84' lang='lat' dir='ltr'><strong>Nivernis</strong></span> <span class='ocrx_word' id='word_1_573' title='bbox 953 5481 1082 5547; x_wconf 63' lang='lat' dir='ltr'><strong>sint,</strong></span> <span class='ocrx_word' id='word_1_574' title='bbox 1118 5493 1174 5537; x_wconf 90' lang='lat' dir='ltr'><strong>et</strong></span> <span class='ocrx_word' id='word_1_575' title='bbox 1203 5483 1407 5536; x_wconf 89' lang='lat' dir='ltr'><strong>mavult</strong></span> <span class='ocrx_word' id='word_1_576' title='bbox 1455 5484 1677 5537; x_wconf 87' lang='lat' dir='ltr'><strong>credere</strong></span> 
     </span>
    </p>
   </div>
   <div class='ocr_carea' id='block_1_81' title="bbox 106 5549 1676 5620">
    <p class='ocr_par' dir='ltr' id='par_1_81' title="bbox 106 5549 1676 5620">
     <span class='ocr_line' id='line_1_81' title="bbox 106 5549 1676 5620; baseline 0.003 -18"><span class='ocrx_word' id='word_1_577' title='bbox 106 5549 381 5617; x_wconf 81' lang='lat' dir='ltr'><strong>Richerio,</strong></span> <span class='ocrx_word' id='word_1_578' title='bbox 412 5553 665 5609; x_wconf 91' lang='lat' dir='ltr'><strong>Chronici</strong></span> <span class='ocrx_word' id='word_1_579' title='bbox 702 5554 1030 5608; x_wconf 89' lang='lat' dir='ltr'><strong>Senonensis</strong></span> <span class='ocrx_word' id='word_1_580' title='bbox 1066 5554 1295 5616; x_wconf 90' lang='lat' dir='ltr'><strong>auctori,</strong></span> <span class='ocrx_word' id='word_1_581' title='bbox 1325 5553 1553 5620; x_wconf 88' lang='lat' dir='ltr'><strong>aliisque</strong></span> <span class='ocrx_word' id='word_1_582' title='bbox 1587 5567 1676 5606; x_wconf 88' lang='lat' dir='ltr'><strong>as-</strong></span> 
     </span>
    </p>
   </div>
   <div class='ocr_carea' id='block_1_82' title="bbox 107 5622 1676 5696">
    <p class='ocr_par' dir='ltr' id='par_1_82' title="bbox 107 5622 1676 5696">
     <span class='ocr_line' id='line_1_82' title="bbox 107 5622 1676 5696; baseline 0.002 -22"><span class='ocrx_word' id='word_1_583' title='bbox 107 5625 413 5696; x_wconf 83' lang='lat' dir='ltr'><strong>serentibus</strong></span> <span class='ocrx_word' id='word_1_584' title='bbox 450 5640 638 5696; x_wconf 69' lang='lat' dir='ltr'><strong>eorum</strong></span> <span class='ocrx_word' id='word_1_585' title='bbox 693 5623 982 5696; x_wconf 80' lang='lat' dir='ltr'><strong>amicitiam</strong></span> <span class='ocrx_word' id='word_1_586' title='bbox 1038 5624 1093 5678; x_wconf 91' lang='lat' dir='ltr'><strong>in</strong></span> <span class='ocrx_word' id='word_1_587' title='bbox 1140 5623 1345 5696; x_wconf 80' lang='lat' dir='ltr'><strong>Alsatia</strong></span> <span class='ocrx_word' id='word_1_588' title='bbox 1390 5622 1676 5696; x_wconf 57' lang='lat' dir='ltr'><strong>coaluisse.</strong></span> 
     </span>
    </p>
   </div>
   <div class='ocr_carea' id='block_1_83' title="bbox 107 5693 1678 5763">
    <p class='ocr_par' dir='ltr' id='par_1_83' title="bbox 107 5693 1678 5763">
     <span class='ocr_line' id='line_1_83' title="bbox 107 5693 1678 5763; baseline -0.001 -18"><span class='ocrx_word' id='word_1_589' title='bbox 107 5703 228 5746; x_wconf 79' lang='lat' dir='ltr'><strong>Cum</strong></span> <span class='ocrx_word' id='word_1_590' title='bbox 264 5693 377 5763; x_wconf 82' lang='lat' dir='ltr'><strong>jam</strong></span> <span class='ocrx_word' id='word_1_591' title='bbox 431 5693 645 5749; x_wconf 80' lang='lat' dir='ltr'><strong>tertium</strong></span> <span class='ocrx_word' id='word_1_592' title='bbox 676 5695 1068 5749; x_wconf 83' lang='lat' dir='ltr'><strong>anachoreseos</strong></span> <span class='ocrx_word' id='word_1_593' title='bbox 1117 5709 1226 5748; x_wconf 81' lang='lat' dir='ltr'><strong>suae</strong></span> <span class='ocrx_word' id='word_1_594' title='bbox 1272 5693 1444 5747; x_wconf 92' lang='lat' dir='ltr'><strong>locum</strong></span> <span class='ocrx_word' id='word_1_595' title='bbox 1480 5693 1678 5746; x_wconf 89' lang='lat' dir='ltr'><strong>incole-</strong></span> 
     </span>
    </p>
   </div>
   <div class='ocr_carea' id='block_1_84' title="bbox 111 5763 1676 5833">
    <p class='ocr_par' dir='ltr' id='par_1_84' title="bbox 111 5763 1676 5833">
     <span class='ocr_line' id='line_1_84' title="bbox 111 5763 1676 5833; baseline 0.001 -19"><span class='ocrx_word' id='word_1_596' title='bbox 111 5770 191 5814; x_wconf 80' lang='lat' dir='ltr'><strong>ret</strong></span> <span class='ocrx_word' id='word_1_597' title='bbox 242 5774 478 5821; x_wconf 83' lang='lat' dir='ltr'><strong>sanctus.</strong></span> <span class='ocrx_word' id='word_1_598' title='bbox 530 5764 703 5821; x_wconf 83' lang='lat' dir='ltr'><strong>Movet</strong></span> <span class='ocrx_word' id='word_1_599' title='bbox 756 5780 904 5831; x_wconf 90' lang='lat' dir='ltr'><strong>cum,</strong></span> <span class='ocrx_word' id='word_1_600' title='bbox 958 5779 1061 5820; x_wconf 88' lang='lat' dir='ltr'><strong>non</strong></span> <span class='ocrx_word' id='word_1_601' title='bbox 1114 5763 1286 5821; x_wconf 88' lang='lat' dir='ltr'><strong>solum</strong></span> <span class='ocrx_word' id='word_1_602' title='bbox 1329 5763 1470 5833; x_wconf 86' lang='lat' dir='ltr'><strong>quod</strong></span> <span class='ocrx_word' id='word_1_603' title='bbox 1519 5764 1676 5818; x_wconf 89' lang='lat' dir='ltr'><strong>ambo</strong></span> 
     </span>
    </p>
   </div>
   <div class='ocr_carea' id='block_1_85' title="bbox 1709 4473 1759 4531">
    <p class='ocr_par' dir='ltr' id='par_1_85' title="bbox 1709 4473 1759 4531">
     <span class='ocr_line' id='line_1_85' title="bbox 1709 4473 1759 4531; baseline 0 0"><span class='ocrx_word' id='word_1_604' title='bbox 1709 4473 1759 4531; x_wconf 91' lang='lat' dir='ltr'><strong>D</strong></span> 
     </span>
    </p>
   </div>
   <div class='ocr_carea' id='block_1_86' title="bbox 1793 1909 3371 1983">
    <p class='ocr_par' dir='ltr' id='par_1_86' title="bbox 1793 1909 3371 1983">
     <span class='ocr_line' id='line_1_86' title="bbox 1793 1909 3371 1983; baseline 0.004 -21"><span class='ocrx_word' id='word_1_605' title='bbox 1793 1909 2039 1962; x_wconf 89' lang='lat' dir='ltr'><strong>certatim</strong></span> <span class='ocrx_word' id='word_1_606' title='bbox 2096 1909 2390 1964; x_wconf 88' lang='lat' dir='ltr'><strong>insistendo</strong></span> <span class='ocrx_word' id='word_1_607' title='bbox 2445 1912 2741 1981; x_wconf 86' lang='lat' dir='ltr'><strong>obsequiis,</strong></span> <span class='ocrx_word' id='word_1_608' title='bbox 2800 1923 2853 1967; x_wconf 90' lang='lat' dir='ltr'><strong>et</strong></span> <span class='ocrx_word' id='word_1_609' title='bbox 2911 1916 3152 1982; x_wconf 84' lang='lat' dir='ltr'><strong>parendo</strong></span> <span class='ocrx_word' id='word_1_610' title='bbox 3205 1916 3371 1983; x_wconf 85' lang='lat' dir='ltr'><strong>jussis</strong></span> 
     </span>
    </p>
   </div>
   <div class='ocr_carea' id='block_1_87' title="bbox 1791 1997 3371 2073">
    <p class='ocr_par' dir='ltr' id='par_1_87' title="bbox 1791 1997 3371 2073">
     <span class='ocr_line' id='line_1_87' title="bbox 1791 1997 3371 2073; baseline 0.005 -23"><span class='ocrx_word' id='word_1_611' title='bbox 1791 1997 1952 2063; x_wconf 89' lang='lat' dir='ltr'><strong>illius,</strong></span> <span class='ocrx_word' id='word_1_612' title='bbox 1998 1999 2168 2052; x_wconf 89' lang='lat' dir='ltr'><strong>satius</strong></span> <span class='ocrx_word' id='word_1_613' title='bbox 2198 1999 2464 2053; x_wconf 84' lang='lat' dir='ltr'><strong>duxerunt</strong></span> <span class='ocrx_word' id='word_1_614' title='bbox 2503 2016 2622 2054; x_wconf 90' lang='lat' dir='ltr'><strong>cum</strong></span> <span class='ocrx_word' id='word_1_615' title='bbox 2669 2017 2733 2056; x_wconf 90' lang='lat' dir='ltr'><strong>eo</strong></span> <span class='ocrx_word' id='word_1_616' title='bbox 2776 2003 2916 2056; x_wconf 91' lang='lat' dir='ltr'><strong>inter</strong></span> <span class='ocrx_word' id='word_1_617' title='bbox 2947 2005 3155 2073; x_wconf 83' lang='lat' dir='ltr'><strong>ignotos</strong></span> <span class='ocrx_word' id='word_1_618' title='bbox 3204 2007 3371 2058; x_wconf 80' lang='lat' dir='ltr'><strong>tribu-</strong></span> 
     </span>
    </p>
   </div>
   <div class='ocr_carea' id='block_1_88' title="bbox 1790 2089 3374 2157">
    <p class='ocr_par' dir='ltr' id='par_1_88' title="bbox 1790 2089 3374 2157">
     <span class='ocr_line' id='line_1_88' title="bbox 1790 2089 3374 2157; baseline 0.006 -16"><span class='ocrx_word' id='word_1_619' title='bbox 1790 2089 1922 2152; x_wconf 89' lang='lat' dir='ltr'><strong>lari,</strong></span> <span class='ocrx_word' id='word_1_620' title='bbox 1956 2103 2117 2157; x_wconf 91' lang='lat' dir='ltr'><strong>quam</strong></span> <span class='ocrx_word' id='word_1_621' title='bbox 2159 2104 2279 2143; x_wconf 88' lang='lat' dir='ltr'><strong>cum</strong></span> <span class='ocrx_word' id='word_1_622' title='bbox 2312 2089 2453 2144; x_wconf 84' lang='lat' dir='ltr'><strong>nOtis</strong></span> <span class='ocrx_word' id='word_1_623' title='bbox 2495 2091 2545 2144; x_wconf 92' lang='lat' dir='ltr'><strong>in</strong></span> <span class='ocrx_word' id='word_1_624' title='bbox 2591 2101 2732 2146; x_wconf 82' lang='lat' dir='ltr'><strong>terra</strong></span> <span class='ocrx_word' id='word_1_625' title='bbox 2776 2109 2886 2147; x_wconf 82' lang='lat' dir='ltr'><strong>suae</strong></span> <span class='ocrx_word' id='word_1_626' title='bbox 2935 2095 3234 2149; x_wconf 85' lang='lat' dir='ltr'><strong>nativitatis</strong></span> <span class='ocrx_word' id='word_1_627' title='bbox 3282 2095 3374 2149; x_wconf 54' lang='lat' dir='ltr'><strong>Ire-</strong></span> 
     </span>
    </p>
   </div>
   <div class='ocr_carea' id='block_1_89' title="bbox 1793 2181 1914 2234">
    <p class='ocr_par' dir='ltr' id='par_1_89' title="bbox 1793 2181 1914 2234">
     <span class='ocr_line' id='line_1_89' title="bbox 1793 2181 1914 2234; baseline -0.017 0"><span class='ocrx_word' id='word_1_628' title='bbox 1793 2181 1914 2234; x_wconf 88' lang='lat' dir='ltr'><strong>tari.</strong></span> 
     </span>
    </p>
   </div>
   <div class='ocr_carea' id='block_1_90' title="bbox 1865 2277 3371 2350">
    <p class='ocr_par' dir='ltr' id='par_1_90' title="bbox 1865 2277 3371 2350">
     <span class='ocr_line' id='line_1_90' title="bbox 1865 2277 3371 2350; baseline 0.001 -22"><span class='ocrx_word' id='word_1_629' title='bbox 1865 2277 1918 2330; x_wconf 74' lang='lat'><strong>5.</strong></span> <span class='ocrx_word' id='word_1_630' title='bbox 1961 2277 2187 2331; x_wconf 91' lang='lat' dir='ltr'><strong>Domino</strong></span> <span class='ocrx_word' id='word_1_631' title='bbox 2229 2278 2412 2348; x_wconf 88' lang='lat' dir='ltr'><strong>itaque</strong></span> <span class='ocrx_word' id='word_1_632' title='bbox 2440 2278 2696 2335; x_wconf 86' lang='lat' dir='ltr'><strong>Girbaldo</strong></span> <span class='ocrx_word' id='word_1_633' title='bbox 2727 2279 2838 2350; x_wconf 82' lang='lat'><strong>(50)</strong></span> <span class='ocrx_word' id='word_1_634' title='bbox 2870 2279 2988 2332; x_wconf 85' lang='lat' dir='ltr'><strong>viro</strong></span> <span class='ocrx_word' id='word_1_635' title='bbox 3029 2280 3371 2335; x_wconf 57' lang='lat' dir='ltr'><strong>sanctissimo</strong></span> 
     </span>
    </p>
   </div>
   <div class='ocr_carea' id='block_1_91' title="bbox 1789 2365 3372 2434">
    <p class='ocr_par' dir='ltr' id='par_1_91' title="bbox 1789 2365 3372 2434">
     <span class='ocr_line' id='line_1_91' title="bbox 1789 2365 3372 2434; baseline 0.001 -16"><span class='ocrx_word' id='word_1_636' title='bbox 1789 2366 2114 2434; x_wconf 72' lang='lat' dir='ltr'><strong>prmsidente</strong></span> <span class='ocrx_word' id='word_1_637' title='bbox 2137 2365 2360 2422; x_wconf 72' lang='lat' dir='ltr'><strong>dimcesi</strong></span> <span class='ocrx_word' id='word_1_638' title='bbox 2379 2379 2577 2424; x_wconf 82' lang='lat' dir='ltr'><strong>sanctae</strong></span> <span class='ocrx_word' id='word_1_639' title='bbox 2604 2367 2872 2423; x_wconf 89' lang='lat' dir='ltr'><strong>Tullensis</strong></span> <span class='ocrx_word' id='word_1_640' title='bbox 2895 2369 3168 2434; x_wconf 65' lang='lat' dir='ltr'><strong>Ecclesiae,</strong></span> <span class='ocrx_word' id='word_1_641' title='bbox 3201 2370 3372 2422; x_wconf 78' lang='lat' dir='ltr'><strong>fidelis</strong></span> 
     </span>
    </p>
   </div>
   <div class='ocr_carea' id='block_1_92' title="bbox 1789 2458 3370 2526">
    <p class='ocr_par' dir='ltr' id='par_1_92' title="bbox 1789 2458 3370 2526">
     <span class='ocr_line' id='line_1_92' title="bbox 1789 2458 3370 2526; baseline 0 -14"><span class='ocrx_word' id='word_1_642' title='bbox 1789 2458 2018 2513; x_wconf 89' lang='lat' dir='ltr'><strong>Domino</strong></span> <span class='ocrx_word' id='word_1_643' title='bbox 2045 2475 2234 2514; x_wconf 85' lang='lat' dir='ltr'><strong>servus</strong></span> <span class='ocrx_word' id='word_1_644' title='bbox 2252 2461 2540 2526; x_wconf 78' lang='lat' dir='ltr'><strong>Deodatus,</strong></span> <span class='ocrx_word' id='word_1_645' title='bbox 2561 2462 2874 2516; x_wconf 78' lang='lat' dir='ltr'><strong>renuntiatis</strong></span> <span class='ocrx_word' id='word_1_646' title='bbox 2897 2460 3114 2524; x_wconf 75' lang='lat' dir='ltr'><strong>saeculo,</strong></span> <span class='ocrx_word' id='word_1_647' title='bbox 3131 2461 3370 2514; x_wconf 80' lang='lat' dir='ltr'><strong>decrevit</strong></span> 
     </span>
    </p>
   </div>
   <div class='ocr_carea' id='block_1_93' title="bbox 1791 2547 3365 2620">
    <p class='ocr_par' dir='ltr' id='par_1_93' title="bbox 1791 2547 3365 2620">
     <span class='ocr_line' id='line_1_93' title="bbox 1791 2547 3365 2620; baseline 0.001 -20"><span class='ocrx_word' id='word_1_648' title='bbox 1791 2547 1842 2600; x_wconf 92' lang='lat' dir='ltr'><strong>in</strong></span> <span class='ocrx_word' id='word_1_649' title='bbox 1873 2547 2010 2601; x_wconf 91' lang='lat' dir='ltr'><strong>saltu</strong></span> <span class='ocrx_word' id='word_1_650' title='bbox 2045 2547 2238 2620; x_wconf 80' lang='lat' dir='ltr'><strong>Vosagi</strong></span> <span class='ocrx_word' id='word_1_651' title='bbox 2271 2550 2446 2604; x_wconf 93' lang='lat' dir='ltr'><strong>locum</strong></span> <span class='ocrx_word' id='word_1_652' title='bbox 2485 2551 2836 2605; x_wconf 85' lang='lat' dir='ltr'><strong>habitationis</strong></span> <span class='ocrx_word' id='word_1_653' title='bbox 2870 2551 3091 2619; x_wconf 82' lang='lat' dir='ltr'><strong>eligere.</strong></span> <span class='ocrx_word' id='word_1_654' title='bbox 3131 2551 3365 2604; x_wconf 85' lang='lat' dir='ltr'><strong>Veniens</strong></span> 
     </span>
    </p>
   </div>
   <div class='ocr_carea' id='block_1_94' title="bbox 1790 2640 3372 2711">
    <p class='ocr_par' dir='ltr' id='par_1_94' title="bbox 1790 2640 3372 2711">
     <span class='ocr_line' id='line_1_94' title="bbox 1790 2640 3372 2711; baseline 0.001 -19"><span class='ocrx_word' id='word_1_655' title='bbox 1790 2640 2002 2693; x_wconf 80' lang='lat' dir='ltr'><strong>tandem</strong></span> <span class='ocrx_word' id='word_1_656' title='bbox 2033 2655 2154 2694; x_wconf 90' lang='lat' dir='ltr'><strong>cum</strong></span> <span class='ocrx_word' id='word_1_657' title='bbox 2200 2641 2310 2696; x_wconf 89' lang='lat' dir='ltr'><strong>suis</strong></span> <span class='ocrx_word' id='word_1_658' title='bbox 2350 2641 2652 2695; x_wconf 79' lang='lat' dir='ltr'><strong>Rumonum</strong></span> <span class='ocrx_word' id='word_1_659' title='bbox 2682 2640 2798 2711; x_wconf 77' lang='lat'><strong>(5|)</strong></span> <span class='ocrx_word' id='word_1_660' title='bbox 2833 2641 2998 2710; x_wconf 87' lang='lat' dir='ltr'><strong>(quod</strong></span> <span class='ocrx_word' id='word_1_661' title='bbox 3031 2649 3156 2693; x_wconf 91' lang='lat' dir='ltr'><strong>tunc</strong></span> <span class='ocrx_word' id='word_1_662' title='bbox 3205 2640 3372 2693; x_wconf 78' lang='lat' dir='ltr'><strong>lucre-</strong></span> 
     </span>
    </p>
   </div>
   <div class='ocr_carea' id='block_1_95' title="bbox 1788 2727 3368 2798">
    <p class='ocr_par' dir='ltr' id='par_1_95' title="bbox 1788 2727 3368 2798">
     <span class='ocr_line' id='line_1_95' title="bbox 1788 2727 3368 2798; baseline 0 -18"><span class='ocrx_word' id='word_1_663' title='bbox 1788 2727 1980 2780; x_wconf 91' lang='lat' dir='ltr'><strong>ditaria</strong></span> <span class='ocrx_word' id='word_1_664' title='bbox 2015 2737 2158 2784; x_wconf 74' lang='lat' dir='ltr'><strong>sei-te</strong></span> <span class='ocrx_word' id='word_1_665' title='bbox 2189 2729 2295 2784; x_wconf 91' lang='lat' dir='ltr'><strong>duo</strong></span> <span class='ocrx_word' id='word_1_666' title='bbox 2342 2729 2538 2783; x_wconf 76' lang='lat' dir='ltr'><strong>fratres</strong></span> <span class='ocrx_word' id='word_1_667' title='bbox 2586 2730 2685 2784; x_wconf 92' lang='lat' dir='ltr'><strong>sibi</strong></span> <span class='ocrx_word' id='word_1_668' title='bbox 2734 2730 3029 2782; x_wconf 81' lang='lat' dir='ltr'><strong>diviserant</strong></span> <span class='ocrx_word' id='word_1_669' title='bbox 3079 2729 3368 2798; x_wconf 67' lang='lat' dir='ltr'><strong>prtetlium)</strong></span> 
     </span>
    </p>
   </div>
   <div class='ocr_carea' id='block_1_96' title="bbox 1788 2817 3369 2887">
    <p class='ocr_par' dir='ltr' id='par_1_96' title="bbox 1788 2817 3369 2887">
     <span class='ocr_line' id='line_1_96' title="bbox 1788 2817 3369 2887; baseline 0.001 -17"><span class='ocrx_word' id='word_1_670' title='bbox 1788 2817 1964 2887; x_wconf 87' lang='lat' dir='ltr'><strong>qualis</strong></span> <span class='ocrx_word' id='word_1_671' title='bbox 1994 2819 2078 2870; x_wconf 91' lang='lat' dir='ltr'><strong>vir</strong></span> <span class='ocrx_word' id='word_1_672' title='bbox 2099 2828 2242 2872; x_wconf 88' lang='lat' dir='ltr'><strong>esset</strong></span> <span class='ocrx_word' id='word_1_673' title='bbox 2268 2828 2399 2872; x_wconf 89' lang='lat' dir='ltr'><strong>nutu</strong></span> <span class='ocrx_word' id='word_1_674' title='bbox 2425 2820 2725 2874; x_wconf 85' lang='lat' dir='ltr'><strong>divinitatis</strong></span> <span class='ocrx_word' id='word_1_675' title='bbox 2750 2827 2833 2873; x_wconf 91' lang='lat' dir='ltr'><strong>est</strong></span> <span class='ocrx_word' id='word_1_676' title='bbox 2858 2819 3208 2873; x_wconf 81' lang='lat' dir='ltr'><strong>declaratum.</strong></span> <span class='ocrx_word' id='word_1_677' title='bbox 3234 2818 3369 2872; x_wconf 83' lang='lat' dir='ltr'><strong>Nam</strong></span> 
     </span>
    </p>
   </div>
   <div class='ocr_carea' id='block_1_97' title="bbox 1788 2907 3370 2978">
    <p class='ocr_par' dir='ltr' id='par_1_97' title="bbox 1788 2907 3370 2978">
     <span class='ocr_line' id='line_1_97' title="bbox 1788 2907 3370 2978; baseline 0.001 -16"><span class='ocrx_word' id='word_1_678' title='bbox 1788 2907 1919 2964; x_wconf 92' lang='lat' dir='ltr'><strong>inibi</strong></span> <span class='ocrx_word' id='word_1_679' title='bbox 1949 2910 2098 2978; x_wconf 91' lang='lat' dir='ltr'><strong>prior</strong></span> <span class='ocrx_word' id='word_1_680' title='bbox 2151 2910 2362 2964; x_wconf 92' lang='lat' dir='ltr'><strong>illorum</strong></span> <span class='ocrx_word' id='word_1_681' title='bbox 2412 2910 2660 2972; x_wconf 80' lang='lat' dir='ltr'><strong>fratrum.</strong></span> <span class='ocrx_word' id='word_1_682' title='bbox 2689 2911 2876 2964; x_wconf 86' lang='lat' dir='ltr'><strong>Asclas</strong></span> <span class='ocrx_word' id='word_1_683' title='bbox 2919 2912 3114 2974; x_wconf 90' lang='lat' dir='ltr'><strong>dictus,</strong></span> <span class='ocrx_word' id='word_1_684' title='bbox 3178 2911 3370 2966; x_wconf 89' lang='lat' dir='ltr'><strong>locatis</strong></span> 
     </span>
    </p>
   </div>
   <div class='ocr_carea' id='block_1_98' title="bbox 1788 3001 3367 3068">
    <p class='ocr_par' dir='ltr' id='par_1_98' title="bbox 1788 3001 3367 3068">
     <span class='ocr_line' id='line_1_98' title="bbox 1788 3001 3367 3068; baseline 0.003 -14"><span class='ocrx_word' id='word_1_685' title='bbox 1788 3001 2112 3068; x_wconf 81' lang='lat' dir='ltr'><strong>artiﬁcibus,</strong></span> <span class='ocrx_word' id='word_1_686' title='bbox 2143 3001 2396 3057; x_wconf 87' lang='lat' dir='ltr'><strong>insistens</strong></span> <span class='ocrx_word' id='word_1_687' title='bbox 2423 3011 2539 3058; x_wconf 88' lang='lat' dir='ltr'><strong>erat</strong></span> <span class='ocrx_word' id='word_1_688' title='bbox 2580 3003 2919 3058; x_wconf 67' lang='lat' dir='ltr'><strong>militicatioui</strong></span> <span class='ocrx_word' id='word_1_689' title='bbox 2953 3018 3105 3056; x_wconf 64' lang='lat' dir='ltr'><strong>nova:</strong></span> <span class='ocrx_word' id='word_1_690' title='bbox 3155 3002 3367 3058; x_wconf 90' lang='lat' dir='ltr'><strong>domus.</strong></span> 
     </span>
    </p>
   </div>
   <div class='ocr_carea' id='block_1_99' title="bbox 1787 3089 3363 3164">
    <p class='ocr_par' dir='ltr' id='par_1_99' title="bbox 1787 3089 3363 3164">
     <span class='ocr_line' id='line_1_99' title="bbox 1787 3089 3363 3164; baseline 0.001 -17"><span class='ocrx_word' id='word_1_691' title='bbox 1787 3092 1993 3160; x_wconf 86' lang='lat' dir='ltr'><strong>Quibus</strong></span> <span class='ocrx_word' id='word_1_692' title='bbox 2055 3109 2309 3164; x_wconf 89' lang='lat' dir='ltr'><strong>supremo</strong></span> <span class='ocrx_word' id='word_1_693' title='bbox 2369 3089 3070 3164; x_wconf 69' lang='lat' dir='ltr'><strong>propinquantibus&#39;Operi</strong></span> <span class='ocrx_word' id='word_1_694' title='bbox 3138 3094 3363 3148; x_wconf 85' lang='lat' dir='ltr'><strong>trabalis</strong></span> 
     </span>
    </p>
   </div>
   <div class='ocr_carea' id='block_1_100' title="bbox 1792 3185 3365 3256">
    <p class='ocr_par' dir='ltr' id='par_1_100' title="bbox 1792 3185 3365 3256">
     <span class='ocr_line' id='line_1_100' title="bbox 1792 3185 3365 3256; baseline 0 -19"><span class='ocrx_word' id='word_1_695' title='bbox 1792 3185 2044 3240; x_wconf 86' lang='lat' dir='ltr'><strong>materies</strong></span> <span class='ocrx_word' id='word_1_696' title='bbox 2075 3187 2423 3241; x_wconf 87' lang='lat' dir='ltr'><strong>transversim</strong></span> <span class='ocrx_word' id='word_1_697' title='bbox 2471 3186 2798 3240; x_wconf 82' lang='lat' dir='ltr'><strong>mcdioximo</strong></span> <span class='ocrx_word' id='word_1_698' title='bbox 2839 3185 3159 3255; x_wconf 88' lang='lat' dir='ltr'><strong>imponenda</strong></span> <span class='ocrx_word' id='word_1_699' title='bbox 3200 3185 3365 3256; x_wconf 84' lang='lat' dir='ltr'><strong>opici,</strong></span> 
     </span>
    </p>
   </div>
   <div class='ocr_carea' id='block_1_101' title="bbox 1788 3317 3364 3386">
    <p class='ocr_par' dir='ltr' id='par_1_101' title="bbox 1788 3317 3364 3386">
     <span class='ocr_line' id='line_1_101' title="bbox 1788 3317 3364 3386; baseline 0.001 -15"><span class='ocrx_word' id='word_1_700' title='bbox 1788 3317 2036 3372; x_wconf 86' lang='lat' dir='ltr'><strong>dicantur</strong></span> <span class='ocrx_word' id='word_1_701' title='bbox 2063 3333 2128 3372; x_wconf 81' lang='lat' dir='ltr'><strong>ex</strong></span> <span class='ocrx_word' id='word_1_702' title='bbox 2177 3317 2359 3373; x_wconf 88' lang='lat' dir='ltr'><strong>Scotia</strong></span> <span class='ocrx_word' id='word_1_703' title='bbox 2391 3319 2639 3384; x_wconf 85' lang='lat' dir='ltr'><strong>oriundi;</strong></span> <span class='ocrx_word' id='word_1_704' title='bbox 2698 3319 2791 3374; x_wconf 84' lang='lat' dir='ltr'><strong>sed</strong></span> <span class='ocrx_word' id='word_1_705' title='bbox 2825 3319 3057 3372; x_wconf 87' lang='lat' dir='ltr'><strong>maxime</strong></span> <span class='ocrx_word' id='word_1_706' title='bbox 3110 3319 3252 3386; x_wconf 92' lang='lat' dir='ltr'><strong>quod</strong></span> <span class='ocrx_word' id='word_1_707' title='bbox 3308 3319 3364 3372; x_wconf 90' lang='lat' dir='ltr'><strong>S.</strong></span> 
     </span>
    </p>
   </div>
   <div class='ocr_carea' id='block_1_102' title="bbox 1787 3387 3361 3455">
    <p class='ocr_par' dir='ltr' id='par_1_102' title="bbox 1787 3387 3361 3455">
     <span class='ocr_line' id='line_1_102' title="bbox 1787 3387 3361 3455; baseline 0.001 -17"><span class='ocrx_word' id='word_1_708' title='bbox 1787 3387 2121 3455; x_wconf 78' lang='lat' dir='ltr'><strong>Arbogastus</strong></span> <span class='ocrx_word' id='word_1_709' title='bbox 2149 3389 2360 3442; x_wconf 86' lang='lat' dir='ltr'><strong>dicatur</strong></span> <span class='ocrx_word' id='word_1_710' title='bbox 2390 3389 2590 3442; x_wconf 83' lang='lat' dir='ltr'><strong>obiisse</strong></span> <span class='ocrx_word' id='word_1_711' title='bbox 2612 3405 2752 3441; x_wconf 88' lang='lat' dir='ltr'><strong>anno</strong></span> <span class='ocrx_word' id='word_1_712' title='bbox 2776 3389 2898 3453; x_wconf 85' lang='lat'><strong>668,</strong></span> <span class='ocrx_word' id='word_1_713' title='bbox 2933 3405 3052 3440; x_wconf 82' lang='lat' dir='ltr'><strong>cum</strong></span> <span class='ocrx_word' id='word_1_714' title='bbox 3084 3388 3153 3440; x_wconf 70' lang='lat'><strong>27</strong></span> <span class='ocrx_word' id='word_1_715' title='bbox 3181 3389 3361 3449; x_wconf 85' lang='lat' dir='ltr'><strong>annis,</strong></span> 
     </span>
    </p>
   </div>
   <div class='ocr_carea' id='block_1_103' title="bbox 1787 3457 3365 3527">
    <p class='ocr_par' dir='ltr' id='par_1_103' title="bbox 1787 3457 3365 3527">
     <span class='ocr_line' id='line_1_103' title="bbox 1787 3457 3365 3527; baseline 0.003 -19"><span class='ocrx_word' id='word_1_716' title='bbox 1787 3458 2030 3525; x_wconf 54' lang='lat' dir='ltr'><strong>allcoque</strong></span> <span class='ocrx_word' id='word_1_717' title='bbox 2057 3459 2124 3510; x_wconf 88' lang='lat' dir='ltr'><strong>ab</strong></span> <span class='ocrx_word' id='word_1_718' title='bbox 2166 3474 2308 3510; x_wconf 86' lang='lat' dir='ltr'><strong>anno</strong></span> <span class='ocrx_word' id='word_1_719' title='bbox 2339 3459 2433 3511; x_wconf 76' lang='lat' dir='ltr'><strong>6-H</strong></span> <span class='ocrx_word' id='word_1_720' title='bbox 2485 3459 2792 3527; x_wconf 72' lang='lat' dir='ltr'><strong>Argentinte</strong></span> <span class='ocrx_word' id='word_1_721' title='bbox 2839 3457 3167 3526; x_wconf 77' lang='lat' dir='ltr'><strong>pra-fuisset;</strong></span> <span class='ocrx_word' id='word_1_722' title='bbox 3218 3460 3365 3526; x_wconf 87' lang='lat' dir='ltr'><strong>alqui</strong></span> 
     </span>
    </p>
   </div>
   <div class='ocr_carea' id='block_1_104' title="bbox 1786 3527 3366 3597">
    <p class='ocr_par' dir='ltr' id='par_1_104' title="bbox 1786 3527 3366 3597">
     <span class='ocr_line' id='line_1_104' title="bbox 1786 3527 3366 3597; baseline 0.001 -20"><span class='ocrx_word' id='word_1_723' title='bbox 1786 3541 1890 3597; x_wconf 86' lang='lat' dir='ltr'><strong>non</strong></span> <span class='ocrx_word' id='word_1_724' title='bbox 1925 3535 2008 3597; x_wconf 84' lang='lat' dir='ltr'><strong>est</strong></span> <span class='ocrx_word' id='word_1_725' title='bbox 2028 3527 2232 3597; x_wconf 84' lang='lat' dir='ltr'><strong>electus</strong></span> <span class='ocrx_word' id='word_1_726' title='bbox 2262 3529 2566 3597; x_wconf 80' lang='lat' dir='ltr'><strong>cpiscopus,</strong></span> <span class='ocrx_word' id='word_1_727' title='bbox 2597 3527 2698 3580; x_wconf 69' lang='lat' dir='ltr'><strong>ni~.i</strong></span> <span class='ocrx_word' id='word_1_728' title='bbox 2734 3538 2853 3595; x_wconf 92' lang='lat' dir='ltr'><strong>post</strong></span> <span class='ocrx_word' id='word_1_729' title='bbox 2896 3527 3172 3595; x_wconf 89' lang='lat' dir='ltr'><strong>probatam</strong></span> <span class='ocrx_word' id='word_1_730' title='bbox 3212 3529 3366 3580; x_wconf 71' lang='lat' dir='ltr'><strong>annis</strong></span> 
     </span>
    </p>
   </div>
   <div class='ocr_carea' id='block_1_105' title="bbox 1787 3595 3366 3666">
    <p class='ocr_par' dir='ltr' id='par_1_105' title="bbox 1787 3595 3366 3666">
     <span class='ocr_line' id='line_1_105' title="bbox 1787 3595 3366 3666; baseline 0.004 -21"><span class='ocrx_word' id='word_1_731' title='bbox 1787 3595 2031 3666; x_wconf 72' lang='lat' dir='ltr'><strong>pluribus</strong></span> <span class='ocrx_word' id='word_1_732' title='bbox 2058 3595 2578 3650; x_wconf 32' lang='lat' dir='ltr'><strong>Alsatiis‘virtuteut</strong></span> <span class='ocrx_word' id='word_1_733' title='bbox 2637 3613 2813 3661; x_wconf 87' lang='lat' dir='ltr'><strong>suam,</strong></span> <span class='ocrx_word' id='word_1_734' title='bbox 2866 3597 3088 3666; x_wconf 89' lang='lat' dir='ltr'><strong>proinde</strong></span> <span class='ocrx_word' id='word_1_735' title='bbox 3127 3597 3192 3649; x_wconf 84' lang='lat' dir='ltr'><strong>ad</strong></span> <span class='ocrx_word' id='word_1_736' title='bbox 3246 3599 3366 3651; x_wconf 88' lang='lat' dir='ltr'><strong>illos</strong></span> 
     </span>
    </p>
   </div>
   <div class='ocr_carea' id='block_1_106' title="bbox 1786 3665 3366 3738">
    <p class='ocr_par' dir='ltr' id='par_1_106' title="bbox 1786 3665 3366 3738">
     <span class='ocr_line' id='line_1_106' title="bbox 1786 3665 3366 3738; baseline 0.004 -22"><span class='ocrx_word' id='word_1_737' title='bbox 1786 3665 1976 3738; x_wconf 80' lang='lat' dir='ltr'><strong>potuit,</strong></span> <span class='ocrx_word' id='word_1_738' title='bbox 1994 3665 2036 3718; x_wconf 92' lang='lat' dir='ltr'><strong>si</strong></span> <span class='ocrx_word' id='word_1_739' title='bbox 2063 3680 2164 3738; x_wconf 88' lang='lat' dir='ltr'><strong>non</strong></span> <span class='ocrx_word' id='word_1_740' title='bbox 2188 3666 2396 3738; x_wconf 76' lang='lat' dir='ltr'><strong>debuit,</strong></span> <span class='ocrx_word' id='word_1_741' title='bbox 2426 3677 2548 3719; x_wconf 89' lang='lat' dir='ltr'><strong>ante</strong></span> <span class='ocrx_word' id='word_1_742' title='bbox 2564 3668 2631 3738; x_wconf 33' lang='lat' dir='ltr'><strong>.S.</strong></span> <span class='ocrx_word' id='word_1_743' title='bbox 2653 3665 2946 3738; x_wconf 87' lang='lat' dir='ltr'><strong>Deodatum</strong></span> <span class='ocrx_word' id='word_1_744' title='bbox 2967 3668 3195 3721; x_wconf 87' lang='lat' dir='ltr'><strong>venisse.</strong></span> <span class='ocrx_word' id='word_1_745' title='bbox 3214 3667 3366 3735; x_wconf 88' lang='lat' dir='ltr'><strong>Quod</strong></span> 
     </span>
    </p>
   </div>
   <div class='ocr_carea' id='block_1_107' title="bbox 1786 3735 3045 3804">
    <p class='ocr_par' dir='ltr' id='par_1_107' title="bbox 1786 3735 3045 3804">
     <span class='ocr_line' id='line_1_107' title="bbox 1786 3735 3045 3804; baseline 0.002 -18"><span class='ocrx_word' id='word_1_746' title='bbox 1786 3735 2031 3804; x_wconf 85' lang='lat' dir='ltr'><strong>pluribus</strong></span> <span class='ocrx_word' id='word_1_747' title='bbox 2061 3736 2126 3788; x_wconf 90' lang='lat' dir='ltr'><strong>ad</strong></span> <span class='ocrx_word' id='word_1_748' title='bbox 2153 3736 2270 3804; x_wconf 88' lang='lat' dir='ltr'><strong>ejus</strong></span> <span class='ocrx_word' id='word_1_749' title='bbox 2302 3735 2472 3790; x_wconf 87' lang='lat' dir='ltr'><strong>Vitam</strong></span> <span class='ocrx_word' id='word_1_750' title='bbox 2503 3735 2686 3792; x_wconf 87' lang='lat' dir='ltr'><strong>licebit</strong></span> <span class='ocrx_word' id='word_1_751' title='bbox 2714 3737 3045 3790; x_wconf 84' lang='lat' dir='ltr'><strong>examinare.</strong></span> 
     </span>
    </p>
   </div>
   <div class='ocr_carea' id='block_1_108' title="bbox 1859 3804 3364 3876">
    <p class='ocr_par' dir='ltr' id='par_1_108' title="bbox 1859 3804 3364 3876">
     <span class='ocr_line' id='line_1_108' title="bbox 1859 3804 3364 3876; baseline 0.002 -17"><span class='ocrx_word' id='word_1_752' title='bbox 1859 3805 1972 3876; x_wconf 74' lang='lat'><strong>(29)</strong></span> <span class='ocrx_word' id='word_1_753' title='bbox 2014 3804 2234 3861; x_wconf 81' lang='lat' dir='ltr'><strong>Scilicet</strong></span> <span class='ocrx_word' id='word_1_754' title='bbox 2281 3805 2718 3876; x_wconf 17' lang='lat' dir='ltr'><strong>S.,Florentius,</strong></span> <span class='ocrx_word' id='word_1_755' title='bbox 2769 3807 2858 3874; x_wconf 88' lang='lat' dir='ltr'><strong>qui</strong></span> <span class='ocrx_word' id='word_1_756' title='bbox 2915 3806 3016 3860; x_wconf 93' lang='lat' dir='ltr'><strong>sibi</strong></span> <span class='ocrx_word' id='word_1_757' title='bbox 3066 3807 3364 3876; x_wconf 83' lang='lat' dir='ltr'><strong>oratorium</strong></span> 
     </span>
    </p>
   </div>
   <div class='ocr_carea' id='block_1_109' title="bbox 1785 3875 3365 3946">
    <p class='ocr_par' dir='ltr' id='par_1_109' title="bbox 1785 3875 3365 3946">
     <span class='ocr_line' id='line_1_109' title="bbox 1785 3875 3365 3946; baseline 0.002 -17"><span class='ocrx_word' id='word_1_758' title='bbox 1785 3875 2103 3946; x_wconf 86' lang='lat' dir='ltr'><strong>condiderat</strong></span> <span class='ocrx_word' id='word_1_759' title='bbox 2146 3891 2310 3946; x_wconf 89' lang='lat' dir='ltr'><strong>prope</strong></span> <span class='ocrx_word' id='word_1_760' title='bbox 2358 3875 2632 3931; x_wconf 67' lang='lat' dir='ltr'><strong>I-Iaselium</strong></span> <span class='ocrx_word' id='word_1_761' title='bbox 2682 3875 2896 3929; x_wconf 70' lang='lat' dir='ltr'><strong>Alsatia:</strong></span> <span class='ocrx_word' id='word_1_762' title='bbox 2939 3877 3150 3942; x_wconf 88' lang='lat' dir='ltr'><strong>rivulo;</strong></span> <span class='ocrx_word' id='word_1_763' title='bbox 3205 3898 3222 3930; x_wconf 72' lang='grc' dir='ltr'>ι</span> <span class='ocrx_word' id='word_1_764' title='bbox 3265 3894 3365 3932; x_wconf 89' lang='lat' dir='ltr'><strong>nec</strong></span> 
     </span>
    </p>
   </div>
   <div class='ocr_carea' id='block_1_110' title="bbox 1784 3945 3366 4017">
    <p class='ocr_par' dir='ltr' id='par_1_110' title="bbox 1784 3945 3366 4017">
     <span class='ocr_line' id='line_1_110' title="bbox 1784 3945 3366 4017; baseline 0.003 -20"><span class='ocrx_word' id='word_1_765' title='bbox 1784 3945 1977 4017; x_wconf 85' lang='lat' dir='ltr'><strong>procul</strong></span> <span class='ocrx_word' id='word_1_766' title='bbox 2001 3962 2030 3999; x_wconf 90' lang='lat' dir='ltr'><strong>a</strong></span> <span class='ocrx_word' id='word_1_767' title='bbox 2060 3945 2322 4000; x_wconf 86' lang='lat' dir='ltr'><strong>Bruschio</strong></span> <span class='ocrx_word' id='word_1_768' title='bbox 2345 3946 2642 4015; x_wconf 88' lang='lat' dir='ltr'><strong>percelebri</strong></span> <span class='ocrx_word' id='word_1_769' title='bbox 2668 3961 2844 4006; x_wconf 87' lang='lat' dir='ltr'><strong>amne.</strong></span> <span class='ocrx_word' id='word_1_770' title='bbox 2884 3966 2902 3998; x_wconf 72' lang='grc' dir='ltr'><strong>ι</strong></span> <span class='ocrx_word' id='word_1_771' title='bbox 2957 3948 3132 4016; x_wconf 90' lang='lat' dir='ltr'><strong>inquit</strong></span> <span class='ocrx_word' id='word_1_772' title='bbox 3158 3947 3366 4017; x_wconf 88' lang='lat' dir='ltr'><strong>Gaspar</strong></span> 
     </span>
    </p>
   </div>
   <div class='ocr_carea' id='block_1_111' title="bbox 1784 4013 3366 4086">
    <p class='ocr_par' dir='ltr' id='par_1_111' title="bbox 1784 4013 3366 4086">
     <span class='ocr_line' id='line_1_111' title="bbox 1784 4013 3366 4086; baseline 0.003 -20"><span class='ocrx_word' id='word_1_773' title='bbox 1784 4013 2051 4070; x_wconf 87' lang='lat' dir='ltr'><strong>Bruchius</strong></span> <span class='ocrx_word' id='word_1_774' title='bbox 2091 4017 2144 4070; x_wconf 91' lang='lat' dir='ltr'><strong>in</strong></span> <span class='ocrx_word' id='word_1_775' title='bbox 2198 4013 2467 4086; x_wconf 83' lang='lat' dir='ltr'><strong>episcopis</strong></span> <span class='ocrx_word' id='word_1_776' title='bbox 2509 4013 3047 4086; x_wconf 52' lang='lat' dir='ltr'><strong>Argentinensihusf</strong></span> <span class='ocrx_word' id='word_1_777' title='bbox 3077 4017 3170 4071; x_wconf 84' lang='lat' dir='ltr'><strong>sed</strong></span> <span class='ocrx_word' id='word_1_778' title='bbox 3205 4013 3366 4084; x_wconf 64' lang='lat' dir='ltr'><strong>inter</strong></span> 
     </span>
    </p>
   </div>
   <div class='ocr_carea' id='block_1_112' title="bbox 1785 4086 3365 4154">
    <p class='ocr_par' dir='ltr' id='par_1_112' title="bbox 1785 4086 3365 4154">
     <span class='ocr_line' id='line_1_112' title="bbox 1785 4086 3365 4154; baseline 0.002 -16"><span class='ocrx_word' id='word_1_779' title='bbox 1785 4096 2075 4154; x_wconf 89' lang='lat' dir='ltr'><strong>utrumque</strong></span> <span class='ocrx_word' id='word_1_780' title='bbox 2128 4096 2371 4140; x_wconf 87' lang='lat' dir='ltr'><strong>sanctum</strong></span> <span class='ocrx_word' id='word_1_781' title='bbox 2405 4087 2636 4141; x_wconf 88' lang='lat' dir='ltr'><strong>medium</strong></span> <span class='ocrx_word' id='word_1_782' title='bbox 2692 4087 2840 4154; x_wconf 90' lang='lat' dir='ltr'><strong>ponit</strong></span> <span class='ocrx_word' id='word_1_783' title='bbox 2871 4086 3244 4150; x_wconf 81' lang='lat' dir='ltr'><strong>Roltharinm,</strong></span> <span class='ocrx_word' id='word_1_784' title='bbox 3297 4103 3365 4141; x_wconf 87' lang='lat' dir='ltr'><strong>ex</strong></span> 
     </span>
    </p>
   </div>
   <div class='ocr_carea' id='block_1_113' title="bbox 1784 4157 3366 4225">
    <p class='ocr_par' dir='ltr' id='par_1_113' title="bbox 1784 4157 3366 4225">
     <span class='ocr_line' id='line_1_113' title="bbox 1784 4157 3366 4225; baseline 0.003 -17"><span class='ocrx_word' id='word_1_785' title='bbox 1784 4157 2022 4224; x_wconf 81' lang='lat' dir='ltr'><strong>equeStri</strong></span> <span class='ocrx_word' id='word_1_786' title='bbox 2067 4157 2256 4210; x_wconf 89' lang='lat' dir='ltr'><strong>ordine</strong></span> <span class='ocrx_word' id='word_1_787' title='bbox 2283 4165 2651 4225; x_wconf 89' lang='lat' dir='ltr'><strong>assumptum;</strong></span> <span class='ocrx_word' id='word_1_788' title='bbox 2685 4169 2740 4210; x_wconf 91' lang='lat' dir='ltr'><strong>et</strong></span> <span class='ocrx_word' id='word_1_789' title='bbox 2777 4172 2869 4210; x_wconf 89' lang='lat' dir='ltr'><strong>eos</strong></span> <span class='ocrx_word' id='word_1_790' title='bbox 2909 4159 2996 4224; x_wconf 93' lang='lat' dir='ltr'><strong>qui</strong></span> <span class='ocrx_word' id='word_1_791' title='bbox 3047 4157 3204 4210; x_wconf 90' lang='lat' dir='ltr'><strong>tertio</strong></span> <span class='ocrx_word' id='word_1_792' title='bbox 3247 4158 3366 4212; x_wconf 91' lang='lat' dir='ltr'><strong>loco</strong></span> 
     </span>
    </p>
   </div>
   <div class='ocr_carea' id='block_1_114' title="bbox 1785 4225 3361 4295">
    <p class='ocr_par' dir='ltr' id='par_1_114' title="bbox 1785 4225 3361 4295">
     <span class='ocr_line' id='line_1_114' title="bbox 1785 4225 3361 4295; baseline 0.002 -17"><span class='ocrx_word' id='word_1_793' title='bbox 1785 4227 1989 4279; x_wconf 82' lang='lat' dir='ltr'><strong>sedisse</strong></span> <span class='ocrx_word' id='word_1_794' title='bbox 2014 4225 2156 4279; x_wconf 88' lang='lat' dir='ltr'><strong>httnc</strong></span> <span class='ocrx_word' id='word_1_795' title='bbox 2187 4227 2392 4290; x_wconf 87' lang='lat' dir='ltr'><strong>dicunt,</strong></span> <span class='ocrx_word' id='word_1_796' title='bbox 2423 4226 2533 4279; x_wconf 80' lang='lat' dir='ltr'><strong>falli</strong></span> <span class='ocrx_word' id='word_1_797' title='bbox 2559 4228 2751 4280; x_wconf 80' lang='lat' dir='ltr'><strong>asserit</strong></span> <span class='ocrx_word' id='word_1_798' title='bbox 2782 4236 2891 4279; x_wconf 91' lang='lat' dir='ltr'><strong>toto</strong></span> <span class='ocrx_word' id='word_1_799' title='bbox 2920 4227 3076 4288; x_wconf 71' lang='lat' dir='ltr'><strong>cmlo,</strong></span> <span class='ocrx_word' id='word_1_800' title='bbox 3113 4227 3272 4295; x_wconf 90' lang='lat' dir='ltr'><strong>idque</strong></span> <span class='ocrx_word' id='word_1_801' title='bbox 3298 4243 3361 4281; x_wconf 82' lang='lat' dir='ltr'><strong>ex</strong></span> 
     </span>
    </p>
   </div>
   <div class='ocr_carea' id='block_1_115' title="bbox 1786 4295 3290 4363">
    <p class='ocr_par' dir='ltr' id='par_1_115' title="bbox 1786 4295 3290 4363">
     <span class='ocr_line' id='line_1_115' title="bbox 1786 4295 3290 4363; baseline 0.002 -15"><span class='ocrx_word' id='word_1_802' title='bbox 1786 4296 2012 4350; x_wconf 89' lang='lat' dir='ltr'><strong>vetustis</strong></span> <span class='ocrx_word' id='word_1_803' title='bbox 2038 4295 2347 4363; x_wconf 89' lang='lat' dir='ltr'><strong>diplomatis</strong></span> <span class='ocrx_word' id='word_1_804' title='bbox 2381 4297 2686 4350; x_wconf 89' lang='lat' dir='ltr'><strong>certissimo</strong></span> <span class='ocrx_word' id='word_1_805' title='bbox 2713 4298 3074 4362; x_wconf 84' lang='lat' dir='ltr'><strong>demonstrari</strong></span> <span class='ocrx_word' id='word_1_806' title='bbox 3109 4311 3290 4363; x_wconf 76' lang='lat' dir='ltr'><strong>posse.</strong></span> 
     </span>
    </p>
   </div>
   <div class='ocr_carea' id='block_1_116' title="bbox 1856 4364 3361 4436">
    <p class='ocr_par' dir='ltr' id='par_1_116' title="bbox 1856 4364 3361 4436">
     <span class='ocr_line' id='line_1_116' title="bbox 1856 4364 3361 4436; baseline 0 -18"><span class='ocrx_word' id='word_1_807' title='bbox 1856 4366 1967 4436; x_wconf 79' lang='grc'><strong>(50)</strong></span> <span class='ocrx_word' id='word_1_808' title='bbox 2007 4364 2293 4420; x_wconf 88' lang='lat' dir='ltr'><strong>Girbaldus</strong></span> <span class='ocrx_word' id='word_1_809' title='bbox 2336 4367 2431 4436; x_wconf 80' lang='lat' dir='ltr'><strong>hic</strong></span> <span class='ocrx_word' id='word_1_810' title='bbox 2479 4367 2850 4419; x_wconf 89' lang='lat' dir='ltr'><strong>amandandus</strong></span> <span class='ocrx_word' id='word_1_811' title='bbox 2892 4367 3073 4436; x_wconf 20' lang='lat' dir='ltr'><strong>cstiad</strong></span> <span class='ocrx_word' id='word_1_812' title='bbox 3105 4367 3361 4419; x_wconf 65' lang='lat' dir='ltr'><strong>saeculum</strong></span> 
     </span>
    </p>
   </div>
   <div class='ocr_carea' id='block_1_117' title="bbox 1784 4435 3364 4504">
    <p class='ocr_par' dir='ltr' id='par_1_117' title="bbox 1784 4435 3364 4504">
     <span class='ocr_line' id='line_1_117' title="bbox 1784 4435 3364 4504; baseline 0.002 -18"><span class='ocrx_word' id='word_1_813' title='bbox 1784 4437 2116 4504; x_wconf 81' lang='lat' dir='ltr'><strong>proximum,</strong></span> <span class='ocrx_word' id='word_1_814' title='bbox 2166 4443 2221 4489; x_wconf 90' lang='lat' dir='ltr'><strong>et</strong></span> <span class='ocrx_word' id='word_1_815' title='bbox 2269 4435 2672 4490; x_wconf 85' lang='lat' dir='ltr'><strong>substituendus</strong></span> <span class='ocrx_word' id='word_1_816' title='bbox 2716 4437 2928 4489; x_wconf 89' lang='lat' dir='ltr'><strong>videtur</strong></span> <span class='ocrx_word' id='word_1_817' title='bbox 2979 4435 3122 4489; x_wconf 66' lang='lat' dir='ltr'><strong>BOiiO</strong></span> <span class='ocrx_word' id='word_1_818' title='bbox 3152 4436 3218 4490; x_wconf 89' lang='lat' dir='ltr'><strong>de</strong></span> <span class='ocrx_word' id='word_1_819' title='bbox 3257 4452 3364 4503; x_wconf 92' lang='lat' dir='ltr'><strong>quo</strong></span> 
     </span>
    </p>
   </div>
   <div class='ocr_carea' id='block_1_118' title="bbox 1785 4503 3364 4574">
    <p class='ocr_par' dir='ltr' id='par_1_118' title="bbox 1785 4503 3364 4574">
     <span class='ocr_line' id='line_1_118' title="bbox 1785 4503 3364 4574; baseline 0.001 -17"><span class='ocrx_word' id='word_1_820' title='bbox 1785 4503 2072 4557; x_wconf 77' lang='lat' dir='ltr'><strong>llirherius</strong></span> <span class='ocrx_word' id='word_1_821' title='bbox 2099 4503 2235 4557; x_wconf 83' lang='lat' dir='ltr'><strong>lib.t</strong></span> <span class='ocrx_word' id='word_1_822' title='bbox 2290 4505 2540 4559; x_wconf 84' lang='lat' dir='ltr'><strong>Chronici</strong></span> <span class='ocrx_word' id='word_1_823' title='bbox 2575 4504 2905 4560; x_wconf 82' lang='lat' dir='ltr'><strong>Senonensis</strong></span> <span class='ocrx_word' id='word_1_824' title='bbox 2949 4520 3065 4574; x_wconf 88' lang='lat' dir='ltr'><strong>cap.</strong></span> <span class='ocrx_word' id='word_1_825' title='bbox 3122 4506 3208 4570; x_wconf 81' lang='lat' dir='ltr'><strong>IO,</strong></span> <span class='ocrx_word' id='word_1_826' title='bbox 3262 4508 3364 4559; x_wconf 84' lang='lat' dir='ltr'><strong>ista</strong></span> 
     </span>
    </p>
   </div>
   <div class='ocr_carea' id='block_1_119' title="bbox 1785 4574 3366 4644">
    <p class='ocr_par' dir='ltr' id='par_1_119' title="bbox 1785 4574 3366 4644">
     <span class='ocr_line' id='line_1_119' title="bbox 1785 4574 3366 4644; baseline 0 -16"><span class='ocrx_word' id='word_1_827' title='bbox 1785 4575 2019 4628; x_wconf 89' lang='lat' dir='ltr'><strong>scribit:</strong></span> <span class='ocrx_word' id='word_1_828' title='bbox 2069 4593 2086 4624; x_wconf 73' lang='grc' dir='ltr'>ι</span> <span class='ocrx_word' id='word_1_829' title='bbox 2130 4574 2328 4642; x_wconf 77' lang='lat' dir='ltr'><strong>Elapso</strong></span> <span class='ocrx_word' id='word_1_830' title='bbox 2376 4576 2586 4628; x_wconf 88' lang='lat' dir='ltr'><strong>modico</strong></span> <span class='ocrx_word' id='word_1_831' title='bbox 2636 4585 2894 4644; x_wconf 90' lang='lat' dir='ltr'><strong>tempore,</strong></span> <span class='ocrx_word' id='word_1_832' title='bbox 2944 4584 3226 4643; x_wconf 88' lang='lat' dir='ltr'><strong>postquam</strong></span> <span class='ocrx_word' id='word_1_833' title='bbox 3278 4577 3366 4629; x_wconf 68' lang='lat' dir='ltr'><strong>vir</strong></span> 
     </span>
    </p>
   </div>
   <div class='ocr_carea' id='block_1_120' title="bbox 1784 4645 3364 4700">
    <p class='ocr_par' dir='ltr' id='par_1_120' title="bbox 1784 4645 3364 4700">
     <span class='ocr_line' id='line_1_120' title="bbox 1784 4645 3364 4700; baseline -0.001 0"><span class='ocrx_word' id='word_1_834' title='bbox 1784 4645 2133 4700; x_wconf 82' lang='lat' dir='ltr'><strong>beatissimus</strong></span> <span class='ocrx_word' id='word_1_835' title='bbox 2182 4645 2269 4698; x_wconf 90' lang='lat' dir='ltr'><strong>ille</strong></span> <span class='ocrx_word' id='word_1_836' title='bbox 2306 4645 2576 4699; x_wconf 83' lang='lat' dir='ltr'><strong>Dendatus</strong></span> <span class='ocrx_word' id='word_1_837' title='bbox 2626 4646 2678 4698; x_wconf 92' lang='lat' dir='ltr'><strong>in</strong></span> <span class='ocrx_word' id='word_1_838' title='bbox 2733 4647 2871 4699; x_wconf 86' lang='lat' dir='ltr'><strong>hanc</strong></span> <span class='ocrx_word' id='word_1_839' title='bbox 2909 4646 3231 4698; x_wconf 82' lang='lat' dir='ltr'><strong>subintravit</strong></span> <span class='ocrx_word' id='word_1_840' title='bbox 3263 4646 3364 4698; x_wconf 84' lang='lat' dir='ltr'><strong>Vo-</strong></span> 
     </span>
    </p>
   </div>
   <div class='ocr_carea' id='block_1_121' title="bbox 1785 4715 3361 4783">
    <p class='ocr_par' dir='ltr' id='par_1_121' title="bbox 1785 4715 3361 4783">
     <span class='ocr_line' id='line_1_121' title="bbox 1785 4715 3361 4783; baseline -0.003 -16"><span class='ocrx_word' id='word_1_841' title='bbox 1785 4730 1992 4782; x_wconf 76' lang='lat' dir='ltr'><strong>sagum,</strong></span> <span class='ocrx_word' id='word_1_842' title='bbox 2021 4723 2139 4767; x_wconf 90' lang='lat' dir='ltr'><strong>erat</strong></span> <span class='ocrx_word' id='word_1_843' title='bbox 2173 4715 2255 4767; x_wconf 92' lang='lat' dir='ltr'><strong>vir</strong></span> <span class='ocrx_word' id='word_1_844' title='bbox 2303 4731 2456 4783; x_wconf 70' lang='lat' dir='ltr'><strong>mque</strong></span> <span class='ocrx_word' id='word_1_845' title='bbox 2503 4715 2898 4779; x_wconf 76' lang='lat' dir='ltr'><strong>Sanctissimus,</strong></span> <span class='ocrx_word' id='word_1_846' title='bbox 2943 4717 3157 4769; x_wconf 85' lang='lat' dir='ltr'><strong>nOminc</strong></span> <span class='ocrx_word' id='word_1_847' title='bbox 3195 4715 3361 4778; x_wconf 80' lang='lat' dir='ltr'><strong>Bodn,</strong></span> 
     </span>
    </p>
   </div>
   <div class='ocr_carea' id='block_1_122' title="bbox 1785 4784 3362 4853">
    <p class='ocr_par' dir='ltr' id='par_1_122' title="bbox 1785 4784 3362 4853">
     <span class='ocr_line' id='line_1_122' title="bbox 1785 4784 3362 4853; baseline 0.001 -17"><span class='ocrx_word' id='word_1_848' title='bbox 1785 4784 2054 4838; x_wconf 80' lang='lat' dir='ltr'><strong>Tullensis</strong></span> <span class='ocrx_word' id='word_1_849' title='bbox 2077 4787 2384 4853; x_wconf 88' lang='lat' dir='ltr'><strong>cpisc0pns,</strong></span> <span class='ocrx_word' id='word_1_850' title='bbox 2410 4785 2499 4853; x_wconf 89' lang='lat' dir='ltr'><strong>qui</strong></span> <span class='ocrx_word' id='word_1_851' title='bbox 2529 4785 2619 4838; x_wconf 91' lang='lat' dir='ltr'><strong>Dei</strong></span> <span class='ocrx_word' id='word_1_852' title='bbox 2662 4787 2856 4838; x_wconf 90' lang='lat' dir='ltr'><strong>ductus</strong></span> <span class='ocrx_word' id='word_1_853' title='bbox 2884 4785 3018 4847; x_wconf 85' lang='lat' dir='ltr'><strong>zelo,</strong></span> <span class='ocrx_word' id='word_1_854' title='bbox 3055 4785 3105 4838; x_wconf 92' lang='lat' dir='ltr'><strong>in</strong></span> <span class='ocrx_word' id='word_1_855' title='bbox 3131 4787 3362 4852; x_wconf 83' lang='lat' dir='ltr'><strong>quodam</strong></span> 
     </span>
    </p>
   </div>
   <div class='ocr_carea' id='block_1_123' title="bbox 1782 4854 3362 4924">
    <p class='ocr_par' dir='ltr' id='par_1_123' title="bbox 1782 4854 3362 4924">
     <span class='ocr_line' id='line_1_123' title="bbox 1782 4854 3362 4924; baseline 0.001 -17"><span class='ocrx_word' id='word_1_856' title='bbox 1782 4856 1984 4923; x_wconf 58' lang='lat' dir='ltr'><strong>pra-dio</strong></span> <span class='ocrx_word' id='word_1_857' title='bbox 2027 4870 2144 4915; x_wconf 87' lang='lat' dir='ltr'><strong>suo,</strong></span> <span class='ocrx_word' id='word_1_858' title='bbox 2178 4856 2320 4924; x_wconf 91' lang='lat' dir='ltr'><strong>quod</strong></span> <span class='ocrx_word' id='word_1_859' title='bbox 2363 4854 2478 4922; x_wconf 89' lang='lat' dir='ltr'><strong>ejus</strong></span> <span class='ocrx_word' id='word_1_860' title='bbox 2534 4856 2749 4911; x_wconf 87' lang='lat' dir='ltr'><strong>nomine</strong></span> <span class='ocrx_word' id='word_1_861' title='bbox 2803 4855 3032 4908; x_wconf 87' lang='lat' dir='ltr'><strong>Bodonis</strong></span> <span class='ocrx_word' id='word_1_862' title='bbox 3088 4864 3362 4909; x_wconf 89' lang='lat' dir='ltr'><strong>monaste-</strong></span> 
     </span>
    </p>
   </div>
   <div class='ocr_carea' id='block_1_124' title="bbox 1786 4925 3360 4993">
    <p class='ocr_par' dir='ltr' id='par_1_124' title="bbox 1786 4925 3360 4993">
     <span class='ocr_line' id='line_1_124' title="bbox 1786 4925 3360 4993; baseline 0 -16"><span class='ocrx_word' id='word_1_863' title='bbox 1786 4927 1924 4977; x_wconf 89' lang='lat' dir='ltr'><strong>rium</strong></span> <span class='ocrx_word' id='word_1_864' title='bbox 1984 4925 2305 4993; x_wconf 85' lang='lat' dir='ltr'><strong>appellatur,</strong></span> <span class='ocrx_word' id='word_1_865' title='bbox 2369 4928 2603 4979; x_wconf 80' lang='lat' dir='ltr'><strong>atlunato</strong></span> <span class='ocrx_word' id='word_1_866' title='bbox 2666 4943 2770 4977; x_wconf 91' lang='lat' dir='ltr'><strong>non</strong></span> <span class='ocrx_word' id='word_1_867' title='bbox 2831 4925 3041 4978; x_wconf 81' lang='lat' dir='ltr'><strong>modico</strong></span> <span class='ocrx_word' id='word_1_868' title='bbox 3097 4936 3360 4978; x_wconf 73' lang='lat' dir='ltr'><strong>conventu</strong></span> 
     </span>
    </p>
   </div>
   <div class='ocr_carea' id='block_1_125' title="bbox 1783 4995 3362 5054">
    <p class='ocr_par' dir='ltr' id='par_1_125' title="bbox 1783 4995 3362 5054">
     <span class='ocr_line' id='line_1_125' title="bbox 1783 4995 3362 5054; baseline -0.001 -6"><span class='ocrx_word' id='word_1_869' title='bbox 1783 4995 2269 5048; x_wconf 88' lang='lat' dir='ltr'><strong>sanctimonialium</strong></span> <span class='ocrx_word' id='word_1_870' title='bbox 2317 4995 2609 5050; x_wconf 87' lang='lat' dir='ltr'><strong>claustrum</strong></span> <span class='ocrx_word' id='word_1_871' title='bbox 2644 4995 2838 5048; x_wconf 86' lang='lat' dir='ltr'><strong>ibidem</strong></span> <span class='ocrx_word' id='word_1_872' title='bbox 2873 4995 3075 5054; x_wconf 88' lang='lat' dir='ltr'><strong>statuit,</strong></span> <span class='ocrx_word' id='word_1_873' title='bbox 3106 5005 3158 5048; x_wconf 93' lang='lat' dir='ltr'><strong>et</strong></span> <span class='ocrx_word' id='word_1_874' title='bbox 3189 4996 3362 5049; x_wconf 89' lang='lat' dir='ltr'><strong>eidem</strong></span> 
     </span>
    </p>
   </div>
   <div class='ocr_carea' id='block_1_126' title="bbox 1782 5065 3364 5133">
    <p class='ocr_par' dir='ltr' id='par_1_126' title="bbox 1782 5065 3364 5133">
     <span class='ocr_line' id='line_1_126' title="bbox 1782 5065 3364 5133; baseline 0 -16"><span class='ocrx_word' id='word_1_875' title='bbox 1782 5065 2110 5118; x_wconf 71' lang='lat' dir='ltr'><strong>monasterio</strong></span> <span class='ocrx_word' id='word_1_876' title='bbox 2143 5065 2384 5133; x_wconf 85' lang='lat' dir='ltr'><strong>pluribus</strong></span> <span class='ocrx_word' id='word_1_877' title='bbox 2424 5066 2636 5119; x_wconf 86' lang='lat' dir='ltr'><strong>collatis</strong></span> <span class='ocrx_word' id='word_1_878' title='bbox 2669 5065 2929 5117; x_wconf 75' lang='lat' dir='ltr'><strong>reditibus</strong></span> <span class='ocrx_word' id='word_1_879' title='bbox 2975 5065 3106 5117; x_wconf 85' lang='lat' dir='ltr'><strong>ordo</strong></span> <span class='ocrx_word' id='word_1_880' title='bbox 3161 5066 3364 5118; x_wconf 82' lang='lat' dir='ltr'><strong>sam-ti-</strong></span> 
     </span>
    </p>
   </div>
   <div class='ocr_carea' id='block_1_127' title="bbox 1782 5133 3358 5204">
    <p class='ocr_par' dir='ltr' id='par_1_127' title="bbox 1782 5133 3358 5204">
     <span class='ocr_line' id='line_1_127' title="bbox 1782 5133 3358 5204; baseline -0.001 -17"><span class='ocrx_word' id='word_1_881' title='bbox 1782 5133 2096 5187; x_wconf 82' lang='lat' dir='ltr'><strong>Inonialiutn</strong></span> <span class='ocrx_word' id='word_1_882' title='bbox 2153 5136 2320 5188; x_wconf 71' lang='lat' dir='ltr'><strong>mulio</strong></span> <span class='ocrx_word' id='word_1_883' title='bbox 2371 5145 2610 5204; x_wconf 90' lang='lat' dir='ltr'><strong>tempore</strong></span> <span class='ocrx_word' id='word_1_884' title='bbox 2660 5136 2853 5186; x_wconf 75' lang='lat' dir='ltr'><strong>ibidun</strong></span> <span class='ocrx_word' id='word_1_885' title='bbox 2902 5135 3283 5203; x_wconf 80' lang='lat' dir='ltr'><strong>perseveravit.</strong></span> <span class='ocrx_word' id='word_1_886' title='bbox 3340 5153 3358 5186; x_wconf 83' lang='grc'><strong>›</strong></span> 
     </span>
    </p>
   </div>
   <div class='ocr_carea' id='block_1_128' title="bbox 1781 5204 3406 5273">
    <p class='ocr_par' dir='ltr' id='par_1_128' title="bbox 1781 5204 3406 5273">
     <span class='ocr_line' id='line_1_128' title="bbox 1781 5204 3406 5273; baseline 0 -16"><span class='ocrx_word' id='word_1_887' title='bbox 1781 5204 1988 5257; x_wconf 80' lang='lat' dir='ltr'><strong>Colitur</strong></span> <span class='ocrx_word' id='word_1_888' title='bbox 2017 5204 2074 5256; x_wconf 90' lang='lat' dir='ltr'><strong>S.</strong></span> <span class='ocrx_word' id='word_1_889' title='bbox 2111 5204 2254 5259; x_wconf 83' lang='lat' dir='ltr'><strong>Bodo</strong></span> <span class='ocrx_word' id='word_1_890' title='bbox 2279 5206 2334 5258; x_wconf 86' lang='lat' dir='ltr'><strong>II</strong></span> <span class='ocrx_word' id='word_1_891' title='bbox 2366 5205 2717 5273; x_wconf 84' lang='lat' dir='ltr'><strong>Septembris,</strong></span> <span class='ocrx_word' id='word_1_892' title='bbox 2743 5207 2955 5272; x_wconf 73' lang='lat' dir='ltr'><strong>quando</strong></span> <span class='ocrx_word' id='word_1_893' title='bbox 2982 5205 3096 5258; x_wconf 77' lang='lat' dir='ltr'><strong>hzrc</strong></span> <span class='ocrx_word' id='word_1_894' title='bbox 3141 5220 3361 5259; x_wconf 78' lang='lat' dir='ltr'><strong>accura-</strong></span> <span class='ocrx_word' id='word_1_895' title='bbox 3403 5207 3406 5210; x_wconf 84' lang='grc'><em>’</em></span> 
     </span>
    </p>
   </div>
   <div class='ocr_carea' id='block_1_129' title="bbox 1785 5275 3362 5339">
    <p class='ocr_par' dir='ltr' id='par_1_129' title="bbox 1785 5275 3362 5339">
     <span class='ocr_line' id='line_1_129' title="bbox 1785 5275 3362 5339; baseline 0.001 -13"><span class='ocrx_word' id='word_1_896' title='bbox 1785 5275 1888 5327; x_wconf 91' lang='lat' dir='ltr'><strong>tius</strong></span> <span class='ocrx_word' id='word_1_897' title='bbox 1939 5283 2100 5328; x_wconf 88' lang='lat' dir='ltr'><strong>erunt</strong></span> <span class='ocrx_word' id='word_1_898' title='bbox 2153 5275 2530 5339; x_wconf 87' lang='lat' dir='ltr'><strong>discutienda,</strong></span> <span class='ocrx_word' id='word_1_899' title='bbox 2587 5275 2659 5325; x_wconf 88' lang='lat' dir='ltr'><strong>uti</strong></span> <span class='ocrx_word' id='word_1_900' title='bbox 2713 5284 2767 5326; x_wconf 90' lang='lat' dir='ltr'><strong>et</strong></span> <span class='ocrx_word' id='word_1_901' title='bbox 2811 5275 2880 5328; x_wconf 77' lang='lat'><strong>‘2&#39;9</strong></span> <span class='ocrx_word' id='word_1_902' title='bbox 2937 5275 3245 5329; x_wconf 87' lang='lat' dir='ltr'><strong>Decembris</strong></span> <span class='ocrx_word' id='word_1_903' title='bbox 3295 5277 3362 5328; x_wconf 87' lang='lat' dir='ltr'><strong>ad</strong></span> 
     </span>
    </p>
   </div>
   <div class='ocr_carea' id='block_1_130' title="bbox 1783 5342 3358 5412">
    <p class='ocr_par' dir='ltr' id='par_1_130' title="bbox 1783 5342 3358 5412">
     <span class='ocr_line' id='line_1_130' title="bbox 1783 5342 3358 5412; baseline 0.003 -17"><span class='ocrx_word' id='word_1_904' title='bbox 1783 5342 1959 5396; x_wconf 87' lang='lat' dir='ltr'><strong>Vitam</strong></span> <span class='ocrx_word' id='word_1_905' title='bbox 2010 5345 2068 5396; x_wconf 90' lang='lat' dir='ltr'><strong>S.</strong></span> <span class='ocrx_word' id='word_1_906' title='bbox 2110 5343 2388 5398; x_wconf 84' lang='lat' dir='ltr'><strong>IIilduardi</strong></span> <span class='ocrx_word' id='word_1_907' title='bbox 2421 5346 2510 5412; x_wconf 89' lang='lat' dir='ltr'><strong>qui</strong></span> <span class='ocrx_word' id='word_1_908' title='bbox 2556 5343 2795 5397; x_wconf 88' lang='lat' dir='ltr'><strong>creditur</strong></span> <span class='ocrx_word' id='word_1_909' title='bbox 2827 5345 3114 5400; x_wconf 85' lang='lat' dir='ltr'><strong>Girbaldus</strong></span> <span class='ocrx_word' id='word_1_910' title='bbox 3143 5347 3208 5399; x_wconf 87' lang='lat' dir='ltr'><strong>ab</strong></span> <span class='ocrx_word' id='word_1_911' title='bbox 3236 5346 3358 5400; x_wconf 61' lang='lat' dir='ltr'><strong>aliis</strong></span> 
     </span>
    </p>
   </div>
   <div class='ocr_carea' id='block_1_131' title="bbox 1781 5414 2056 5483">
    <p class='ocr_par' dir='ltr' id='par_1_131' title="bbox 1781 5414 2056 5483">
     <span class='ocr_line' id='line_1_131' title="bbox 1781 5414 2056 5483; baseline 0.004 -17"><span class='ocrx_word' id='word_1_912' title='bbox 1781 5414 2056 5483; x_wconf 87' lang='lat' dir='ltr'><strong>appellari.</strong></span> 
     </span>
    </p>
   </div>
   <div class='ocr_carea' id='block_1_132' title="bbox 1853 5483 3362 5556">
    <p class='ocr_par' dir='ltr' id='par_1_132' title="bbox 1853 5483 3362 5556">
     <span class='ocr_line' id='line_1_132' title="bbox 1853 5483 3362 5556; baseline 0 -19"><span class='ocrx_word' id='word_1_913' title='bbox 1853 5485 1968 5556; x_wconf 52' lang='grc'><strong>(51)</strong></span> <span class='ocrx_word' id='word_1_914' title='bbox 2007 5484 2176 5553; x_wconf 81' lang='lat' dir='ltr'><strong>Vulgo</strong></span> <span class='ocrx_word' id='word_1_915' title='bbox 2206 5483 2454 5556; x_wconf 69' lang='lat' dir='ltr'><strong>Romani,</strong></span> <span class='ocrx_word' id='word_1_916' title='bbox 2485 5493 2540 5538; x_wconf 88' lang='lat' dir='ltr'><strong>et</strong></span> <span class='ocrx_word' id='word_1_917' title='bbox 2569 5485 2648 5537; x_wconf 89' lang='lat' dir='ltr'><strong>sic</strong></span> <span class='ocrx_word' id='word_1_918' title='bbox 2690 5485 2863 5554; x_wconf 85' lang='lat' dir='ltr'><strong>ipsum</strong></span> <span class='ocrx_word' id='word_1_919' title='bbox 2899 5485 3149 5556; x_wconf 79' lang='lat' dir='ltr'><strong>Rivcrius</strong></span> <span class='ocrx_word' id='word_1_920' title='bbox 3179 5486 3362 5556; x_wconf 78' lang='lat' dir='ltr'><strong>appel-</strong></span> 
     </span>
    </p>
   </div>
   <div class='ocr_carea' id='block_1_133' title="bbox 1779 5553 3333 5625">
    <p class='ocr_par' dir='ltr' id='par_1_133' title="bbox 1779 5553 3333 5625">
     <span class='ocr_line' id='line_1_133' title="bbox 1779 5553 3333 5625; baseline 0.001 -19"><span class='ocrx_word' id='word_1_921' title='bbox 1779 5553 1891 5619; x_wconf 85' lang='lat' dir='ltr'><strong>lat;</strong></span> <span class='ocrx_word' id='word_1_922' title='bbox 1921 5555 2183 5625; x_wconf 68' lang='lat' dir='ltr'><strong>Iliguetus</strong></span> <span class='ocrx_word' id='word_1_923' title='bbox 2215 5554 2362 5625; x_wconf 81' lang='lat' dir='ltr'><strong>addit</strong></span> <span class='ocrx_word' id='word_1_924' title='bbox 2387 5565 2630 5622; x_wconf 80' lang='lat' dir='ltr'><strong>respectu</strong></span> <span class='ocrx_word' id='word_1_925' title='bbox 2663 5553 2842 5625; x_wconf 87' lang='lat' dir='ltr'><strong>oppidi</strong></span> <span class='ocrx_word' id='word_1_926' title='bbox 2885 5559 2940 5612; x_wconf 86' lang='lat' dir='ltr'><strong>S.</strong></span> <span class='ocrx_word' id='word_1_927' title='bbox 2965 5553 3225 5610; x_wconf 54' lang='lat' dir='ltr'><strong>&#39;Dcndatf</strong></span> <span class='ocrx_word' id='word_1_928' title='bbox 3247 5553 3333 5608; x_wconf 86' lang='lat' dir='ltr'><strong>Ion</strong></span> 
     </span>
    </p>
   </div>
   <div class='ocr_carea' id='block_1_134' title="bbox 1779 5623 3358 5698">
    <p class='ocr_par' dir='ltr' id='par_1_134' title="bbox 1779 5623 3358 5698">
     <span class='ocr_line' id='line_1_134' title="bbox 1779 5623 3358 5698; baseline 0.001 -21"><span class='ocrx_word' id='word_1_929' title='bbox 1779 5625 1898 5698; x_wconf 75' lang='lat' dir='ltr'><strong>gius</strong></span> <span class='ocrx_word' id='word_1_930' title='bbox 1926 5639 2086 5698; x_wconf 85' lang='lat' dir='ltr'><strong>quam</strong></span> <span class='ocrx_word' id='word_1_931' title='bbox 2116 5623 2394 5698; x_wconf 78' lang='lat' dir='ltr'><strong>Rembcrti</strong></span> <span class='ocrx_word' id='word_1_932' title='bbox 2422 5625 2617 5679; x_wconf 81' lang='lat' dir='ltr'><strong>Villare</strong></span> <span class='ocrx_word' id='word_1_933' title='bbox 2647 5623 2808 5680; x_wconf 83' lang='lat' dir='ltr'><strong>situm</strong></span> <span class='ocrx_word' id='word_1_934' title='bbox 2832 5643 2970 5692; x_wconf 77' lang='lat' dir='ltr'><strong>esse,</strong></span> <span class='ocrx_word' id='word_1_935' title='bbox 2995 5630 3358 5698; x_wconf 61' lang='lat' dir='ltr'><strong>Spﬂlioplll‘hﬁ</strong></span> 
     </span>
    </p>
   </div>
   <div class='ocr_carea' id='block_1_135' title="bbox 1781 5694 2722 5764">
    <p class='ocr_par' dir='ltr' id='par_1_135' title="bbox 1781 5694 2722 5764">
     <span class='ocr_line' id='line_1_135' title="bbox 1781 5694 2722 5764; baseline 0.005 -18"><span class='ocrx_word' id='word_1_936' title='bbox 1781 5696 1965 5762; x_wconf 72' lang='lat' dir='ltr'><strong>leuca‘,</strong></span> <span class='ocrx_word' id='word_1_937' title='bbox 1991 5696 2232 5764; x_wconf 84' lang='lat' dir='ltr'><strong>adeoque</strong></span> <span class='ocrx_word' id='word_1_938' title='bbox 2265 5694 2430 5751; x_wconf 84' lang='lat' dir='ltr'><strong>Icucis</strong></span> <span class='ocrx_word' id='word_1_939' title='bbox 2457 5711 2487 5751; x_wconf 92' lang='lat' dir='ltr'><strong>v</strong></span> <span class='ocrx_word' id='word_1_940' title='bbox 2517 5697 2582 5751; x_wconf 83' lang='lat' dir='ltr'><strong>ab</strong></span> <span class='ocrx_word' id='word_1_941' title='bbox 2615 5698 2722 5753; x_wconf 88' lang='lat' dir='ltr'><strong>illo.</strong></span> 
     </span>
    </p>
   </div>
   <div class='ocr_carea' id='block_1_136' title="bbox 2354 5879 2389 5889">
    <p class='ocr_par' dir='ltr' id='par_1_136' title="bbox 2354 5879 2389 5889">
     <span class='ocr_line' id='line_1_136' title="bbox 2354 5879 2389 5889; baseline 0 0"><span class='ocrx_word' id='word_1_942' title='bbox 2354 5879 2389 5889; x_wconf 54' lang='grc' dir='ltr'><strong>ἰο</strong></span> 
     </span>
    </p>
   </div>
  </div>
