3900 6322
12 371 152 428 61⁸1

1164 366 1506 426 VALCANDI
1548 366 1709 425 VITA
1736 368 1796 425 s.
1839 367 2136 441 neeum

3237 387 3341 443 013

12 488 366 551 desereret,
396 484 554 556 eique
580 492 859 557 gratanter
912 483 994 539 sui
1037 482 1177 554 juris
1205 456 1573 552 possessiones
1606 483 1674 540 ad
1702 480 1985 551 Alnterea
2039 483 2319 551 Dominus,
2374 488 2636 545 sollieitus
2703 506 2768 546 oe
2830 507 2990 550 servo
3051 495 3129 553 nil
3203 516 3345 571 cogi-

12 576 523 636 commanendum
554 575 796 641 offerret,
825 576 909 631 vir
937 574 1033 630 Dei
1075 574 1353 645 respondit
1395 573 1663 645 lacrqu

12 672 246 728 biliter
282 688 296 725 :
333 671 407 727 Ut
450 671 579 740 quid
626 678 704 724 tot
747 667 904 723 annis
948 667 1106 723 exsul
1134 675 1189 722 et
1218 666 1485 737 profugus
1519 668 1660 723 hanc

15 765 404 837 provinciam
435 763 612 819 habeo
660 762 943 827 aberrare,
996 775 1120 815 cum
1169 760 1223 814 in
1274 774 1339 815 ea
1398 760 1668 830 (peccatis.

17 859 188 913 meis
208 855 851 925 facientibus)nequeam
876 853 997 924 pedi
1018 867 1140 908 meo
1152 859 1391 921 optatam
1416 853 1657 921 requiem

18 952 349 1022 reperire?
401 950 521 1005 Jam
571 950 635 1003 ad
691 946 1033 1001 moriendum
1072 946 1213 1000 dabo
1255 958 1343 999 me
1390 953 1560 999 vastae
1603 954 1660 1000 et

22 1043 263 1111 ignotae
290 1039 601 1104 solitudini;
644 1037 839 1092 viderit
871 1036 1047 1106 pietas
1074 1035 1284 1091 Domini
1326 1033 1483 1103 cujus
1517 1036 1665 1091 desi-.

20 1132 209 1189 der'o
254 1135 492 1204 patriam
517 1131 728 1199 respui,
754 1138 810 1184 et
840 1129 943 1185 hos
971 1129 1104 1183 fines
1133 1128 1487 1198 expetii.Hoc
1510 1128 1656 1185 dicto

23 1226 305 1294 dataque
335 1224 488 1295 pacis
513 1222 722 1284 osculo,
749 1221 848 1276 sub
871 1220 1124 1290 amplexu
1150 1230 1338 1275 mutuo
1355 1220 1655 1275 discessum

24 1327 151 1379 est,
189 1333 309 1372 non
331 1318 448 1371 sine
470 1316 599 1370 fletu
634 1315 919 1384 utriusque
942 1314 1199 1384 plurimo.

112 1411 176 1462 8.
225 1408 337 1464 Sed
391 1407 595 1461 famnlo
651 1422 753 1461 suo
805 1406 1240 1477 persecutionem
1294 1421 1392 1477 pro
1440 1405 1654 1475 justitia

24 1501 288 1568 patienti
340 1501 618 1555 miseratio
650 1500 829 1555 divina
875 1515 983 1554 non
1017 1499 1220 1565 defuit;
1258 1514 1382 1569 quae
1411 1499 1461 1554 ei
1501 1499 1663 1554 habi-

28 1590 153 1644 lem
184 1603 245 1646 et
280 1601 527 1661 optatum
564 1591 739 1645 locum
764 1590 1019 1660 providit,
1048 1599 1102 1645 et
1137 1599 1511 1660 persecutores
1538 1588 1655 1659 ejus

29 1684 456 1739 contumeliosa
511 1694 566 1739 et
617 1683 916 1738 miserabili
975 1683 1131 1753 plaga
1189 1684 1241 1738 in
1305 1698 1403 1738 sua
1468 1682 1654 1740 sobole

32 1777 353 1843 percussit.
399 1774 536 1831 Nam
584 1775 875 1844 primatum
918 1773 1137 1827 illorum
1171 1773 1287 1828 dies
1326 1772 1649 1839 dimidiavit,

1766 580 1901 631 tanti
1931 576 1997 631 de
2025 577 2281 641 crastino,
2320 578 2631 652 religiosum
2653 584 2828 640 virum
2868 584 3081 643 [Inuum
3114 589 3274 649 aliter
3298 595 3349 649 in

1762 665 1971 723 somnio
2013 682 2112 723 suo
2132 667 2385 739 dignatur
2409 671 2662 743 alloquio.
2718 675 2827 732 Cur
2874 675 3020 735 fame
3078 684 3359 750 permittis

1760 754 1814 810 in
1874 756 2167 819 solitudine
2213 761 2395 830 perire
2437 773 2769 834 rompatrem
2820 775 2990 835 tutun,
3052 774 3349 830 Deodatuin
3416 762 3437 816 ι’

1759 847 2158 909 Nivernensem
2213 853 2568 925 episcopum,
2630 873 2794 915 causa
2853 863 2954 916 mei
3004 865 3246 923 exsulem
3299 881 3356 924 et

1759 944 1973 1017 inopem
1997 945 2231 1017 factum,
2275 953 2365 1022 qui
2412 970 2522 1024 prae
2563 956 2863 1015 humilitate
2896 962 2982 1016 vix
3012 965 3219 1021 minimi
3270 985 3295 1023 s
3334 971 3353 1027 l

1759 1046 1914 1094 actus
1946 1049 1996 1095 te
2026 1041 2153 1097 fecit
2173 1046 2487 1102 conscium?
2516 1048 2613 1104 Cui
2657 1053 3006 1121 respondenti
3047 1073 3107 1113 se
3131 1062 3352 1116 nescire

1757 1147 2016 1201 quorsum
2066 1152 2189 1190 eum
2245 1152 2486 1207 quaerere
2518 1143 2759 1212 deberet,
2806 1151 3068 1218 praecepit
3118 1154 3349 1210 dicens:

1757 1220 1934 1281 Onera
1958 1225 2263 1294 sagittarios
2293 1228 2408 1298 (42)
2454 1241 2573 1287 tuos
2604 1234 2779 1303 bonis,
2811 1252 2932 1306 quae
2975 1240 3067 1295 tibi
3099 1245 3348 1312 praestiti.

1756 1320 1829 1374 et.
1890 1314 2141 1372 invocata
2186 1317 2470 1388 majestate
2521 1324 2725 1391 divina,
2772 1344 2864 1384 eos
2907 1345 3005 1400 per
3051 1348 3110 1388 se
3148 1335 3356 1391 dimitte

1757 1403 1909 1467 istud
1944 1406 2048 1467 iter
2080 1413 2330 1480 aggredi;
2378 1412 2515 1469 mihi
2547 1418 2730 1483 crede,
2777 1422 2969 1476 ductor
3007 1441 3112 1478 non
3160 1426 3352 1485 deerit.

1756 1497 1871 1554 Hoc
1894 1504 2341 1574 exspergcfactus
2380 1522 2504 1562 cum
2533 1510 2809 1566 retulisset
2856 1515 3064 1571 deroue
3115 1519 3351 1591 conjugi,

1756 1593 2087 1651 ιιιιιιιίιιιοιιίε
2115 1597 2529 1655 accelerandum
2559 1603 2722 1673 erepit
2749 1605 2973 1662 hortari.
2992 1609 3131 1675 Quid
3161 1612 3351 1680 plura?

1757 1682 2063 1754 Sagmarii,
2114 1697 2172 1744 ut
2212 1687 2428 1758 jussum
2476 1691 2682 1759 fuerat,
2738 1697 2889 1752 abire
2930 1702 3204 1769 permissi,
3253 1720 3353 1774 per

1756 1775 1958 1832 inviam
2006 1794 2273 1848 eremuuv,
2305 1786 2437 1839 recti
2468 1785 2685 1841 itineris
2707 1788 2848 1844 linea
2890 1806 3256 1861 pervenerunt
3284 1800 3353 1851 ad

31 1881 262 1937 easque
291 1866 360 1921 ab
393 1867 497 1920 hac
534 1864 655 1919 luce
693 1865 743 1917 in
776 1864 1111 1919 dulcioribus
1132 1863 1234 1918 sibi
1264 1863 1422 1917 annis
1448 1862 1648 1932 rapuit.
1684 1867 1728 1926 Β
1756 1867 2068 1935 speluncam
2099 1872 2275 1928 sancti
2309 1891 2325 1928 ι
2377 1891 2611 1943 quorum
2634 1879 2722 1933 via
2752 1890 2934 1937 notata
2985 1885 3054 1939 ab
3106 1886 3209 1947 his.
3259 1905 3351 1958 qui

34 1957 210 2025 Quod
246 1974 391 2012 nunc
438 1972 609 2028 usque
642 1957 692 2010 in
726 1957 1042 2027 posteritate
1085 1971 1274 2011 eorum
1301 1955 1549 2011 exercuit
1599 1954 1653 2009 in

39 2058 277 2103 tantum
294 2058 352 2102 ut
376 2049 667 2119 aliquoties
689 2048 874 2103 eximii
908 2062 1162 2119 proceres
1186 2064 1251 2104 ac
1275 2057 1384 2103 tres
1414 2047 1659 2103 illustres

41 2151 342 2206 matronae,
370 2149 481 2196 tam
494 2141 783 2197 dolendam
798 2141 1166 2197 conditionem
1194 2156 1311 2196 sua:
1327 2139 1659 2211 genealogus

40 2244 367 2290 metuentes
405 2235 531 2300 sibi,
590 2236 766 2305 capita
815 2250 915 2290 sua
946 2249 1012 2290 ac
1059 2235 1255 2290 fundos
1309 2233 1661 2290 multaverint

46 2335 259 2379 saneto
283 2325 393 2389 isti,
436 2339 517 2379 ne.
535 2341 634 2395 pro
664 2326 952 2396 iniquitate
979 2334 1195 2396 patrum
1222 2339 1445 2379 suorum
1481 2339 1658 2379 mere-

44 2427 256 2473 rentur
276 2433 308 2472 a
339 2418 450 2471 Deo
478 2416 716 2471 multari.
756 2415 1034 2487 Quotquot
1082 2425 1262 2472 autem
1294 2414 1661 2473 ruricolarum

45 2505 111 2563 in
161 2508 357 2562 eadem
406 2506 533 2561 villa
587 2507 782 2580 (donec
833 2507 1056 2579 mansit)
1105 2506 1217 2562 nati
1266 2505 1459 2569 fuere,
1529 2519 1659 2563 cum

45 2608 334 2661 strumoso
360 2610 578 2671 gutture
615 2599 820 2670 iugiter
850 2599 1038 2655 vixere
1077 2598 1215 2669 (58),
1247 2612 1359 2667 quo
1391 2595 1659 2657 dedecore

55 2705 296 2761 prorsus
329 2707 559 2749 caruere
590 2700 857 2763 quotquot
882 2691 936 2746 in
984 2690 1227 2747 ulteriori
1252 2689 1441 2749 littore
1489 2687 1659 2746 inter-

44 2782 279 2840 ﬂuentis
329 2786 590 2840 torrentis
638 2784 789 2840 nasci
834 2796 1082 2854 potuere.
1125 2783 1277 2850 Quod
1309 2780 1661 2839 animadver-v.

49 2882 241 2931 tentes
285 2877 528 2933 enisum
576 2876 817 2944 feminrc,
862 2884 1159 2933 torrentem
1216 2874 1365 2931 illum
1409 2872 1658 2936 solebant

54 2976 316 3031 transire.

701 3108 929 3166 CAPUT
964 3108 1026 3164 ll.

56 3247 395 3303 Bisi-muria
420 3248 616 3303 Vallem
631 3249 935 3309 Galilwam.
958 3247 1198 3303 Ecclesia
1222 3256 1268 3303 et
1284 3250 1655 3305 monasterium
1686 3246 1731 3307 Ο

312 3330 688 3386 constructum,
718 3337 779 3374 ac
805 3319 1091 3390 privilegiis
1116 3322 1402 3375 munitum.

127 3455 184 3510 9.
226 3453 377 3509 Tunc
398 3455 556 3511 miles
585 3453 809 3519 Christi,
851 3452 1171 3524 infatigabili
1216 3452 1437 3522 quidem
1463 3452 1653 3515 corde,

55 3546 152 3599 sed
191 3544 416 3599 nimium
471 3545 696 3616 fatigato
745 3559 996 3613 corpore,
1052 3559 1149 3614 per
1194 3543 1477 3614 sc0pulosa
1525 3544 1653 3612 juga

55 3646 358 3704 arduorum
374 3646 657 3710 montium,
675 3660 771 3713 per
785 3657 1018 3701 concava
1043 3641 1410 3711 squalidarum
1434 3641 1653 3697 vallium

56 3736 446 3807 reptabundus,
480 3738 699 3793 tandem
726 3734 931 3791 Vallem
959 3743 1325 3804 nuncupatam
1372 3732 1653 3797 Galilaeam

55 3828 199 3897 (39),
245 3844 386 3887 anno
417 3829 485 3884 ab
528 3829 811 3891 incarnato
841 3826 1019 3883 Verbo
1071 3826 1465 3880 sexcentesimo
1495 3840 1654 3881 sexa-

57 3920 267 3987 gesimo
326 3936 467 3981 nono
516 3920 649 3992 (40).,
705 3920 870 3977 subiit
912 3918 1160 3984 anhelus,
1206 3932 1368 3989 quam
1410 3916 1653 3979 interluit

56 4018 113 4063 et
154 4008 348 4079 irrigat
400 4009 611 4065 Martha
648 4011 894 4080 piscosus
931 4017 986 4063 et
1021 4018 1208 4063 vastus
1258 4006 1449 4063 fluvius
1493 4007 1650 4083 (Ill);

59 4116 222 4169 penes
248 4116 411 4171 quem
443 4101 495 4154 in
522 4102 760 4156 Australi
805 4102 920 4172 ejus
948 4099 1064 4168 ripa
1100 4100 1335 4170 (reperta
1368 4097 1650 4167 spelunca,

58 4203 113 4251 et
143 4194 516 4257 amoenissime
548 4192 714 4269 fonte)
763 4193 1044 4265 aliquanto
1086 4193 1221 4249 inibi
1265 4193 1480 4248 delituit
1513 4205 1649 4249 tem-

55 4302 215 4357 pore,
252 4287 543 4345 herbarum
594 4296 803 4345 tantum
858 4288 1155 4359 agrestium
1204 4295 1260 4345 et
1307 4287 1651 4356 paruulorum

54 4393 152 4434 esu
207 4391 480 4446 corporea:
512 4392 837 4439 succurrens
887 4378 1102 4441 inediae,
1154 4387 1350 4447 optans
1402 4377 1651 4447 exemplo

55 4481 371 4529 Sanctorum
384 4474 602 4532 Patrum
620 4471 804 4527 vivere
849 4471 939 4542 qui
968 4472 1227 4540 degentes
1252 4468 1304 4522 in
1322 4468 1627 4523 solitudini-

57 4564 178 4629 bus,
196 4579 447 4625 erravere
462 4564 513 4627 in
530 4561 869 4627 montibuset
882 4560 1155 4633 speluncis
1167 4568 1291 4616 etca
1300 4560 1480 4615 vernis
1493 4570 1651 4623 terra:
1684 4598 1727 4652 ι)

128 4716 241 4789 (38)
278 4717 403 4772 lam
437 4716 582 4773 enim
613 4716 819 4771 nullam
843 4731 965 4789 esse
994 4714 1176 4789 villam
1221 4726 1406 4773 mouet
1449 4716 1650 4788 Bigue-

61 4787 192 4852 tus;
223 4787 422 4843 vereor
481 4800 695 4850 autem,
758 4803 831 4841 ne
873 4787 1234 4845 fabulositatis
1287 4788 1489 4857 aliquid
1531 4787 1647 4845 fad-

66 4859 280 4913 mist
326 4860 455 4914 huic
505 4859 806 4913 narrationi
865 4859 970 4923 sit,
1021 4858 1426 4914 fundamentum
1478 4869 1650 4915 tracta:

65 4944 127 4982 ex
184 4929 455 4999 frequenti
515 4930 856 4984 invocatione
909 4929 1085 4984 sancti
1136 4939 1324 4986 contra
1385 4928 1681 4997 ejusmodi.

64 4999 280 5056 nulum.

139 5073 250 5141 ('59)
292 5070 561 5126 Describit
600 5087 723 5127 eam
776 5069 982 5129 Vallem
1042 5070 1360 5131 Richerius,
1415 5085 1537 5139 cap.
1592 5068 1648 5136 6,

72 5159 93 5192 ι
133 5146 431 5213 speciosam
457 5153 513 5196 et
540 5143 860 5213 smtiosam,
893 5143 1205 5213 nemoribus
1234 5142 1471 5210 mutique
1516 5155 1651 5197 cont-

77 5212 252 5273 sitam,
295 5213 450 5283 aquis
498 5213 717 5283 irriguis
759 5222 817 5267 et
868 5212 1093 5282 piscosis
1124 5214 1435 5281 copiosam;
1483 5226 1648 5279 quam

73 5298 188 5335 eum
226 5284 310 5337 vir
352 5284 445 5338 Dei
484 5283 775 5354 diligenter
800 5284 1204 5353 conspiciendo
1244 5283 1643 5354 perlustrasset,

75 5355 280 5409 tandem
306 5355 359 5407 in
378 5351 614 5423 quatiam
643 5351 1215 5425 loco,juxta‘montem
1255 5353 1344 5420 qui
1373 5351 1647 5425 Comberg

73 5425 283 5485 dicitur,
317 5425 550 5491 resedit;
596 5423 1117 5493 ibiqueioratorium
1168 5423 1222 5477 in
1279 5424 1536 5477 honorem
1584 5423 1647 5485 S.

76 5496 303 5559 Martini,
329 5499 472 5564 quod
515 5511 690 5566 usque
720 5494 877 5550 hodie
907 5497 1182 5566 perdurat,
1210 5495 1386 5566 erexit
1411 5503 1469 5550 et
1515 5510 1646 5551 con.

73 5567 315 5622 secrevit.
359 5585 381 5621 ι
419 5564 683 5637 Riguetus
705 5566 804 5631 ait,
837 5567 986 5635 prius
1017 5565 1227 5637 venisse
1244 5564 1515 5637 adlorum
1557 5566 1645 5621 cui

72 5656 99 5691 τι
139 5640 267 5692 bona
303 5633 511 5691 Ιιοιηὶηὶ
553 5652 749 5692 nomen
788 5633 957 5695 etiam
997 5651 1141 5691 nunc
1169 5635 1260 5700 sit,
1291 5633 1541 5692 fortassis
1576 5637 1647 5692 ab

74 5710 293 5777 ipsemet
312 5718 505 5763 sancto
538 5709 611 5762 ibi
642 5719 875 5763 morato.

138 5779 247 5848 (40)
286 5779 535 5833 Errorem
570 5780 623 5832 in
655 5793 883 5833 numero
929 5792 1049 5832 esse
1100 5785 1285 5833 monet
1340 5776 1638 5848 Riguetus;

69 5847 185 5906 cum
217 5865 278 5904 ex
330 5848 657 5903 chartulario
702 5848 803 5902 loci
853 5850 1021 5917 possit
1070 5848 1287 5905 decerni
1344 5847 1642 5904 stabilitum

392 5962 662 6020 Parant.
709 5960 859 6023 CLI.

1755 1970 1893 2025 pene
1920 1960 2252 2027 pedetentim
2296 1963 2513 2021 fuerant
2562 1982 2656 2024 eos
2690 1970 2817 2027 illuc
2859 1990 3030 2044 usque
3058 1982 3349 2046 prosecuti,

1758 2049 2029 2118 reperitur
2056 2052 2291 2111 famulus
2320 2056 2441 2112 Dei.
2468 2058 2615 2126 Quos
2654 2064 2804 2131 prior
2842 2077 3211 2135 prrcontatus,
3254 2087 3353 2126 cur

1756 2143 2026 2209 venerint,
2064 2162 2283 2203 omnem
2332 2166 2447 2206 rem
2488 2154 2732 2208 seriatim
2767 2156 2943 2213 discit.
2996 2158 3105 2216 Nec
3151 2178 3347 2230 n:ora;

1757 2242 1942 2304 grates
1989 2233 2305 2295 aliectuosis.
2348 2240 2605 2313 lacrymis
2653 2248 2902 2303 conditas
2943 2250 3053 2307 Deo
3100 2254 3338 2309 reddidit

1756 2343 1919 2399 quem
1945 2329 2028 2385 sui
2076 2345 2181 2386 non
2213 2332 2439 2388 oblitum
2481 2335 2536 2389 in
2580 2340 2911 2396 necessitate
2955 2345 3348 2413 comprobavit.

1757 2419 1895 2479 Dein
1924 2430 2032 2476 tam
2063 2438 2157 2478 eos
2185 2439 2348 2494 quam
2374 2426 2623 2497 jumenta
2670 2436 2990 2492 necessariis
3023 2437 3355 2495 refociltatos

1758 2511 2005 2579 cibariis,
2050 2528 2150 2569 suo
2203 2514 2436 2574 Domino
2487 2520 2691 2590 gratias
2750 2538 2919 2593 agens
2969 2528 3196 2583 remisit.
3261 2528 3355 2584 Sic

1757 2602 1860 2661 viri
1890 2605 1986 2661 Dei
2035 2618 2246 2677 reperta
2292 2625 2441 2676 casa,
2492 2628 2599 2667 non
2630 2612 2805 2669 solum
2860 2615 2975 2686 ipse
3006 2616 3214 2687 Eunus,
3252 2623 3353 2677 sed

1757 2704 1813 2751 et
1854 2696 2059 2768 aliquot
2105 2700 2195 2754 alii
2248 2702 2485 2773 religiosi
2538 2706 2989 2763 ministraverunt
3039 2711 3089 2766 ei
3140 2721 3349 2781 postea.

1758 2784 1895 2847 Hinc
1932 2789 1980 2845 si
2019 2790 2322 2847 recolamus
2363 2795 2710 2864 antiquorum
2754 2798 2980 2855 Patrum
3027 2802 3217 2867 vitam,
3258 2821 3351 2859 nc-

1757 2896 2029 2952 quaquam
2077 2883 2145 2939 iis
2192 2886 2456 2956 imparem
2512 2889 2565 2944 in
2622 2891 2725 2947 hoc
2779 2892 2922 2948 facto
2976 2894 3352 2952 beatissimum

1758 2976 2094 3044 reperiemus
2126 2978 2450 3047 Deodatum;
2485 2983 2596 3049 cui,
2650 2994 2708 3038 ut
2751 2988 3129 3044 sanctissimus
3174 2989 3321 3047 Froa

1761 3067 1929 3133 tonio,
1962 3068 2277 3136 Benedicto,
2303 3082 2467 3143 atque
2505 3076 2841 3143 Columbano
2872 3079 3008 3153 (45),
3056 3082 3352 3139 destinavit

1763 3157 2024 3217 Dominus
2056 3163 2422 3218 necessarium
2455 3166 2678 3221 vietum.

1832 3250 1921 3306 10.
1964 3250 2075 3307 Hac
2101 3268 2233 3325 ergo
2277 3256 2614 3327 benignitate
2661 3259 2896 3327 Domini,
2941 3271 3049 3317 tam
3084 3263 3229 3319 bene
3252 3282 3351 3335 pro

1756 3361 1821 3408 se
1842 3347 2081 3412 solliciti,
2109 3349 2195 3403 vir
2224 3353 2751 3421 perspicacissimus,
2782 3356 3090 3429 intelligens
3128 3375 3349 3429 gressus

1756 3454 1886 3495 suos
1939 3440 2065 3494 illuc
2117 3450 2352 3497 retortos
2392 3445 2679 3511 divinitus,
2711 3448 2779 3503 ad
2826 3448 3213 3507 instituendam
3242 3454 3345 3509 sibi

1757 3528 2002 3582 cellulam
2041 3540 2124 3584 est
2162 3532 2451 3587 animatus.
2511 3533 2623 3600 Qua
2673 3536 2869 3591 ibidem
2922 3551 3125 3607 erecta,
3175 3551 3230 3596 et
3282 3543 3343 3597 Β.

1757 3617 1969 3673 Martini
2020 3620 2130 3689 (44)
2174 3622 2435 3677 antistitis
2467 3627 2801 3681 venerationi
2855 3628 3060 3696 dicata,
3108 3634 3350 3701 reposuit

1755 3709 1866 3775 illic
1896 3719 1949 3764 et
1970 3710 2076 3767 alia
2106 3713 2496 3782 pretiosissima
2539 3730 2849 3774 sanctorum
2890 3722 3130 3793 pignora,
3161 3741 3347 3784 secum

1756 3816 1787 3854 a
1825 3801 1999 3871 patrio
2045 3803 2162 3858 solo
2191 3804 2391 3858 delata.
2415 3806 2663 3876 Cumque
2683 3810 2865 3878 opinio
2892 3814 3198 3871 sanctitatis
3227 3816 3349 3885 ejus

1756 3891 1963 3959 diatim,
1990 3908 2095 3947 non
2126 3894 2299 3949 solum
2324 3896 2449 3950 huic
2477 3910 2672 3954 neStra:
2700 3900 2910 3957 vicinia:
2939 3907 3343 3981 commigraret,

1758 4001 1943 4039 verum
1993 3996 2046 4041 et
2077 3987 2365 4044 ulteriores
2407 3996 2579 4046 terras
2607 3991 2762 4047 avide
2814 4010 3151 4067 peragraret,
3185 4000 3349 4059 [iebat

1754 4089 1812 4135 ut
1853 4079 2038 4135 tideles
2063 4081 2269 4137 adeum
2294 4084 2614 4138 catervatim
2645 4085 3001 4157 undecunque
3026 4093 3344 4148 attraheret.

1754 4176 1830 4229 Ex
1880 4177 2075 4246 quibus
2128 4180 2369 4235 nonnulli
2421 4181 2667 4236 hilariter
2713 4184 3065 4241 conferebant
3118 4190 3343 4261 prmdia,

1754 4271 1973 4345 plurimi
2004 4274 2068 4337 ad
2097 4276 2487 4330 monasterium
2517 4280 2940 4332 construendum
2975 4281 3256 4349 pecunias,
3289 4294 3345 4337 et

1754 4377 2088 4434 quascunque
2128 4366 2233 4420 alia
2265 4376 2515 4435 poterant
2545 4369 2837 4438 impendia,
2870 4372 3162 4439 aliquando
3213 4390 3343 4429 vero

1754 4471 1859 4508 non
1893 4464 2100 4509 tantum
2129 4473 2247 4523 sua,
2277 4460 2368 4511 sed
2402 4459 2625 4530 insuper
2648 4464 2863 4517 accensi
2902 4465 2967 4517 ad
2995 4464 3342 4535 imitandum,

1755 4547 2058 4605 subdebant
2084 4547 2291 4629 seipsos
2315 4549 2430 4619 ejus
2460 4550 2806 4623 discipulatui
2847 4554 3011 4609 nimia
3050 4555 3336 4619 instantia;

1753 4699 2487 4793 fuissemonasteriumantc
2515 4724 2717 4769 annum
2899 4709 3207 4793 Alipndavit
3232 4714 3341 4793 fur-

1755 4771 2189 4854 tassilsd‘euarins
2218 4792 2356 4835 unus
2406 4777 2459 4831 in
2504 4794 2728 4854 tntmero
2776 4771 3085 4835 litterulitcr
3138 4788 3340 4854 srr‘ptsi

1752 4843 1891 4922 apud
1911 4914 1919 4922 _
1941 4843 2333 4922 Dcodatensem
2368 4851 2715 4915 monachum,
2749 4862 2843 4911 aut
2873 4855 3214 4920 trauspositis
3244 4843 3336 4911 li-

1754 4914 1885 4977 teris
1910 4914 2187 4979 legebatur
2213 4915 2335 4975 649.

1803 4982 1932 5063 (id)
1972 4981 2178 5064 Pan-cos
2239 4985 2432 5064 ﬂuvios
2500 4989 2719 5064 vidisse
2749 5003 3029 5064 auctorem
3081 5006 3337 5064 Oportet,

1750 5050 2010 5136 βίὶζηοψδ
2042 5056 2146 5136 Ili}:
2179 5058 2321 5136 tntilli
2349 5071 2558 5115 vastum
2598 5061 2820 5136 fluvium
2856 5050 3129 5136 Mortham'
3153 5050 3339 5136 appuli.

1750 5123 1842 5201 let.
1879 5142 1900 5187 ρ
1934 5122 2179 5201 Perdidit
2209 5122 2295 5180 ille
2314 5144 2510 5201 nomen
2550 5146 2730 5198 suum,
2760 5134 2968 5195 duabus
2995 5135 3163 5190 leucis
3188 5122 3333 5197 infra

1750 5190 2043 5251 Nam-ciunt
2072 5196 2300 5253 illabens
2334 5200 2584 5257 Mosellm.

1822 5264 1934 5345 (452)
1977 5266 2267 5336 ltnpressa,
2293 5272 2623 5345 sagittarios;
2654 5272 2746 5345 sed
2788 5289 2817 5327 a
2861 5276 3057 5343 sagmis
3084 5292 3337 5333 sermone

1750 5341 1953 5397 rustico
2006 5354 2250 5415 sanates,
2282 5341 2363 5415 id
2420 5352 2505 5396 est
2552 5342 2801 5408 clitellis,
2864 5341 3156 5415 submurias
3204 5351 3332 5412 dici,

1748 5420 1936 5529 etllltOS,
1975 5408 2171 5529 mplos,
2213 5414 2419 5483 asinos,
2449 5416 2705 5470 oneribus
2729 5408 2969 5472 ferendis
3009 5408 3335 5488 destinatos,

1750 5492 1818 5529 no
1850 5493 1934 5529 ιιιιι
1968 5494 2025 5529 68
2055 5519 2067 5529 .

1750 5490 1934 5539 ῃοιιιιιι
1968 5490 2067 5535 εει.
3312 5532 3315 5535 ν

1770 5599 1775 5603 ,
1822 5546 2169 5632 (έὸλτιιι-νίω
2204 5550 2261 5605 S.
2286 5551 2684 5632 Frontonis”
2708 5557 2910 5632 Aprilis
2927 5558 3054 5632 hinc
3082 5552 3335 5631 leguntur

1749 5632 1804 5671 ιι.
1919 5617 2040 5699 uoti
2072 5632 2195 5675 sunt
2225 5625 2389 5699 etiam
2415 5624 2738 5699 Benedictus
2758 5617 2815 5684 et
2845 5617 3230 5699 Columban'iis.

1820 5686 1932 5814 ψ)
1973 5689 2124 5745 Nunc
2154 5695 2454 5776 appellatur
2475 5693 2785 5779 ϐιξιναειεᾳυ
2815 5687 2978 5767 Collis
3001 5698 3059 5755 S.
3088 5686 3333 5771 Martini,

1820 5783 1822 5813 ι
1849 5759 1951 5814 ltce
1979 5763 2031 5814 la
2051 5758 2172 5814 C632
2200 5762 2603 5814 διηιιι-Μω-ιηι-

1747 5756 1951 5818 Gallice
1979 5763 2031 5817 la
2051 5758 2172 5820 Cdfe
2188 5756 2603 5825 'Saint-Martin.

2776 5968 2853 6029 20
