3900 6322
69 359 192 416 69.]

1311 381 1648 441 \‘ALCANDI
1679 387 1831 443 VlTA
1865 388 1921 445 S.
1949 390 2262 448 DEODATI.

3276 401 3384 457 638

64 490 327 597 [:oterat
380 485 460 538 vir
512 486 719 542 Dotnini
772 489 1089 561 llidulphus,
1143 497 1478 554 ercmiticam
1532 501 1698 558 vitam
1726 541 1772 597 Α
1810 505 1930 559 dem
1961 507 2060 560 sub
2090 509 2403 580 evangelica
2437 511 2766 580 perfectione
2796 513 3072 585 degentes,
3108 519 3380 588 pertinere

59 569 394 642 ducturus,
452 579 759 635 Arduenna!
819 585 1154 640 vastissimos
1206 599 1460 658 expetere
1528 593 1696 648 saltus

60 666 275 732 (sicut
296 667 463 738 aliqui
493 670 789 746 vicinorum
823 675 937 744 ejus
963 675 1152 732 fecisse
1167 678 1572 753 inueniuntur),
1604 692 1699 739 aut

58 757 327 813 Histriae
354 761 467 831 (52)
494 763 706 818 deserta
755 767 1007 832 revisere,
1053 783 1083 822 a
1125 771 1317 839 quibus
1347 773 1413 826 ad
1439 775 1698 842 prtesula-

62 857 210 901 tum
267 849 616 906 Trevirorum
649 854 776 908 olim
829 855 1006 912 fuerat
1062 872 1276 930 raptus;
1331 865 1424 918 sed
1469 866 1694 921 nimium

65 941 310 996 intimo
342 959 528 1000 amore
578 947 872 1002 dulcissimi
919 951 1139 1005 Deodati
1174 954 1239 1007 ad
1274 956 1414 1010 hanc
1453 967 1693 1013 nostram

63 1031 402 1105 \‘osagium
433 1037 529 1093 fuit
557 1049 842 1096 attractus.
877 1043 976 1097 Cui
1005 1045 1187 1113 opinio
1233 1048 1276 1100 si
1325 1049 1445 1116 quis
1484 1049 1693 1104 οιιιιιιιι-

63 1128 388 1183 niosorum
437 1131 756 1198 reluctatur,
787 1134 1080 1204 privilegiis
1107 1137 1270 1192 Vallis
1301 1139 1536 1194 Galilmae
1561 1157 1692 1194 con-

60 1219 396 1286 vincetur;
431 1223 520 1276 ubi
564 1233 748 1279 mutua
789 1226 1028 1282 charitas
1069 1238 1374 1284 nostrorum
1432 1231 1692 1287 charissi-

63 1324 319 1376 morum
360 1313 578 1369 Patrum
602 1317 882 1372 evidenter
913 1328 1260 1376 monstratur.
1291 1322 1362 1377 At
1383 1322 1536 1378 nobis
1563 1326 1690 1394 quia

66 1402 326 1455 occasio
351 1420 410 1459 se
447 1405 642 1461 obtulit
673 1417 818 1478 apte,
849 1410 915 1464 de
939 1413 1161 1482 antiqua
1195 1412 1534 1469 immunitate
1581 1418 1693 1470 sive

75 1489 369 1552 libertate
402 1497 569 1568 ipsius
614 1499 715 1556 loci
751 1501 838 1556 hic
868 1503 1175 1559 inserantur
1213 1507 1411 1577 aliqua.
1463 1507 1517 1560 lu
1571 1508 1692 1574 qui-

77 1587 334 1641 busdam
368 1587 477 1656 iam
503 1606 643 1660 saepe
668 1592 796 1647 dicti
827 1596 1058 1650 casnobii
1083 1589 1482 1668 chirographis,
1519 1600 1690 1668 regali

76 1687 142 1732 et
195 1677 503 1748 pontiﬁcali
534 1683 862 1740 auctoritate
903 1684 1150 1750 ﬁrmatis,
1198 1687 1338 1742 beati
1384 1685 1563 1744 Patris
1605 1689 1694 1743 lli-

78 1765 288 1842 dulphi
339 1790 535 1830 nomen
586 1778 853 1846 reperitur
883 1778 1184 1850 prteﬁxum,
1215 1780 1385 1836 titulis
1409 1782 1690 1838 duodecim

1803 597 2074 660 videntur,
2107 607 2158 652 ct
2199 616 2318 669 quae
2369 600 2438 655 ab
2479 602 2592 672 ipso
2639 605 2798 660 Patre
2843 608 3080 662 Dcodato
3125 611 3380 682 episcopo

1801 690 2064 756 acquisita
2099 691 2319 759 fuerint,
2349 703 2438 748 aut
2473 696 2616 765 regio
2649 714 2891 767 munere,
2923 715 3014 756 seu
3049 702 3377 773 reliquorum

1800 776 2036 832 ﬁdelium
2071 780 2374 848 collatione,
2403 793 2508 839 tam
2529 786 2580 840 in
2603 789 2806 844 sanctis
2827 790 3186 849 voluminibus
3210 793 3380 848 dona-

1803 871 2004 939 riisque
2033 873 2220 928 altaris
2244 885 2297 928 et
2323 876 2714 936 ecclesiasticis
2743 885 3080 938 ornamentis
3108 901 3271 955 quam
3320 887 3376 942 in

1800 962 1883 1016 his
1912 980 2029 1032 qua:
2055 967 2418 1038 deincepsipsi
2451 971 2590 1024 servi
2612 971 2702 1026 Dei
2725 975 2941 1044 proprio
2968 975 3150 1031 labore
3176 978 3376 1032 addere

1797 1068 1866 1122 po
1893 1058 2088 1112 uerint.
2123 1059 2188 1113 Et
2216 1062 2646 1132 quandocunque
2697 1081 2837 1136 saepe
2881 1068 3058 1122 dictus
3109 1070 3377 1126 Deodatus

1797 1145 1910 1215 (qui
1949 1165 2090 1204 nunc
2115 1161 2199 1206 est
2221 1151 2380 1206 Pater
2416 1155 2584 1224 ipsius
2624 1159 2957 1229 monasterii)
2988 1175 3018 1214 a
3056 1160 3166 1216 Deo
3213 1162 3377 1217 fuerit

1795 1249 2041 1306 Vocatus,
2084 1258 2244 1311 quem
2291 1245 2376 1298 illa
2418 1251 2763 1320 congregatio
2807 1267 2870 1305 ex
2901 1267 3017 1306 sese
3047 1255 3378 1310 unanimiter

1794 1331 2017 1402 elegerit
2037 1334 2205 1390 abbas
2233 1336 2577 1408 subrogetur,
2605 1350 2657 1394 et
2681 1343 2747 1396 ad
2774 1343 2963 1398 altaria
2989 1345 3374 1412 benedicenda,

1792 1423 1877 1477 vel
1941 1439 2129 1480 sacros
2183 1427 2404 1482 ordines
2454 1430 2852 1501 percipiendas,
2906 1449 3065 1502 quem
3107 1434 3378 1489 voluerint

1793 1513 2103 1584 episcopum
2135 1529 2438 1586 expetant;
2486 1521 2699 1591 ultaque
2748 1524 2977 1578 ecclesia
3013 1526 3219 1596 absque
3267 1542 3378 1596 prt-

1790 1605 2004 1676 vilegiis
2025 1608 2211 1678 vivens
2235 1611 2508 1681 quidpiam
2542 1628 2783 1683 sperare,
2816 1617 2898 1672 vel
2931 1618 3147 1674 auferre
3190 1619 3257 1673 ab
3298 1619 3378 1673 cis

1791 1710 2105 1769 prmsumat,
2134 1711 2189 1757 et
2229 1705 2431 1758 nemini
2467 1705 2590 1777 (nisi
2643 1708 2960 1766 invitatione
3007 1721 3100 1765 aut
3150 1713 3378 1781 permis-

1793 1791 1944 1846 sione
1977 1794 2140 1849 totius
2165 1799 2619 1868 congregationis)
2655 1799 2812 1854 liceat
2855 1802 3168 1856 monasterii
3210 1802 3378 1871 ipsius

77 1859 567 1961 subscribentibus
595 1869 883 1961 episcopis.
909 1869 1040 1961 lnibi
1073 1881 1273 1927 sanctae
1297 1874 1690 1944 compassionis
1722 1891 1765 1950 Β
1793 1894 1943 1954 septa
1989 1885 2213 1944 intrare.
2260 1859 2411 1956 ῥυοῠά
2455 1891 2498 1944 si
2530 1859 2754 1959 quilibet
2783 1893 3124 1961 pontiﬁcum,
3180 1859 3248 1946 ab
3295 1893 3376 1946 eis

77 1951 176 2006 vir
202 1954 678 2026 archiepiscopus,
706 1958 813 2013 imo
836 1960 1144 2030 patriarcha
1184 1962 1330 2033 (quia
1368 1965 1689 2032 patriarcha:

82 2053 316 2101 tantum
362 2047 586 2105 debetur
615 2051 928 2122 pontiﬁcum
975 2054 1174 2124 turma)
1217 2054 1506 2126 proﬁtetur
1558 2072 1687 2111 san—

91 2145 256 2215 ctam
289 2148 342 2192 et
375 2152 753 2212 compunctam
800 2145 1216 2217 religiosamque
1271 2147 1687 2218 postulationem

81 2229 428 2285 venerabilis
471 2231 574 2286 viri
632 2233 857 2290 Deodati
908 2236 1148 2308 episcopi
1197 2252 1418 2292 suarum
1475 2235 1689 2296 aurium

82 2316 291 2374 intima
342 2334 679 2392 penetrasse,
711 2334 762 2381 et
803 2327 1054 2383 viscerali
1088 2326 1282 2385 ail‘ectn
1339 2329 1558 2401 pietatis
1613 2333 1686 2388 ita

83 2424 189 2464 cor
220 2426 380 2466 suum
411 2415 732 2470 charitativa
772 2419 1032 2488 petitione
1058 2417 1387 2474 emollivisse
1418 2431 1474 2474 ut
1497 2420 1687 2476 volun-

85 2513 266 2560 tatem
291 2506 410 2577 ejus
441 2507 801 2567 libentissime
837 2526 943 2566 non
974 2511 1199 2582 implere
1231 2512 1394 2568 nimis
1421 2513 1690 2587 irreligio-

85 2610 216 2650 sum
251 2600 526 2666 putaverit
556 2599 690 2656 fore.

162 2684 257 2743 1³5.
298 2691 702 2761 Consequenter
740 2692 905 2749 etiam
957 2693 1154 2751 ibidem
1207 2696 1500 2753 adnotatur
1551 2697 1688 2771 (55),

85 2781 357 2848 quoniam
387 2784 558 2837 sancti
586 2784 837 2840 desiderii
865 2786 1061 2842 ardore
1090 2803 1385 2845 succensus
1435 2805 1689 2847 reveren-

84 2867 194 2925 dus
226 2872 497 2929 Dcodatus
526 2877 832 2946 episcopus,
881 2875 936 2934 in
983 2877 1132 2934 Valle
1161 2880 1401 2950 Galilaea,
1429 2899 1592 2954 quam
1621 2899 1689 2940 ex

85 2967 241 3035 regis
274 2965 402 3022 ﬁsco
418 2980 811 3039 promeruerat,
837 2970 1084 3029 etenobia
1101 2974 1215 3048 (54)
1233 2977 1372 3047 apud
1399 2976 1690 3036 Junctu‘ras

87 3059 260 3127 (sicut
287 3056 706 3136 snpradiximus)
744 3068 1050 3121 construxit
1087 3068 1314 3138 primus.
1364 3069 1466 3127 Ubi
1499 3088 1688 3128 mona-

85 3152 248 3234 chos.
301 3151 384 3209 vel
420 3156 736 3226 peregrinos
792 3152 893 3212 sub
941 3153 1410 3217 sanctissimorum
1461 3164 1682 3219 Patrum

87 3237 368 3299 Benedicti
400 3255 454 3302 et
479 3241 796 3305 Columbani
828 3249 1010 3320 regula
1038 3254 1277 3310 victuros
1305 3250 1445 3327 (55),
1481 3253 1682 3313 delibe-
1710 3257 1755 3320 C

89 3337 538 3396 rabatcollocare
563 3340 814 3398 devotus.
864 3338 963 3399 Cui
996 3346 1209 3402 tandem
1258 3349 1532 3404 communi
1587 3351 1682 3406 de-

87 3435 246 3482 creto
276 3431 592 3485 sanctorum
617 3429 915 3487 antistitum
948 3430 1482 3509 conceditur(56),ut
1504 3439 1682 3495 nullus

88 3532 302 3596 regum,
333 3520 416 3576 vel
445 3519 772 3594 principum,
818 3535 911 3580 aut
945 3525 1346 3598 episcoporum,
1397 3547 1490 3587 seu
1542 3548 1680 3602 quo-

87 3627 428 3684 rumcunque
453 3615 796 3682 clericorum,
814 3618 925 3674 suis
953 3619 1142 3676 usibus
1172 3623 1367 3677 amicat
1389 3621 1680 3693 aliquando

90 3715 356 3774 usurpare
389 3702 684 3776 quidquam
713 3722 900 3763 eorum
925 3722 1045 3778 qua:
1071 3709 1136 3764 ad
1155 3709 1266 3781 [Dei
1298 3709 1553 3778 famulos,
1581 3712 1681 3766 ibis

103 3965 112 3976 ε
163 3932 276 3997 (5'2)
318 3931 469 3986 Nulla
521 3931 1004 3988 verosimilitudiue
1032 3933 1228 3990 dicitur
1261 3948 1327 3989 ex
1355 3928 1510 3990 latria
1543 3935 1674 3990 abs-

91 4013 300 4059 tractus
344 4003 686 4072 Hildulphus,
745 4005 836 4073 qui
870 4011 1030 4059 natus
1059 4006 1110 4059 in
1136 4003 1391 4071 Bavaria,
1433 4021 1462 4059 a
1506 4006 1680 4061 Ratis-

89 4074 421 4144 ponensibus
474 4073 673 4144 scholis
724 4074 1040 4144 immediate
1079 4073 1334 4130 Treviros
1383 4077 1674 4140 transivit;

88 4139 158 4199 an
188 4154 367 4200 autem
396 4146 448 4198 in
486 4139 696 4214 Vosago
715 4143 900 4211 iunior
921 4144 1119 4199 viderit
1150 4144 1209 4200 S.
1244 4146 1564 4212 Deodatum,
1607 4139 1676 4202 es

89 4216 340 4288 indeque
361 4217 409 4270 ei
449 4215 586 4288 allici
615 4215 861 4288 cmperit.
903 4215 956 4269 in
1001 4215 1178 4270 medio
1222 4216 1500 4288 relinquo;
1550 4218 1678 4272 dum

92 4287 227 4341 nihil
257 4287 452 4349 habeo,
475 4287 616 4341 unde
646 4285 698 4339 id
730 4286 978 4356 probem.

159 4378 271 4446 (53)
311 4378 534 4432 Fatetur
590 4377 849 4446 Rignetus
897 4377 1226 4450 huiusmodi
1298 4377 1356 4433 S.
1420 4378 1676 4450 llidulphi

88 4450 354 4510 chartam,
382 4463 476 4506 seu
505 4461 724 4518 veram,
745 4463 839 4503 seu
887 4447 1091 4509 ﬁctam,
1144 4463 1409 4518 nusquam
1459 4447 1676 4506 exstare

90 4521 144 4574 in
172 4520 410 4583 archiva,
452 4521 544 4574 sed
577 4519 630 4574 in
681 4517 928 4573 Mediano
973 4517 1304 4573 Monasterio
1341 4521 1672 4575 anteriorem

94 4591 329 4667 aliquam
380 4589 783 4667 S._Numeria_ni
821 4589 1090 4667 invenisse
1128 4604 1206 4667 .se
1243 4590 1569 4667 gratulatur,-
1617 4594 1749 4667 ιιι-ι)

91 4658 199 4732 qua
225 4661 340 4715 haec
367 4661 555 4732 eadem
597 4660 1003 4732 contineantur;
1056 4658 1263 4732 cuius,‘
1289 4660 1524 4732 utinam!
1575 4677 1667 4715 ec-

93 4729 347 4802 g'raphum
375 4731 644 4802 integrum
687 4731 925 4802 misisset
966 4729 1670 4802 descriptum,_vcrbotenus

93 4799 217 4856 ltuie
249 4803 365 4856 loco
396 4799 518 4870 apte
549 4799 920 4866 inserandum,
940 4811 995 4855 et
1021 4800 1462 4855 examinandum.
1487 4802 1669 4868 Quan-

95 4882 206 4924 tmn
232 4873 372 4928 enim
405 4886 471 4926 ex
501 4872 678 4927 missis
715 4886 743 4922 a
793 4870 1023 4940 ﬂigueto
1075 4871 1395 4941 fragmentis
1448 4872 1662 4940 colligo.

97 4943 397 5013 nominatur
437 4943 655 5013 quidem
686 4941 756 4995 ibi
794 4957 885 4995 rex
917 4941 1271 5001 Childerirns.
1319 4941 1404 4996 cui
1460 4943 1666 4997 scilicet

96 5011 294 5066 Treviri
324 5011 583 5067 suberant
609 5015 736 5065 dum
779 5013 1119 5082 privilegium
1147 5013 1348 5066 dicitur
1375 5013 1662 5082 indulgeri,

102 5099 123 5133 ι
153 5093 412 5151 qnatemts
443 5084 692 5138 monachi
732 5097 831 5149 pro
869 5081 1012 5136 statu
1073 5081 1325 5137 Ecclesiae
1361 5081 1662 5146 catholicae.

102 5155 629 5223 etpmdesider‘abili
677 5153 852 5208 salute
898 5152 1188 5209 Childerici
1240 5153 1522 5222 principis,
1552 5153 1663 5221 ple-

102 5224 213 5278 nius
255 5224 539 5280 Dominum
578 5224 794 5294 valeant
823 5239 1050 5278 exorare
1077 5239 1100 5285 ;_
1134 5243 1153 5276 ι
1204 5224 1299 5278 sed
1349 5237 1454 5294 non
1481 5223 1663 5294 expri~

101 5295 250 5347 mitur
263 5310 443 5366 annus
472 5296 642 5366 regni.
675 5293 871 5348 nedum
891 5295 1115 5366 Christi.
1147 5295 1361 5366 ignotus
1382 5291 1500 5366 ejus
1517 5291 1662 5366 tent-

101 5366 235 5430 poris
261 5363 592 5420 Francorum
641 5365 877 5433 regibus.
925 5365 1059 5418 Tota
1100 5365 1262 5433 igitur
1293 5365 1433 5418 ratio
1459 5365 1662 5419 adscri-

101 5434 212 5488 bcni
253 5437 428 5502 ipsum
491 5451 634 5490 anno
673 5435 777 5490 664
839 5435 1256 5506 Βῑειιθιογίυίι,
1314 5435 1662 5504 subsignatus

105 5523 122 5553 ι
161 5505 435 5573 episeopns
480 5506 834 5560 Virdunensis
863 5504 1192 5566 Gisloaldus,
1238 5525 1258 5557 ι
1307 5521 1468 5574 quem
1506 5506 1661 5560 Was-

100 5577 368 5644 seburgius
387 5577 574 5630 statuit
595 5577 796 5631 obiisse
821 5594 912 5629 an.
945 5576 1069 5638 665,
1099 5578 1241 5644 quod
1273 5589 1330 5629 ut
1355 5593 1541 5632 verum
1565 5579 1657 5640 sit,

98 5647 258 5700 solum
281 5649 467 5715 probat
497 5663 600 5701 non
637 5661 757 5701 esse
799 5647 972 5701 serius
1016 5647 1275 5712 scriptum
1320 5647 1656 5715 privilegium

99 5719 252 5778 istud,
291 5717 416 5770 licet
460 5719 695 5786 potuerit
744 5719 859 5786 ipso
901 5732 1042 5770 anno
1077 5718 1180 5770 660
1221 5718 1403 5786 datum
1451 5720 1654 5781 luisse;

95 5799 214 5842 eum
260 5785 477 5841 necdum
513 5785 862 5842 redusset’ex
914 5787 1166 5841 Ilibcrnia
1203 5785 1553 5854 Dagobertns,
1605 5799 1660 5842 et

97 5860 416 5919 bhildcrirus
449 5860 620 5911 a-lhuc
671 5859 928 5912 Alt-aliam
983 5859 1282 5919 obtinebat,
1341 5857 1439 5924 ipsi
1478 5873 1654 5914 autem

1792 1980 2154 2037 communiter
2188 1982 2510 2052 postulatus,
2565 1999 2662 2054 pro
2715 1984 2951 2053 ipsorum
3003 1984 3234 2038 utilitate
3287 1998 3378 2036 ac-‘

1792 2073 2039 2137 cesserit,
2069 2089 2192 2128 mox
2223 2077 2516 2131 secumlum
2561 2077 2891 2131 voluntatem
2941 2077 3376 2148 congregationis

1793 2165 2030 2234 (expleto
2077 2181 2177 2222 suo
2227 2168 2550 2238 ministerio)
2597 2167 2753 2224 abeat
2781 2168 2987 2238 absque
3021 2168 3375 2238 requisitions

1791 2257 1951 2314 ullius
1981 2260 2240 2327 muneris,
2269 2271 2534 2329 quatenus
2556 2261 2654 2315 sub
2673 2271 2863 2315 sancta
2896 2260 3079 2331 regula
3107 2259 3372 2322 viventes,-

1790 2349 1860 2404 de
1887 2359 2137 2420 percepta
2181 2351 2386 2420 quiete,
2427 2351 2650 2420 iuvante
2691 2351 2937 2416 Domino,
2987 2366 3082 2422 per
3133 2362 3375 2421 tempora

1790 2439 2080 2505 exsultent,
2111 2449 2166 2494 et
2195 2455 2294 2510 pro
2339 2450 2486 2495 statu
2528 2439 2786 2496 Ecclesia:
2824 2440 3106 2495 catholica:
3161 2439 3376 2510 plenius

1792 2533 1961 2586 Deum
2010 2542 2258 2588 exorent.
2292 2533 2348 2588 Si
2395 2542 2576 2588 autem
2603 2531 2841 2603 aliquam
2887 2532 3375 2604 transgressionem

1792 2625 1990 2696 regula:
2019 2641 2130 2681 sum
2165 2623 2408 2692 fecerint,
2447 2635 2502 2681 et
2525 2642 2552 2679 a
2591 2626 2808 2696 proprio
2843 2635 3061 2696 pastore
3097 2624 3374 2696 obiurgari

1791 2718 2083 2782 noluerint,
2122 2719 2337 2774 etiamsi
2375 2718 2662 2789 episcopus
2701 2733 2913 2784 eorum,
2965 2719 3057 2788 qui
3096 2725 3150 2772 et
3181 2718 3373 2779 abbas,

1789 2810 2111 2865 seditionem
2159 2811 2594 2883 congregationis
2631 2811 2822 2866 sedare
2861 2811 3205 2880 nequiverit,
3245 2820 3376 2864 tunc

1790 2902 1928 2958 alios
1951 2903 2175 2959 abbates
2196 2905 2442 2960 eamdem
2473 2903 2712 2974 regulam
2751 2903 3045 2974 professos,
3089 2902 3155 2956 ad
3196 2902 3373 2972 ipsum

1789 2995 2180 3049 monasterium
2213 3002 2494 3059 convocet,
2523 2994 2613 3064 qui
2652 2994 2922 3048 sententia
2959 2991 3192 3062 regulari
3217 3006 3376 3046 scau-

1789 3086 1968 3141 dalmn
1997 3088 2300 3157 deprimere
2331 3094 2541 3142 curent.
2591 3086 2744 3154 Quod
2781 3085 2968 3158 utique
3007 3084 3371 3156 privilegium,

1788 3183 1881 3253 qui
1903 3183 2211 3256 infringere
2243 3202 2409 3242 ausus
2442 3185 2627 3254 fuerit,
2653 3185 3004 3258 praesentium
3047 3185 3373 3239 auctoritate

1787 3284 2078 3354 praesulum
2107 3287 2454 3344 anathemate
2484 3288 2793 3354 innodatur,
2833 3296 2889 3343 et
2918 3285 3373 3371 pervenerabiles

1784 3389 1932 3444 viros
1961 3390 2357 3446 Bibliobaldum
2387 3390 2788 3459 presbyterum,
2835 3399 2891 3446 et
2936 3388 3204 3444 Labiuum
3242 3387 3370 3442 “dia~

1785 3505 1980 3545 conum
2044 3490 2358 3545 absentibus
2421 3489 2490 3543 ad
2551 3487 3002 3544 subscribendum
3047 3489 3365 3543 detestatur.

1787 3593 1941 3660 Quod
1975 3602 2030 3648 et
2056 3595 2247 3648 devote
2288 3591 2457 3646 luisse
2500 3590 2702 3644 factum
2732 3591 2981 3661 superius
3014 3599 3097 3647 est
3137 3583 3364 3645 dictum.

1784 3691 2058 3749 Hactenus
2081 3694 2147 3749 ad
2177 3676 2352 3760 istud;
2387 3691 2630 3763 iamiam,
2671 3693 2812 3765 quod
2849 3702 3042 3760 restat,
3080 3703 3290 3764 agatur.

1781 3933 2019 4006 episcopi
2046 3933 2405 3991 Numerianus
2433 3942 2488 3992 et
2526 3935 2834 3992 Gisloaldus
2863 3935 3071 4006 pridem
3104 3933 3366 3992 Ecclesiis

1781 4004 2152 4075 praesiderent.

1851 4075 1964 4147 (54)
2005 4075 2464 4147 Eamonastcria,
2519 4091 2612 4130 seu
2660 4077 2835 4146 pntius
2881 4077 3213 4142 eremitoria,
3267 4093 3363 4147 per

1783 4143 1987 4201 Vallem
2007 4145 2282 4201 Galilaeam
2310 4143 2939 4217 sparsa,esse‘conversa
2963 4150 3017 4202 in
3048 4143 3360 4217 parochias,

1779 4217 2070 4288 pragposito
2095 4218 2361 4288 subditas,
2396 4227 2546 4272 notat
2583 4217 2862 4288 Riguetus.

1850 4286 2309 4360 (55)‘Nut‘neriani
2351 4291 2593 4344 chartam
2610 4286 2764 4360 Aa‘sex
2790 4288 3058 4360 episc0pis
3079 4287 3362 4359 subsigna-

1781 4350 1916 4429 tam,
1937 4350 2332 4429 aitgltiguetus,
2365 4368 2419 4412 et
2445 4375 2564 4429 esse
2601 4358 2801 4414 fontem
2825 4350 3014 4429 atque
3033 4350 3356 4429 principium

1774 4425 2165 4495 iurisdictionis
2193 4429 2346 4500 quasi
2377 4428 2716 4500 episcopalis,
2741 4446 2901 4500 quam
2914 4425 3153 4484 'abb'ates
3181 4425 3261 4484 sui
3295 4446 3360 4484 ac

1815 4507 1963 4568 ostea
1995 4499 2263 4568 pratposit'i
2296 4499 2645 4554 obtinuerunt
2693 4499 2769 4554 et’
2801 4500 3076 4565 obtinent;
3130 4500 3358 4555 Carolus

1797 4585 1826 4622 e
1851 4567 2042 4622 Cointe
2064 4567 2128 4633 ad
2156 4583 2246 4622 an.
2275 4569 2399 4632 671,
2429 4586 2482 4624 n.
2510 4570 2592 4633 15,
2621 4571 2789 4626 relato
2832 4572 2932 4625 hoc
2979 4571 3088 4627 loc:
3129 4571 3229 4624 ista
3261 4572 3357 4624 ad-

1775 4647 1968 4692 notat:
2007 4657 2024 4690 ι
2062 4631 2471 4709 Vallis-Galihea
2507 4631 2610 4694 non
2656 4641 2840 4708 procul
2871 4642 3036 4696 distat
3085 4637 3350 4708 Luxovio,

1769 4708 1861 4762 ubi
1896 4709 2127 4782 _vigcbat
2162 4708 2487 4782 institutum
2528 4710 2585 4766 S.
2637 4709 2988 4778 Columbani;
3038 4712 3192 4782 cuius
3241 4728 3357 4766 me-

1772 4779 1946 4850 moria
1974 4775 2074 4850 per
2111 4780 2329 4850 vicinas
2378 4775 2626 4850 regiones
2656 4792 2784 4838 tunc
2830 4793 2947 4836 erat
2975 4775 3351 4838 celeberrima.

1769 4843 2073 4904 Nomen'S.
2108 4847 2400 4913 Benedicti,
2439 4843 2588 4920 quod
2637 4854 2690 4907 in
2743 4868 2806 4906 ea
2842 4851 3116 4920 provincia
3171 4853 3376 4905 minus-

1769 4928 1954 4973 notum
1997 4930 2136 4982 erat,
2191 4921 2408 4976 intrusit
2448 4933 2640 4978 auctor
2686 4923 3081 4978 Beuedictinus.
3134 4923 3352 4977 Similes

1769 4991 2217 5062 interpolationes
2266 5007 2408 5059 smpe
2449 4993 2562 5062 iam
2620 4993 3010 5062 redarguimus.
3047 5013 3066 5044 ι
3122 4992 3248 5048 Haec
3303 4993 3352 5048 le

1768 5055 1978 5131 Quinte.
2021 5062 2096 5115 De
2138 5062 2212 5115 rei
2261 5055 2488 5116 veritate
2518 5055 2725 5131 iudicet
2772 5055 2980 5131 lector,
3018 5080 3149 5131 cum
3201 5064 3350 5131 prius

1766 5130 1959 5202 legerit
2004 5147 2124 5202 quae
2149 5132 2208 5202 in
2243 5149 2463 5187 suorum
2495 5128 2863 5188 defensionem
2899 5129 3059 5188 habet
3106 5128 3346 5198 Mabilio,

1765 5199 1890 5257 ante
1920 5199 2115 5259 sarcula
2147 5201 2492 5275 Benedictina
2521 5219 2685 5274 agens
2712 5206 2778 5258 de
2818 5205 3012 5275 regula:
3037 5201 3344 5270 dill‘usionc,

1765 5284 1954 5328 contra
1992 5275 2165 5343 ipsum
2196 5273 2246 5328 le
2274 5273 2484 5328 Lointe.

1834 5365 1947 5434 (56)
1985 5365 2158 5420 Simili
2210 5365 2370 5420 modo
2420 5364 2728 5436 Numeriani
2795 5364 3135 5436 privilegium
3191 5380 3344 5421 com-

1763 5436 1902 5522 mitti
1935 5436 2212 5522 Blidoaldo
2239 5437 2572 5522 .preslix‘tero
2597 5445 2658 5518 et.
2678 5435 2886 5522 Valiino
2919 5435 3150 5522 dia-cono
3187 5438 3343 5520 defe-

1763 5507 1988 5560 rendunt
2045 5508 2377 5568 absentilns,
2422 5507 2660 5562 'l‘ullensi
2716 5508 2924 5562 scilicet
2977 5509 3222 5571 Metensi,
3278 5523 3345 5561 ac

1764 5577 2108 5637 Virdnneusi.
2171 5587 2318 5630 notat
2375 5576 2654 5646 Riguetus,
2718 5587 2771 5630 ut
2821 5579 3104 5633 videantur
3151 5580 3339 5634 eadem

1763 5649 1979 5701 nomina
2011 5665 2039 5699 a
2075 5648 2310 5703 librariis
2341 5657 2620 5717 corrupta,
2671 5649 3040 5717 maioremque
3083 5651 3343 5715 ,ingerant

1761 5718 2119 5785 Suspicionem
2150 5718 2478 5777 ﬁctionis.e0
2500 5720 2672 5773 solum
2699 5721 2980 5780 ordinatae.
2999 5733 3056 5773 ιιι
3081 5719 3341 5786 quidquid

1763 5789 1899 5841 ultra
1961 5788 2267 5860 Numer-iani
2328 5789 2665 5860 privilegium
2728 5790 2868 5857 juris
2937 5789 3341 5858 acquisiverunt

1764 5860 2004 5921 abbates,
2039 5859 2088 5912 id
2113 5875 2394 5916 successor
2421 5859 2728 5916 Numeriani
2759 5861 2965 5918 dedisse
2993 5861 3332 5914 crederetur-
