3900 6322
129 309 274 368 625

1332 307 1668 366 VALCA‘NDI
1709 307 1871 364 VITA
1901 307 1960 363 S.
1990 309 2309 368 DEODATI.

3370 323 3476 377 626

123 424 412 495 gaudio.
435 432 492 479 et
530 433 640 478 tum
685 424 901 481 demunt
943 423 1292 482 sociabantur
1331 425 1440 480 sibi
1494 426 1546 479 in
1595 436 1785 484 sancto
1818 431 1862 479 Α
1893 422 2027 484 istos
2058 423 2290 494 gallinas
2337 439 2457 480 esse
2489 423 2900 493 intellectuales,
2932 438 2984 483 et
3020 431 3275 501 parvulos
3303 435 3482 505 pullos

123 517 408 577 illibata:
431 518 586 586 pacis
609 516 820 584 osculo,
869 527 924 574 et
969 518 1264 588 inretiquo
1310 518 1600 578 charitosa:
1644 520 1778 576 all'e-

121 612 380 674 elionis
392 610 600 670 .nﬂioio.

234 751 342 804 16.
378 750 536 806 idem
575 751 852 822 piissimus
883 749 1050 806 ‘Pater
1097 751 1370 808 Deodatu-s
1426 751 1775 808 devotissime

129 845 417 902 faciebat
441 845 767 901 charissimo
793 861 893 901 suo
925 844 1218 915 llidulpho,
1251 845 1342 900 cui
1371 860 1498 901 eum
1525 846 1642 901 suis
1675 861 1775 901 oc-

128 937 440 993 currebat
463 937 672 994 Martha
710 940 960 1008 transito,
1009 954 1154 1005 nant,
1185 939 1361 1008 quoad
1391 939 1546 1003 vixit,
1581 939 1774 994 ceiiam

131 1032 423 1101 priorem
450 1033 592 1103 apud
624 1031 681 1087 S.
725 1031 944 1087 Martini
977 1033 1330 1087 oratoriolum
1367 1048 1480 1085 non
1512 1033 1774 1088 deseruit.

129 1123 262 1179 "if
322 1128 529 1195 quippe
587 1134 708 1179 erat
756 1124 1102 1196 grandaevus,
1157 1125 1508 1194 emeritmque
1564 1125 1770 1179 militia!

136 1219 384 1276 Christi
409 1218 515 1288 iam
541 1229 845 1284 Veteranus,
886 1235 984 1276 nec
1011 1229 1222 1290 poterat
1234 1218 1460 1274 sull'erro
1479 1218 1773 1292 pupillares

137 1330 502 1379 concursus,
517 1313 855 1384 lratrumqne
881 1314 1150 1370 interesse
1166 1312 1358 1369 studiis
1378 1313 1772 1379 exterioribus;

153 1409 430 1463 maxime
451 1423 540 1483 qur
575 1410 646 1462 nil
695 1408 848 1466 dulce
869 1407 1127 1471 habebat,
1160 1406 1263 1461 nisi
1290 1420 1485 1460 vacare
1507 1413 1564 1460 et
1586 1404 1772 1459 videre

139 1501 434 1570 quoniam
483 1500 741 1558 Dominus
771 1501 886 1571 ipse
932 1508 1011 1554 est
1059 1500 1197 1553 Deus
1233 1496 1405 1567 (Paul.
1433 1496 1692 1566 va,1l),
1719 1504 1774 1552 et

121 1607 402 1666 gustare
451 1607 506 1650 et
558 1594 766 1658 videre,
823 1593 1079 1663 quoniam
1141 1591 1326 1647 suavis
1381 1601 1463 1645 est
1515 1589 1772 1645 Dominus

136 1686 351 1760 (Paul.
384 1704 572 1750 xxxiii,
600 1688 676 1759 9).
709 1685 928 1742 Statura
960 1686 1199 1755 quidem,
1245 1693 1304 1739 ut
1342 1682 1536 1749 fertur,
1575 1699 1770 1753 proce-

138 1784 448 1851 rissitnus,
498 1782 675 1840 forma
708 1782 1167 1856 elegantissimus,
1217 1780 1488 1851 cordeque
1534 1779 1763 1834 clotneu-
1798 1778 1843 1839 Β

138 1876 438 1942 tissimus,
471 1877 562 1930 sed
595 1875 710 1944 jam
760 1875 929 1932 nimio
955 1874 1147 1929 labore
1173 1881 1228 1930 et
1275 1873 1433 1928 annis
1485 1872 1765 1928 confectus

136 1979 288 2024 erat
339 1978 396 2023 et
454 1968 708 2024 incurvus
758 1966 894 2038 (64).
944 1966 1046 2034 Qui
1099 1966 1370 2026 interdum
1435 1964 1500 2020 ad
1568 1965 1767 2021 fratres

123 2071 460 2132 .operantes
492 2061 788 2128 transibat;
813 2071 980 2132 atque
1016 2061 1360 2116 considerato
1391 2073 1456 2115 ac
1501 2059 1767 2129 disposito

139 2173 337 2226 opere
372 2155 738 2228 singulorum,
777 2157 844 2211 ad
898 2155 1090 2212 cellam
1133 2163 1296 2210 noctu
1336 2152 1570 2209 redibat.
1608 2152 1766 2215 Unde

139 2249 333 2307 etiam
360 2249 518 2308 hodie
549 2251 952 2305 demonstratur
982 2247 1177 2305 semita
1229 2245 1360 2317 (65),
1396 2261 1501 2317 qua
1557 2245 1766 2300 solebat

140 2344 566 2400 monasterium
630 2344 783 2400 adire
835 2342 982 2414 apud
1029 2341 1345 2400 iuncturas.
1397 2341 1470 2395 At
1528 2348 1762 2410 contra,

143 2435 473 2510 llidulphus
522 2445 732 2493 statura
782 2436 1016 2500 medius,
1046 2433 1187 2496 facie
1231 2434 1525 2509 angelicas,
1582 2442 1762 2492 mente

142 2529 707 2600 c-mttpnttctissimus,
741 2527 1062 2586 voluntaria:
1111 2529 1446 2600 paupertatis
1479 2527 1762 2583 amicissi-

142 2637 320 2686 mus;
378 2636 539 2694 quem
592 2631 899 2692 promptum
949 2630 1006 2676 et
1051 2620 1286 2676 alacrem
1315 2621 1382 2675 ad
1427 2635 1589 2675 omne
1626 2636 1761 2688 opus

140 2714 370 2769 bonum
409 2713 670 2770 reddebat
711 2715 888 2770 adhuc
933 2714 1123 2770 viridis
1152 2723 1428 2778 senectus,
1475 2724 1527 2770 et
1562 2715 1614 2769 in
1652 2715 1760 2770 Deo

135 2821 460 2878 suspensus
483 2807 722 2874 animus;
758 2823 882 2864 nam
911 2807 1074 2864 etiam
1106 2807 1158 2862 in
1188 2807 1451 2862 extremis
1485 2808 1612 2864 vita:
1647 2825 1760 2866 sua:

153 2898 360 2965 annis,
397 2897 583 2955 labore
613 2913 871 2953 manuum
897 2913 1121 2954 suarum
1150 2897 1307 2952 vixit.
1351 2897 1590 2954 Moribus
1639 2899 1760 2970 qui-

143 2990 284 3044 dem
315 2991 475 3046 ambo
503 3005 682 3058 nares,
722 2991 819 3046 sed
849 2998 1009 3048 :ctate
1059 2991 1320 3063 impares,
1363 2991 1500 3046 alter
1526 2991 1758 3048 alterum

144 3082 261 3136 sibi
290 3083 526 3138 invicem
560 3083 902 3152 praeferebat,
933 3093 990 3142 et
1032 3084 1370 3142 humillimus
1398 3084 1618 3154 quidem
1662 3084 1754 3140 Hi-

146 3172 818 3246 dulphussanctissimum
843 3188 1027 3229 senem
1051 3173 1377 3240 Deodatnm,
1399 3190 1467 3229 ex
1490 3175 1751 3234 famulatu

144 3263 364 3317 Christi
417 3271 473 3319 et
511 3264 751 3320 emerito
802 3265 957 3320 senio
1013 3265 1254 3336 priorem
1307 3266 1598 3333 censebat;
1658 3269 1753 3322 sed

98 3398 106 3405 .
148 3356 546 3414 devotissimus
572 3358 929 3428 omnipotenti
965 3358 1262 3425 Deodatus,
1311 3358 1364 3412 in
1390 3357 1608 3428 juniore
1654 3359 1752 3414 lli-

146 3449 364 3518 dulpho
389 3449 708 3520 dignitatem
735 3451 1050 3522 patriarebii
1078 3460 1245 3522 atque
1274 3466 1488 3508 morum
1524 3453 1753 3507 maturi-

149 3550 324 3598 tatem
351 3542 665 3600 attendebat
693 3543 826 3616 (66).

223 3679 313 3732 Π.
360 3677 532 3746 Quam
559 3679 860 3736 dulcecrat
891 3689 946 3734 et
969 3681 1292 3737 delectabile
1336 3683 1440 3754 piis
1465 3684 1748 3739 animabus

139 3771 356 3840 jungiter
385 3773 673 3828 attendere
721 3773 860 3829 duas
885 3774 1125 3830 ctelestis
1159 3774 1383 3831 fabricat
1409 3775 1745 3832 columnas-tt

147 3863 266 3917 Deo
296 3863 556 3920 decenter
579 3873 814 3931 erectas,
845 3874 901 3919 et
932 3881 1037 3920 non
1067 3875 1258 3921 contra
1292 3867 1482 3928 Deum,
1531 3867 1626 3920 sed
1679 3869 1747 3923 ad

145 3955 445 4010 Dominum
499 3956 586 4026 pie
649 3956 911 4021 clevatas,
962 3973 1082 4026 (tua:
1131 3957 1305 4012 solido
1357 3966 1414 4014 et
1467 3957 1746 4013 inﬂexibili

146 4049 352 4103 robore
401 4057 585 4105 mente
643 4050 722 4106 sic
777 4050 1116 4107 assistebant
1167 4065 1384 4107 summo
1435 4050 1629 4122 Opiﬁci
1689 4065 1748 4110 ut

143 4142 703 4210 optarent-maxillam
732 4143 1036 4214 lapillorum
1060 4147 1370 4218 congeriem
1395 4148 1496 4204 sibi
1517 4149 1740 4219 imponi,

143 4249 252 4306 pro
295 4243 452 4305 parte
490 4235 544 4290 in
597 4251 704 4306 qua
747 4251 994 4292 meruere
1038 4237 1226 4293 locari.
1291 4240 1532 4311 Denique
1585 4243 1744 4312 quasi

145 4327 405 4382 certatim
455 4326 804 4383 multitudine
847 4328 1196 4383 minimarum
1249 4329 1451 4388 Christi
1484 4373 1499 4396 ,
1547 4341 1655 4388 tam
1685 4342 1746 4390 et

143 4419 499 4491 praesentium
539 4435 706 4489 quam
721 4429 788 4474 et
830 4418 1160 4485 futurorum,
1181 4423 1482 4491 gaudentes
1504 4425 1742 4493 epistilia

1890 515 1991 572 alis
2048 515 2366 574 meritorum
2414 526 2470 572 et
2522 519 2712 574 rostris
2771 523 3077 578 orationum
3141 540 3360 580 suarum
3408 531 3479 585 ab

1888 607 2240 664 invisibilium
2270 609 2556 664 milvorum
2574 613 2870 682 rapacitate
2899 615 3208 685 defensare,
3225 621 3476 678 manibus

1875 703 2508 774 .aepedihusalimoniam
2527 708 2605 764 eis
2619 708 2925 778 providere,
2946 709 3477 781 atquefrigidosDco

1881 793 2131 868 plurimis
2168 797 2535 872 exemplorum
2579 799 2812 857 fovendo
2853 799 3172 857 calefacere.
3204 801 3474 861 Przeterca

1882 897 2102 948 etextra
2126 888 2366 944 nidulum
2381 892 2657 968 proprium
2679 893 2937 953 amabant
2965 895 3240 950 interdum
3265 912 3476 968 pennas

1882 979 2199 1048 extendere,
2247 981 2374 1037 dum
2402 983 2641 1043 vicissim
2679 985 3009 1055 satagebant
3055 988 3192 1043 alter
3251 991 3474 1046 alterius

1875 1071 2042 1150 pullis
2059 1073 2342 1144 prodesse,
2371 1090 2440 1132 ex
2465 1075 2558 1131 Dei
2595 1085 2650 1132 ct
2672 1079 2908 1148 proximi
2933 1079 3241 1136 dilectione.
3271 1080 3470 1137 Mutata

1881 1180 2033 1228 voce,
2069 1175 2124 1220 et
2152 1165 2412 1240 dissipata
2439 1168 2520 1225 sui
2554 1170 2801 1244 corporis
2825 1171 3474 1241 specie,inﬁrmabantur

1880 1257 1932 1313 in
1963 1258 2215 1328 infirmis,
2245 1270 2304 1314 ut
2341 1261 2511 1318 habes
2542 1263 2596 1316 in
2621 1262 2865 1332 Apostoli
2891 1264 3069 1320 verbis
3104 1283 3116 1319 :
3151 1263 3282 1331 Quis
3319 1267 3472 1335 inﬁr-

1877 1363 2110 1412 inritaret
2123 1371 2227 1425 .ego
2256 1357 2664 1426 nonin/imor?
2693 1357 2778 1429 (Il
2801 1360 2925 1414 Cor.
2956 1376 3018 1427 tt,
3043 1360 3158 1432 29.)
3178 1362 3268 1417 Sic
3281 1362 3478 1419 Patres

1876 1447 2045 1501 nostri
2095 1447 2162 1502 ad
2197 1458 2407 1519 tempus
2432 1451 2618 1510 .vixere
2653 1452 2867 1510 solliciti
2908 1463 2967 1506 ut
3011 1452 3105 1507 lilii
3141 1469 3332 1516 eorum
3363 1465 3472 1510 tam

1861 1547 2176 1607 pucsentes
2223 1556 2385 1611 quam
2433 1541 2600 1598 futuri
2658 1543 2837 1606 forent
2890 1545 3216 1616 quandoque
3267 1547 3468 1601 securi.

1875 1633 1984 1694 Nec
2021 1635 2324 1712 pigniteos
2363 1636 2564 1693 laboris
2597 1647 2653 1694 et
2701 1639 2922 1694 sudoris
2973 1641 3054 1694 sui
3091 1639 3219 1695 dum
3262 1649 3474 1694 tantum

1873 1742 2215 1784 successores
2246 1731 2326 1784 sui
2352 1741 2698 1788 remanerent
2721 1733 2772 1786 in
2799 1742 2914 1788 tuto
2947 1732 3129 1788 locati.
3150 1733 3266 1792 lloe
3288 1734 3472 1804 exige—

1872 1825 2000 1876 bant
2028 1837 2216 1877 eorum
2243 1831 2555 1892 structurae,
2590 1825 2692 1880 hoc
2716 1826 3032 1896 quierebant
3059 1825 3275 1884 illorum
3297 1819 3468 1898 fugat,

1870 1910 2013 1966 beati
2055 1912 2278 1967 Deodati
2309 1912 2490 1969 Patris
2528 1915 2698 1970 nostri
2739 1917 3034 1987 praecipue,
3071 1919 3162 1990 qui
3215 1926 3293 1972 tot
3347 1917 3464 1972 loca

1869 2003 1970 2058 sibi
2001 2021 2200 2076 magno
2225 2005 2426 2062 sudore
2452 2015 2762 2064 constructa
2805 2010 3064 2078 mutavit,
3109 2011 3286 2065 donec
3337 2010 3474 2068 ﬁliis

1868 2097 2241 2168 spiritualibus
2270 2101 2462 2156 .setlcm
2515 2100 2753 2170 quietam
2802 2101 3029 2158 invenit.
3071 2100 3206 2156 Nam
3258 2103 3305 2157 si
3366 2118 3466 2158 sua

1871 2200 2077 2246 tantum
2104 2192 2448 2261 quwsissent,
2499 2192 2754 2248 facillime
2788 2194 3187 2264 requievissent
3205 2211 3227 2262 ;
3261 2196 3462 2252 vietum

1865 2285 2010 2340 enim
2041 2296 2097 2341 et
2129 2288 2380 2342 vestitum
2431 2287 2534 2343 sibi
2567 2286 2864 2353 habentes,
2895 2288 2980 2344 his
3013 2289 3250 2344 contenti
3281 2301 3472 2345 essent

1869 2377 1918 2449 (Ι
1958 2377 2092 2434 'lim.
2113 2396 2211 2445 vn,
2238 2381 2315 2451 8),
2350 2380 2586 2447 maxime
2629 2381 2721 2451 qui
2764 2381 3208 2440 abrenuntiando
3237 2383 3462 2449 divitiis,

1864 2475 1930 2529 ad
1950 2486 2571 2548 parqmtatemsutnmo
2603 2492 2728 2532 cum
2758 2476 3039 2536 desiderio
3067 2477 3464 2546 pervolassent.

1865 2567 2066 2624 Verum
2105 2570 2218 2628 haec
2262 2569 2418 2626 alias.
2459 2569 2634 2642 igitur
2663 2569 2774 2624 Deo
2823 2569 3130 2642 dignissimi
3161 2570 3468 2634 antistites,

1863 2660 2130 2732 spirituali
2162 2661 2481 2721 insistentes
2513 2661 2752 2733 negotio,
2792 2662 3107 2731 nullatenus
3125 2663 3193 2717 ab
3213 2663 3464 2733 inemptis

1863 2753 2210 2822 deﬁciebant,
2245 2764 2342 2818 aut
2381 2753 2688 2814 .deviabant
2735 2770 2770 2810 a
2821 2754 3106 2826 proposito
3153 2755 3222 2812 de
3269 2755 3360 2814 die
3405 2756 3461 2810 in

1863 2845 2009 2902 diem
2054 2846 2361 2917 semetipsis
2408 2846 2661 2903 meliores
2704 2847 3018 2904 existendo.
3064 2846 3280 2904 Etenim
3312 2855 3470 2904 tanto-

1863 2936 2229 2994 reddebantur
2252 2939 2494 3008 quotidie
2525 2939 2826 2996 alacriores
2865 2939 2932 2995 ad
2957 2939 3222 3006 laborem,
3254 2948 3472 3008 quant»

1859 3028 2154 3088 viciniores
2201 3031 2270 3087 ad
2299 3032 2568 3103 requiem,
2612 3047 2723 3088 nec
2776 3032 3087 3088 sentiebant
3138 3032 3193 3086 in
3249 3030 3450 3088 Christi

1781 3133 1829 3196 ε
1859 3121 2016 3178 vinea
2040 3125 2253 3194 pondus
2279 3126 2384 3184 diei
2422 3135 2479 3182 et
2511 3134 2696 3193 testas,
2727 3126 2928 3196 quibus
2956 3125 3083 3202 jam
3129 3139 3299 3198 prope
3337 3133 3460 3186 erat

1859 3224 1920 3270 ut
1934 3217 2258 3275 redderetur
2279 3234 2556 3274 nummus.

1930 3310 2018 3369 18.
2057 3309 2299 3368 Tandem
2330 3311 2429 3368 ubi
2475 3311 2530 3365 in
2576 3311 2680 3366 hae
2707 3309 2920 3382 Vosago
2950 3310 3162 3380 pariter
3187 3310 3242 3365 in
3287 3309 3454 3368 corde

1857 3419 1965 3466 uno
1985 3412 2050 3464 et
2087 3404 2274 3458 anima
2317 3419 2452 3468 una,
2504 3412 2712 3472 septem
2764 3403 3053 3481 continuos
3097 3401 3456 3472 expleverunt

1855 3511 2030 3554 annos
2055 3511 2181 3554 cum
2221 3509 2316 3553 sex
2346 3495 2645 3564 mensibus,
2684 3496 2866 3566 largus
2895 3502 3274 3552 remuneratur
3303 3493 3446 3556 Dens

1853 3586 2170 3645 beatissimo
2189 3586 2438 3641 .Deodato
2471 3585 2712 3644 decrevit
2763 3584 3010 3640 laborum
3053 3599 3276 3640 suorum
3325 3587 3454 3642 red-

1854 3680 1984 3740 dere
2019 3678 2251 3740 fruetus.
2278 3678 2551 3735 Pet-cursu
2595 3679 2740 3734 enim
2773 3680 3063 3752 prtesentis
3097 3679 3222 3735 vita:
3247 3679 3446 3748 stadio,

1853 3773 1966 3843 jam
1991 3782 2255 3830 strenuus
2277 3771 2479 3828 athleta
2521 3772 2766 3828 inhiabat
2810 3788 3054 3839 coronas,
3097 3784 3154 3828 et
3195 3789 3445 3849 superna:

1841 3867 2310 3925 remunerationis
2347 3864 2560 3922 bravio.
2617 3864 2768 3922 Unde
2819 3873 3042 3922 vocatus
3091 3880 3129 3920 a
3187 3865 3444 3928 Domino,

1851 3973 2072 4014 accessu
2103 3959 2381 4030 languoris
2404 3969 2714 4030 correptus,
2745 3957 3020 4014 detinetur
3045 3959 3260 4014 lectulo.
3289 3957 3443 4025 Quod

1851 4065 1974 4104 cum
2026 4050 2343 4105 absentibus
2392 4049 2674 4120 discipulis
2732 4050 2903 4105 tristis
2961 4050 3142 4105 attulit
3196 4051 3440 4114 nuntius.

1849 4144 2120 4214 extemplo
2151 4145 2332 4200 ttttesti
2361 4152 2695 4199 concurrunt
2719 4144 2786 4200 ad
2817 4143 3008 4199 cellam
3051 4145 3199 4214 ejus;
3229 4155 3446 4201 utentes

1847 4234 1993 4292 enim
2013 4233 2478 4304 pratsagazluctus
2504 4234 2698 4302 tuturi,
2725 4234 2910 4290 audita
2949 4235 3064 4308 ejus
3101 4232 3437 4298 inlirtnitatc,

1850 4344 1957 4387 non
2013 4335 2267 4398 poterant
2324 4343 2432 4384 non
2485 4327 2714 4383 turbari.
2768 4325 2985 4382 Flentes
3021 4342 3156 4396 ergo
3203 4326 3454 4397 jacentis

1857 4417 2100 4490 magistri
2128 4417 2734 4489 grabatoassistebant,
2782 4436 2850 4474 ne
2898 4427 3008 4472 tam
3060 4418 3232 4472 dulcis
3276 4417 3449 4474 Pater-

143 4529 281 4579 sua,
321 4513 374 4568 id
419 4521 503 4569 est
548 4513 798 4584 capitella
851 4514 1069 4585 gravari
1103 4513 1435 4586 '(dummodo
1483 4518 1591 4572 sint
1631 4520 1737 4588 qui
1773 4496 1819 4554 ί)
1843 4512 1987 4568 illius
2015 4511 2315 4580 desereret,
2345 4513 2619 4569 communi
2649 4512 2698 4568 ei
2732 4511 2936 4568 ululatu
2966 4521 3019 4568 et
3039 4512 3240 4583 gemitu
3257 4511 3436 4568 accla-

150 4606 363 4674 possint
388 4604 614 4661 Domino
641 4605 865 4677 lucrari)
894 4606 1247 4677 pusillitatetn
1271 4606 1460 4662 aliena:
1489 4608 1635 4676 fidei,
1687 4620 1743 4666 et

150 4697 498 4768 gravedinem
521 4697 824 4752 alienorum
851 4697 1226 4767 peccaminum
1248 4700 1302 4753 in
1317 4714 1432 4756 suae
1455 4701 1742 4758 charitatis

152 4785 434 4842 latitudine
447 4787 806 4858 suscipientes
830 4787 1091 4853 tolerant,
1109 4787 1390 4858 ubviribus
1417 4791 1738 4847 meritorum

149 4891 393 4942 suorum,
413 4888 480 4935 .et
499 4891 611 4933 suae
639 4876 1073 4948 longanimitatis
1103 4877 1288 4935 labore
1318 4880 1630 4938 sublevatos
1669 4884 1737 4941 ad

151 4967 433 5024 editicium
485 4968 710 5026 creteste
756 4970 956 5026 ferant.
996 4971 1228 5030 Putares
1273 4984 1499 5032 sanctos
1543 4975 1738 5034 Patres

155 5149 504 5221 suetudinem,
547 5167 654 5221 qua
711 5153 837 5209 hinc
884 5153 1134 5210 canonici
1186 5154 1310 5212 inde
1359 5158 1614 5213 monachi
1666 5161 1735 5216 ad

157 5220 461 5292 praedictum
507 5220 766 5294 sacellum
797 5225 1462 5294 quotannisdeferebant
1511 5245 1733 5286 suorum

156 5300 456 5366 sanctorum
523 5293 874 5350 fundatorum
933 5310 1206 5366 corpora,
1259 5312 1443 5366 eaque
1494 5299 1732 5356 vicissim

157 5363 549 5440 commutabant
574 5380 678 5440 nee
701 5363 1062 5422 restitueban't
1091 5367 1194 5422 nisi
1218 5369 1319 5424 sub
1336 5363 1582 5425 reditum
1608 5381 1733 5440 post

157 5432 338 5508 multas
366 5433 616 5508 utrinque
647 5436 963 5492 decantatas
982 5453 1188 5508 preces.
1232 5459 1262 5496 ,ι

222 5503 326 5573 (64)
349 5503 563 5582 lltpote
597 5521 664 5560 ex
712 5517 901 5582 nostro
929 5503 1138 5564 calculo
1167 5508 1282 5566 fere
1325 5513 1728 5582 nonagenarius

156 5591 268 5632 cum
308 5575 621 5654 _obi_it,nnc_c
663 5578 890 5654 multum
952 5595 980 5634 a
1033 5575 1725 5654 septuagenario'dista-ns,

154 5646 354 5723 quando
388 5647 438 5700 in
478 5645 988 5723 Vallem-galiltcam
1040 5645 1724 5723 venit,'(pradragenm'ius

155 5717 627 5797 circiter_egrcssus
649 5735 678 5775 e
706 5719 956 5788 Francia,
984 5731 1041 5776 ut
1069 5725 1152 5776 vel
1185 5717 1370 5794 paucis
1419 5717 1578 5780 minis
1607 5727 1723 5797 cpi--

155 5803 331 5857 sceptts
354 5789 532 5846 fuerit.

1844 4605 2248 4673 mabant.Quos
2272 4615 2494 4662 sanctus
2520 4605 2610 4662 ille
2635 4606 2803 4662 verbo
2830 4605 3052 4661 salutari
3083 4619 3436 4661 commoneas

1841 4696 2243 4767 compescebat,
2273 4705 2332 4752 et
2371 4697 2439 4752 ad
2472 4697 2673 4770 regulae
2710 4708 2915 4756 sancta:
2951 4697 3348 4756 observantiam
3380 4708 3456 4754 et.

1841 4788 1925 4846 sui
1971 4789 2316 4857 memoriam,
2344 4799 2826 4862 quantumcunque
2858 4800 3096 4863 poterat,
3132 4791 3454 4858 animabat,

1839 4897 1905 4939 ac
1935 4898 2098 4960 super
2122 4881 2308 4941 omnia
2343 4880 2562 4940 Christo
2590 4883 2734 4941 bono
2762 4883 2976 4940 Pastori
3017 4884 3113 4956 pie
3147 4899 3430 4942 commen-

1837 4975 2024 5034 dabat.

1920 5158 2034 5231 (65)
2070 5158 2200 5215 Post
2237 5169 2610 5216 constructum
2643 5161 2703 5216 S.
2749 5160 3274 5231 Deodatioppidum,
3317 5176 3441 5215 non

1843 5232 2076 5299 amplius
2104 5239 2319 5302 exstare
2338 5232 2488 5302 hanc
2508 5231 2770 5302 semitam,
2793 5232 2870 5286 ait
2903 5231 3138 5302 Ruyrus.

1917 5303 2032 5372 (66)
2070 5301 2304 5374 Omnino
2327 5301 2615 5374 existimat
2644 5301 2924 5374 Riguetus,
2951 5301 3241 5374 postquam
3264 5301 3428 5372 Apri-

1844 5371 2232 5430 Monasterium
2257 5371 2408 5434 vidit,
2437 5382 2494 5427 et
2519 5372 2619 5428 loci
2642 5371 2966 5429 traditiones
2981 5390 3048 5431 ac
3073 5371 3426 5430 monumenta

1841 5444 2102 5498 attentius
2124 5443 2505 5510 consideravit,
2530 5459 2656 5499 vere
2679 5443 2736 5498 S.
2762 5443 3054 5500 Deodatum
3087 5446 3208 5501 istic
3238 5443 3430 5499 multis

1837 5516 1995 5587 annis
2022 5514 2262 5587 vixisse,_
2302 5528 2368 5569 ac
2425 5515 2636 5587 tandem
2684 5517 3060 5587 cognominem
3111 5516 3211 5571 sibi
3246 5515 3422 5587 disci-

1837 5585 2020 5654 pulum
2060 5583 2482 5650 ibicollocasse,
2507 5585 2662 5653 cujus
2687 5583 2884 5642 ibidem
2915 5587 3152 5642 defuncti
3181 5586 3430 5655 reliqui-ae

1832 5655 2180 5730 occasionem
2192 5656 2439 5730 dederint
2461 5658 2821 5712 conl'undendi
2840 5673 3168 5730 synonymos
3182 5666 3431 5720 sancto».

1832 5725 1906 5782 De
1940 5726 2056 5784 aliis
2081 5725 2212 5784 locis
2243 5729 2491 5798 superius
2517 5738 2694 5784 actum
2718 5738 2817 5783 est.
