3900 6322
563 333 667 397 627

1252 339 1423 398 S/EC.
1457 337 1524 392 XI
1567 331 1772 393 AUCT.
1815 333 2089 391 lNCER'l‘l
2112 330 2272 386 ANNI
2299 329 2384 385 ET
2411 330 2677 386 SCRIPT.
2710 332 2928 388 ‘AAEEII.
3665 341 3735 400 ea

626 454 723 511 19.
766 459 941 528 Super
988 459 1089 512 hoc
1133 456 1275 511 facto
1321 466 1376 511 et
1425 466 1534 514 tam
1602 454 1776 510 sancti
1830 453 1931 508 viri
1977 452 2151 518 obitu,
2181 456 2227 514 Α
2258 448 2524 504 Ebroinus
2551 447 3062 504 excellentissimum
3104 459 3393 522 martyrem
3439 450 3735 526 Leodegariun

555 547 951 609 dilectissimus
977 551 1095 622 ejus
1123 548 1425 620 Hidulphus
1456 547 1510 603 in
1544 549 1662 604 visu
1693 546 1868 603 noctis
1897 545 2156 602 divinitus

554 652 963 708 cummonetur,
1009 649 1070 696 ut
1117 641 1186 695 ad
1236 655 1360 695 eum
1420 647 1740 710 praperaret
1793 637 2152 708 quantocius;

561 734 792 790 decebat
821 733 964 789 enim
996 741 1053 787 ut
1083 732 1289 788 amicus
1322 731 1498 792 amico
1525 729 1592 786 ad
1615 729 1781 784 Deum
1829 727 2154 798 praecedenti

561 835 867 883 extremum
921 823 1288 888 valcdiceret,
1361 822 1443 878 sui
1497 837 1605 877 non
1663 818 1908 875 oblivisci
1965 819 2157 874 devote

561 917 910 989 supplicaret,
933 915 1459 972 commendationem
1475 911 1898 971 ecclesiasticam
1925 910 2152 980 faceret,

561 1010 818 1066 viaticum
864 1009 1173 1080 praeberet;
1213 1023 1276 1064 os
1304 1016 1359 1064 et
1398 1007 1602 1074 oculos,
1641 1021 1836 1062 manus
1887 1013 1942 1060 et
1985 1005 2155 1081 pedes

559 1099 678 1172 ejus
716 1100 818 1156 rite
840 1108 1210 1170 componeret,
1237 1098 1399 1154 funus
1424 1097 1560 1166 ejus,
1593 1097 1773 1153 debita
1803 1096 2154 1152 veneratione

559 1202 938 1262 procuratum,
974 1193 1294 1259 deduceret,
1341 1203 1505 1266 atque
1557 1191 1611 1246 in
1662 1189 1912 1262 sepulcro
1952 1189 2156 1245 cautis-

558 1287 698 1342 sime
716 1285 1026 1342 collocaret.
1057 1284 1187 1354 Quae
1230 1295 1446 1350 cuncta,
1476 1284 1586 1340 Deo
1608 1283 1841 1348 volente,
1871 1299 1901 1337 a
1927 1281 2155 1338 Domino

560 1376 836 1448 lliduipho
859 1387 1076 1438 constat
1099 1378 1245 1434 circa
1269 1378 1572 1449 piissimum
1601 1376 1820 1432 Patrem
1851 1376 2150 1432 Deodatum

561 1467 803 1537 impleta.
848 1468 984 1523 Nam
1024 1477 1086 1525 ut
1131 1468 1429 1544 evigilavit,
1464 1470 1531 1524 ad
1561 1469 1780 1524 beatum
1809 1469 2152 1541 quantocius,

562 1559 704 1614 sicut
735 1575 762 1614 a
797 1560 1027 1621 Domino
1051 1561 1362 1630 jubebatur,
1411 1562 1755 1634 properavit;
1786 1577 1944 1633 quem
1979 1561 2156 1618 adhuc

559 1653 743 1706 vivum
774 1653 1189 1724 reperit.,Gujus
1230 1665 1415 1729 optato
1448 1656 1567 1712 visu
1610 1663 1832 1712 sanctus
1871 1668 2154 1712 recreatus

559 1741 1083 1813 (67),'veltementer
1109 1756 1191 1801 est
1222 1747 1274 1802 in
1309 1747 1537 1803 Domino
1566 1749 1806 1821 gavisus,
1833 1749 1923 1818 qui
1949 1747 2155 1804 famulo

2258 541 2804 610 Augustodunensem
2829 542 3142 614 episcopum
3163 544 3295 616 (71),
3309 545 3518 601 diversis
3537 556 3738 610 tormentis

2259 632 2410 702 prius
2459 641 2756 687 mactatum
2789 635 3064 690 truncavit
3089 650 3239 691 ense.
3286 635 3438 692 Omni
3475 649 3627 695 autem
3661 660 3739 699 cuni

2259 725 2560 781 reverentia
2591 732 2780 781 curato
2810 726 2948 782 tanti
2976 725 3154 784 Patris
3179 728 3386 797 funere,
3415 732 3607 789 nimium
3625 735 3741 809 ιπη-

2257 820 2424 877 mosis
2444 820 2717 890 exsequiis
2741 835 2772 875 a
2798 820 3076 891 discipulis
3110 821 3424 894 deportatur
3451 827 3512 882 ad
3540 829 3742 885 ecclesiam

2255 909 2428 968 beata:
2463 911 2559 966 Dei
2609 911 2888 983 genitricis
2935 912 3138 980 Mariae,
3195 915 3284 970 ubi
3325 931 3421 986 pro
3449 931 3509 972 eo
3549 917 3743 977 immolat:

2256 1001 2480 1056 salutari
2530 1001 2707 1061 hostia
2747 1017 2779 1056 a
2827 1002 3177 1060 dcvotissimo
3202 1007 3607 1080 archiepiscopo,
3629 1021 3670 1065 et
3687 1030 3746 1068 ex-

2255 1094 2401 1164 pleto
2432 1094 2538 1150 ritu
2562 1095 2845 1152 catholicae
2873 1095 3150 1164 Ecclesiae,
3177 1099 3602 1169 pretiosissimum
3615 1117 3746 1176 corpus

2257 1185 2533 1242 vilissimae
2555 1187 2917 1243 committitur
2945 1195 3104 1245 terra:
3134 1189 3408 1262 (72),quia
3433 1207 3656 1264 aquosam
3670 1209 3746 1253 erat

2257 1277 2629 1333 coemeterium
2680 1278 2883 1350 prioris
2913 1277 3032 1348 ejus
3081 1280 3310 1349 cellulae,
3362 1293 3539 1355 utpote
3571 1286 3690 1343 situm
3713 1289 3745 1345 in

2257 1372 2519 1439 convalle,
2545 1382 2600 1430 et
2622 1374 2908 1445 oportebat
2943 1377 3080 1432 tanti
3123 1379 3339 1449 patroni
3369 1393 3553 1450 corpus
3580 1379 3623 1434 in
3657 1397 3745 1450 pra-

2257 1463 2430 1519 sentia
2458 1462 2709 1534 fratrum,
2750 1464 2936 1523 laudes
2963 1477 3019 1522 et
3041 1483 3234 1540 preces
3263 1468 3376 1526 Deo
3405 1469 3746 1540 persolventinn,

2257 1555 2676 1630 adesse;quem
2724 1559 2827 1616 etsi
2888 1571 3152 1619 noverant
3197 1562 3304 1634 piae
3351 1562 3535 1618 animre
3571 1579 3652 1619 non
3672 1579 3746 1620 esse

2237 1647 2526 1718 llendum,
2577 1651 2835 1710 cohibere
2887 1661 3069 1710 tamen
3124 1655 3426 1726 nequibant
3469 1656 3745 1712 inundantia

2258 1741 2643 1815 laerymarnm,
2675 1761 2812 1816 quas
2854 1763 2962 1804 non
2995 1748 3229 1819 impetus
3267 1750 3468 1814 carnis,
3495 1751 3576 1805 sed
3600 1751 3747 1822 spiritus

559 1849 659 1888 suo
688 1832 957 1905 llidulpho
989 1834 1106 1906 ejus
1135 1837 1633 1905 obitumrevelare,
1659 1849 1714 1896 et
1744 1856 1868 1896 eum
1899 1842 1964 1896 ad
1989 1859 2149 1898 suum
2183 1836 2226 1891 B
2255 1835 2506 1892 eliciebat
2559 1837 2629 1893 ab
2691 1839 2897 1896 intimis
2956 1840 3409 1910 prmeordiorum.
3463 1839 3621 1911 Neque
3658 1841 3745 1895 enim

556 1922 723 1986 {unus
749 1930 1047 1984 curandum
1098 1931 1372 1988 destinare
1401 1943 1486 1988 est
1515 1933 1792 2005 dignatus.
1837 1933 1946 1991 Nec
1975 1952 2148 2004 mora,

557 2015 900 2074 dtscessurus
925 2020 1012 2091 (ab
1045 2021 1147 2077 hac
1177 2022 1332 2093 vita),
1363 2024 1430 2078 ad
1458 2025 1865 2093 suscipiendum
1902 2027 2148 2098 regimen

556 2107 762 2176 ovium,
787 2125 922 2180 quas
951 2111 1144 2166 ibidem
1169 2114 1433 2170 hactenus
1456 2118 1734 2174 nutriebat
1758 2117 2066 2175 obedientia
2097 2130 2152 2176 et

557 2200 820 2266 charitas,
879 2206 1228 2279 superstitem
1279 2209 1516 2264 anticum
1580 2209 1864 2280 compulit,
1929 2213 2153 2283 suisque

555 2293 856 2358 mandavit,
887 2306 946 2352 ut
971 2297 1226 2353 domnum
1267 2299 1595 2373 llidulphum
1622 2305 1739 2361 vice
1785 2321 1881 2361 sua
1928 2293 2173 2362 Patrem

553 2379 874 2449 retinerent,
925 2387 1162 2454 quandiu
1197 2389 1409 2445 vixerit.
1448 2391 1583 2447 llinc
1633 2396 1994 2451 communiter
2037 2399 2150 2466 jam

553 2472 805 2529 omnibus
845 2490 966 2544 quae
999 2479 1353 2536 charissimus
1409 2484 1734 2542 charissimo
1775 2487 1935 2543 istinc
1985 2487 2152 2558 proli-

552 2564 777 2620 ciscenti
805 2567 1034 2623 debebat
1064 2585 1095 2624 a
1130 2571 1360 2628 Domino
1405 2573 1679 2648 llidulpho
1705 2578 1958 2648 expletis,
2006 2581 2150 2634 inter

551 2652 669 2722 ejus
703 2672 893 2713 manus
918 2662 1155 2717 animam
1185 2675 1450 2736 sanctam,
1477 2668 1642 2724 multa
1673 2685 1836 2741 prece
1866 2671 1974 2727 Deo
1999 2687 2148 2727 com»

550 2747 883 2814 mendalam,
942 2752 1240 2810 innumeris
1291 2765 1347 2810 et
1402 2759 1677 2815 continuis
1724 2759 1999 2818 laboribus
2046 2779 2147 2834 pro

551 2839 647 2892 Dei
682 2855 844 2911 regno
871 2853 924 2897 et
959 2841 1170 2914 justitia
1207 2849 1323 2919 ejus
1351 2852 1703 2908 exercitatam
1737 2863 1793 2908 et
1838 2855 2138 2925 elimatam,

549 2929 905 3004 plurimisque
932 2937 1219 2994 virtutibus
1250 2943 1505 2998 refertam
1545 2954 1600 3000 et
1653 2945 2002 3017 adornatam,
2052 2949 2149 3005 la:-

551 3020 796 3080 lissimus
831 3027 969 3083 coelo
1005 3030 1218 3091 refudit,
1272 3037 1366 3090 sed
1422 3037 1594 3093 lzetior
1649 3038 1864 3096 futurus
1908 3042 1962 3097 in
2024 3059 2146 3114 per-

550 3114 830 3184 ventionc,
849 3133 954 3187 qua
990 3119 1153 3176 Deum
1192 3122 1330 3180 facie
1353 3128 1418 3180 ad
1452 3125 1642 3182 faciem
1675 3131 1792 3186 sine
1828 3133 1933 3188 line
1958 3134 2144 3191 videre

547 3209 866 3279 promeruit.
910 3211 1016 3277 Qui
1043 3214 1124 3283 (ut
1170 3215 1222 3270 in
1253 3216 1636 3277 Ecclesiastico
1663 3224 1944 3296 scribitur)
1995 3243 2142 3280 mor-

548 3309 670 3354 tuus
699 3311 796 3368 est,
821 3313 867 3357 et
895 3306 1047 3376 quasi
1075 3323 1176 3362 non
1203 3319 1278 3362 est
1308 3322 1566 3380 mortuus,
1593 3316 1820 3370 similem
1861 3319 1998 3372 enim
2045 3320 2144 3375 sibi

544 3391 754 3463 reliquit
783 3406 898 3464 post
926 3413 1000 3452 se.
1039 3397 1106 3452 In
1140 3400 1243 3454 vita
1279 3419 1376 3456 sua
1425 3405 1576 3471 vidit,
1607 3417 1654 3461 et
1703 3409 1914 3464 (relatus
1968 3421 2044 3465 est
2087 3413 2144 3466 in

541 3497 676 3550 ipso,
701 3494 748 3539 et
779 3487 832 3541 in
854 3489 997 3543 obitu
1028 3508 1123 3546 suo
1157 3510 1260 3548 non
1291 3505 1364 3549 est
1395 3499 1865 3571 contristatns,frrec
1891 3502 2142 3571 confusus

543 3583 618 3626 est
649 3592 827 3630 coram
857 3579 1128 3645 inimicis;
1172 3584 1380 3655 reliquit
1423 3589 1562 3641 enim
1605 3589 1931 3657 defensorem
1963 3593 2142 3646 damni

542 3679 656 3716 sine
687 3677 870 3720 contra
923 3670 1187 3741 inimicos,
1245 3683 1292 3728 et
1340 3678 1500 3730 uitrici
1559 3679 1855 3734 reddentem
1913 3683 2140 3752 gratiam

545 3754 739 3824 (Eccli.
765 3775 895 3825 xxx,
925 3760 1068 3833 4-6).

616 3847 708 3902 20.
749 3849 990 3908 Transiit
1024 3864 1204 3911 autem
1234 3858 1300 3914 de
1331 3868 1503 3917 morte
1534 3863 1600 3917 ad
1639 3864 1825 3930 vitam,
1869 3867 1936 3922 de
1979 3868 2141 3925 exilio

545 3938 613 3992 ad
645 3940 872 4007 patriam
901 3945 1146 4000 amabilis
1167 3945 1351 4014 Pater,
1387 3951 1618 4008 domnus
1653 3954 1944 4024 Deodatus,
1979 3959 2141 4015 tertio

543 4029 758 4086 decimo
779 4032 1046 4091 Kalendas
1071 4035 1194 4092 Julii
1222 4039 1336 4111 (68)
1397 4043 1677 4099 Dozninica
1717 4047 1826 4112 die,
1855 4058 2139 4105 sexcente-

543 4121 684 4176 simo
715 4128 1115 4196 septuagesimo
1143 4145 1288 4186 nono
1310 4147 1454 4188 anno
1487 4149 1516 4187 a
1544 4136 1757 4191 Domini
1797 4140 1968 4192 nostri
2011 4139 2139 4195 Jesu

541 4215 744 4270 Christi
777 4215 1181 4286 incarnatione,
1211 4224 1439 4292 septima
1467 4226 1785 4292 indictione,
1811 4227 2139 4300 abingressu

539 4319 672 4360 vero
718 4305 838 4374 ejus
885 4308 936 4362 in
977 4310 1116 4366 hanc
1147 4312 1338 4368 vallem
1372 4314 1648 4371 Galilaeam
1678 4333 1820 4372 anno
1853 4319 2139 4376 undecimo

541 4395 817 4454 mediante
845 4398 980 4470 (69),
1012 4401 1354 4459 Theodorico
1399 4405 1508 4461 ﬁlio
1568 4406 1823 4464 Clodovei
1860 4409 2140 4483 fratreque

540 4485 829 4544 Chiiderici
857 4493 1261 4565 regnante(70),
1284 4495 1382 4550 sub
1397 4511 1502 4566 quo
1520 4498 1788 4567 pessimus
1808 4509 1860 4556 et
1891 4511 2133 4571 apostata

613 4669 726 4740 (67)
767 4671 1088 4752 impressum
1123 4684 1298 4752 vetus,
1327 4688 1504 4748 optato
1548 4681 1626 4733 vir
1658 4693 1872 4737 sinicius
1899 4696 2128 4752 creatus,

541 4738 810 4810 liiguetus
838 4738 1077 4800 correxit
1096 4738 1293 4800 obtutu
1314 4786 1327 4800 .
1356 4738 1369 4800 ί
1393 4789 1407 4802 .
1438 4788 1453 4804 .
1488 4762 1787 4807 recreatus.

613 4812 1523 4891 (68)_C0ttven_iuntpeltaraclcrcs,
1567 4821 1646 4874 lit.
1695 4824 2012 4879 Doutinicali
2058 4823 2131 4891 B;

539 4895 680 4950 quos
705 4884 1057 4958 characteres
1105 4887 1147 4958 si
1177 4902 1244 4941 ex
1290 4891 1510 4958 antiqua
1547 4893 1839 4948 traditione
1873 4897 1952 4948 vel
1999 4884 2135 4950 seri-'-

539 4957 1176 5031 ptttranauctonhabuit,
1221 4959 1356 5031 nihil
1387 4957 1593 5016 certius
1633 4974 1812 5031 petest
1855 4981 1952 5030 pro
1990 4981 2135 5020 anno

541 5022 645 5077 679
662 5025 829 5102 alteri
861 5028 1164 5102 cuicunque
1195 5029 1536 5102 przeferendo
1569 5022 1792 5102 requiri.
1829 5022 1959 5090 Esto
1992 5037 2134 5090 hanc

541 5095 1326 5177 certitudinetn_obscltraverit
1357 5100 1464 5166 ille,
1516 5095 1660 5177 male
1687 5107 1990 5177 composito
2019 5107 2136 5177 epi-

541 5175 770 5242 scopatu
793 5167 1071 5242 Garibaldi
1101 5184 1223 5223 cum
1253 5186 1481 5242 esecssu
1515 5172 1740 5228 Deodati
1782 5167 1847 5228 e'x
1878 5167 2128 5242 Francia,

540 5241 596 5289 et
619 5237 809 5316 figancobi
843 5255 965 5292 cum
999 5241 1232 5316 adventu
1273 5239 1551 5316 Hildulphi
1585 5244 1637 5298 in
1668 5245 1986 5316 Vosagium.

767 5306 877 5380 l_tno
907 5310 1222 5380 rvigesinto
1248 5304 1503 5380 pritnofa

613 5375 1138 5458 (70j‘lheod0ricus
1169 5375 1520 5458 postcgedem
1551 5383 1844 5458 Childerici
1876 5399 2133 5458 receptus

541 5463 685 5502 anno
861 5449 982 5502 dein
1008 5451 1074 5505 ab
1103 5447 1246 5508 anno
1267 5453 1370 5513 680
1401 5457 1718 5525 monarcha,
1759 5447 2020 5522 mortuus
2052 5468 2136 5516 est

541 5535 684 5572 anno
789 5542 792 5545 -
823 5559 836 5571 .

539 5535 684 5574 anno
711 5520 836 5574 695.

614 5590 728 5664 (71)
771 5589 1131 5662 Lcodegarius
1181 5595 1390 5648 occisus
1444 5604 1524 5651 est
1571 5613 1716 5653 anno
1765 5598 1868 5654 688
1899 5639 1912 5664 ,
1973 5600 2058 5653 die
2100 5601 2134 5653 9.

539 5661 730 5716 Octob.
759 5678 867 5732 quo
893 5664 1107 5718 colitur.
1477 5714 1482 5719 .

613 5733 725 5804 (72)
771 5751 789 5784 ‹
836 5735 977 5789 Intra
1010 5741 1191 5789 arcam
1225 5743 1406 5808 tamen
1455 5738 1749 5808 lapideam,
1805 5740 1981 5808 inquit
2039 5740 2134 5793 lli—

537 5814 750 5876 guctus,
789 5823 907 5882 quce
947 5815 1189 5863 servatur
1223 5807 1386 5860 etiam
1421 5807 1580 5872 nunc,
1629 5811 1797 5866 doticc
1829 5807 2134 5876 “(illicere-

2255 1925 2545 1994 dellebant,
2570 1928 2694 1997 quia
2722 1929 2943 1995 obierit,
2966 1928 3060 1985 scd
3090 1933 3216 2000 quia
3247 1931 3317 1984 ad
3359 1929 3518 1985 Deum
3550 1929 3746 2000 illosprs

2255 2018 2500 2083 cesserit,
2517 2018 2657 2073 sicut
2673 2019 3021 2075 doctissimus
3050 2017 3212 2074 Pater
3236 2019 3544 2075 Ambrosius
3557 2019 3610 2074 de
3632 2021 3746 2090 seipse

2254 2108 2456 2165 dixisse
2499 2111 2816 2179 consuevit;
2851 2127 2951 2167 nec
2995 2112 3312 2170 invidebant
3346 2113 3458 2184 ejus
3502 2113 3665 2184 gloria,
3691 2114 3746 2168 sed

2256 2199 2542 2270 cupiebant
2589 2217 2711 2267 cum
2751 2218 2815 2258 eo
2854 2218 2997 2269 esse,
3051 2219 3177 2289 cum
3235 2204 3607 2275 perpenderent
3644 2219 3684 2258 re
3715 2205 3745 2256 in

2255 2289 2401 2346 luctu
2431 2293 2781 2360 remansisse,
2828 2311 2952 2349 cum
2985 2293 3192 2351 scirent
3246 2311 3308 2351 se
3344 2295 3562 2350 futuram
3588 2297 3743 2366 patriam

2253 2381 2567 2453 inquirere,
2627 2401 2728 2442 nec
2784 2387 2874 2442 hic
2937 2396 3254 2444 manentem
3309 2389 3569 2443 civitatem
3619 2389 3744 2441 habere

2254 2472 2443 2544 (Hebr.
2496 2490 2629 2541 Xlll,
2686 2475 2834 2546 114).
2893 2474 3168 2533 Praeterea
3223 2478 3327 2534 sub
3374 2478 3556 2549 gaudio
3592 2478 3744 2547 Spiritus

2253 2566 2426 2621 sancti
2460 2566 2575 2635 pios
2613 2567 2935 2624 emittebant
2967 2566 3148 2630 ﬂetus,
3197 2585 3325 2624 cum
3366 2570 3632 2625 recolerent
3665 2569 3744 2639 (me

2252 2656 2506 2726 moriam)
2563 2657 2891 2713 dulcissimae
2947 2659 3296 2730 paternitatis
3349 2669 3407 2716 et
3460 2660 3742 2714 familiaritatis

2251 2748 2390 2818 ejus,
2418 2750 2508 2821 qui
2558 2765 2754 2806 currus
2785 2759 2840 2805 et
2874 2751 3061 2820 auriga
3102 2750 3283 2809 fuerat
3313 2754 3392 2808 eis
3426 2753 3742 2822 benignissimus

2252 2839 2360 2912 (IV
2388 2840 2516 2911 Reg.
2548 2858 2613 2907 ιι,
2655 2841 2766 2912 12),
2809 2845 3079 2912 portando
3112 2858 3206 2898 eos
3245 2845 3300 2898 in
3343 2845 3452 2900 suis
3487 2844 3741 2906 manibus,rt

2248 2930 2516 2988 hortando
2568 2933 2637 2988 ad
2691 2933 2946 2989 meliores
3000 2944 3176 2990 actus.
3230 2935 3539 3004 llujusmodi
3575 2935 3740 3005 iacrym:

2249 3035 2508 3100 quantum
2533 3025 2735 3080 distant
2756 3027 2824 3081 ab
2855 3026 2940 3080 his
2954 3042 3091 3096 quas
3113 3028 3366 3083 carnales
3396 3029 3608 3083 homines
3630 3026 3739 3081 solent

2248 3132 2348 3192 pro
2377 3119 2558 3172 charis
2580 3118 2693 3173 suis
2725 3117 2805 3173 vel
2837 3133 2935 3190 pro
2959 3119 3172 3176 danmls
3209 3118 3639 3176 inconsolabiliter
3667 3115 3740 3168 lun-

2175 3190 2215 3246 C
2251 3190 2400 3280 dere,
2431 3213 2620 3271 ell'reni
2651 3213 2879 3268 audacia
2925 3228 3030 3268 non
3062 3223 3374 3269 metuentes
3419 3212 3482 3268 ad
3527 3212 3736 3267 divinorum

2243 3299 2566 3370 iudiciorum
2605 3303 2873 3378 publicam
2907 3305 3328 3360 detestationem
3378 3303 3620 3376 prosilire!
3653 3298 3738 3364 Qui:

2247 3396 2392 3453 enim
2421 3397 2764 3469 sempiternis
2793 3398 2947 3452 bonis
2989 3413 3092 3452 non
3127 3399 3363 3465 inhiant,
3411 3405 3525 3468 post
3549 3404 3737 3463 tempore.

2246 3487 2375 3542 lium
2409 3489 2755 3543 amissionem
2801 3490 2928 3558 quid
2978 3490 3120 3544 ultra
3169 3500 3415 3560 sperent,
3470 3492 3737 3562 ignoranm“

2247 3577 2368 3633 ideo
2409 3593 2546 3648 quos
2603 3579 2869 3650 (neglecto
2909 3579 3043 3651 Deo)
3100 3581 3371 3636 inutiliter
3401 3590 3578 3643 amant,
3615 3575 3734 3632 nolunt

2245 3670 2375 3725 hinc
2407 3670 2541 3734 tolli,
2595 3672 2722 3742 quia
2771 3672 2850 3727 eis
2898 3673 2950 3727 in
2982 3673 3353 3743 voluptatibus
3395 3675 3559 3731 carnis
3599 3681 3640 3726 et
3677 3683 3734 3722 usu

2246 3767 2432 3820 mundi
2465 3777 2676 3838 eptaut,
2712 3769 2755 3823 si
2793 3777 3036 3838 possent,
3078 3771 3131 3825 in
3185 3781 3447 3828 internum
3489 3768 3665 3842 perfrui.
3701 3763 3732 3818 in

2247 3857 2668 3930 talesteremias
2703 3871 2922 3915 sanctus
2947 3860 3027 3916 sic
3064 3861 3387 3919 invehitur:
3422 3853 3732 3918 Maledicmrir

2242 3951 2332 4020 qui
2357 3951 2573 4020 conﬁdit
2621 3952 2676 4005 in
2722 3953 2953 4020 homine,
3013 3964 3060 4007 et
3109 3956 3255 4024 ponit
3301 3971 3502 4010 carnem
3549 3948 3732 4006 brachii-

2246 4059 2401 4098 suarm
2428 4053 2474 4096 et
2497 4059 2528 4096 a
2562 4043 2784 4097 Domino
2814 4045 3005 4097 recedit
3030 4061 3122 4098 cor
3147 4045 3263 4115 ejus
3294 4046 3428 4118 (Jer.
3451 4060 3566 4109 ινιτ,
3585 4042 3641 4109 5).
3700 4097 3710 4106 ,

2319 4135 2408 4189 21.
2453 4136 2636 4204 Itaque
2674 4135 2758 4188 vir
2797 4135 2891 4190 Dei
2919 4135 3225 4207 llidulphus
3267 4137 3348 4192 sic
3372 4137 3536 4206 paruit
3555 4139 3733 4189 extremi?

2241 4227 2489 4296 petitioni
2515 4227 2862 4296 defungentis
2895 4227 3080 4293 amici,
3113 4239 3173 4282 ut
3209 4229 3398 4297 viginti
3429 4236 3539 4284 octo
3571 4221 3730 4279 anniset

2215 4317 2466 4372 .dimidio
2493 4317 2710 4386 (quibus
2745 4315 2817 4372 illi
2850 4325 3128 4388 superstes
3155 4317 3255 4374 fuit
3284 4320 3338 4374 in
3379 4315 3573 4388 saeculo)
3598 4308 3725 4379 invigi-

2243 4409 2408 4464 lasset
2431 4409 2548 4479 ejus
2587 4410 2757 4480 gregi,
2799 4425 2897 4480 per
2926 4410 3248 4479 praepesitos
3273 4413 3618 4468 administrans
3636 4401 3728 4457 utili.

2247 4513 2412 4561 tatem
2445 4503 2614 4573 ipsius
2643 4502 2766 4570 loci,
2797 4511 2852 4559 et
2880 4505 3130 4575 quamvis
3186 4520 3283 4566 oro
3329 4520 3391 4561 se
3430 4503 3633 4559 abbatem
3658 4491 3726 4563 (75)

2241 4695 2328 4740 tur
2361 4684 2694 4755 major,qua:
2727 4685 2977 4740 inchoata
3006 4685 3308 4741 habebatur
3330 4683 3537 4741 ecclesia
3565 4678 3609 4755 _S.
3632 4673 3725 4755 Mag-

2241 4760 2369 4822 ritii,
2422 4747 2676 4812 n'une'S.
2739 4756 2962 4814 Deodati
3018 4757 3185 4823 dicta,
3240 4759 3326 4812 ubi
3383 4765 3496 4808 ante
3533 4747 3720 4823 altare};

2207 4827 2210 4830 ’
2239 4807 2761 4882 crucis—Wcohditum
2793 4827 2844 4879 in
2894 4828 3082 4880 eadem
3115 4807 3244 4881 alica
3289 4841 3473 4894 corpus
3496 4836 3618 4894 est.»

2239 4899 2366 4968 quid
2392 4901 2436 4952 si
2473 4901 2821 4978 printotet‘ra
2855 4896 2996 4980 nuda
3028 4898 3305 4979 conditum
3331 4891 3512 4980 corpus

2239 4960 2399 5023 istam
2431 4960 2792 5038 compositum
2842 4969 3129 5044 crcda_tur_
3154 4968 3205 5021 in
3273 4969 3384 5036 ipsa
3425 4960 3718 5044 transtulitpqu

2245 5059 2263 5091 ι
2315 5040 2429 5093 Non
2474 5025 2653 5093 tamen
2689 5047 2815 5092 tunc
2843 5039 3053 5107 accepit
3105 5025 3334 5093 formam
3366 5034 3526 5090 crucis
3561 5025 3719 5107 coclea}

2239 5120 2874 5185 nostra,_quam___nunc
2931 5102 3112 5174 habet,
3167 5122 3433 5185 quamque
3478 5102 3717 5185 censuit

2239 5161 2382 5236 inn
2401 5161 2406 5162 ί
2424 5161 2904 5248 Nicblailttupus
2933 5161 3056 5234 esse
3097 5161 3225 5234 Sinin
3247 5161 3406 5241 127³8,
3454 5195 3471 5228 ι
3509 5167 3642 5239 inquit
3665 5161 3719 5213 lli-

2239 5261 2450 5323 guetus.

2311 5345 2424 5416 (75)
2465 5341 2565 5404 Hic
2586 5343 2849 5399 liniuntur
2873 5343 2925 5440 i‘n
2957 5343 3294 5440 membranisl
3323 5340 3418 5440 loci

2239 5403 2447 5472 sancto.
2474 5403 2568 5484 per
2593 5425 2841 5507 octavam
2869 5415 3187 5479 distributae,
3202 5424 3257 5468 et
3283 5416 3518 5507 hactenus

2242 5503 2262 5507 _-
2280 5487 2304 5507 ,Ι
2337 5487 2553 5507 _..._I---_--
2592 5502 2659 5507 ﬁ..-
2675 5506 2679 5507 ν
2709 5502 2788 5507 -..ι
2843 5501 2958 5507 -.._--
3009 5485 3251 5507 2---....Λ.--ἶ
3268 5501 3280 5507 ι
3411 5500 3419 5507 ι
3441 5491 3505 5507 .nc

2239 5476 2558 5574 advertit-tm
2586 5486 2790 5566 credent
2838 5476 3304 5574 cutrtrimprcssis:

2240 5556 2477 5611 Hildull‘o
2523 5557 2850 5645 constitutus
2877 5597 2891 5618 ,
2936 5545 3226 5636 dicebatur

2239 5627 2707 5720 pramlmrtuushilli
2746 5626 3120 5720 necessitatem
3164 5621 3706 5720 iutpustztito

2239 5689 2416 5760 incudi
2449 5716 2544 5766 per
2575 5697 2788 5752 uititnos
2818 5707 2925 5752 tres
2953 5714 3125 5752 annos
3173 5689 3451 5766 regizttiilisi
3497 5694 3557 5738 ‘1“
3581 5689 3653 5731 ⁵⁸⁵

2244 5769 2473 5821 κυνί-«δε.
2727 5783 2734 5791 ’
