3900 6322
586 298 696 358 631

1362 307 1532 363 SASC.
1574 308 1643 363 x1
1681 304 1886 363 acer.
1926 305 2196 363 INCEttTl
2232 303 2394 359 ΔΝΜ
2432 304 2521 359 ET
2562 302 2826 361 suam.
2866 306 3085 363 Ἀλεξα.
3681 320 3747 375 δεῖ

594 428 662 470 ex
695 413 984 469 breviariis
1001 414 1080 467 vel
1108 416 1435 485 syngraphis
1459 418 1600 474 illius
1628 421 1887 490 temporis
1914 422 2173 477 hactenus
2202 427 2248 484 Α
2284 435 2462 475 sorem
2497 420 2792 475 Deodatum
2827 422 3062 479 vindicat
3098 426 3225 491 sibi,
3262 427 3350 480 cui
3380 427 3601 485 dammas
3628 432 3751 491 lli“

595 506 1022 571 monstrabatur,
1051 505 1103 557 in
1144 505 1339 575 quibus
1364 510 1585 563 nomina
1616 511 1842 565 fratrum
1892 512 2174 582 utriusque

596 596 930 661 monasterii,
986 603 1096 650 tam
1151 597 1527 655 defunctorum
1585 618 1746 672 quam
1801 610 1855 657 et
1901 602 2172 671 vivorum,

595 686 1004 757 diligentissime
1066 688 1324 743 adnotata
1390 700 1447 745 et
1517 692 1780 747 altaribus
1839 698 2173 764 superposita

594 782 1095 849 conservabantur;
1130 800 1231 855 pro
1264 788 1461 854 quibus
1490 788 1542 842 in
1587 789 1872 843 missarum
1898 790 2172 847 sulemniis

590 874 873 929 verissime
885 876 1188 940 dicebatur,
1210 879 1353 948 quod
1371 880 1447 934 sic
1469 880 1521 933 in
1552 880 1703 935 libris
1713 892 2171 938 sacramentorum

591 970 791 1039 passim
827 970 1112 1039 reperitur.
1139 971 1203 1025 Et
1238 988 1464 1042 quorum
1493 974 1706 1027 nomina
1733 989 1897 1045 super
1926 984 2173 1031 sanctum

592 1058 765 1113 altare
791 1068 941 1114 tuum
974 1061 1177 1130 scripta
1199 1062 1388 1117 adesse
1410 1064 1681 1119 videntur.
1706 1066 1916 1121 Interea
1950 1067 2172 1122 a‘devoh

593 1151 819 1205 tissimis
855 1152 1179 1223 (discipulis)
1232 1154 1616 1210 inviolabiliter
1661 1155 1761 1209 fuit
1805 1158 2169 1224 observatum,

592 1241 735 1309 quod
789 1256 817 1294 a
870 1242 1130 1311 piissimis
1184 1244 1460 1313 magistris
1519 1245 1828 1300 recolebam
1882 1249 2171 1314 traditum,

590 1331 865 1396 videlicet,
890 1341 947 1385 ut
973 1332 1137 1386 semel
1168 1333 1218 1386 in
1251 1348 1412 1399 anno,
1455 1346 1510 1388 et
1539 1335 1627 1389 isti
1669 1334 1962 1391 inviserent
2010 1338 2173 1393 cellas

586 1438 806 1488 eorum,
836 1433 890 1479 et
921 1426 995 1478 illi
1033 1426 1296 1491 istorum,
1346 1436 1600 1497 tanquam
1630 1432 1903 1501 praecipua
1950 1432 2169 1501 pignora

584 1516 931 1586 praeferendo
960 1519 1174 1572 tunicas
1198 1520 1577 1588 n'ragistrorum
1606 1522 1894 1593 (siquidem
1920 1532 1974 1577 ct
2012 1523 2174 1578 disci-

592 1607 706 1677 puli
765 1608 945 1662 domui
997 1608 1259 1679 liidulpbi
1316 1610 1482 1679 ipsius
1550 1613 1787 1667 tunicam
1838 1614 2172 1669 retinuerant

588 1698 724 1766 sibi)
767 1698 962 1768 quibus
1010 1714 1131 1753 cum
1176 1709 1324 1754 tanta
1372 1701 1654 1757 devotione
1682 1703 2084 1770 occurrebatur,
2118 1710 2172 1759 et

2276 496 2416 583 pirus
2463 513 2784 568 attribuerat
2828 514 3123 584 prioratum
3167 519 3260 571 sui
3310 518 3435 584 loci,
3461 519 3752 582 inibimu-

2275 604 2535 673 gnissime
2571 605 2933 675 suscipiendo,
2961 608 3087 661 dum
3118 609 3350 674 advixit,
3401 621 3456 665 et
3504 614 3757 674 nihilomins

2277 696 2512 750 tunicam
2543 693 2679 764 ejus,
2718 705 3002 767 postquam
3028 699 3179 754 obiit.
3216 699 3400 770 Super
3427 702 3531 757 hac
3564 705 3757 765 etiam»

2268 786 2553 841 cumulant
2582 800 2774 842 eorum
2806 789 3126 844 charitatem
3157 800 3433 857 mutuam,
3458 808 3553 861 qua
3588 795 3759 854 eiecta:

2274 887 2357 933 est
2383 885 2442 932 ut
2468 879 2649 933 omnia
2691 877 2795 934 illis
2828 877 3019 935 forent
3047 883 3387 936 communia.
3435 881 3573 939 Sicut
3603 887 3760 957 philus

2266 970 2431 1041 phica
2455 970 2693 1025 insinuat
2708 972 2979 1026 sententia
3009 990 3023 1026 :
3054 991 3076 1023 ι
3112 974 3438 1029 Vicinorum
3460 976 3761 1045 pleraquesru

2266 1063 2607 1128 communia,
2629 1064 2932 1119 amicorum
2962 1079 3090 1120 vero
3118 1068 3594 1139 omnia(Amsror.
3610 1071 3681 1125 lib.
3704 1089 3759 1128 ut

2264 1151 2434 1208 Etim.
2462 1169 2588 1223 cap.
2618 1155 2697 1226 9).
2734 1173 2753 1207 ι
2786 1154 3049 1222 Quocirca
3074 1160 3211 1212 sicut
3238 1168 3376 1213 tunc
3404 1160 3762 1217 solebantwtu

2264 1246 2547 1316 suscipere
2575 1247 2767 1301 horum
2791 1257 3103 1303 sanctorum
3145 1250 3388 1315 tunicas,
3414 1250 3603 1305 scilicet
3636 1267 3760 1321 corpo-

2273 1352 2393 1393 rum
2441 1340 2694 1406 exuvias;
2741 1340 2822 1397 sic
2870 1356 3017 1395 nunc
3056 1356 3278 1412 quoque
3332 1344 3613 1413 suscith
3644 1361 3761 1400 tera

2272 1444 2523 1500 corpora,
2568 1433 2872 1487 animarum
2918 1434 3106 1503 utique
3161 1438 3419 1488 exuvias.
3470 1435 3667 1501 Quorum
3709 1452 3763 1505 per

2264 1525 2524 1579 meritum
2566 1540 2672 1595 pax
2706 1525 2862 1580 nobis
2902 1541 3045 1581 nunc
3076 1535 3133 1581 et
3182 1526 3240 1582 in
3294 1540 3491 1582 atrum.
3541 1528 3673 1598 igitur
3698 1530 3762 1582 in

2266 1615 2377 1685 jam
2434 1616 2706 1672 sulliciant
2759 1618 3026 1688 religiosis
3082 1620 3313 1683 animis,
3372 1635 3492 1689 quae
3540 1623 3764 1689 pauperum

2272 1716 2521 1765 sermone
2546 1710 2745 1766 cursim
2774 1709 3129 1779 explicuimus
3158 1712 3225 1766 de
3244 1710 3484 1781 piissimi
3506 1712 3762 1767 Patrum

584 1798 741 1845 ’tan‘ta
783 1793 1061 1846 veneratio
1090 1793 1447 1847 exhibebatur
1479 1804 1537 1848 ut
1560 1795 1851 1850 dulcissimi
1877 1797 2067 1852 Patres
2104 1798 2171 1852 ad
2204 1774 2246 1828 Β
2278 1800 2509 1854 Deodati
2547 1800 2732 1870 geStis,
2759 1774 3208 1872 vix-attingenles
3241 1774 3424 1872 pauca
3455 1803 3519 1857 de
3546 1804 3762 1861 innumeri:

586 1882 734 1935 ﬁlios
759 1884 963 1938 redisse
990 1892 1111 1954 post
1136 1883 1292 1952 longa
1338 1885 1656 1940 saeculorum
1684 1887 1959 1942 volumina
1989 1889 2177 1943 crede-

589 1979 745 2026 rentu
754 1986 799 2026 ι’.

659 2078 755 2141 25.
793 2086 947 2153 Quod
994 2087 1038 2142 si
1068 2089 1308 2157 cheatis
1354 2089 1701 2154 facientibus,
1733 2090 1971 2146 caelestis
2002 2090 2079 2144 ira
2117 2090 2173 2145 in

587 2179 842 2249 p0pulun
867 2184 1234 2249 grassaretur,
1260 2189 1314 2235 et
1339 2182 1584 2237 siccitate
1613 2197 1707 2236 seu
1731 2183 1895 2236 nimia
1921 2181 2172 2236 imbrium

591 2269 897 2335 refusione,
948 2278 1041 2324 aut
1089 2271 1404 2340 pestilentia
1458 2270 1545 2326 vel
1603 2271 1967 2343 qualicunque
2016 2271 2172 2343 plaga

591 2359 870 2425 feriretur,
927 2374 1047 2415 mox
1095 2362 1224 2417 hinc
1254 2362 1377 2418 inde
1430 2363 1783 2434 conglobatus
1832 2366 2171 2437 (conventus)

592 2456 806 2509 tunicas
829 2465 1176 2524 patronorum
1210 2469 1430 2509 suorum
1473 2471 1593 2511 cum
1616 2456 1882 2513 luctuosis
1925 2458 2175 2528 preciLus

593 2545 855 2599 oIPcrebat
900 2554 955 2600 et
1010 2546 1290 2616 ingerebat
1343 2546 1540 2603 divinis
1596 2548 1890 2615 obtutibus,
1945 2562 2176 2619 moxque

592 2639 907 2692 removebat
952 2639 1127 2708 pietas
1152 2642 1294 2708 quod
1336 2649 1711 2709 promeruerat
1735 2640 2005 2711 impietas.
2030 2637 2173 2697 Nam

592 2740 781 2787 contra
807 2732 1147 2787 desaevientis
1177 2731 1368 2803 ﬂagelli
1400 2732 1657 2801 impetum
1686 2741 1895 2787 tantum
1921 2733 2176 2789 valebant

594 2830 908 2876 sanctorum
944 2823 1139 2877 merita
1170 2831 1222 2877 et
1255 2822 1426 2893 plebis
1455 2822 1591 2879 ﬁdes
1609 2832 1670 2878 ut
1694 2836 1797 2879 nec
1810 2834 1971 2879 imora
2007 2824 2173 2879 miscv-

595 2913 1005 2970 ricordlssimus
1030 2911 1292 2969 Conditor
1334 2914 1469 2983 justi
1503 2915 1691 2983 judicii
1720 2915 1802 2970 sui
1834 2915 2174 2972 severitatem

594 3007 849 3077 apopulo
877 3007 1177 3073 cohiberet,
1204 3018 1365 3079 atque
1388 3018 1587 3081 optatae
1616 3010 2003 3066 misericordia:
2047 3026 2176 3066 con-

2276 1891 2498 1945 minima
2548 1892 2615 1947 de
2655 1892 2906 1947 maximis
2947 1910 2961 1947 :
3013 1894 3220 1962 Quibus
3284 1904 3478 1950 sancta
3520 1894 3703 1949 Trinitas
3733 1898 3762 1948 'u

2279 1983 2438 2036 terris
2470 1982 2792 2052 glor-it‘tcavit
2837 1983 3095 2039 dlectum
3148 2002 3318 2041 suum
3374 2002 3471 2053 pro
3516 1990 3763 2042 salictam:

2276 2072 2501 2127 meritis.
2534 2072 2799 2129 Caeterum
2844 2083 2924 2130 tot
2974 2083 3029 2130 et
3084 2078 3254 2131 tantis
3308 2077 3541 2146 quotidie
3583 2078 3762 2131 υιὶιιεειιὲ

2270 2163 2579 2219 venerabile
2605 2180 2799 2235 corpus
2840 2164 2959 2233 ejus
3007 2166 3357 2231 nobilitatur,
3406 2178 3529 2235 quot
3561 2177 3607 2221 et
3642 2177 3763 2235 quanta

2275 2255 2383 2318 vix,
2418 2262 2742 2325 utiputatur,
2764 2254 2960 2311 sullicit
2986 2255 3185 2326 aliquis
3214 2256 3622 2313 facundissimus
3654 2260 3762 2325 (enar-

2278 2346 2425 2416 rare)
2467 2346 2603 2418 (76).

2342 2436 2434 2490 27.
2476 2436 2571 2491 liis
2590 2438 2732 2493 adeo
2764 2436 3069 2494 dilfamatus
3115 2440 3328 2494 mundo
3378 2438 3591 2494 innotuit
3634 2448 3674 2492 ut
3707 2437 3759 2490 tu

2266 2540 2463 2585 nostra
2505 2530 2691 2601 jejuna
2726 2540 2781 2587 et
2831 2533 3001 2588 sterili
3056 2533 3382 2589 narratione
3434 2530 3670 2602 praedicari
3703 2542 3761 2580 an

2276 2621 2585 2693 indiguerit.
2617 2622 2725 2679 Sed
2748 2625 3003 2694 quoniam
3031 2625 3366 2681 Christiana:
3398 2622 3688 2693 perspicere:
3717 2629 3761 2673 est

2276 2715 2450 2786 magis
2481 2716 2759 2786 requirere
2802 2726 2963 2787 atque
2999 2707 3289 2772 attendere
3318 2732 3485 2788 opera
3508 2730 3609 2786 qua
3645 2729 3760 2766 unum-

2268 2820 2545 2877 quemque
2603 2817 2853 2863 sanctum
2919 2807 3165 2875 faciunt,
3226 2824 3400 2879 quam
3459 2823 3566 2879 quae
3604 2814 3759 2861 sanctae

2277 2900 2593 2968 ostendunt,
2626 2899 2929 2956 delectatur
2956 2901 3174 2971 quidem
3209 2900 3517 2958 visibilibus
3552 2908 3757 2953 sanctorum

2276 2990 2456 3058 factis,
2486 2991 2581 3047 sed
2600 3001 2777 3047 tamen
2800 2992 2867 3046 ad
2890 2992 3179 3048 invisibilia
3206 3008 3408 3049 eorum
3435 2992 3561 3046 facta
3572 2987 3758 3061 perierat:

597 3099 923 3154 solutionem
969 3099 1050 3155 eis
1098 3099 1404 3155 dislillarct.
1454 3100 1545 3155 Sic
1595 3100 1831 3171 denique
1865 3103 2177 3173 temporalis
2196 3118 2247 3182 ,C
2268 3083 2873 3182 »οηιηίιηοαίερυρθιίιν
2921 3093 2978 3141 et
3029 3085 3313 3182 silibunda
3347 3085 3553 3182 mavult
3590 3100 3641 3182 οξ
3674 3081 3757 3175 ίοίῖίε

594 3198 648 3244 ct
697 3204 865 3260 parva]
904 3191 1209 3247 consolatio
1258 3191 1378 3246 ﬁdei
1409 3190 1571 3246 ﬁebat
1610 3193 1844 3247 maxima
1875 3196 2173 3263 provectio,

594 3295 716 3349 quae
742 3296 1183 3352 unumquemque
1205 3297 1304 3353 pro
1322 3282 1662 3339 modulosuo
1693 3284 1761 3338 ad
1786 3286 2175 3345 correctionem

593 3372 879 3439 pravitatis
906 3387 1017 3427 sua:
1057 3384 1111 3427 et
1151 3372 1506 3428 imitationem
1537 3384 1871 3440 sanctorum,
1914 3385 2077 3446 atque
2108 3378 2178 3433 ad

593 3460 831 3515 debitam
862 3462 1272 3518 venerationem
1314 3464 1653 3520 hortabatur
1701 3481 2002 3538 assurgere,
2043 3484 2180 3539 quos

593 3552 966 3622 intelligebant
996 3562 1208 3609 tantum
1244 3558 1312 3611 de
1334 3552 1456 3612 'Deo
1482 3558 1782 3625 meruisse;
1825 3573 1932 3628 quo
1960 3569 2180 3630 possent

593 3641 732 3695 iram
755 3641 872 3713 ejus
896 3659 924 3698 a
946 3647 1254 3715 pecoatrice
1278 3656 1435 3716 gente
1459 3658 1728 3715 avertere,
1759 3658 1813 3703 et
1844 3649 1976 3705 tales
1996 3650 2181 3720 cupie-

595 3733 867 3790 bantesse
886 3737 1273 3807 qualesdivina
1290 3741 1593 3810 benignitas
1607 3740 1862 3812 dignatur
1883 3741 2180 3798 clementer

592 3824 888 3893 respicere.
937 3825 1055 3880 dum
1102 3830 1535 3899 perpendamus,
1585 3832 1629 3885 si
1681 3846 1998 3901 possumus,
2049 3834 2180 3904 quid

596 3912 793 3968 meriti
822 3913 907 3970 vel
929 3916 1450 3973 virtutishabueriut
1481 3920 1671 3974 horum
1702 3919 1923 3974 Patrum
1959 3932 2178 3978 nostro-

594 4019 717 4058 rum
742 4015 944 4061 sancta:
956 4008 1149 4062 animm
1167 4008 1413 4074 interius,
1430 4025 1659 4080 quorum
1677 4011 1947 4066 vilissimae
1964 4014 2176 4081 tunicm,

595 4095 769 4151 oculis
807 4096 901 4151 Dei
941 4107 1344 4167 reprtesentatrc
1378 4101 1649 4165 citerius,
1700 4116 1729 4153 a
1774 4101 1972 4171 populo
2022 4102 2183 4172 pleno

592 4189 831 4258 peccatis
860 4190 1255 4260 suspenderent
1280 4191 1421 4246 iram
1443 4192 1583 4263 ejus.

664 4282 756 4337 26.
800 4283 943 4355 Ergo
992 4283 1107 4340 haec
1154 4286 1493 4341 consuetudo,
1542 4296 1648 4341 tam
1682 4288 1778 4357 pia
1826 4296 1884 4342 et
1928 4288 2180 4358 religiosa

593 4376 943 4445 integerrime
972 4386 1297 4432 conservata
1322 4386 1417 4433 est
1456 4377 1600 4432 inter
1630 4378 1745 4433 haec
1773 4378 1877 4433 duo
1904 4380 2175 4447 eteuobia,

2280 3189 2442 3244 quam
2469 3187 2539 3229 ex
2582 3174 2699 3230 rivo
2724 3189 2879 3230 suam
2925 3175 3266 3245 restinguere
3314 3175 3493 3241 sitim;
3543 3172 3653 3227 unde
3671 3171 3756 3224 enim

2266 3264 2620 3333 gaudendum
2646 3265 2737 3331 sit,
2780 3280 2813 3320 a
2854 3265 3085 3321 Domino
3111 3266 3237 3321 Jesu
3278 3266 3483 3331 didicit,
3520 3265 3595 3333 qui
3617 3258 3757 3316 suam

2280 3354 2557 3425 discipulis
2588 3370 2605 3412 :
2638 3354 2708 3409 In
2739 3356 2837 3409 hoc
2865 3355 3025 3410 nolite
3066 3358 3302 3426 gaus‘ere
3329 3357 3456 3426 quia
3489 3354 3658 3423 spiritu
3675 3348 3755 3401 rubi:

2280 3446 2667 3515 subjiciuntur;
2713 3449 2933 3517 gaudete
2991 3457 3165 3502 autem
3212 3465 3244 3518 q
3291 3449 3360 3503 od
3424 3448 3609 3501 nomina
3652 3452 3754 3496 rastri

2279 3541 2473 3607 scripta
2492 3539 2689 3594 suntin
2720 3539 2860 3593 cretis
2887 3538 3039 3611 (Luc.
3072 3555 3127 3605 x,
3157 3538 3276 3611 20).
3327 3539 3477 3606 Quod
3516 3537 3662 3605 utique
3692 3543 3755 3583 uie-

2281 3644 2499 3685 reamur
2524 3630 2718 3686 animae
2746 3633 3057 3698 sanctitate,
3086 3645 3192 3685 non
3223 3630 3588 3686 miraculorum
3605 3632 3752 3680 osteull-

2282 3724 2447 3788 tione,
2480 3723 2715 3777 maxime
2742 3737 2867 3776 cum
2899 3721 2953 3775 in
2978 3722 3065 3777 die
3087 3721 3282 3791 judicii
3311 3724 3540 3777 dicturus
3556 3718 3612 3772 sit
3630 3712 3750 3769 multis

2281 3818 2373 3888 qui
2418 3818 2471 3871 iu
2512 3816 2627 3885 ejus
2655 3814 2874 3871 nomine
2896 3814 3122 3870 virtutes
3153 3814 3354 3869 multas
3379 3812 3615 3869 fecerint:
3638 3803 3747 3858 item

2282 3924 2368 3963 ros
2405 3907 2618 3978 (Matth.
2646 3923 2744 3974 vn,
2772 3907 2995 3978 22-25).
3041 3906 3178 3963 llinc
3200 3918 3283 3964 est
3309 3909 3453 3978 quod
3485 3915 3639 3959 omnes
3663 3897 3749 3950 labo-

2284 4010 2466 4057 rantes
2495 4010 2547 4055 et
2568 4009 2822 4056 oneratos
2858 3999 2927 4056 ad
2957 4017 3017 4057 se
3050 4002 3309 4065 iuvitans,
3363 4016 3465 4055 nou
3503 3998 3599 4052 ait:
3633 3988 3749 4046 Discit:

2282 4112 2315 4149 a
2340 4111 2420 4149 me
2461 4093 2614 4165 signa
2658 4092 2841 4149 facere
2856 4134 2872 4161 ,
2921 4094 3016 4149 sed
3050 4097 3173 4165 quia
3218 4095 3363 4148 mitis
3402 4109 3509 4148 sum
3543 4100 3580 4144 et
3616 4080 3749 4138 humilis

2283 4187 2515 4250 corde,et
2539 4186 2807 4239 invenietis
2840 4186 3066 4255 requiem
3093 4185 3374 4238 animabus
3421 4182 3577 4238 rostris
3609 4170 3746 4245 (mihi.

2284 4293 2359 4345 ιι,
2390 4276 2502 4347 29).
2532 4276 2647 4331 Hoc
2671 4276 2831 4347 plane
2864 4275 3016 4347 quod
3042 4276 3274 4331 dicimus
3304 4292 3335 4329 a
3365 4275 3545 4343 capite,
3583 4266 3749 4321 debemus

2284 4375 2339 4421 et
2364 4382 2427 4422 ex
2450 4367 2740 4437 praecipuis
2763 4367 3021 4422 membris
3047 4366 3162 4435 ejus
3192 4367 3421 4431 disccrc,
3438 4363 3545 4433 quia
3565 4354 3747 4413 ardentm

592 4468 766 4523 donec
781 4475 966 4522 sancta
981 4468 1468 4539 corpora-plurimis
1479 4469 1549 4524 mi
1560 4469 1754 4525 raculis
1766 4469 2034 4525 declarata
2050 4473 2175 4525 sub-

2282 4460 2521 4529 exquirit
2568 4460 2701 4516 ﬁdes
2727 4460 2988 4515 Ecclesiae
3029 4464 3217 4531 quales
3259 4460 3356 4525 illi,
3388 4472 3511 4528 quos
3537 4456 3746 4539 veneratur.

590 4558 906 4613 levarentur
924 4558 991 4613 de
1014 4567 1179 4613 terrae
1200 4561 1425 4628 gremio,
1442 4560 1626 4614 divina
1644 4560 1960 4630 disponente
1973 4562 2168 4631 gratia.

592 4650 749 4706 Tunc
770 4650 910 4720 quod
928 4662 1325 4707 consueverant
1351 4652 1592 4706 facerein
1619 4653 1816 4707 tunicis
1841 4663 2172 4719 sanctorum,

594 4756 766 4813 usque
799 4741 868 4796 ad
894 4740 1008 4797 haec
1038 4751 1229 4798 nostra
1252 4754 1520 4813 tempora,
1556 4753 1945 4798 conservarunt
1975 4744 2026 4797 in
2054 4758 2175 4798 cor-

590 4835 817 4903 poribus
862 4848 1076 4900 eorum,
1107 4848 1229 4888 cum
1276 4834 1357 4888 eis
1405 4833 1636 4889 invicem
1677 4847 1734 4888 se
1760 4834 2053 4899 visitando,
2082 4842 2177 4888 aut

591 4924 698 4978 sibi
723 4923 1051 4994 complacito
1079 4923 1199 4978 loco
1227 4922 1459 4978 dulciter
1500 4923 1858 4978 occurrendo.
1901 4922 2001 4977 Ubi
2036 4923 2176 4977 inter

591 5030 652 5069 se
710 5016 829 5084 pias
878 5016 1262 5071 commutando
1312 5016 1558 5070 sarcinas
1589 5055 1604 5080 ,
1658 5015 1969 5085 aliquandiu
2030 5014 2176 5069 velut

592 5106 847 5175 proprios
898 5106 1145 5162 dominos
1204 5114 1423 5177 gestare
1472 5113 1689 5170 amant;
1743 5120 1839 5159 nec
1882 5104 2179 5173 quemlibet

592 5211 782 5249 corum
831 5213 866 5251 a
897 5212 956 5252 se
995 5197 1225 5253 credunt
1256 5197 1513 5263 alienum,
1544 5194 1760 5265 quando
1790 5195 1979 5250 concio
2008 5192 2177 5248 Vallis

594 5286 830 5343 Galilazte
867 5290 928 5343 Β.
979 5289 1315 5361 llidulphum
1376 5289 1714 5360 recognoscit
1770 5303 1945 5353 suum,
1994 5295 2178 5357 utpote

596 5377 788 5447 viginti
814 5387 936 5432 octo
954 5381 1111 5435 annis
1131 5390 1186 5435 et
1203 5380 1429 5436 dimidio
1447 5380 1548 5435 sibi
1574 5378 1888 5451 prazlatum;
1915 5394 1945 5432 e
1963 5378 2186 5433 diverso

596 5469 875 5543 plebecula
896 5469 1060 5528 Medii
1097 5473 1411 5528 monasterii
1437 5471 1703 5544 insignem
1736 5471 1935 5526 Christi
1968 5471 2179 5528 confes-

668 5667 781 5740 (76)
823 5668 1189 5724 Theodericus
1238 5670 1449 5737 praefuit
1499 5670 1565 5725 ab
1596 5687 1743 5726 anno
1775 5669 1878 5725 720
1929 5670 1992 5723 ad
2035 5669 2171 5740 7737,

598 5754 647 5796 cl
706 5739 825 5813 pust
880 5742 1271 5811 interregnum,
1329 5741 1666 5798 Cbildcricus
1725 5741 1943 5794 ultimus
2002 5739 2176 5795 Mero-

2277 4551 2439 4607 fuerit
2459 4569 2522 4607 ex
2557 4553 2915 4608 invisibilibus
2944 4554 3137 4607 anima:
3158 4536 3743 4619 ι·ἱι’ῑιιιὶ1)υε,‹ιιιιιιιιί1υ²¹δ

2277 4659 2343 4699 cx
2372 4645 2541 4713 signis
2569 4645 2886 4708 visibilibus,
2924 4662 3044 4716 quae
3071 4646 3316 4715 profecto
3348 4654 3466 4702 sunt
3493 4644 3561 4695 lac
3584 4632 3744 4707 partui”

2278 4751 2415 4800 rum,
2471 4751 2576 4790 non
2629 4736 2831 4793 solidus
2881 4738 3034 4793 cibus
3090 4739 3448 4792 robustorum.
3497 4731 3584 4788 Sed
3618 4726 3739 4817 sit"?

2277 4825 2418 4882 lacte
2462 4827 2528 4880 ad
2576 4826 2805 4883 solidum
2855 4828 3037 4883 cibum
3081 4830 3430 4899 pervenitur,
3478 4826 3544 4879 sic
3581 4835 3604 4873 ξι
3639 4815 3741 4880 siin”

2279 4917 2615 4988 imperfectio
2648 4919 2771 4973 ﬁdei
2809 4929 3009 4975 nostra:
3038 4930 3306 4991 vegetata,
3345 4922 3408 4975 ad
3436 4916 3601 4974 solidas
3618 4908 3738 4963 and!"

2279 5012 2507 5065 virtutes
2557 5011 2883 5080 quandoque
2937 5012 3297 5082 perducitur;
3353 5024 3409 5066 ut
3462 5010 3556 5079 iam
3599 5007 3738 5093 ιιθῗῗέκ

2278 5118 2385 5157 non
2434 5103 2632 5157 habeat
2684 5119 2934 5175 suggere,
2989 5104 3085 5161 sed
3144 5115 3351 5160 tantum
3386 5101 3627 5158 ruminare.
3653 5087 3735 5142 Ηὶκ

2278 5194 2422 5250 istud
2452 5204 2560 5260 est,
2588 5196 2913 5260 charissimi,
2947 5199 3091 5268 quod
3143 5213 3267 5252 cum
3321 5186 3625 5268 pasceremini
3657 5190 3733 5274 ηυιῖ

2281 5287 2497 5343 tidiauis
2525 5296 2579 5343 et
2608 5288 2822 5344 eximiis
2860 5290 3138 5345 miraculis
3184 5286 3469 5360 dignissimi
3514 5277 3732 5337 confessus

2279 5382 2480 5438 Christi
2504 5382 2748 5446 Dcodati,
2782 5383 2848 5434 ad
2887 5390 3095 5436 tantum
3131 5382 3297 5437 robur
3325 5378 3501 5437 mentis
3526 5371 3622 5429 estis

2281 5474 2427 5529 ducti
2456 5482 2516 5529 ut
2558 5473 2642 5529 bis
2692 5472 3039 5530 solummodo.
3077 5473 3188 5544 jam
3220 5491 3329 5531 non
3363 5470 3529 5529 essetis
3561 5460 3727 5518 contem“

2244 5692 2247 5693 '
2280 5677 2563 5748 viugorum
2596 5685 2906 5748 assumptus
2946 5687 3029 5735 cst
3072 5693 3213 5734 anno
3240 5679 3367 5746 745,,
3392 5673 3613 5731 abdicatus
3645 5666 3729 5709 tum

2279 5747 2404 5801 75.1.
