3900 6322
563 291 671 351 635
1236 282 1408 340 sne.
1446 278 1515 337 XI
1550 277 1757 336 war.
1789 252 2062 332 lNCERTI
2095 271 2257 328 sum
2290 269 2377 326 ET
2418 263 2680 325 scmr’r.
2713 270 2935 325 nam.
3658 273 3726 332 ε.

596 411 3709 467 W

1161 557 1951 683 (sunmus
2024 552 3230 672 LUXOVIENSIS

1948 758 2305 775 *-

1000 933 1509 1057 GUDINI
1592 922 2337 1046 PLANCTUS
2422 919 3189 1039 RHYTHMIC
3217 920 3387 1038 US

1397 1134 1604 1214 Super
1636 1135 1836 1192 morte
1870 1123 2232 1190 Constantii
2262 1120 2551 1186 monachi
2581 1120 3016 1184 Luxociemis.

1634 1276 1891 1350 (Manu.
1916 1270 2155 1330 Analoct.
2192 1284 2323 1327 nov.
2366 1267 2499 1325 edit.
2553 1281 2611 1324 υ.
2640 1266 2794 1340 217.)

646 1432 782 1487 Tam
805 1429 1137 1501 iunctum
1162 1420 1456 1501 Gnaeus».
1475 1414 1635 1501 esus
1687 1402 2805 1501 rhveeici...r.hrsesscaenae?
2834 1401 3745 1501 immensarum:esse

568 1473 1590 1570 moiiéiia'i’uﬁii'oigiqﬁé'giiiepumo
1619 1473 2085 1570 .monaehu‘sufui-t
2116 1473 2786 1570 Eufgviennsiksultotlierto
2806 1474 3351 1570 LigegeLsubngilone
3378 1473 3639 1543 abbate,e't
3655 1481 3743 1535 Doe-

823 1543 1524 1643 '«iiiiciéii'ildﬁviéﬁsibus
1557 1549 2092 1626 scholisjpraat‘ectus,
2114 1560 2279 1618 quem
2314 1543 2589 1601 celebrem
2617 1543 2787 1602 fuisse
2806 1543 2936 1601 hinc
2963 1544 3325 1617 intelligitur.

639 1854 782 1925 Ergo
804 1849 1001 1924 plange
1026 1846 1175 1920 pium
1222 1849 1416 1902 cantor
1455 1837 1787 1901 modulando
1808 1835 2155 1909 magistrum,
2186 1834 2239 1897 Α
2256 1828 2539 1925 _Plangunt
2561 1831 2724 1925 urbes
2747 1837 2803 1888 et
2830 1829 3051 1925 castella
3080 1845 3183 1925 pro
3220 1830 3319 1900 pio
3350 1829 3663 1925 Constantio:

568 1920 841 2003 Hactenus
887 1920 1090 1998 tetendi
1127 1938 1300 2011 lyram
1331 1935 1554 1991 musicae
1578 1947 1677 2004 per
1702 1930 1929 1988 semitas
1959 1945 1975 1983 :
2256 1920 2427 1978 Instat
2460 1922 2663 1993 passim
2692 1920 2984 1979 emnobitis
3006 1920 3208 1977 ﬂebilis
3237 1922 3556 1991 compassio.

567 2037 726 2092 Nunc
748 2048 928 2091 meum
956 2029 1248 2088 extendam
1265 2042 1490 2084 cursum
1514 2026 1714 2082 charas
1740 2024 1809 2079 ad
1838 2019 2156 2092 exsequias,
2329 2012 2525 2069 Moeret
2546 2013 2701 2103 plebs
2725 2012 3088 2069 Luxoviensis
3119 2013 3390 2086 lacrymis
3416 2012 3671 2079 coutinuis,

569 2129 720 2197 Quas
746 2125 1002 2198 deprimit
1032 2121 1383 2178 lamentando
1413 2119 1594 2176 moesti
1618 2117 1798 2174 cordis
1818 2114 2084 2172 cbaritas.
2260 2101 2479 2198 Plangil
2510 2101 2638 2160 Μὶιό
2660 2105 2779 2198 piuis
2804 2105 2976 2161 abbas
3010 2104 3327 2176 planctibus
3348 2104 3601 2198 piissiIIIiS.

639 2196 859 2277 Grande
878 2215 1115 2289 pondus,
1164 2226 1423 2283 magnum
1474 2210 1653 2266 luctus
1683 2208 1794 2264 vim
1833 2206 2161 2277 constringit
2260 2196 2508 2289 Amplius
2533 2213 2641 2253 non
2674 2197 2960 2253 habiturus
2998 2206 3162 2252 tanta:
3185 2198 3360 2269 jnbar
3397 2197 3643 2289 lampadis.

1746 2297 2084 2370 [pristinam,
2330 2288 2452 2345 Jam
2476 2304 2714 2346 maerore
2743 2290 2971 2361 fatigata
3017 2290 3170 2362 lnget
3212 2290 3348 2345 urbs
3378 2287 3746 2360 Chrysopolim}.

573 2400 750 2468 Quam
778 2413 886 2455 non
913 2397 1069 2455 valeo
1103 2395 1375 2468 supplere,
1409 2391 1554 2464 quod
1577 2392 1731 2461 prius
1753 2390 2101 2445 decreveram
2139 2406 2157 2445 :
2262 2381 2447 2441 Firma
2479 2381 2743 2454 Stephani
2776 2383 3089 2453 triumphis,
3136 2382 3287 2438 vallo
3336 2383 3506 2437 cincta
3551 2381 3742 2435 ﬂuminis:

573 2487 745 2544 Nudis
768 2496 948 2544 tamen
975 2487 1154 2543 dicam
1179 2482 1357 2541 verbis
1384 2480 1622 2553 pectoris
1652 2478 1982 2551 angustiam.
2265 2476 2523 2549 Tangunt
2554 2477 2754 2533 cwlum
2794 2477 3258 2551 Strasbnrgenses
3291 2475 3746 2547 questibusdiutiais:

645 2582 882 2648 leum,
912 2580 1105 2645 stellae,
1132 2588 1302 2643 terra,
1325 2590 1500 2641 mare,
1530 2573 1785 2630 homines
1809 2588 1874 2628 ac
1901 2572 2109 2639 bestiae,
2336 2568 2686 2638 Obstupescit
2716 2576 2773 2624 et
2820 2568 3167 2641 Lugdunum,
3216 2568 3339 2625 laus
3398 2582 3663 2641 magnarum
3694 2580 3746 2617 n-

574 2673 661 2730 Ad
688 2671 982 2727 lamentum
1009 2667 1168 2739 hujus
1218 2664 1459 2738 rhythmi
1489 2663 1733 2718 auditum
1760 2661 2056 2728 cxtendite,
3552 2659 3704 2731 [ωηωε

576 2764 645 2820 Et
666 2762 988 2820 Constantio
1018 2759 1272 2830 sophista:
1302 2755 1438 2812 ﬁdos
1466 2753 1715 2825 planctus
1738 2752 1964 2809 reddite.
2267 2752 2492 2809 Cabilon
2525 2768 2590 2809 ac
2619 2751 2962 2809 Matiscensis
2990 2752 3345 2809 admirantur
3366 2752 3635 2824 plurimum,

648 2853 815 2924 Cujus
839 2868 1035 2910 nomen
1060 2865 1341 2920 nunquam
1377 2848 1499 2904 dico
1530 2847 1649 2902 sine
1699 2854 1882 2901 mente
1928 2843 2163 2917 lugubri,
2268 2844 2393 2901 Pias
2417 2861 2577 2901 aures
2602 2846 2928 2901 inclinantes
2952 2847 3018 2901 ad
3047 2856 3158 2901 tam
3181 2848 3383 2902 durum
3414 2845 3640 2901 nuntium.

503 2970 508 2975 ~
577 2946 748 3016 Cujus
773 2946 907 3002 mihi
946 2943 1152 2999 vultum
1184 2941 1327 3012 tinge
1353 2940 1527 2994 forma
1561 2953 1667 2993 non
1691 2936 1963 3004 dissimili,
2341 2937 2523 2993 Gloria
2556 2952 2743 3008 regum
2777 2938 3049 2994 Bobertns
3082 2951 3137 2995 et
3163 2956 3375 2996 corona
3404 2937 3583 2994 saecli.

476 3102 497 3113 χ
580 3040 757 3110 Quem
799 3036 1115 3108 amplector,
1144 3035 1232 3090 cui
1264 3032 1467 3104 jungor
1492 3032 1660 3087 corde
1684 3044 1899 3100 semper
1920 3029 2092 3100 vigili.
2273 3030 2500 3100 ltegium
2524 3030 2742 3098 deponit
2773 3031 2981 3085 vultum
3026 3032 3224 3087 {nitere
3250 3030 3560 3095 Constantii,

653 3130 820 3201 Cujus
839 3128 1017 3183 exitus
1053 3124 1331 3182 deﬂendus
1370 3120 1541 3192 cingit
1563 3119 1713 3177 orbis
1742 3119 1977 3189 spatium
2007 3131 2021 3144 °
2196 3189 2243 3201 ﬁ
2272 3119 2443 3187 Quem
2470 3121 2789 3190 prudentem
2821 3124 3189 3195 cognoscebat
3212 3123 3473 3178 famulatu
3499 3119 3673 3175 Domini.

582 3189 931 3293 Sapientibus
963 3233 1257 3290 regnorum
1299 3189 1917 3282 immittensjustitinm,
2196 3189 2246 3250 Β
2348 3189 2602 3275 Francia,
2631 3189 2922 3280 regnorum
2952 3213 3141 3280 decus,
3190 3212 3323 3270 felix
3353 3223 3434 3268 est
3460 3220 3509 3266 et
3532 3208 3683 3269 ﬂorida.

583 3312 702 3381 Quo
727 3312 989 3384 primates
1009 3320 1064 3364 et
1086 3307 1263 3364 coloni
1286 3306 1679 3377 perturbantur
1706 3302 1955 3358 nimium.
2043 3322 2051 3329 ν
2098 3332 2105 3339 -
2277 3303 2406 3359 Plus
2435 3306 2753 3361 Constantio
2784 3305 3076 3376 refulgens,
3108 3321 3277 3375 quam
3315 3306 3495 3360 valens
3516 3300 3707 3371 Intenti;

653 3402 941 3473 Nunquam
1004 3398 1134 3465 vidi,
1180 3412 1282 3454 nec
1335 3395 1529 3452 videbo
1582 3402 1692 3449 tam
1740 3395 1891 3466 pium
1926 3392 2172 3460 pbiloso-
2274 3397 2407 3467 Ejus
2434 3408 2582 3452 sorte
2607 3396 2894 3466 sepulcrali
2925 3396 3604 3468 permansitpulcherrima.

1889 3485 2102 3559 [pbum,
2350 3488 2648 3551 Amisistis,
2680 3486 3072 3556 Lingonenses,
3106 3488 3315 3545 sociale
3341 3487 3590 3559 gaudium,

585 3590 688 3658 Qui
719 3587 874 3644 cibus
897 3584 1287 3657 discipulorum
1323 3582 1564 3637 existens
1594 3588 1719 3651 post
1744 3577 2064 3645 Dominum,
2279 3579 2678 3649 Cognoseentes
2699 3576 2813 3646 jam
2840 3578 3020 3634 obisse
3043 3580 3369 3649 praeclarum
3398 3574 3704 3649 philosophum.

588 3678 1004 3742 Blandimentis,
1040 3690 1145 3729 non
1179 3683 1409 3738 terrore,
1443 3670 1796 3727 ministrabat
1817 3670 2078 3725 studium.
2282 3670 2668 3727 Monachorum
2703 3672 3078 3742 margaritam,
3118 3673 3441 3728 clericorum
3466 3667 3662 3740 pretium.

663 3767 791 3823 llaec
815 3769 943 3822 dum
978 3768 1083 3822 duo
1127 3764 1284 3820 valde
1310 3778 1487 3835 gemo,
1517 3763 1789 3833 lacrymas
1824 3770 1879 3818 et
1915 3776 2173 3834 provoco,
2351 3761 2530 3818 Aldua
2558 3775 2665 3815 non
2697 3762 2872 3833 impar
2898 3763 2992 3818 ulli
3022 3764 3243 3834 pietatis
3271 3776 3502 3827 munere,

594 3860 747 3915 lnsiti
771 3859 963 3930 plenus
988 3857 1242 3913 mairoris
1266 3855 1524 3927 languore
1550 3854 1766 3919 deficio,
2284 3852 2424 3909 Voto
2450 3854 2597 3910 facili
2624 3855 2859 3911 dissolve
2882 3856 3091 3911 viscera
3118 3854 3443 3921 clementiae,

546 3952 554 3958 ’
597 3949 732 4006 Tum
760 3947 1020 4021 prmclaro
1051 3946 1342 4001 destitutus
1368 3959 1431 3999 ac
1459 3944 1551 3999 tali
1577 3944 1826 3999 consilio.
2282 3944 2349 3999 Et
2379 3945 2701 4002 Constantio
2724 3945 3021 4002 clementer
3041 3946 3157 4015 jam
3197 3947 3449 4003 defuncto
3473 3938 3657 3999 consule.

670 4039 1063 4111 Lacrymentur
1082 4052 1210 4108 ergo
1240 4049 1448 4090 mecum
1481 4034 1697 4090 codices
1725 4032 1931 4098 eximii,
2357 4035 2623 4093 Henricus
2650 4038 2703 4092 in
2734 4037 2980 4093 Romano
3003 4029 3252 4094 residens
3278 4037 3493 4110 palatio,

600 4134 749 4202 Quos
800 4130 1091 4201 descripsit
1120 4127 1344 4200 pulchra
1375 4142 1568 4182 manus
1618 4126 1801 4197 inclyti
1852 4123 2178 4191 Constantii,
2284 4127 2353 4182 Et
2379 4143 2577 4185 arcana
2615 4129 2920 4201 sapientum
2943 4130 3303 4201 comprobant
3334 4126 3545 4200 ingenio,

602 4225 675 4281 Se
698 4224 1015 4295 plangentes
1040 4220 1387 4293 negligendos
1414 4220 1633 4274 doctore
1653 4216 1944 4274 consimili.
2286 4220 2440 4278 Dolet
2470 4237 2736 4291 nusquam
2761 4223 2991 4279 inveniri
3022 4222 3254 4278 similem
3281 4217 3584 4278 Constantio.

673 4314 719 4371 Ο
747 4313 874 4371 Jcsu
900 4312 1230 4383 Redemptor
1270 4309 1480 4379 mundi,
1536 4309 1665 4380 quid
1716 4309 1991 4366 commisit
2018 4325 2183 4365 smcu-
2360 4315 2522 4370 Stant
2546 4314 2598 4367 in
2627 4312 2773 4369 luctu
2801 4315 2931 4369 etin
2956 4314 3172 4384 planctu
3202 4314 3463 4384 principes
3486 4296 3737 4373 Burgundiz:

1952 4398 2108 4471 [luu’i
2290 4408 2473 4464 Mundi
2501 4408 2764 4479 plangunt
2802 4408 3188 4463 detrimentum
3232 4405 3477 4477 prtesnles
3500 4389 3737 4455 Germania:

605 4500 743 4555 Dum
770 4496 823 4552 in
856 4495 1014 4551 terris
1043 4493 1206 4549 tulisti
1237 4510 1505 4550 summum
1540 4492 1664 4547 vita:
1689 4492 2038 4558 desiderium,

2220 4562 2254 4570 __
2289 4501 2624 4567 Allemanni,
2663 4499 3007 4570 Longobardi
3039 4498 3214 4554 locum
3243 4500 3371 4552 dant
3396 4491 3605 4550 tristitia.

605 4586 788 4643 Necne
814 4600 964 4655 spem
987 4584 1250 4639 doctrinm:
1280 4600 1450 4655 purae,
1481 4583 1832 4653 philosophiae
1857 4584 2059 4640 lilium?
2215 4562 2257 4619 (ἶ
2364 4594 2563 4664 Ecquis
2612 4562 2813 4647 famul]:
2852 4593 2986 4646 tanti
3017 4591 3134 4653 viri,
3171 4591 3294 4659 quis
3323 4601 3499 4644 nomen
3546 4589 3588 4635 et
3612 4572 3738 4630 audiet.

679 4678 984 4734 εοττυῖεεθι
1010 4678 1164 4748 plaga
1204 4677 1390 4731 mundi
1422 4693 1619 4747 magno
1639 4679 1740 4733 sub
1762 4678 2007 4745 interim.
2292 4688 2394 4752 Qui
2423 4703 2528 4741 non
2556 4687 2629 4740 illi
2655 4687 2961 4753 benedicat,
3005 4694 3059 4740 et
3086 4683 3282 4739 aﬂ‘ectu
3306 4678 3502 4737 visitet?

607 4768 840 4825 Claritas
874 4776 929 4822 et
958 4768 1091 4822 clari
1120 4768 1252 4823 solis
1278 4768 1562 4839 polluisset
1591 4771 1801 4835 habitu,
2296 4780 2506 4844 Nullus,
2539 4779 2723 4847 credo,
2749 4787 2945 4849 ρηειρι.
2974 4780 3168 4848 ipsum,
3202 4779 3289 4833 cui
3317 4776 3538 4834 Christus
3562 4760 3731 4849 displicet:

608 4859 913 4927 Antequam
938 4856 1060 4927 pius
1098 4857 1357 4928 magister
1386 4867 1572 4929 raptus
1606 4868 1752 4914 esset
1780 4859 1952 4914 obitu.

680 4945 1086 5001 Permutassent
1113 4962 1221 5000 nox
1263 4954 1317 5001 et
1340 4946 1456 5002 dies
1476 4947 1763 5016 qualitates
1793 4957 2115 5018 temporum,

610 5038 960 5107 Repulissent
981 5040 1138 5093 unda:
1163 5038 1334 5093 maris
1354 5038 1471 5093 vela
1497 5039 1886 5108 navigantium,

612 5126 693 5183 Ne
719 5128 961 5184 Gudinus
990 5129 1602 5198 perdidissetdominuin
1633 5129 2031 5184 Constantium.

2365 4874 2496 4937 Quis
2525 4880 2610 4928 est
2649 4872 2810 4927 homo
2851 4878 2907 4926 et
2944 4886 3051 4925 non
3100 4872 3260 4926 homo
3310 4865 3503 4925 disserit
3522 4841 3735 4928 iocundius?

2294 4966 2504 5022 Clarior
2534 4964 2656 5033 quis
2694 4964 2798 5017 erit
2824 4964 3011 5017 rhetor
3041 4964 3185 5017 caris
3208 4963 3307 5017 snb
3333 4947 3639 5016 sermonibus?

2293 5058 2598 5115 Matbeseos
2622 5060 2674 5113 in
2706 5055 2951 5113 doctrina
2989 5054 3114 5122 quis
3141 5051 3333 5105 valebit
3356 5040 3547 5103 melius?

2364 5147 2408 5202 Ο
2432 5149 2709 5205 Constanti
2746 5148 2838 5215 nti,
2869 5148 3095 5213 diserte,
3124 5160 3331 5199 summa
3366 5144 3534 5212 parsel
3565 5123 3689 5181 animi.

686 5217 859 5273 Credo
888 5219 1085 5275 ctelum
1110 5220 1350 5275 doluisse
1384 5227 1592 5273 tantum
1630 5218 1697 5275 ad
1728 5221 1978 5285 exitium,
2293 5243 2614 5299 Im,thle
2644 5258 2772 5295 cum
2801 5242 2905 5296 mei
2948 5238 3186 5310 pecmris
3210 5253 3273 5293 ac
3299 5230 3465 5293 studii,

615 5310 753 5366 Dum
785 5308 1015 5365 lucentis
1040 5310 1181 5382 globi
1213 5312 1354 5366 luna:
1404 5320 1625 5366 mutans
1657 5311 1866 5364 vultum
1899 5311 2190 5380 pristinum
2293 5332 2641 5401 Quarejnces
2668 5331 2845 5399 pmda
2877 5304 3070 5385 ιηδηίε
3098 5329 3198 5384 sub
3230 5329 3458 5383 clausum
3483 5304 3645 5371 [umulii

615 5396 798 5454 lnnuit
829 5398 1028 5452 mundo
1058 5408 1343 5454 venturum
1373 5408 1481 5453 tam
1506 5413 1669 5467 grave
1699 5397 2063 5468 naufragium.

2372 5394 2595 5493 Semper
2621 5394 2749 5476 mihi
2801 5420 3176 5489 promittebas,
3198 5435 3351 5487 quem
3376 5415 3530 5481 lugens
3557 5394 3722 5455 desidem!

690 5487 905 5559 Plangit
943 5486 1135 5543 Oriens
1162 5498 1216 5543 et
1245 5490 1461 5551 Auster,
1489 5488 1756 5546 Occidens
1788 5496 1840 5543 ct
1868 5487 2081 5559 Aquilo.

2301 5514 2454 5568 Modo
2485 5514 2648 5569 miser
2676 5520 2728 5568 et
2752 5509 2958 5576 infelix,
2990 5516 3042 5564 te
3071 5509 3150 5562 vel
3185 5508 3311 5581 ipsis
3337 5517 3473 5560 careo

691 5668 770 5742 (Ι)
800 5668 1091 5737 Βοδίιηςοη.
