3900 6322
10 328 135 385 537
1103 332 1405 393 WIDONIS
1443 332 1661 390 EPIST.
1696 334 1788 388 AD
1825 332 2297 394 HERIBERTUM.

10 445 181 498 ἥκοι]
237 446 442 501 dolor!
476 462 574 502 cur
601 461 688 503 me
713 448 928 505 vivente
964 457 1019 503 tu
1048 465 1150 531 non
1174 450 1312 506 vivis
1344 451 1537 506 smcnlo
1562 454 1575 505 !

79 537 193 592 Tu
265 541 531 611 magister
570 543 972 613 magistrorum,
996 542 1227 611 doctior,
1282 536 1653 615 doctissimus,

9 627 89 682 )e
128 630 381 687 virtute
406 632 463 687 in
495 632 753 688 virtutem
785 634 975 688 melior
999 643 1050 689 te
1084 638 1342 705 optimus,

9 721 160 780 iure
188 739 279 782 es
312 743 382 784 ex
410 728 730 785 meritorum
754 728 927 785 lactus
954 728 1458 788 Constantissimus.

80 813 348 873 Omnes
371 816 532 874 laudo
558 818 847 890 sapientes,
877 828 930 874 te
958 819 1051 875 sed
1080 821 1287 876 cunctis
1312 821 1563 892 praefero:

8 902 123 958 fui
165 908 441 963 animam
471 908 790 967 commendo
824 909 1054 967 Flamini
1076 912 1418 971 sanctissimo
1480 908 1483 909 ⁷

7 994 154 1060 Quo
187 997 443 1055 ductore
472 1000 770 1071 perfruaris
804 1010 1117 1057 sanctorum
1145 1004 1438 1061 consortio.

88 1086 215 1144 Sis
249 1091 469 1159 beatus,
498 1093 573 1148 sis
597 1101 653 1149 et
686 1091 812 1149 felix
850 1094 1056 1150 centies
1092 1109 1155 1150 ac
1174 1095 1398 1165 millies;

3228 336 3335 396 638

1680 457 1725 513 Α
1755 449 1887 501 Aula
1915 449 2125 519 pulchri
2159 450 2397 519 paradisi
2438 449 2533 505 llat
2562 449 2657 506 tibi
2690 450 2906 521 requies
2932 463 2948 504 :

1760 540 1958 595 Dextra
1980 540 2184 596 Christi
2225 542 2300 595 sis
2329 550 2613 611 protectus
2642 541 2839 597 millies
2860 556 2924 597 ac
2945 540 3159 596 millies.

1827 631 1967 685 Ecce
2012 630 2125 701 lyra
2156 631 2430 701 planctum
2478 631 2600 687 dedi
2630 643 2946 689 cunctorum
2996 632 3335 697 cbarissimo,

1758 722 2053 776 Audientes
2080 736 2223 777 nunc
2253 721 2483 792 imploro
2521 723 2651 779 deut
2688 731 2748 779 ut
2770 739 2961 795 preces
2981 724 3230 790 Domino,

1760 812 1986 869 Veniam
2023 815 2116 886 qui
2144 814 2465 872 delictorum
2512 816 2713 872 tribuat
2740 817 3074 873 Constantio.

1762 906 2063 962 Prtestante
2090 906 2317 963 Domino
2346 906 2474 964 Jesu
2518 908 2760 975 Christo,
2805 909 2892 965 cui
2937 917 3023 964 est
3070 908 3243 964 honor
3285 914 3342 961 ct

2024 994 2220 1070 [gloria
2258 998 2312 1053 in
2338 997 2533 1055 saecula
2564 997 2901 1056 saeculorum.
2934 999 3127 1053 Amen.

7 1216 2213 1250 mf

2216 1216 3329 1252 mm

1435 1298 1622 1343 ειιιρΔ
1676 1300 1785 1347 AN.
1833 1302 1909 1349 Mc

838 1398 1366 1556 mino
1461 1438 2465 1557 MONACEUS

372 1673 1007 1793 WIDONIS
1092 1616 1695 1790 ΕΡιδΤὸῖ

1793 1616 2050 1790 In
2138 1678 3075 1795 HERIBERTUM

1342 1853 1591 1911 COLON.
1629 1854 1955 1911 ARCIIIEP.

977 1991 1224 2064 (BALUZ.,
1257 1990 1591 2046 Miscellanea
1620 1990 1750 2046 edit.
1775 1989 1932 2057 Luc.,
1958 1998 2088 2047 tom.
2116 1988 2181 2057 ιι,
2211 2006 2333 2063 pag.
2358 1970 2528 2063 ιιι)

120 2129 276 2185 Tria
323 2128 547 2197 antiqua
603 2124 844 2196 epistolze
891 2127 1188 2197 sequentis,
1248 2142 1368 2194 quae
1406 2126 1471 2197 ab
1522 2125 1944 2197 lvonequoque
1985 2125 2038 2197 in
2068 2135 2222 2196 parte
2246 2128 2482 2183 secunda
2527 2126 2761 2192 Decreti,
2788 2141 2906 2197 cap.
2936 2126 3025 2190 84,
3057 2126 3201 2181 edita
3246 2136 3352 2193 est,

35 2200 414 2268 exeiriplaria
443 2195 750 2258 habuimus,
784 2211 947 2249 unum
968 2212 1031 2268 ex
1058 2196 1388 2268 bibliotheca
1422 2196 1609 2268 Regia,
1634 2195 1848 2268 reliqua
1876 2211 1940 2250 ex
1973 2195 2304 2268 Colbertina.
2340 2199 2394 2252 In
2431 2214 2539 2252 uno
2563 2199 2789 2268 istorum
2816 2195 2877 2250 ea
2912 2197 3116 2268 nullum
3142 2198 3352 2252 titulum

40 2239 265 2331 habet:
300 2270 363 2323 in
396 2270 501 2323 alio
543 2283 673 2322 vero
703 2239 845 2320 hunc
896 2279 911 2320 :
970 2266 1211 2335 Epistola
1264 2268 1432 2321 sancti
1481 2239 1777 2319 ﬂaschasii‘
1803 2283 1953 2335 papa?
1988 2268 2056 2319 ad
2104 2266 2551 2322 Mediolanensem
2572 2267 3016 2336 archiepiscopum
3054 2266 3355 2321 Simoniaca

43 2342 259 2395 heresi
292 2339 647 2391 laborantem.
680 2336 907 2391 Constat
944 2352 1077 2391 sane
1104 2353 1219 2393 ιι)γο
1242 2336 1523 2391 Paschalis
1552 2337 1796 2399 secundi,
1822 2337 1913 2406 qui
1946 2336 2270 2392 Paschasius
2304 2353 2519 2406 quoque
2551 2340 2727 2393 dictus
2757 2346 2842 2391 est
2871 2353 2899 2389 a
2940 2338 3230 2401 nonnullis,
3260 2336 3359 2391 Pe-

47 2354 257 2395 κτείνειε
292 2354 647 2391 taaorantem.
680 2354 907 2391 ωιηςιειι
944 2354 1077 2391 sane
1104 2354 1219 2393 ωγο
1246 2354 1523 2391 t’ascnalts
1552 2354 1796 2399 secunm,
1822 2354 1913 2406 qui
1946 2354 2270 2392 rascnastus
2304 2354 2410 2406 quo
2453 2354 2519 2391 ne
2551 2354 2727 2393 (llCltlS
2757 2354 2842 2391 ρει
2871 2354 2899 2389 a
2940 2354 3230 2401 nonnntus,
3262 2354 3355 2391 re-

47 2424 213 2466 trum
276 2409 649 2466 Grosulanum
699 2407 1152 2477 Mediolanensem
1213 2408 1689 2477 archiepiscopum
1715 2415 2045 2477 accusatum
2094 2407 2256 2462 luisse
2301 2354 2446 2477 quoii
2475 2406 2992 2477 archiepiscopalem
3038 2407 3355 2475 dignitatem

48 2483 251 2552 pretio
314 2489 591 2552 mercatus
628 2479 840 2552 fuisset.
868 2476 1065 2552 Verum
1089 2480 1302 2552 cumde
1336 2476 1637 2552 istiusmodi
1670 2476 1909 2552 Simouia
1943 2493 2048 2531 non
2078 2488 2269 2552 agatur
2320 2476 2373 2532 iu
2407 2479 2509 2552 hac
2557 2476 2808 2552 cpistola,
2840 2493 3008 2546 eaque
3053 2478 3249 2552 scripta
3280 2477 3359 2530 vi-

48 2547 269 2605 deatur
298 2551 377 2602 ab
410 2550 627 2604 homine
653 2550 741 2617 qui
773 2548 1000 2602 minoris
1030 2559 1173 2601 esset
1202 2549 1484 2619 dignitatis
1515 2562 1679 2617 quam
1705 2547 1843 2619 isad
1878 2562 2036 2619 quem
2073 2549 2430 2619 scribebatur.
2467 2547 2628 2619 facile
2659 2548 2897 2619 adducor
2925 2558 2983 2602 ut
3010 2549 3358 2619 credamAve-

48 2625 277 2676 riorem
306 2636 433 2677 esse
456 2616 860 2687 inscriptionem
889 2634 1047 2685 quam
1073 2616 1290 2686 przelert
1329 2620 1493 2672 codex
1529 2616 1727 2685 regius,
1758 2618 1809 2670 in
1838 2633 1944 2687 quo
1992 2618 2071 2672 sic
2095 2618 2291 2685 legitur
2322 2637 2334 2672 :
2377 2618 2609 2686 Epistola
2644 2618 2793 2673 Widi
2823 2619 3067 2672 monachi
3100 2618 3169 2687 ad
3199 2616 3357 2671 Heri-

52 2698 279 2745 (vertam
316 2685 789 2758 archiepiscopum,
819 2685 1193 2742 Coloniensem
1218 2690 1492 2747 nimirum.
1519 2703 1678 2759 quem
1719 2685 1895 2759 variis
1941 2687 2227 2759 calumniis
2283 2685 2580 2759 impetitunt
2624 2689 2784 2743 fuisse
2818 2689 2971 2742 docet
3021 2690 3072 2741 in
3105 2685 3222 2741 Vita
3244 2688 3359 2754 ejus

54 2762 367 2838 ltnpertus
396 2762 561 2838 abbas
592 2759 905 2838 'l‘uitiensis.
936 2759 1017 2812 0b
1052 2774 1170 2812 eam
1200 2774 1328 2814 vero
1366 2774 1586 2815 causam
1635 2758 1692 2813 in
1740 2758 1932 2827 primis
1958 2774 2055 2816 nos
2085 2758 2233 2813 illam
2289 2758 2379 2815 hic
2416 2770 2805 2830 reprzesentare
2831 2760 3118 2824 voluimus,
3143 2768 3201 2812 ut
3226 2773 3355 2813 eam

54 2834 292 2888 auctori
323 2847 424 2887 suo
456 2832 721 2901 integram
753 2832 1191 2884 restitueremus.

1628 2948 1879 2964 _

138 3094 444 3149 Fraternas
481 3093 669 3149 mortis
707 3093 913 3149 crimen
954 3090 1185 3147 incurrit
1221 3088 1499 3161 quisquis,
1548 3103 1671 3143 cum

63 3193 300 3256 potest,
335 3183 554 3237 fratrem
586 3199 616 3238 a
652 3184 1077 3242 mortemiuime
1111 3181 1368 3236 defendit.
1404 3179 1513 3234 Nos
1543 3196 1677 3251 quo-

66 3275 370 3345 quc,'qni
417 3274 751 3329 excellentia:
808 3282 1004 3331 vestra:
1060 3288 1329 3328 summum
1383 3273 1675 3329 discrimen

68 3367 425 3431 audivimus,
454 3366 648 3419 summi
688 3375 869 3419 reatus
910 3380 1122 3433 pmuam
1159 3364 1483 3419 incurrimus
1513 3366 1556 3419 si
1600 3374 1679 3419 ta-

71 3474 355 3521 ceamus,
404 3456 631 3511 Domino
667 3472 762 3527 per
810 3457 1129 3525 prophetam
1185 3455 1500 3509 terribiliter
1532 3465 1677 3510 atte-

72 3558 268 3603 staute
302 3546 384 3616 (l)
424 3546 567 3615 quod
602 3546 846 3615 profecto
887 3546 1203 3616 sanguinem
1249 3546 1420 3599 fundit
1450 3546 1540 3615 qui
1582 3546 1681 3600 im-

74 3640 314 3708 piorum
353 3637 690 3707 iniquitatem
733 3638 961 3692 tacendo
999 3635 1324 3692 dissimulat.
1364 3636 1681 3692 Audivimus

74 3730 266 3792 enim,
292 3729 437 3797 quod
466 3729 619 3783 valde
647 3729 935 3795 miramur,
967 3727 1109 3799 quod
1134 3728 1273 3782 sacri
1308 3727 1448 3797 apud
1474 3742 1566 3782 vos
1596 3743 1685 3783 or-

74 3819 255 3874 dines
293 3818 536 3887 pecuniis
581 3818 990 3883 distrahuntur,
1035 3818 1160 3871 dum
1213 3818 1521 3887 quicunque
1578 3818 1683 3873 tale

76 3907 306 3977 aliquid
346 3908 750 3973 attentaverint,
800 3908 1023 3962 omnino
1057 3908 1294 3963 haeretici
1323 3909 1682 3977 comproben-

80 4013 204 4067 tur,
254 4011 447 4058 sancto
483 4002 683 4072 Spiritu
726 4017 823 4071 per
864 4000 1184 4071 Gregorium
1237 4001 1516 4057 intonante
1557 4003 1685 4071 quia

78 4094 351 4163 quisquis
381 4107 475 4163 per
496 4094 753 4163 pecunias
780 4093 1082 4159 ordinatur,
1121 4092 1187 4147 ad
1217 4092 1319 4147 hoc
1363 4101 1422 4148 ut
1453 4092 1547 4147 ﬁat
1575 4094 1687 4148 lue-

84 4185 309 4239 rcticus
352 4194 715 4254 promovetur.
759 4185 825 4238 Et
869 4193 927 4237 ut
966 4183 1121 4251 hujus
1168 4195 1368 4243 nostra:
1423 4185 1687 4257 paginnlte

84 4292 212 4329 non
265 4276 737 4344 praesumptionem
799 4275 894 4329 sed
958 4270 1167 4331 timeris
1229 4293 1447 4332 causam
1519 4277 1689 4334 fuisse

1779 3090 2030 3147 niacaet
2076 3086 2469 3159 ueophytorum
2518 3087 2741 3143 harrcsis
2790 3088 3166 3158 exprimatur,
3214 3087 3358 3157 quod

1778 3192 1982 3236 :cterna
2029 3189 2202 3235 morte
2247 3180 2623 3250 dignissimum
2659 3182 2862 3236 crimen
2902 3182 2972 3236 sit
3017 3181 3359 3250 apertissime

1780 3274 2105 3340 declaratur,
2132 3279 2463 3343 prolestante
2490 3288 2585 3343 per
2613 3272 2972 3342 Augustinum
3012 3274 3192 3328 divino
3229 3288 3355 3332 ora-

1781 3366 1901 3420 culo
1926 3381 1991 3421 ac
2017 3364 2227 3419 dicente
2261 3366 2557 3433 (FuccsN-r.
2606 3364 2677 3417 De
2698 3365 2802 3432 ﬁde
2832 3366 2901 3418 ad
2934 3363 3075 3419 Petr.
3104 3380 3151 3419 c.
3181 3365 3306 3433 59!)
3340 3382 3353 3419 :

1785 3454 2112 3510 Firmissime
2142 3467 2254 3509 tene
2284 3466 2329 3510 et
2370 3455 2665 3509 nullatenus
2698 3456 2897 3510 dubites
2941 3473 3143 3509 onmem
3194 3457 3358 3510 licere-

1783 3549 1939 3602 ticum
1964 3550 2040 3603 vel
2063 3548 2481 3611 schismaticum,
2507 3548 2741 3617 quamvis
2774 3548 2964 3602 multas
3007 3549 3357 3618 eleemosynas

1785 3639 1964 3708 faciat,
1995 3637 2070 3693 vel
2109 3638 2264 3691 etiam
2302 3656 2396 3708 pro
2418 3636 2626 3692 Christo
2653 3640 2959 3709 sanguinem
2987 3640 3207 3709 fundat,
3242 3657 3362 3694 cum

1786 3730 1994 3784 diabolo
2039 3739 2087 3784 et
2114 3728 2313 3800 angelis
2344 3731 2457 3799 ejus
2494 3731 2675 3784 aeterni
2714 3731 2849 3800 ignis
2881 3732 3118 3786 incendio
3159 3733 3359 3803 manci-

1784 3820 2034 3889 paudum,
2066 3820 2168 3874 nisi
2202 3828 2322 3874 aute
2349 3820 2506 3888 ﬁnem
2547 3821 2705 3890 hujus
2737 3822 2851 3875 vita:
2891 3822 3159 3875 rat/tolicw
3203 3822 3360 3892 fuerit

1788 3910 2146 3979 iucorporatus
2200 3918 2250 3963 et
2304 3910 2682 3981 redintegratus
2744 3909 3015 3965 Ecclesia’.
3086 3912 3223 3968 lliuc
3278 3921 3363 3968 est

1788 4000 1929 4069 quod
1978 4000 2235 4055 Dominus
2286 4001 2581 4056 vendentes
2626 4010 2680 4057 et
2731 4012 2976 4058 ementes
3037 4003 3104 4058 de
3161 4004 3365 4075 templo

1788 4089 1971 4158 ejccit,
2016 4090 2223 4145 Dathan
2265 4100 2319 4146 et
2357 4091 2561 4147 Abiron
2599 4092 2898 4149 ambientes
2935 4102 3077 4148 terra
3119 4094 3361 4162 glutivit,

1792 4181 2176 4253 Simonemquc
2202 4190 2496 4238 tentantem
2516 4183 2710 4239 Petrus
2737 4184 3010 4240 damnavit
3033 4185 3129 4256 (4),
3149 4201 3366 4241 cumes-

1792 4288 1896 4343 que
1939 4274 1992 4328 in
2031 4289 2096 4329 eo
2139 4273 2480 4329 Simoniacos
2521 4274 2905 4329 ecclesiasticis
2937 4273 3130 4343 jaculis
3173 4276 3367 4330 Petrus

86 4376 495 4432 monstremus,
531 4368 717 4423 beatus
749 4368 887 4422 idem
912 4368 1261 4438 prosequitur
1296 4369 1380 4437 (S.
1413 4368 1683 4435 Gnaeum,
1710 4406 1759 4470 ο
1792 4376 2054 4437 perpetuo
2114 4369 2459 4421 anathemate
2506 4367 2905 4421 condemnavit.
2962 4368 3025 4421 Et
3081 4376 3236 4437 turpe
3287 4369 3368 4421 ni-

88 4455 199 4510 lib-
226 4471 303 4521 tv,
332 4456 488 4525 epist.
520 4457 618 4520 5|,
661 4457 752 4519 55,
787 4457 880 4523 56,
916 4466 971 4511 et
1005 4458 1096 4512 lib.
1136 4474 1245 4523 vn,
1275 4459 1386 4513 ind.
1420 4474 1495 4524 ιι,
1520 4460 1681 4529 epist.

90 4546 239 4613 810;
267 4563 312 4601 ι.
343 4561 398 4615 q.
430 4546 482 4613 1,
514 4561 562 4601 c.
588 4547 642 4614 5,
669 4547 937 4617 Quisquis)
963 4564 977 4601 :
1013 4546 1260 4617 Quisquis
1292 4547 1368 4618 (Ξ)
1392 4558 1572 4602 contra
1599 4550 1687 4604 Si-

90 4638 405 4693 moniacam
431 4646 477 4691 et
506 4638 876 4709 neophytorum
900 4639 1139 4693 Iucresim
1162 4656 1255 4707 pro
1281 4641 1431 4710 o/ﬁcii
1462 4643 1544 4695 sui
1574 4641 1686 4696 loco

94 4734 433 4784 vehementer
460 4747 561 4783 non
590 4732 799 4793 arserit,
835 4747 953 4783 cum
988 4747 1049 4783 eo
1087 4748 1141 4785 se
1172 4748 1275 4785 non
1303 4732 1498 4786 dubitet
1534 4733 1685 4787 habi-

96 4831 286 4875 turum
302 4822 590 4890 portionem
613 4822 690 4893 (5)
715 4822 806 4891 qui
832 4822 977 4891 prius
1006 4822 1260 4877 commisit
1289 4823 1385 4875 hoc
1413 4824 1688 4892 piaculare

96 4913 393 4984 ﬂagitium.
416 4911 624 4979 Quibus
662 4912 717 4967 iu
748 4912 927 4968 verbis
966 4927 1089 4968 cum
1129 4913 1384 4967 haeretica
1420 4920 1476 4967 et
1510 4912 1686 4968 Simo-

175 5070 257 5140 (I)
300 5068 623 5125 Terribiliter
647 5078 821 5124 attest.
850 5068 909 5124 In
940 5086 1047 5125 uno
1064 5070 1249 5126 codice
1265 5069 1579 5125 Colbertino
1606 5069 1683 5124 lc-

100 5141 255 5209 gitur
279 5141 574 5203 iutestante,
609 5141 660 5195 in
698 5140 805 5195 alio
828 5141 1114 5196 intonante.
1144 5141 1203 5196 In
1239 5149 1469 5211 utroque
1504 5151 1686 5195 autem

102 5214 263 5264 deest
299 5226 398 5263 vox
428 5212 746 5264 terribiliter.

179 5280 259 5361 (2)
304 5280 573 5351 Quisquis.
620 5280 679 5335 In
724 5280 1050 5337 Colbertinis
1096 5281 1357 5352 scriptum
1391 5289 1473 5336 est
1503 5296 1516 5334 :
1549 5279 1686 5346 Quia

103 5366 246 5419 quis.

181 5422 260 5493 (ὅ)
296 5419 616 5493 "abiturum
667 5430 806 5492 port.
857 5421 1058 5478 Eadem
1098 5421 1422 5493 exemplaria
1489 5422 1689 5477 habent

108 5491 402 5557 portionem
430 5492 638 5546 habere.
669 5491 674 5492 ⁷
822 5550 829 5554 ,

183 5562 262 5627 (.l)
306 5561 606 5615 Damnavit.
639 5562 764 5616 llzec
806 5578 908 5616 vox
935 5571 989 5617 et
1026 5579 1145 5632 qua:
1174 5575 1474 5632 sequuntur
1516 5579 1684 5631 usque

112 5629 180 5680 ad
209 5647 396 5684 vocent
422 5632 782 5685 condemnavit
809 5648 913 5686 non
940 5629 1156 5689 exstant
1190 5629 1473 5689 iit-eisdem
1505 5629 1685 5689 exetn-

114 5700 379 5769 pluristls,
404 5710 454 5755 et
483 5701 732 5757 videntur
756 5703 1041 5773 superﬂua.

1792 4458 1961 4511 mium
1991 4467 2153 4512 estut
2177 4459 2228 4511 in
2260 4458 2573 4528 plenissimo
2605 4457 2717 4526 jam
2743 4460 2925 4530 vigore
2946 4460 3021 4531 (5)
3048 4462 3369 4516 conﬁrmata

1794 4549 2033 4604 Ecclesia
2081 4559 2186 4603 tam
2234 4550 2387 4605 ferali
2432 4552 2648 4605 inimico
2684 4554 3036 4617 succumbat,
3071 4554 3137 4609 de
3177 4554 3367 4624 quoin

1794 4641 2090 4711 primordio
2126 4656 2236 4695 sua;
2268 4640 2509 4695 infantia:
2540 4650 2688 4695 tanta
2730 4642 2930 4695 virtute
2966 4643 3278 4713 triumphat.
3310 4641 3366 4696 Si

1797 4734 1919 4803 quis
1948 4735 2026 4799 (Ἰ,
2053 4749 2106 4801 q.
2135 4734 2189 4796 5,
2214 4748 2264 4786 c.
2297 4734 2352 4797 7,
2377 4732 2436 4787 Si
2463 4734 2580 4802 quis
2611 4732 2875 4801 objecerit)
2905 4741 3081 4786 autem
3110 4734 3370 4802 ohjcccrit

1797 4838 1899 4877 non
1930 4823 2366 4877 consecrationes
2391 4823 2484 4877 sed
2519 4838 2605 4877 res
2645 4822 2787 4891 ipsas
2824 4837 2942 4891 qua:
2972 4837 3036 4875 ex
3082 4836 3370 4877 consecra-

1797 4915 1942 4971 tione
1969 4916 2290 4987 proveniunt
2332 4914 2511 4982 vcndi,
2537 4914 2751 4968 videtur
2792 4913 2868 4985 (6)
2906 4913 3121 4984 quidem
3170 4912 3369 4982 aliquid

1864 5079 1941 5145 (5)
1989 5077 2294 5131 Plenissime
2319 5076 2437 5145 jam
2463 5076 2653 5144 vigore.
2694 5076 2768 5129 Ita
2801 5075 3015 5130 codices
3044 5071 3367 5128 Colbertini.

1794 5150 1863 5203 At
1894 5149 2073 5218 regius
2099 5148 2264 5201 habet
2288 5147 2647 5215 plenissimum
2660 5146 2779 5216 jam
2810 5147 3060 5213 vigorem.

1867 5240 1942 5308 (6)
1997 5237 2181 5301 i'endi,
2215 5238 2440 5308 videtur.
2474 5236 2817 5308 Retinuimus
2850 5235 3137 5308 lectionem
3167 5232 3372 5308 codicis

1793 5305 1945 5377 regii.
1984 5310 2039 5363 In
2070 5324 2178 5362 uno
2210 5307 2521 5361 Colbertino
2561 5307 2818 5373 scriptum
2848 5315 2963 5370 est,
2993 5306 3139 5377 vendi
3171 5305 3373 5377 videtur

1790 5372 1916 5449 quid
1935 5391 2007 5433 cst
2039 5379 2239 5446 aliquid
2267 5379 2437 5431 dicere
2458 5377 2557 5430 nisi
2578 5372 2894 5449 aut’peuitus
2926 5376 3279 5449 nihilsapere.
3315 5372 3370 5426 In

1793 5444 1923 5511 alio,
1953 5450 2039 5503 ubi
2071 5444 2352 5521 voxvcndi
2376 5462 2479 5521 non
2513 5444 2710 5521 exstat,
2736 5446 2806 5521 ita
2839 5446 3033 5517 legitur
3059 5445 3147 5521 hic
3178 5444 3365 5521 locus:

1791 5522 1916 5589 quid
1943 5531 1996 5571 ut
2024 5519 2215 5587 aliquis
2244 5518 2390 5572 aliud
2419 5518 2620 5584 dicere,
2654 5518 2752 5572 nisi
2778 5510 2953 5572 autem
2997 5515 3198 5586 penitus
3241 5510 3371 5567 nillil

1793 5608 1991 5659 sapere.
