3900 6322
28 308 165 364 (μιι

28 455 342 472 -ον---α-

1095 312 1514 372 ALWALONIS
1555 313 1685 370 Εῐιιε

1760 354 1773 368 .
1812 315 1906 371 an
1938 315 2001 371 ι.
2039 315 2305 374 ρολτιρ.
3232 302 3347 378 m

943 498 1275 578 EPISTOLA
1306 521 1375 576 Β.
1411 518 1717 577 MONACHI
1756 520 1849 576 AD
1874 520 1935 574 B.
1966 519 2291 575 ΔΒΒΑἸἘΜ
2321 521 2534 578 SUl-M.

130 655 211 711 Β.
262 658 347 727 (Η
415 651 526 707 Suo
575 651 1013 706 reverentissimo
1063 651 1281 705 domino
1333 664 1661 720 summaeque
1691 651 1871 708 Atate
1919 650 2221 716 dimisisse,
2270 648 2499 704 Romam
2558 665 2678 705 cum
2718 660 2991 708 extraneis
3036 653 3335 724 profectum

42 746 251 801 laudis
316 744 641 814 dignissimo
701 742 1016 799 monasterii
1070 742 1421 802 Massiliensis
1462 743 1654 797 divinre
1761 741 2077 806 luisse;sed
2106 741 2230 811 quia
2275 738 2469 795 divina:
2512 740 2777 795 voluntati
2824 756 2910 797 me
2958 754 3196 813 coeptum
3237 745 3339 801 iter

37 838 347 908 largitatis
382 833 747 890 muniﬁcentia
776 834 1137 903 dispensatori
1161 849 1322 904 quam
1346 834 1567 905 Optimo,
1586 832 1652 889 R.

42 928 329 995 ejusdem
350 940 538 981 servus
566 924 806 981 omnium
834 923 960 980 licet
1000 924 1101 979 sibi
1134 923 1511 979 famulantium
1563 924 1657 977 lttl-

40 1018 359 1081 minimus,
381 1029 488 1071 non
513 1016 564 1069 in
603 1014 895 1070 dilectione
935 1022 1115 1067 tamen
1151 1014 1425 1071 minimus.
1463 1011 1655 1069 debita:

40 1110 357 1164 servitutis
385 1108 728 1177 obsequium.

123 1200 488 1271 Evangelista
514 1207 766 1264 testante,
790 1197 958 1267 liquet
1008 1197 1076 1252 ab
1126 1197 1331 1268 angelis
1360 1195 1529 1252 fuisse
1557 1196 1655 1251 de-

45 1293 345 1349 claratum
375 1292 517 1361 quod
566 1292 623 1346 in
652 1301 790 1346 terra
827 1308 932 1363 paa:
959 1290 1253 1346 hominibus
1284 1291 1432 1345 bona:
1474 1289 1657 1345 volun-

45 1386 213 1438 tatis.
253 1383 325 1438 Et
352 1382 479 1438 alibi
518 1382 785 1453 scriptum
825 1388 908 1436 est
937 1398 953 1435 :
983 1378 1183 1451 Sufﬁcit
1219 1381 1352 1435 bona
1391 1378 1653 1434 voluntas.

46 1474 192 1531 Jure
216 1475 407 1546 igitur,
421 1473 562 1529 sicut
578 1472 827 1529 voluntas
852 1471 1069 1542 aliquod
1093 1469 1407 1543 perﬁciendi
1431 1470 1659 1535 bonum,

47 1567 165 1620 etsi
197 1565 475 1635 proiicere
516 1572 772 1634 nequeat,
800 1564 1075 1620 sutliciens
1124 1576 1245 1619 esse
1285 1562 1652 1633 perhibeatur,

48 1660 265 1713 eadem
295 1672 513 1727 quoque
538 1656 669 1713 mihi
699 1671 860 1727 quam
911 1668 1036 1727 erga
1065 1669 1161 1711 vos
1212 1668 1425 1723 semper
1469 1650 1654 1716 habui,

51 1748 323 1805 sufﬁcere
344 1746 713 1819 proculdubio
727 1746 998 1803 credatur.
1015 1745 1148 1801 Nam
1165 1754 1446 1816 postquam
1464 1752 1658 1799 vestrm

52 1840 467 1911 magnitudinis
493 1840 657 1905 fama,
694 1855 816 1910 qua:
856 1840 969 1910 jam
1019 1838 1109 1893 diu
1146 1838 1280 1892 meis
1309 1838 1657 1891 intonuerant

53 1933 320 1999 auribus,
349 1933 629 2004 corporeis
660 1932 833 1988 oculis
881 1932 1071 1987 videre-
1102 1930 1414 2002 promerui,
1463 1935 1657 1983 vestra:

1759 832 2029 904 complere
2051 848 2155 887 non
2179 830 2354 897 libuit,
2389 831 2588 886 animal
2611 832 2762 903 cujus
2814 834 3061 891 vehiculo
3109 836 3336 894 Romam

1759 940 1929 994 usque
1953 922 2168 979 tendere
2199 924 2529 994 satagebam,
2548 924 2601 977 in
2632 924 2825 980 itinere
2840 926 2988 996 prius
3007 927 3338 984 inﬁrmatam

1758 1033 1981 1089 prorsus
2029 1017 2227 1074 ibidem
2300 1018 2433 1074 mihi
2483 1017 2675 1073 defuit.
2722 1019 3062 1090 Quapropter
3113 1023 3339 1079 ulterius

1759 1108 2011 1163 incedere.
2031 1108 2155 1177 quia
2184 1122 2289 1161 non
2314 1107 2570 1175 valerem,
2590 1108 2903 1178 infectoque
2918 1111 3131 1181 negotio
3155 1113 3337 1167 statim

1757 1198 1936 1253 redire
1962 1199 2311 1254 vehementer
2338 1198 2747 1269 erubescerem,
2771 1201 2922 1271 prius
2946 1202 3161 1271 quidem
3208 1204 3339 1258 titu-

1757 1286 1885 1342 bare
1899 1288 2059 1357 cmpi,
2086 1298 2360 1358 postremo
2380 1297 2558 1344 tamen
2583 1288 2884 1344 litterarum
2909 1290 3099 1345 studiis
3120 1306 3339 1361 cperam

1757 1377 1886 1432 dare
1918 1378 2177 1448 disposui,
2206 1378 2386 1449 ibique
2407 1381 2594 1451 paucis
2643 1379 2737 1435 Dei
2783 1382 2957 1451 gratia
3005 1380 3339 1452 interpositis

1757 1471 1943 1536 moris,
1973 1471 2235 1526 hactenus
2260 1471 2499 1526 animum
2527 1472 2827 1527 exercendo
2846 1481 3085 1528 moratus
3106 1472 3200 1527 fui.
3220 1473 3342 1529 Haec

1757 1572 1841 1618 est
1871 1561 2036 1633 igitur
2066 1578 2252 1627 causa,
2282 1563 2601 1619 dulcissime
2634 1560 2872 1628 domine,
2929 1580 3027 1619 cur
3055 1575 3341 1636 postquam

1759 1654 1891 1709 illud
1905 1655 2048 1725 quod
2080 1650 2401 1712 anima'mea
2438 1656 2527 1711 diu
2561 1663 2863 1727 optaverat,
2898 1657 3149 1712 evenisse
3204 1672 3338 1711 con-

1758 1749 1897 1818 cepi,
1931 1749 2000 1803 ad
2041 1763 2136 1804 vos
2164 1748 2423 1805 festinare
2451 1749 2657 1805 distuli.
2685 1749 2798 1804 [mo
2834 1749 3011 1818 magis
3038 1765 3102 1804 ac
3149 1750 3339 1816 magis,

1758 1851 1818 1896 ut
1842 1841 2035 1895 melius
2052 1841 2206 1896 vobis
2234 1841 2428 1896 amodo
2449 1841 2558 1894 vita
2585 1840 2783 1895 comite
2813 1839 3087 1896 deservire
3109 1839 3339 1903 valeam,

1760 1933 1978 1989 studere
2006 1933 2281 2003 proposui.
2313 1931 2467 1988 Nunc
2493 1940 2674 1988 autem
2712 1932 2837 2003 quia
2886 1948 2983 2002 per
3033 1939 3199 1987 totam
3229 1930 3343 1987 fere

54 2020 383 2076 dilectionis
432 2019 806 2087 immensitati,
860 2027 1020 2091 prout
1073 2018 1259 2074 multis
1303 2017 1443 2073 scire
1486 2016 1655 2079 licuit”,

1759 2024 1965 2079 Italiam
1993 2024 2269 2080 scholares
2300 2032 2355 2078 et
2394 2023 2632 2079 maxime
2680 2021 3068 2090 Provinciales,
3107 2036 3208 2077 nec
3237 2035 3344 2076 non

57 2127 213 2169 mem
259 2113 538 2183 parvitatis
596 2112 868 2184 ingenium
918 2111 1353 2183 inseparabiliter
1403 2108 1661 2165 adhibere

54 2204 283 2271 studui,
311 2205 405 2260 sed
427 2213 488 2258 ut
505 2202 754 2275 probatio
781 2202 1083 2259 dilectionis
1109 2218 1232 2273 qum
1262 2199 1403 2256 infra
1426 2199 1661 2270 pectoris

58 2301 227 2366 septa
258 2294 541 2349 aestuando
562 2293 834 2360 iatitabat,
878 2293 1063 2363 operis
1100 2291 1433 2349 exhibitione
1489 2304 1661 2361 quan.

55 2386 252 2457 doque
278 2386 568 2451 redoleret,
591 2384 883 2441 admodum
908 2393 1101 2453 optare
1122 2382 1383 2439 solebam.
1406 2380 1515 2437 Nec
1537 2381 1659 2437 ideo

57 2479 194 2549 quia
226 2479 374 2533 Deus
400 2477 613 2549 plebem
641 2490 799 2532 suam
827 2475 1085 2541 visitavit,
1145 2475 1400 2545 quoniam
1448 2487 1548 2529 vos
1589 2471 1659 2528 ad

57 2569 360 2638 optimam,
402 2582 567 2637 quam
594 2566 756 2638 elesit
776 2566 879 2622 sibi
910 2565 1102 2625 Maria.
1130 2573 1340 2636 partem
1394 2563 1659 2619 sublima-

58 2662 161 2727 vit,
203 2670 267 2716 et
291 2661 684 2717 monasterium
709 2658 1042 2717 Massiliense
1085 2657 1196 2729 jam
1242 2658 1474 2714 rectoris
1517 2656 1657 2712 indi-

57 2755 252 2826 gentia
316 2756 533 2827 penitus
570 2751 887 2812 olfuscatum
944 2761 1252 2810 vestrarum
1300 2749 1660 2807 illustrations

59 2850 339 2903 virtutum
390 2846 617 2904 miriﬁce
651 2846 947 2903 decoravit.
1001 2844 1280 2913 Quantum
1308 2851 1520 2900 constat
1573 2855 1660 2898 mc

59 2938 337 3007 gaudere,
363 2938 409 2993 si
426 2952 613 2993 omnes
645 2947 797 2994 artus
825 2937 879 2993 in
904 2937 1118 3009 linguas
1162 2942 1523 3000 verterentur,
1556 2934 1658 2988 im-

59 3031 333 3099 possibile
353 3041 435 3086 est
471 3031 725 3100 cuiquam
748 3030 1043 3103 explicare.

130 3123 196 3178 Si
228 3132 416 3181 autem
438 3134 635 3180 vestrae
679 3123 852 3181 solita:
880 3124 1109 3181 bonitati
1138 3122 1364 3195 placeat,
1391 3116 1609 3176 attende
1641 3138 1655 3174 :

60 3217 151 3273 ubi
195 3232 299 3272 vos
325 3217 391 3271 ad
418 3217 759 3287 prmdictum,
781 3218 892 3273 Deo
920 3216 1183 3283 ducente,
1214 3216 1438 3287 gradum
1466 3225 1661 3283 prove-

58 3321 217 3365 ctum
260 3308 430 3365 fuisse
467 3310 728 3382 comperi,
758 3310 841 3366 uti
867 3309 1064 3366 vestris
1092 3304 1660 3378 obtemperaremjns-

59 3405 243 3473 sibus,
276 3421 376 3461 cur
401 3404 588 3461 venire
629 3404 834 3471 distuli,
883 3418 1101 3459 causam
1163 3412 1341 3458 tamen
1394 3400 1493 3456 etsi
1551 3416 1658 3455 non

60 3496 429 3553 sufﬁcientem
482 3498 712 3553 reddere
759 3512 879 3553 sum
937 3504 1182 3566 paratus.
1231 3494 1433 3549 Noscat
1475 3492 1665 3560 itaque

61 3599 278 3653 vestra,
314 3588 810 3644 desiderantissime
830 3587 1013 3652 Pater,
1040 3584 1351 3649 clementia,
1382 3598 1467 3637 me
1489 3596 1665 3651 quon-

62 3684 195 3737 dam
220 3681 465 3751 praadicti
504 3679 736 3736 emnobii
775 3679 1001 3735 fratrum
1032 3684 1252 3746 accepta
1274 3673 1515 3741 licentia,
1560 3687 1661 3743 pro

59 3775 313 3844 quodam
342 3775 497 3831 nobis
520 3775 894 3829 imminentiet
916 3771 1237 3829 intolerabili
1268 3770 1480 3841 negotio
1506 3768 1656 3832 satis,

61 3878 120 3922 ut
143 3868 341 3933 credo,
373 3866 485 3937 jam
508 3867 661 3923 vobis
689 3867 993 3935 notilicato,
1029 3866 1257 3921 Romam
1287 3865 1370 3919 ire
1395 3863 1658 3934 coepisse,

60 3976 124 4016 ac
158 3976 341 4031 usque
362 3960 583 4033 Papiam
604 3961 722 4017 sine
747 3960 951 4031 collega
976 3959 1194 4031 proprio
1220 3958 1384 4013 nimia
1427 3968 1675 4039 pauper:
1723 4018 1757 4038 ν

1760 2118 1929 2189 ipsius
1951 2118 2158 2173 ordinis
2180 2118 2245 2174 de
2272 2132 2378 2187 quo
2403 2130 2544 2182 sum,
2573 2117 2698 2186 quia
2721 2115 2904 2186 plures
2926 2115 3132 2185 legibus
3162 2121 3342 2170 cater-

1757 2210 1924 2264 vatim
1949 2202 2187 2264 studium
2217 2207 2536 2264 adhibentes
2560 2207 2895 2262 incessanter
2931 2202 3231 2273 conspicio,
3286 2210 3344 2258 et

1758 2301 2147 2357 monasterium
2174 2308 2421 2355 nostrum
2442 2316 2473 2355 a
2495 2298 2709 2355 clericis
2739 2305 2795 2352 et
2811 2313 2842 2353 a
2862 2296 3017 2352 laicis
3041 2296 3157 2351 sine
3178 2294 3342 2348 inter-

1759 2394 2019 2450 missione
2046 2392 2357 2465 placitando
2395 2391 2660 2455 lacessiri,
2686 2399 2851 2462 atque
2896 2390 3177 2462 justaruin
3210 2402 3341 2457 pos-

1759 2488 2062 2543 sessionum
2094 2486 2481 2543 detrimentum
2511 2485 2622 2556 pati
2676 2482 2983 2546 considero,
3038 2480 3347 2549 aliquantu-

1758 2576 1867 2633 lam
1891 2577 2196 2649 huiusmodi
2223 2576 2508 2633 scientiam
2539 2576 2743 2630 habere
2794 2572 3064 2628 desidero.
3103 2568 3239 2624 Nam
3293 2567 3344 2622 si

1760 2671 1887 2743 quid
1930 2672 1982 2727 in
2010 2671 2113 2727 hoc
2140 2684 2327 2741 opere,
2355 2668 2535 2724 divina
2565 2667 2827 2738 largiente
2854 2662 3029 2734 gratia
3048 2703 3064 2728 ,
3085 2660 3349 2733 praevale-

1761 2780 1907 2830 rem,
1930 2782 2033 2822 nec
2063 2763 2413 2839 saecularibus
2443 2761 2658 2836 placitis
2696 2759 2993 2823 inbiarem,
3030 2756 3125 2812 sed
3173 2754 3345 2810 solam

1761 2857 1932 2915 nostri
1962 2855 2277 2911 monasterii
2294 2853 2590 2922 justitiam,
2616 2860 2879 2922 quantum
2912 2863 3127 2919 possem
3147 2887 3161 2911 ,
3194 2844 3346 2915 adju-

1759 2962 1963 3004 varem.
1998 2945 2054 3001 Si
2077 2952 2279 3000 vestrm,
2304 2944 2493 3014 igitur,
2513 2956 2722 2997 summe
2743 2939 2935 3002 Pater,
2952 2935 3202 3007 dignitati
3225 2933 3341 3005 pla-

1757 3048 1882 3098 ceat
1915 3046 1974 3094 ut
2004 3038 2057 3092 in
2090 3038 2191 3092 hoc
2211 3050 2375 3107 opere
2408 3034 2644 3090 studium
2674 3045 2775 3103 pro
2800 3043 2959 3101 posse
3016 3042 3139 3084 meo
3188 3040 3345 3081 exer-

1760 3147 1935 3199 ceam,
1960 3144 2143 3201 quaeso
2175 3139 2230 3183 et
2254 3125 2568 3198 suppliciter
2594 3124 2843 3187 obsecro,
2875 3130 3142 3191 quatenus
3179 3131 3345 3187 super

1762 3224 1862 3278 hoc
1892 3220 2111 3291 negotio
2137 3218 2515 3287 chyitativam
2545 3214 2676 3270 mihi
2699 3211 2969 3268 licentiam
2994 3206 3344 3279 impendatis,

1761 3321 1818 3370 et
1847 3312 2048 3368 Pisano
2076 3296 2243 3380 prieri
2280 3308 2477 3365 vestris
2503 3305 2727 3371 litteris,
2754 3313 2814 3358 tit
2862 3301 2995 3357 mihi
3036 3298 3342 3361 subveniat,

1764 3406 2022 3462 mandare
2047 3402 2363 3473 disponatis.
2406 3399 2463 3456 Si
2517 3400 2661 3455 cnim
2712 3395 2853 3466 quod
2903 3388 3157 3464 exspecto
3201 3392 3342 3461 apud

1761 3506 1998 3553 vestram
2028 3492 2457 3551 misericordiam
2483 3490 2865 3561 impetravero,
2887 3484 3040 3538 Pisas
3088 3483 3156 3536 ad
3182 3496 3345 3535 exer-

1761 3588 1993 3645 cendum
2041 3586 2114 3642 ibi
2142 3584 2406 3649 studium,
2461 3582 2508 3639 si
2560 3583 2700 3637 Deus
2730 3574 3081 3640 concesserit,
3135 3571 3341 3626 adiero.

1763 3682 1985 3739 interim
2047 3688 2227 3735 autem
2280 3692 2450 3746 usque
2516 3675 2582 3729 ad
2634 3670 2982 3727 festivitatem
3029 3663 3199 3721 sancti
3248 3661 3345 3716 hli-

1766 3773 1950 3830 chaelis
1965 3779 2157 3827 vestrae
2178 3767 2562 3825 consolationis
2590 3769 2915 3836 prmceptum
2931 3763 3341 3829 exspectavero.

1762 3862 1968 3920 Valete.

132 4116 223 4188 (ι)
255 4113 417 4170 Forte
447 4113 749 4180 Bernardo,
777 4114 869 4184 qui
892 4114 961 4168 ab
1008 4127 1152 4169 anno
1204 4109 1341 4168 1065
1392 4109 1460 4165 ad
1519 4072 1674 4162 1053'
1690 4080 2022 4161 lla-ssiliense
2052 4100 2113 4154 S.
2140 4095 2376 4155 Victoris
2401 4090 2790 4148 monasterium
2822 4086 2981 4143 rexit.

1307 4448 2143 4645 ΔΗΒ.Βο

594 4723 1108 4809 EPISTULA
1150 4723 1779 4821 ,ALWALONIS
1834 4723 1963 4800 AD
2022 4722 2111 4800 L.
2174 4710 2830 4799 PONTIFICUM

1218 4901 1514 4975 (Mauram,
1542 4900 1697 4954 Thes.
1722 4898 1919 4952 Anecd.
1958 4896 2000 4965 l,
2031 4895 2182 4968 105.)

132 5172 294 5228 Hanc
319 5177 372 5227 et
398 5179 709 5243 sequentem
724 5170 1005 5243 epistolam
1030 5172 1270 5227 eruimus
1288 5186 1356 5227 ex
1381 5168 1549 5224 veteri
1565 5166 1751 5243 codice
1775 5180 1877 5223 ms.
1908 5164 2131 5243 gratorii
2164 5161 2478 5243 Trecensis,
2514 5158 2668 5243 cuius
2703 5155 2993 5243 character
3016 5166 3212 5243 annos

65 5225 343 5313 superare
360 5225 893 5310 videturaQuis‘natn
930 5225 1325 5311 mammas
1352 5249 1542 5313 auctor
1579 5239 1790 5313 Alvvalo
1824 5246 1880 5294 et
1908 5237 1970 5313 Ῑέ.
2001 5249 2245 5292 summus
2284 5233 2524 5313 pontifex
2553 5225 2619 5313 ad
2660 5244 2823 5313 quem
2863 5226 3084 5313 scribit,
3106 5225 3342 5313 neet‘lngt‘n

66 5294 600 5384 ili‘vinare‘potwuitSi
626 5294 1187 5384 cbnieclurisaliquid
1210 5294 1451 5384 tribuere
1472 5310 1653 5384 liceat,
1683 5308 1745 5363 L.
1766 5326 1888 5384 non
1926 5310 2205 5384 ﬁomanns
2231 5294 2495 5384 pontifex_2
2527 5302 2619 5355 sed
2648 5294 2879 5384 simplex
2906 5294 3344 5384 episcopus

68 5384 317 5455 Certepin
346 5370 596 5451 sequenti
628 5370 854 5455 epistola
887 5370 1089 5455 nudum
1120 5382 1364 5455 episcopi
1407 5370 1882 5455 titttlum_'accipi_t.
1926 5379 2036 5455 Nec
2074 5370 2248 5431 vacat'
2264 5373 2528 5442 exemplis
2553 5371 2767 5455 quibus
2806 5370 3081 5455 simplices
3101 5370 3343 5455 alytiﬁtfflpj

64 5453 639 5536 appellanturnsummi

64 5522 118 5576 in
154 5522 277 5578 Vita
303 5522 363 5577 S.
407 5522 632 5579 Gerardi

742 5434 1088 5509 nlilicesrlt—a—
1116 5434 1667 5508 [liftino'Coloniensis
1701 5434 2141 5518 archiepiscopus
2171 5460 2406 5518 summus
2430 5434 2676 5518 "pontifex
2699 5434 2995 5518 αρρειζᾳὶιιι·
3026 5434 3345 5518 a__\Vidrico

720 5506 945 5579 insisti
970 5506 1707 5594 episcopialleldricusvero
1728 5506 1914 5594 abbas-9
1942 5520 2010 5594 ag
2039 5506 2200 5594 quem
2232 5517 2348 5594 is_te_
2363 5506 2650 5594 scribit,'is
2672 5506 2792 5567 esse
2817 5511 3035 5594 videtur
3072 5506 3188 5562 llel.
3216 5520 3345 5594 c221:

70 5574 403 5662 uregavtio'nis
416 5574 953 5658 iﬁo'u'as'iiéaé'iiaiéi,
978 5574 1242 5665 aii—quem
1262 5574 1732 5662 ieisitatvepistolte
1758 5580 2032 5645 Brunonis
2056 5574 2293 5656 episcopi
2324 5584 2348 5637 Γ
2352 5600 2405 5638 ra
2450 5574 2715 5651 mentum,
2738 5583 2830 5653 qui
2864 5583 3043 5636 Bruuo
3071 5592 3215 5633 anno
3242 5574 3345 5629 980

70 5660 378 5711 Limmniem
408 5667 554 5711 sedis
584 5668 835 5711 thmmim
867 5666 1140 5711 ascendit-
1188 5663 1459 5711 Hildricns
1495 5662 1703 5711 scilicet
1747 5661 2266 5711 Autissiodurensis.
2310 5656 2368 5711 S.
2401 5600 2659 5711 (germani
2701 5655 2905 5711 abbas.
2938 5651 3028 5711 nui
3066 5662 3210 5704 ³11110
3243 5643 3345 5700 990

68 5656 378 5732 ιὶςιῖεοηίεω
408 5667 554 5723 sedis
584 5668 835 5722 thronum
867 5656 1140 5731 ascendii,
1188 5663 1459 5720 Hildricus
1495 5656 1703 5720 scilicet
1746 5661 2266 5725 Antissiodorensis,
2310 5656 2368 5711 S.

68 5742 319 5799 praeerat-

2453 5653 2659 5711 ermani
2701 5643 2905 5721 abbas,
2938 5651 3028 5724 qui
3066 5662 3210 5704 anno
3243 5643 3347 5700 990
