3900 6322
58 350 178 407 6ιὸ

60 466 172 531 Qui
207 464 379 518 frater
415 460 515 516 fuit
552 457 784 518 Romuli,

64 556 241 611 Urbis
269 556 528 609 Romana:
556 548 841 621 principis.

63 645 252 719 llujus
276 645 428 702 urbis
456 643 740 713 precipere

62 738 139 792 Et
168 737 442 807 quondam
476 749 683 803 magna:
716 730 898 800 glorhe

61 828 283 882 Prmsul
311 826 412 879 fuit
444 822 695 894 egregius

64 920 305 991 Magnus
331 917 458 972 olim
490 912 803 983 Remigius;

63 1011 180 1077 Qui
214 1010 340 1063 dum
375 1004 613 1077 pontifex
648 1003 843 1071 legitur

64 1106 158 1159 Ac
185 1103 345 1173 digne
375 1097 734 1160 benedicitur,

68 1197 216 1250 Dum
245 1195 395 1249 deest
424 1192 603 1262 liquor
627 1190 733 1243 olei

68 1284 197 1350 Quo
229 1292 463 1350 ungatur
500 1278 773 1350 pontificis

70 1377 309 1429 Sacrum
350 1382 514 1444 caput
555 1387 585 1425 a
612 1370 866 1449 prtesule,

67 1466 337 1521 Columba
366 1465 558 1520 volans
584 1478 731 1527 aere,

72 1554 282 1607 Rostro
320 1551 495 1608 defert
532 1551 795 1607 citissime

68 1647 382 1717 Ampullam
417 1646 629 1717 plenam
665 1644 807 1711 oleo,

70 1738 188 1792 Ore
218 1746 397 1807 portat
432 1734 724 1791 mitissimo

69 1828 199 1895 Quo
218 1792 464 1899 .pontifex
502 1824 825 1896 perungitur
853 1821 927 1894 (i)
966 1792 967 1795 Ἴ

71 1917 287 1988 Dignus
316 1930 530 1987 semper
561 1915 858 1988 Remigius.

73 2009 253 2078 llujns
277 2008 472 2063 festum
501 2007 629 2063 dum
664 2004 915 2076 populus,

73 2100 138 2153 ιιι
168 2098 424 2154 Kalendis
449 2096 801 2163 Octobribus,

77 2189 221 2242 Dum
258 2188 482 2244 devotus
511 2187 858 2245 concelebrat

76 2278 514 2350 Tripudiansque
542 2279 782 2349 advolat,

76 2368 231 2429 lnter
258 2367 444 2425 fideles
470 2378 696 2426 caeteros

79 2458 150 2511 Et
180 2458 234 2511 in
264 2457 481 2514 Christo
510 2459 812 2515 catholicos

79 2546 314 2615 Quidam
341 2547 495 2604 all‘uit
525 2550 850 2619 monachus,

78 2640 313 2694 Oratnm
340 2640 491 2709 venit
515 2640 757 2709 sedulus,

84 2732 153 2785 Ut
189 2729 479 2801 deplorans
512 2730 779 2800 facinora,

78 2824 197 2877 Sua
229 2823 424 2877 defleat
453 2823 709 2878 crimina.

79 2915 184 2970 llic
215 2914 357 2970 intra
394 2915 786 2971 monasterium

79 3007 225 3059 Dum
258 3006 498 3075 possidet
525 3005 824 3077 hospitium

79 3098 150 3152 Et
191 3099 477 3169 copulatur
517 3099 784 3157 fratribus

80 3194 154 3248 Et
191 3195 461 3251 charitate
490 3194 756 3269 jungitur,

80 3288 227 3343 Dum
260 3288 502 3344 membra
538 3289 682 3345 locat
719 3286 919 3346 lectulo

84 3380 173 3435 Ac
206 3380 406 3435 dormit
433 3380 773 3451 dormitorio,

78 3469 141 3524 In
184 3469 394 3526 visione
431 3471 642 3542 placida

82 3561 208 3618 lloc
238 3563 383 3633 quod
411 3564 549 3621 vidit
576 3566 659 3623 sic
687 3564 924 3623 intimat.

80 3653 295 3710 Adesto
319 3670 464 3733 nunc
488 3657 644 3725 mihi,
672 3657 837 3726 Deus,

84 3744 198 3812 Qui
226 3762 287 3802 es
313 3762 452 3803 unus
478 3757 643 3820 atque
669 3750 868 3819 trinus,

87 3837 160 3890 Et
195 3838 435 3895 visiones
463 3840 718 3912 gravidas

83 3926 397 3984 Ezechielis
427 3930 627 4001 aperis,

83 4024 173 4075 Ac
204 4022 439 4078 Danielis
472 4024 687 4082 abditas

88 4112 347 4170 Visiones
375 4116 649 4173 elucidas!

167 4203 349 4262 Pande
375 4207 667 4273 salutarem
699 4208 845 4266 viam

85 4300 170 4357 Ut
199 4300 384 4371 laudes
410 4309 529 4357 tuas
555 4301 826 4370 nuntiem,

83 4391 342 4477 Qualiter
368 4393 541 4465 ruptis
573 4392 765 4451 inferis

80 4486 321 4543 Animas
351 4486 476 4544 inde
509 4488 719 4556 tuleris,

84 4577 152 4632 In
186 4578 453 4646 passionis
480 4588 745 4653 tempore,

83 4668 248 4743 Etin
282 4669 505 4728 Pascha:
535 4686 689 4741 sacro
718 4672 828 4743 die,

82 4760 157 4815 lu
187 4776 295 4831 qua
333 4771 479 4820 totus
511 4765 768 4836 tripudiat

86 4855 262 4913 Orbis
290 4858 451 4914 simul
490 4868 545 4916 et
572 4863 860 4918 consonat!

173 4948 312 5004 Dum
343 4966 506 5022 sopor
532 4952 731 5022 premit
756 4952 944 5011 oculos

86 5046 171 5103 Et
207 5060 404 5119 corpus
437 5048 602 5104 cubat
635 5048 832 5107 lectulo

90 5141 161 5196 In
190 5141 398 5211 pulpito
429 5142 681 5216 Remigii,

88 5231 385 5289 Pontificis
412 5236 638 5307 egregii,

91 5317 187 5374 Me
216 5318 401 5375 subito
430 5324 819 5394 transpositum

172 5496 257 5570 (l_)_
294 5495 398 5570 Les
423 5497 715 5570 historicus
741 5499 954 5570 placent
979 5516 1041 5558 ce
1068 5500 1290 5558 miracle
1328 5512 1397 5552 au
1438 5492 1689 5570 bapléme

94 5564 476 5647 de'Clovi53.1
508 5564 855 5647 Sanctifiéato
887 5574 1116 5643 denique
1140 5572 1307 5647 fonte,
1342 5577 1469 5622 nutu
1508 5564 1689 5647 divino

95 5637 345 5714 chrisma
381 5632 601 5714 defuit»:
634 5652 852 5714 sanctus
880 5632 1058 5697 autem
1096 5632 1362 5714 pontifex,
1408 5635 1579 5714 oculis
1622 5632 1688 5683 ad

98 5706 304 5787 caelum
338 5712 621 5787 porrectis,
653 5713 815 5787 tacite
850 5705 1311 5787 traditur-orasse
1342 5723 1473 5787 cum
1516 5705 1691 5787 l:t_eI:Y‘

100 5777 231 5846 tuis,
255 5786 309 5832 et
336 5774 668 5851 eccesubito
693 5784 936 5841 columba
966 5801 1056 5842 seu
1081 5784 1168 5840 nix
1202 5780 1411 5839 advelat
1438 5774 1687 5839 candida,

1185 328 1479 385 ANSELLI
1516 318 1963 381 SCHOLASTICI
2004 317 2205 387 VISIO.

1190 444 1412 499 Diaconi
1436 441 1682 505 ,oliicium

1192 539 1495 601 Ministrare
1527 550 1612 591 me
1644 534 1797 590 video

1191 632 1384 685 Coram
1421 636 1701 700 spectante
1727 624 1946 696 populo.

1197 721 1323 774 Erat
1355 721 1469 774 dies
1498 718 1771 773 Dominica

1196 813 1309 876 Qua
1338 809 1646 864 Julmorum
1676 807 1905 876 plurima

1198 901 1375 955 Turba
1415 900 1679 970 processit
1708 898 1865 953 obvia

1198 991 1435 1057 Clu-isto,
1464 991 1600 1045 Filio
1632 989 1884 1053 hominis,

1199 1090 1267 1145 Et
1295 1106 1416 1145 vere
1449 1090 1583 1145 Filio
1614 1089 1705 1145 Dei

1200 1186 1314 1240 Non
1347 1196 1530 1240 narrat
1560 1183 1932 1254 Evangelium,

1202 1277 1491 1347 Postquam
1526 1276 1673 1331 Venit
1700 1276 1750 1328 in
1784 1274 2061 1337 sarculum,

1200 1367 1352 1434 Quod
1393 1376 1575 1422 tantus
1608 1368 1780 1420 honor
1806 1364 1964 1419 fuerit

1200 1459 1280 1513 Illi
1308 1459 1466 1514 datus
1496 1474 1524 1513 a
1554 1457 1764 1528 populis

1201 1547 1449 1615 Quantus
1473 1550 1589 1619 ipso
1613 1548 1698 1603 die
1719 1547 1839 1601 fuit.

1199 1644 1452 1702 Hosanna
1476 1647 1489 1700 !
1519 1645 1755 1701 clamant
1778 1645 1956 1713 pueri,

1198 1733 1525 1790 Benedictus
1545 1741 1600 1786 et
1625 1732 1714 1802 qui
1749 1733 1896 1787 venit

1197 1818 1255 1873 ln
1282 1820 1502 1877 nomine
1532 1834 1675 1874 nunc
1701 1818 1915 1874 Domini
1942 1819 1954 1872 !

1198 1904 1371 1977 Hujus
1395 1905 1619 1962 honoris
1653 1908 1848 1977 gratia,

1198 2000 1361 2058 Plebs
1380 1999 1558 2061 invida
1585 1997 1833 2066 Judaica,

1200 2093 1477 2150 Christum
1517 2090 1666 2147 cruci
1693 2089 2031 2160 adjudicans,

1200 2184 1449 2242 Passieni
1471 2182 1790 2256 subjiciens,

1200 2274 1369 2335 Latus
1400 2275 1585 2333 lancea
1612 2276 1892 2347 pungitur,
1967 2274 2247 2347 duntur?];

1203 2369 1436 2443 Sanguis
1466 2379 1521 2426 et
1560 2385 1699 2440 aqua
1737 2369 1982 2424 funditur
2023 2367 2086 2441 [ι.
2123 2369 2249 2422 l'uu-

1202 2462 1401 2518 Anima
1422 2477 1618 2532 corpus
1640 2462 1865 2527 deserit,

1202 2554 1262 2612 ln
1290 2570 1483 2611 manus
1503 2554 1682 2611 Patris
1704 2554 1854 2610 abiit.

1205 2641 1359 2698 Hanc
1386 2643 1693 2712 passionem
1717 2642 1936 2698 timidus

1210 2736 1348 2792 Dum
1376 2735 1579 2805 replico
1617 2736 1886 2799 devotius,

1208 2826 1554 2898 Finitamqne
1584 2826 1709 2883 dum
1739 2826 1929 2893 defleo,

1208 2917 1278 2974 Et
1301 2918 1572 2977 descendo
1598 2919 1665 2975 de
1683 2918 1915 2990 pulpito,

1211 3010 1445 3068 Sinistra
1468 3011 1817 3084 Evangelium

1209 3103 1271 3161 In
1298 3104 1444 3161 ulnis
1472 3115 1690 3176 gestans
1713 3106 1968 3178 propriis,

1210 3197 1410 3255 Videre
1436 3197 1570 3253 mihi
1597 3198 1783 3256 videor

1210 3291 1551 3349 Descendere
1576 3292 1865 3365 imaginem

1211 3384 1412 3441 Christi
1440 3385 1505 3441 de
1528 3400 1692 3441 cruce
1716 3386 2016 3457 propriam,

1209 3475 1390 3548 Atque
1416 3477 1625 3549 signum
1656 3476 1901 3533 victoria:

1212 3566 1369 3634 Quod
1395 3584 1530 3624 crux
1559 3576 1787 3623 vocatur
1818 3568 1979 3624 hodie

1210 3654 1270 3710 In
1313 3655 1435 3711 forti
1466 3666 1678 3728 gestare
1708 3672 1871 3712 manu

1212 3749 1405 3821 Meque
1427 3752 1513 3807 his
1534 3752 1714 3807 verbis
1736 3751 1933 3821 alloqui
1957 3765 1975 3806 :

1219 3859 1242 3896 ι
1274 3841 1333 3898 Si
1363 3844 1542 3900 credis
1568 3844 1713 3915 quod
1740 3841 1975 3899 fideliter

1213 3935 1319 4006 Tu,
1349 3936 1541 4007 frater,
1568 3935 1743 4006 legisti
1774 3934 1987 4007 nuper?
2020 3952 2040 3987 ι

1215 4028 1329 4100 Ego
1362 4026 1587 4100 supplex
1617 4043 1681 4083 ac
1708 4027 1929 4083 humilis

1216 4120 1417 4178 Verum
1441 4134 1758 4192 responsum
1790 4117 2043 4175 reddidi?

1222 4230 1242 4267 ι
1274 4213 1408 4271 Cum
1432 4214 1534 4269 sim
1565 4211 1742 4285 pulvis
1762 4211 1989 4283 exiguus

1214 4304 1394 4376 Atque
1423 4302 1562 4359 cinis
1588 4302 1689 4359 sim
1730 4311 1963 4368 terreus,

1219 4396 1293 4454 Ut
1327 4410 1423 4452 ore
1448 4394 1577 4467 legi,
1602 4393 1848 4460 Domine,

1219 4491 1314 4549 Sic
1339 4492 1503 4549 corde
1524 4491 1662 4547 scito
1698 4492 1954 4556 credere;

1217 4578 1328 4636 Nec
1363 4590 1448 4638 est
1471 4579 1576 4635 ulla
1604 4578 1852 4635 dubietas

1216 4677 1276 4735 In
1303 4676 1484 4734 cordis
1503 4677 1607 4732 mei
1648 4676 1838 4733 intima

1219 4770 1359 4839 Quin
1382 4781 1435 4827 te
1456 4769 1673 4826 credam
1707 4783 1897 4825 verum
1920 4767 2088 4825 Deum

1219 4861 1439 4929 Natum,
1462 4876 1679 4933 passum
1708 4875 1773 4917 ac
1796 4871 2091 4929 mortuum,

1111 4982 1117 4989 υ
1217 4952 1299 5009 Ac
1324 4952 1587 5013 revixisse
1606 4952 1765 5006 tertia

1218 5043 1337 5112 Die,
1368 5042 1531 5098 credo
1560 5056 1658 5110 per
1685 5039 1901 5097 saecula.
1931 5059 1951 5093 ι

1217 5133 1310 5189 ille
1343 5133 1421 5190 sic
1451 5131 1635 5189 statim
1666 5130 1896 5200 imperat
1932 5146 1946 5184 :

1226 5244 1244 5279 ι
1283 5225 1412 5281 Sine
1434 5239 1585 5281 mora
1610 5237 1697 5278 me
1723 5234 1951 5290 sequere

1227 5318 1345 5386 Quo
1368 5333 1453 5373 me
1480 5316 1633 5372 vides
1654 5315 1920 5370 incedere.
1956 5331 1974 5364 ι

1793 5785 1843 5823 v.
1874 5768 1978 5821 513
2012 5784 2027 5821 :

2309 431 2364 485 In
2396 439 2668 487 momento
2694 439 2820 484 tunc
2847 429 3011 493 oculi,

2310 524 2462 590 Quod
2490 538 2590 578 nec
2620 536 2839 594 sperare
2865 520 3034 590 potui,

2312 615 2389 666 Ad
2430 612 2637 667 inferna
2665 611 3030 683 progreditur.

2311 706 2536 761 Crucem
2567 714 2785 777 gestans
2816 706 2868 760 in
2908 704 3176 761 manibus.

2316 796 2429 867 Ego
2450 813 2647 867 sequor
2679 796 2998 867 impavidus,

2312 885 2454 940 Nihil
2486 872 2688 941 habens
2723 884 2862 956 quod
2897 900 3122 955 paveam

2314 978 2474 1033 Tanti
2499 978 2650 1032 ducis
2675 978 2888 1032 fiducia.

2316 1068 2470 1124 Tunc
2506 1054 2849 1123 tenebrarum
2882 1066 3152 1136 principes

2314 1161 2393 1216 Ac
2416 1161 2627 1232 pallidae
2654 1159 2845 1214 mortis
2871 1159 3057 1221 duces,

2317 1249 2683 1319 Tortoresque
2711 1247 3016 1325 saevissimi,

2314 1343 2747 1410 Pervasorcsque
2776 1338 2947 1409 rapidi

2317 1431 2613 1503 Dilfugiunt
2641 1432 2927 1497 citissime,

2317 1524 2433 1581 Non
2458 1526 2716 1580 audentes
2741 1524 3043 1588 attendere,

2316 1620 2501 1688 Neque
2524 1618 2640 1672 ausi
2670 1616 2985 1686 conspicere

2316 1708 2606 1777 Aspectum
2633 1707 2766 1761 tanti
2802 1703 3063 1772 fulminis,

2316 1800 2493 1869 Atque
2518 1809 2625 1854 tam
2656 1798 2785 1865 clari
2812 1797 3051 1851 luminis.

2318 1886 2422 1940 l‘er
2449 1900 2669 1956 campos
2700 1894 2751 1939 et
2778 1883 3043 1940 convallia

2321 1978 2463 2033 δωνὶ
2492 1988 2819 2049 sparguntur
2838 1977 3131 2042 dazmoues,

2320 2070 2595 2142 Nigriores
2630 2071 2872 2141 fuligine,

2322 2163 2609 2220 Teterrimi
2642 2163 2943 2234 nigredine,

2324 2258 2386 2313 Et
2409 2256 2706 2312 discolores
2731 2255 2950 2326 specie;

2328 2349 2650 2421 Ululantque
2681 2364 2744 2404 ac
2774 2347 3023 2419 mugiunt

2325 2442 2450 2497 Dira
2484 2436 2615 2496 vece
2641 2455 2705 2495 ac
2733 2440 2986 2511 rugiunt;

2325 2533 2487 2588 Velut
2514 2533 2696 2588 leones
2716 2532 2966 2600 saeviunt,

2324 2627 2464 2682 Dum
2495 2625 2728 2697 perdunt
2758 2640 2886 2681 suos
2908 2624 3144 2692 catulos;

2325 2719 2482 2774 Flent
2509 2733 2606 2789 per
2637 2726 2852 2775 noctem
2894 2726 3058 2789 atque
3085 2719 3229 2772 diem

2326 2808 2392 2862 Et
2421 2822 2642 2862 carmen
2671 2806 2979 2862 miserabile
3010 2806 3087 2877 l2)

2327 2900 2491 2957 Tetro
2522 2898 2827 2955 dill‘undunt
2858 2908 3097 2971 gutture.

2330 2993 2482 3049 Tunc
2508 3004 2802 3049 occurrunt
2830 3000 2885 3047 et
2906 2991 3108 3062 angeli,

2328 3086 2674 3157 Applaudunt
2709 3083 2833 3140 laeto
2872 3082 3069 3150 Judici,

2330 3179 2673 3251 Excipientes
2699 3177 2931 3231 animas.

2329 3273 2475 3340 Quas
2499 3286 2530 3326 a
2560 3268 2800 3327 tenebris
2824 3268 3066 3324 liberans

2327 3343 2578 3421 Christus
2614 3363 2761 3419 ducit
2789 3362 2857 3418 ad
2886 3359 3081 3433 gaudia
3107 3375 3125 3426 ;

2331 3458 2483 3513 Tunc
2512 3456 2651 3512 coelo
2690 3455 2880 3513 laudes
2904 3461 3161 3508 resonant

2329 3550 2396 3605 Et
2435 3549 2694 3604 melodias
2720 3548 2971 3602 intonant
2998 3562 3013 3600 :

2330 3638 2483 3706 Quod
2516 3653 2620 3693 non
2645 3635 2779 3692 vidit
2798 3635 2921 3706 quis
2943 3633 3155 3701 oculus,

2332 3730 2443 3788 Nec
2474 3730 2623 3785 auris
2655 3729 2839 3784 audita
2871 3727 3038 3797 capit,

2330 3823 2442 3881 Nec
2463 3824 2516 3879 in
2540 3838 2635 3878 cor
2661 3829 2839 3893 potest
2870 3820 3067 3876 cadere

2330 3922 2540 3992 Quanta
2565 3917 2767 3973 fuerint
2794 3915 2988 3989 gaudia

2330 4013 2429 4071 Vel
2457 4028 2618 4085 quam
2649 4008 2870 4083 grandis
2901 4005 3087 4062 laetitia

2330 4106 2467 4161 Dum
2494 4103 2719 4159 redeunt
2750 4103 2818 4155 ad
2844 4110 3074 4166 superos

2330 4202 2524 4261 Mortis
2541 4208 2741 4268 erepta:
2770 4194 2996 4264 tumulo.

2331 4297 2378 4356 0
2400 4298 2553 4361 Iesu,
2590 4296 2727 4350 boue
2757 4289 2987 4349 Domine
3012 4288 3029 4341 ε

2332 4389 2467 4459 Quis
2508 4400 2563 4445 te
2593 4385 2815 4445 laudare
2851 4394 3087 4453 congrue

2332 4482 2576 4551 Usquam
2607 4483 2783 4548 potest
2806 4472 2892 4531 vel
2918 4470 3145 4542 poterit,

2331 4572 2436 4640 Qui
2467 4567 2742 4625 misereris
2771 4565 3019 4627 miseris,

2331 4670 2433 4739 Qui
2464 4668 2706 4738 ingratos
2733 4668 2789 4718 et
2817 4658 3056 4729 perditos

2334 4757 2587 4815 Reduces
2623 4749 2758 4807 facis
2785 4744 3054 4817 superos?

2330 4851 2414 4907 Ad
2441 4841 2667 4903 visionis
2692 4840 2963 4897 somnium

2334 4942 2544 5014 Stylum
2567 4939 2849 5001 flectamus
2873 4929 3105 4986 indicem

2333 5034 2435 5102 Qui
2470 5048 2599 5088 vere
2628 5036 2819 5093 narrat
2852 5024 3101 5081 ordinem

2336 5126 2575 5180 \‘isionis
2595 5120 2923 5179 mirabilem.

2334 5215 2467 5269 Cum
2496 5229 2644 5284 ergo,
2675 5212 2803 5265 dum
2831 5210 2947 5264 lucc
2972 5218 3253 5262 cernerem

2336 5307 2399 5361 Et
2420 5306 2659 5377 gaudens
2681 5300 2819 5373 pede
2844 5313 3145 5375 pergerem,

1793 5494 1972 5541 rostro
2015 5484 2262 5539 deferens
2302 5479 2589 5550 ampullam
2629 5477 2864 5550 cmlestis
2914 5474 3058 5550 doni
3084 5470 3378 5550 chrismate

1793 5557 2073 5626 repletam.
2117 5573 2135 5605 ι
2183 5541 2479 5626 Flodoai'd,
2523 5549 2761 5626 Historia
2817 5545 3177 5626 Rernensishl.
3215 5560 3257 5607 ι,
3283 5541 3374 5596 ch.

1794 5613 1888 5690 13';
1920 5639 2088 5696 voyez
2120 5622 2262 5678 aussi
2296 5613 2570 5696 llincutar,
2604 5619 2795 5696 Opera,
2829 5628 2869 5696 t._
2896 5617 2939 5696 _l,
2965 5632 3024 5696 p._
3046 5613 3169 5668 7M.

1865 5681 1941 5763 ('2)
1966 5681 2110 5750 C‘est
2147 5710 2251 5751 unc
2280 5681 2669 5750 reminiscencc
2705 5681 2797 5746 des
2833 5681 3186 5759 Georgiques,
3226 5681 3260 5737 l.
3298 5694 3377 5750 Iv,
