3900 6322
574 318 679 379 ΒΗ
1249 323 1421 379 ΒᾸΖΟ.
1452 321 1521 377 XI
1563 320 1768 378 AUCT.
1812 317 2114 376 INCERTI.

2243 316 2269 373 il
2292 317 2381 373 ET
2405 316 2673 373 SCRIPT.
2704 315 2927 375 ’Aaszn.
3700 330 3783 390 ω

577 441 767 499 Carnis
794 451 986 513 putans
1014 454 1098 494 me
1127 437 1368 509 pondere

574 532 693 589 Jam
724 534 1006 589 liberatum
1037 543 1267 601 corpore

576 623 782 679 Sereno
806 622 953 677 vultu
982 622 1225 693 placidus

578 713 659 769 Me
696 722 826 769 tunc
856 715 1099 783 respexit
1122 715 1417 771 Dominus:

580 824 600 856 α
637 805 753 874 Quo
785 815 836 861 tu
862 806 1017 862 laetus
1044 810 1385 879 progrederis
1414 809 1441 861 ?

575 928 645 940 —
670 896 746 954 Te
773 913 992 970 sequor,
1034 901 1286 970 splendor
1316 900 1557 967 luminis,

575 986 867 1042 Admirans
896 995 1099 1042 tantam
1130 988 1377 1060 gloriam,

574 1078 738 1148 Cujus
757 1090 883 1151 opto
903 1081 1224 1153 participem

571 1168 655 1224 Me
688 1169 801 1223 ﬁeri
839 1185 905 1225 ac
930 1170 1158 1225 socium.
1198 1188 1216 1223 ι

569 1258 660 1314 llle
682 1259 914 1330 benigne
934 1260 1112 1316 intulit
1137 1278 1159 1315 :

571 1379 643 1391 -—
674 1370 693 1402 ι
732 1350 875 1406 Siste
901 1351 1125 1421 gradum
1154 1352 1472 1423 quantocius

569 1442 647 1497 Ne
678 1445 938 1513 procedas
976 1444 1218 1501 ulterius.

572 1531 677 1587 Sed
706 1536 815 1589 redi
849 1539 1262 1603 monasterium;

573 1625 820 1681 Nondum
864 1640 1075 1698 tempus
1111 1631 1257 1685 venit
1286 1638 1456 1686 tuum.
1493 1650 1512 1684 ι
1541 1661 1609 1673 --

571 1721 683 1789 Ego
710 1722 784 1776 nil
805 1739 968 1779 ausus
989 1724 1189 1787 dicere,

568 1811 705 1877 Quid
732 1814 873 1868 enim
896 1816 1272 1871 contradicere

568 1902 661 1958 Vel
692 1906 818 1973 quid
846 1907 1044 1961 mutire
1068 1908 1369 1976 cuperem?

565 1994 685 2050 Uno
710 1997 873 2051 verbo
899 1998 1156 2065 conticui,

564 2089 729 2145 Totus
761 2092 811 2146 in
840 2109 925 2148 me
947 2095 1249 2151 contremui
1278 2113 1291 2150 :

560 2211 632 2221 —
661 2201 679 2235 ε
721 2183 835 2251 Qua
867 2187 949 2239 via
985 2201 1227 2257 pergam,
1259 2186 1521 2244 Domine!

561 2304 632 2315 —
652 2275 767 2342 Qua
789 2278 986 2333 venisti
1011 2281 1315 2350 regredere,

562 2399 633 2409 ——
659 2366 763 2423 Tot
791 2369 973 2426 hostes
1002 2372 1116 2427 vias
1143 2372 1402 2442 saepiunt!

564 2457 621 2511 Si
656 2458 802 2513 solus
830 2460 957 2516 hinc
986 2461 1281 2533 regredior,

565 2548 682 2605 Non
712 2560 957 2607 revertar
981 2552 1049 2608 ad
1078 2569 1323 2624 superos.
1358 2574 1378 2609 ι
1403 2586 1475 2597 -

563 2637 656 2693 Ille
687 2648 813 2695 tunc
842 2638 987 2694 dicto
1007 2640 1188 2707 citius,

564 2725 852 2783 Sinistram
883 2736 1091 2801 partem
1116 2728 1354 2795 intuens,

564 2817 796 2875 Trucem
827 2822 1000 2877 cernit
1023 2820 1334 2893 imaginem,

562 2909 784 2980 Nigram
808 2920 863 2967 et
893 2911 1211 2967 diabolicam
1236 2928 1252 2979 ;

563 3001 743 3057 lnnuit
765 3003 888 3058 huic
920 3004 1089 3074 digito
1117 3021 1134 3059 :

560 3126 632 3135 —
664 3115 683 3147 ‹
722 3095 888 3151 Serve
927 3112 1180 3167 nequam,
1207 3097 1493 3153 accedito!

564 3189 733 3243 Serve
769 3189 928 3258 male,
962 3191 1065 3246 hoc
1091 3190 1255 3249 facito
1283 3192 1295 3245 !
1343 3210 1362 3245 ›
1395 3223 1465 3232 —-

560 3278 885 3336 Potestative
915 3282 1144 3351 imperat
1167 3298 1181 3336 :

560 3404 630 3414 —
654 3392 673 3425 ‹
710 3372 863 3429 Ilunc
890 3390 1081 3430 sanum
1111 3383 1165 3430 et
1193 3375 1518 3433 incolumem

563 3466 807 3521 Fratrem
841 3467 1005 3523 reduc
1036 3468 1106 3522 ad
1124 3469 1381 3538 patriam,

559 3556 624 3610 Et
655 3555 718 3611 ad
751 3565 995 3613 sanctum
1025 3556 1329 3630 Remigium

561 3646 743 3703 Reduc
763 3650 870 3704 cito
891 3650 1034 3705 lumc
1057 3652 1405 3709 monachum.

564 3740 695 3795 Vide
727 3756 793 3794 ne
822 3743 1105 3812 quisquam
1141 3751 1349 3811 noceat,

563 3832 670 3885 Sed
703 3831 1002 3900 impavidus
1031 3834 1235 3898 redeat,

562 3920 747 3991 Neque
780 3923 852 3977 tui
876 3924 1185 3981 consimiles

561 4012 716 4067 illum
749 4025 970 4085 tangant
995 4016 1079 4071 vel
1109 4017 1321 4073 leviter.
1357 4037 1375 4072 ›
1422 4050 1475 4064 -

561 4104 869 4161 Comitante
897 4105 1111 4162 diabolo

560 4194 653 4252 Sic
677 4197 931 4253 dimissus
954 4213 982 4251 a
1016 4198 1279 4267 Domino;

560 4285 917 4341 Commiserat
939 4302 1095 4343 ovem
1125 4288 1270 4360 lupo,

559 4374 664 4429 Sed
689 4377 871 4432 fauces
899 4379 1069 4435 malas
1097 4382 1389 4438 strinxerat

559 4468 627 4522 Et
656 4467 947 4524 Leviathan
974 4472 1242 4540 vinxerat,

557 4560 723 4629 Cujus
749 4562 932 4617 latices
954 4563 1277 4620 saevissimas

558 4654 734 4724 Atque
764 4664 951 4725 guttur
974 4657 1369 4726 nequissimum

555 4743 732 4799 llamo
770 4743 1066 4815 perforavit
1085 4761 1207 4801 suo.

553 4834 711 4889 Tunc
734 4834 895 4889 simul
932 4837 1097 4891 chaos
1117 4837 1280 4893 Erebi

554 4926 848 4990 latrantes.
880 4942 1171 4985 occurrunt
1197 4932 1323 4988 mali

556 5019 896 5089 Spiritusque
927 5021 1277 5092 nequissimi,

553 5107 653 5176 Qui
690 5112 975 5167 redeuntes
1003 5112 1275 5183 proprias,

552 5198 723 5253 Sedes
752 5200 972 5267 habent,
1000 5201 1094 5257 sed
1125 5217 1355 5269 vacuas;

554 5284 708 5341 Unde
733 5291 902 5358 magis
925 5299 1088 5360 atque
1106 5292 1281 5364 magis

623 5416 746 5496 [flet
768 5430 991 5488 noctem,
1018 5438 1265 5496 ramoque
1288 5427 1472 5483 sedem
1496 5426 1793 5484 miserabile
1815 5441 2024 5480 carmen

622 5487 854 5568 [luet/rat
881 5501 933 5568 et
962 5487 1154 5548 nucetis
1178 5487 1293 5568 'Iate
1323 5499 1439 5551 loca
1469 5502 1737 5568 questibus
1766 5496 1963 5562 implet.

622 5558 698 5638 (ᾗ)
729 5561 982 5638 Ansellus
1004 5578 1077 5638 se
1117 5567 1350 5638 rappclle
1399 5558 1558 5625 ici'la
1589 5581 1688 5628 str.
1720 5568 1755 5622 2
1782 5558 1850 5624 du
1888 5566 2076 5638 poéme
2100 5566 2134 5622 5

550 5630 621 5688 du
646 5631 735 5684 liv.
780 5645 838 5686 ιιι
869 5634 963 5688 des
994 5634 1135 5690 Odes
1162 5630 1427 5694 d‘llorace
1456 5657 1469 5693 :

692 5724 814 5797 (lux
844 5727 1059 5797 inquieti
1084 5730 1324 5783 turbidus
1361 5731 1602 5794 "attrita,

693 5796 803 5851 Nec
835 5796 1165 5865 fulminantis
1199 5819 1389 5871 magna
1432 5819 1619 5857 manus
1649 5802 1811 5867 Iovis,

1686 436 1815 491 Plus
1843 435 2121 492 tabescant
2141 435 2196 491 in
2228 435 2488 492 tenebris.

1689 529 1888 585 Dentes
1911 529 2181 600 stringunt
2206 543 2329 584 cum
2363 529 2601 595 fremitu,

1694 624 1862 678 Voces
1886 632 2068 677 torvas
2087 638 2209 677 cum
2239 623 2444 693 gemitu

1690 710 1846 776 Dant,
1878 720 2265 765 tormentorum
2296 711 2473 765 socios

1686 799 1814 855 Diro
1843 800 2078 856 clamore
2106 801 2402 867 concitant,

1683 896 1921 953 Aduncis
1949 906 2009 952 ut
2044 913 2128 952 me
2156 896 2407 952 manibus

1685 987 1753 1041 Et
1773 988 1983 1042 uncinis
2005 988 2361 1042 candentibus

1685 1080 1769 1135 Ille
1799 1081 2010 1151 rapiant
2030 1081 2310 1143 attentius,

1688 1170 1862 1226 Unum
1892 1188 1992 1242 pro
2032 1171 2215 1226 nudtis
2250 1181 2308 1226 ut
2338 1179 2497 1241 caput

1683 1261 1879 1318 Pmnas
1907 1263 2019 1317 luat
2049 1278 2154 1316 non
2186 1263 2424 1316 meritas.

1684 1352 1809 1417 Sed,
1834 1354 1877 1408 si
1902 1353 2105 1409 fractus
2127 1352 2275 1409 orbis
2308 1362 2428 1407 ruat
2467 1353 2542 1424 (5)

1682 1445 1749 1500 Et
1781 1447 1976 1500 ccelnm
2006 1464 2126 1502 cum
2160 1457 2301 1503 terra
2329 1449 2506 1514 cadat,

1681 1537 1749 1593 Et
1769 1554 1927 1593 omne
1949 1539 2105 1594 simul
2136 1549 2320 1609 pereat

1682 1626 1835 1692 Quod
1862 1637 2056 1682 natura
2095 1630 2445 1685 consalidans

1684 1716 1912 1790 Stringit
1944 1720 2275 1777 irresolubili

1681 1809 1929 1875 Vinculo,
1959 1826 2096 1865 nexu
2126 1812 2406 1880 quadrupli
2438 1813 2516 1884 (5)

1678 1901 1764 1957 Me
1788 1902 1984 1958 ferient
2013 1904 2337 1972 impavidum

1685 1990 1882 2046 Christi
1906 1993 2049 2062 regis
2070 1993 2378 2047 diaconum.

1682 2076 1832 2138 Tunc
1859 2083 2055 2137 ductor
2085 2084 2257 2138 malus
2294 2092 2496 2140 caetero

1687 2173 1929 2243 Alloquio
1956 2182 2121 2227 terret
2149 2189 2251 2229 suo
2281 2190 2299 2228 :

1580 2268 1597 2287 κ
1686 2281 1705 2315 ι
1736 2264 1792 2318 Si
1822 2279 1916 2319 vos
1941 2267 2083 2320 hunc
2117 2266 2291 2321 solum
2322 2266 2521 2323 laedere

1678 2353 1818 2409 Malo
1841 2356 2005 2412 vultis
2026 2356 2330 2419 conamine,

1679 2448 1818 2517 Quid
1842 2450 2078 2518 facietis,
2111 2452 2318 2517 miseri,

1678 2543 1817 2598 Dum
1852 2541 2103 2601 Christus
2123 2544 2232 2601 hue
2256 2547 2525 2602 redierit?

1678 2633 1757 2690 Ne
1784 2638 2019 2709 tangatis
2044 2638 2329 2708 prohibeo,

1676 2725 1787 2783 Nec
1810 2728 2014 2785 laedatis
2037 2728 2190 2786 vobis
2218 2740 2362 2786 veto.

1678 2816 1911 2875 Sinitote
1932 2821 2077 2877 hunc
2101 2836 2333 2892 pergere

1677 2908 1795 2976 Quo
1824 2909 2034 2980 jussum
2061 2922 2147 2969 est
2177 2928 2207 2967 a
2226 2912 2475 2983 principe

1676 3001 1776 3067 Qui
1802 3017 1899 3055 nos
1924 3010 2092 3058 terret
2115 3017 2213 3058 sua
2236 3018 2418 3071 cruce,

1678 3090 1841 3158 Cujus
1863 3092 2039 3148 virtus
2064 3093 2323 3153 terribilis

1678 3185 1774 3239 Est
1804 3186 1957 3242 nobis
1983 3184 2361 3252 formidabilis,

1679 3282 1849 3348 Quam
1878 3281 2107 3338 sull'erre
2132 3298 2241 3339 non
2261 3299 2542 3354 possumus

1677 3373 1787 3429 Nec
1812 3375 2091 3430 nominare
2110 3377 2378 3432 volumus.

1676 3462 1871 3519 Noster
1892 3467 2144 3537 princeps
2173 3483 2280 3523 non
2315 3469 2549 3539 sapiens,

1677 3556 1811 3609 Dum
1841 3558 2025 3611 carnis
2053 3558 2198 3615 videt
2227 3569 2478 3631 tegumen

1676 3645 1875 3701 Purum
1904 3649 2113 3716 putavit
2138 3649 2430 3717 hominem,

1674 3733 1934 3805 Ignorans
1958 3737 2050 3790 Dei
2078 3736 2276 3792 Filium

1677 3826 1855 3880 Carne
1878 3840 1998 3881 esse
2020 3827 2418 3884 absconditum.
2460 3847 2483 3882 ι

1675 3916 1771 3972 His
1793 3920 1973 3974 verbis
2002 3920 2166 3977 duros
2192 3922 2468 3993 mitigans,

1674 4007 1905 4064 Tantum
1935 4012 2148 4080 pavoris
2170 4012 2365 4068 incutit

1677 4101 1745 4158 Ut
1776 4119 1873 4175 per
1905 4107 2057 4178 ignes
2086 4109 2400 4169 teterrimos

1676 4196 1744 4251 Et
1770 4212 1866 4267 per
1897 4199 2122 4255 telorum
2153 4202 2322 4271 acies,

1675 4286 1755 4343 Ac
1776 4278 1875 4358 per
1898 4289 2083 4361 nigras
2109 4293 2417 4365 voragines,

1674 4378 1877 4437 llltesus
1899 4391 1953 4437 et
1976 4382 2261 4439 incolumis

1679 4467 1865 4527 Sancti
1896 4473 2062 4529 sistor
2079 4473 2311 4549 Remigii

1674 4564 1818 4621 Infra
1842 4576 1991 4638 septa
2022 4571 2254 4626 cumobil

1592 4676 1597 4681 ο
1674 4658 1891 4716 Tutoris
1917 4677 2017 4730 ope
2046 4663 2265 4731 pessimi

1672 4749 1772 4817 Qui
1798 4766 1885 4807 me
1911 4752 2146 4806 nondum
2173 4755 2432 4811 deseruit.

1676 4840 1852 4911 Super
1876 4842 2045 4897 altare
2077 4845 2322 4912 prmsulis

1674 4932 1902 4988 Tcxtum
1932 4933 2141 5003 depono
2172 4936 2403 5003 Domini,

1670 5024 1871 5081 Deinde
1895 5040 2037 5095 pono
2058 5028 2298 5083 casulam

1670 5116 1845 5187 Super
1872 5117 2060 5172 altaris
2090 5119 2323 5174 tabulam

1671 5203 1804 5259 Cum
1829 5203 1989 5270 stola,
2015 5204 2191 5260 albam
2223 5207 2431 5275 pariter

1670 5291 1807 5347 Tum
1834 5294 2043 5362 depono
2062 5295 2342 5364 celeriter;

2800 434 2915 490 Dux
2944 452 3031 492 me
3060 437 3237 493 malus
3260 452 3369 493 non
3394 439 3583 497 deserit

2800 527 2985 599 Usque
3008 529 3075 582 ad
3107 529 3286 587 locum
3317 532 3513 588 lectuli.

2796 618 2993 675 Statim
3024 631 3079 676 ct
3103 637 3133 677 e
3153 624 3385 695 vestigio

2786 710 3003 784 Corpus
3027 714 3079 767 in
3103 723 3335 769 stratqu
3365 716 3582 772 colloco.

2796 805 2957 860 Astat
2977 823 3102 861 cum
3137 808 3307 878 nigris
3332 808 3576 864 dentibus

2798 897 3005 953 Etcum
3036 899 3227 953 solutis
3256 900 3513 966 crinibus,

2799 984 2930 1039 Cum
2958 986 3129 1042 oculis
3153 988 3483 1058 sanguineis,

2803 1078 2939 1136 Urso
2969 1082 3105 1151 pede
3131 1081 3479 1149 consimilis,l

2800 1170 3014 1243 Ungues
3035 1172 3250 1227 leonum
3281 1174 3541 1242 similans,

2796 1256 3012 1332 Nigrum
3038 1277 3260 1332 capram
3295 1264 3404 1332 pilo
3425 1278 3643 1335 gerens:

2794 1380 2863 1391 ——
2895 1369 2912 1402 ‹
2951 1350 3065 1406 Fac
3098 1367 3187 1405 me
3214 1363 3521 1410 consortem
3547 1355 3703 1411 lectuli

2794 1442 2893 1509 Qui
2924 1442 2996 1496 fui
3026 1444 3130 1497 dux
3158 1444 3399 1509 itineris;

2793 1537 2872 1593 Ne
2906 1540 3145 1595 verearis
3175 1541 3383 1595 socium

2792 1630 3055 1702 Recipere
3081 1631 3136 1686 in
3174 1634 3437 1701 gremium
3468 1648 3486 1686 :

2795 1722 2927 1791 Quis
2953 1724 3005 1777 in
3027 1723 3113 1777 via
3138 1740 3244 1778 non
3275 1726 3459 1781 nocuit

2796 1812 2852 1867 In
2876 1814 3074 1870 lectulo
3103 1830 3209 1871 non
3235 1817 3453 1884 poterit.
3502 1834 3524 1863 δ

2799 1905 2908 1975 Ego
2931 1907 3130 1970 audax,
3163 1922 3268 1961 non
3301 1907 3540 1973 timidus,

2796 1994 3019 2049 Christo
3037 1995 3229 2057 fidens,
3256 2010 3367 2050 non
3388 1997 3622 2063 viribus,

2796 2085 2994 2141 Vcrtor
3024 2087 3075 2140 in
3104 2089 3298 2141 dextro
3333 2087 3537 2151 latere;

2796 2178 3000 2233 Locum
3033 2180 3106 2234 de
3144 2195 3307 2249 quam
3330 2180 3634 2235 celerrime.

2796 2269 2992 2325 Pedem
3019 2272 3169 2341 ponit
3198 2272 3250 2326 iu
3272 2272 3536 2327 stramine

2797 2362 2870 2437 O_s
2894 2364 2975 2418 ori
3007 2379 3143 2433 pene
3167 2363 3437 2435 jungitur,

2794 2452 3032 2507 Alternis
3058 2452 3238 2508 verbis
3262 2453 3553 2523 loquimur.

2797 2547 3034 2601 Securus
3063 2545 3130 2600 de
3159 2545 3381 2601 Christo
3409 2561 3562 2607 meo.

2794 2635 2947 2690 Illum
2972 2634 3114 2690 haud
3146 2634 3280 2690 nihil
3318 2645 3502 2692 metuo
3531 2653 3550 2689 :

2710 2762 2713 2767 ~
2795 2766 2867 2779 —-
2898 2755 2918 2789 ‹
2968 2738 3065 2793 Dic
3093 2778 3109 2804 ,
3158 2740 3328 2793 sodes
3371 2736 3579 2811 [sodes]
3624 2734 3778 2792 etdux

3510 2829 3747 2903 [pessime

2790 2919 3048 2977 Veritatis
3058 2923 3343 2978 contrariae
3366 2922 3606 2995 [veritati
3622 2932 3779 2977 contra

3573 3011 3746 3088 [τίεη.

2791 3102 2920 3168 Quae
2943 3118 3120 3157 causae
3146 3117 3291 3158 nunc
3318 3103 3631 3158 exstiterint

2799 3194 2891 3248 Vel
2924 3195 3213 3274 quteratio
3240 3194 3408 3249 fuerit

2794 3292 2975 3360 Quare
3009 3293 3263 3348 Christus
3293 3293 3359 3347 ad
3385 3292 3593 3348 inferos

2794 3381 3177 3447 Descenderit,
3206 3398 3313 3450 quo
3338 3381 3556 3437 animas

2794 3471 2961 3527 Vobis
2985 3473 3195 3528 tolleret
3219 3475 3475 3541 miseras,

2792 3562 2860 3616 Et
2882 3562 2947 3616 de
2973 3563 3252 3617 sen‘ittrtis
3266 3561 3401 3633 iugo

2793 3650 2997 3706 Tantos
3026 3652 3275 3707 redderet
3302 3653 3529 3717 liberos,

2794 3745 3006 3801 Peccati
3038 3746 3183 3801 mole
3219 3748 3473 3818 gravidos

2794 3835 2990 3891 Vestro
3018 3837 3233 3891 tolleret
3253 3838 3465 3909 jugulo.

2794 3925 2963 3984 Miror
2991 3930 3240 3999 equidem
3276 3933 3506 3986 nimium

2708 4058 2711 4061 ν
2794 4023 2926 4101 Tam
2967 4026 3202 4082 validum
3237 4027 3525 4098 imperium

2796 4110 2890 4168 Sic
2922 4111 3127 4169 fractos
3157 4123 3343 4183 postes
3371 4114 3583 4171 ferreos

2791 4201 2964 4259 Unius
2990 4204 3236 4261 Christus
3271 4207 3462 4277 digito.
3501 4226 3523 4260 ι

2789 4296 2909 4366 Ipse
2938 4297 3271 4361 infrendens,
3297 4299 3618 4363 barbarum,

2750 4378 2761 4383 ’
2791 4391 3157 4457 Horrendum,
3186 4408 3467 4458 resonans,
3500 4404 3706 4458 tetrum,

2792 4480 2899 4537 Ore
2939 4481 3172 4538 distorto
3204 4483 3396 4553 incipit

2788 4571 3087 4642 Labrisque
3115 4573 3300 4629 fi'etnit
3322 4575 3572 4630 tremulis
3598 4593 3613 4629 :

2786 4692 2859 4704 —
2900 4680 2919 4714 ι
2955 4664 3094 4718 Audi
3112 4679 3278 4734 nunc,
3310 4666 3453 4722 male
3478 4668 3736 4732 monacho,

2784 4753 2931 4807 Aure
2969 4754 3150 4809 cordis
3172 4764 3227 4810 et
3250 4758 3470 4826 percipe
3494 4798 3509 4821 ,

2786 4840 2925 4897 Vera
2952 4843 3153 4899 invitos
3177 4845 3367 4901 intimo

2785 4933 2938 5000 Quod
2975 4936 3096 5007 (sic)
3124 4936 3302 4993 celare
3330 4940 3428 4994 sed
3460 4956 3701 5013 nequeo:

2784 5024 2919 5079 Nam
2942 5043 3123 5082 meum
3147 5044 3255 5084 non
3284 5040 3367 5085 est
3397 5031 3586 5088 dicere

2786 5112 2938 5181 Quod
2966 5132 3153 5171 verum
3178 5130 3268 5176 est.
3286 5121 3600 5178 omnimode

2784 5211 3074 5269 Pontiﬁces
3098 5216 3375 5286 sacrilegi.

2785 5303 3022 5361 Abbates
3046 5322 3249 5362 normae
3270 5310 3463 5377 nescii,

2387 5429 2447 5504 Si
2477 5430 2677 5501 fractus
2708 5432 2959 5488 illabntur
2982 5438 3155 5504 orbis,

2383 5501 2715 5570 Impavidum
2743 5505 2929 5573 ferient
2959 5501 3146 5564 ruinae.

2314 5592 2391 5661 (4)
2416 5592 2700 5650 Peut—étre
2737 5595 2924 5653 iant-il
2950 5598 3089 5655 lire:

2396 5684 2598 5753 Vincla,
2626 5705 2762 5743 nexu
2790 5691 3143 5762 quadruplici.

2246 5777 2542 5849 Quadrupli
2572 5798 2805 5853 manque
2844 5784 2979 5840 dans
3007 5793 3127 5842 tous
3153 5786 3229 5842 les
3253 5787 3565 5859 glossaircs.
