3900 6322
504 344 601 402 ost
1321 341 1493 399 sane.
1528 343 1598 398 ιι
1627 343 1666 398 Α
1684 338 1836 399 ucr.
1870 339 2145 398 tNCERTl
2164 341 2325 398 ANNl
2342 341 2440 399 nr
2472 340 2742 399 sempr.
2779 322 2988 401 manu
3635 343 3733 404 ea

502 457 669 514 Nobis
697 446 858 512 fuerit
880 454 1126 520 mniulus,

504 546 571 605 Et
596 562 691 603 vos
720 546 875 602 nobis
902 544 1221 615 praetulerit,

500 642 567 697 Et
592 640 868 698 chariOres
890 640 1099 695 fuerit.

496 730 579 783 Ad
608 729 721 784 haec
749 727 1025 797 respondit
1049 726 1363 793 monachus,

499 820 769 873 Constans
795 826 956 888 atque
992 817 1293 887 intrepidus
1320 834 1335 871 :

498 911 575 965 'l‘u
614 922 716 980 pro
751 916 840 963 tua
872 907 1128 979 superbia

495 1006 676 1074 Atque
704 1004 889 1060 cordis
922 1002 1177 1069 audacia,

496 1095 760 1163 Vanaque
798 1092 1114 1148 extollantia

494 1182 787 1238 Perdidisti
820 1182 1087 1248 coelestia,

495 1274 635 1329 Dum
662 1284 862 1345 putans
892 1272 1102 1346 {putas}
1136 1273 1246 1330 Deo
1269 1273 1465 1330 similis

496 1364 607 1419 Per
642 1365 954 1435 superbiam
985 1364 1099 1419 fieri
1121 1382 1135 1431 ;

498 1461 569 1515 Et
591 1461 658 1517 de
689 1461 836 1516 claro
872 1461 1199 1531 arcliangeio

495 1551 698 1608 Factus
725 1568 783 1608 es
812 1554 965 1624 niger
992 1552 1261 1623 Aittiiops.

496 1645 557 1700 Si
582 1647 755 1701 nostri
786 1646 879 1701 Dei
909 1648 1124 1701 bonitas

500 1737 682 1806 Atque
711 1737 1082 1793 misericordia

494 1825 663 1882 Nobis
684 1829 851 1881 donat
874 1828 1017 1897 quod
1049 1827 1285 1882 tumidus

494 1927 669 1997 Atque
697 1937 750 1982 tu
778 1930 956 1999 perdis
990 1929 1252 1997 turgidus,

491 2022 602 2079 Nos
620 2024 851 2082 humiles
876 2026 1239 2096 acquiramus.

494 2112 633 2179 Quid
666 2115 831 2171 refert
859 2127 917 2172 ut
944 2126 998 2171 tu
1038 2118 1227 2173 doleas

493 2200 603 2257 Nos
639 2202 756 2257 ﬁeri
781 2206 928 2273 quod
949 2204 1172 2261 fueras?
1208 2226 1227 2259 ι
1264 2236 1332 2247 --

492 2289 683 2346 Plures
704 2308 984 2349 sermones
1014 2296 1313 2365 sparsimus
1350 2316 1363 2351 :

494 2380 573 2436 Ac
602 2382 668 2436 de
691 2383 873 2437 multis
896 2387 1072 2453 questi
1101 2396 1290 2442 sumus

494 2467 626 2535 Qua:
650 2469 889 2525 tulerunt
919 2473 1189 2528 insomnia

494 2556 564 2611 Et
594 2572 624 2611 a
655 2560 834 2615 cordis
861 2561 1123 2616 memoria

494 2644 763 2703 Oblivioni
800 2648 1019 2705 tradita.

491 2742 688 2797 Adhuc
717 2758 883 2797 unum
910 2744 1163 2814 quiddam
1195 2752 1379 2800 manet

494 2829 650 2897 Quod
680 2833 831 2887 vobis
859 2833 1031 2903 stylus
1059 2833 1261 2889 deferet

494 2919 569 2977 Ut
598 2922 834 2979 audiatis
855 2923 1050 2989 seduli,

568 3075 645 3154 (9)
685 3075 722 3129 ll
748 3091 997 3154 vauuratt
1021 3078 1366 3154 mieuxpour
1406 3082 1455 3137 le
1483 3096 1607 3138 scus
1635 3094 1741 3154 que
1780 3078 1886 3135 l’on
1913 3076 2085 3133 eban-

497 3146 620 3212 geait
646 3161 746 3220 ces
766 3147 1051 3220 deugvers
1081 3150 1145 3205 de
1178 3146 1327 3220 place
1368 3170 1381 3204 :

708 3216 849 3289 Qum
883 3216 1085 3274 VENITE
1115 3216 1460 3289 protrahitur,

711 3285 815 3360 Qui
846 3304 1049 3343 morose
1077 3285 1202 3342 dum
1234 3285 1461 3360 canitur,

714 3354 947 3429 Quartus
976 3370 1022 3412 et
1054 3361 1444 3429 nonagesimus,

716 3424 863 3499 Tum;
887 3429 1015 3481 satis
1045 3424 1450 3499 potes'surgerc’.

567 3491 701 3575 Mais
724 3494 803 3550 les
828 3496 965 3575 deux
1000 3491 1429 3575 niaiittsci-_its_les
1476 3503 1691 3572 placent
1734 3503 1801 3557 de
1833 3501 1877 3554 la
1911 3497 2085 3575 meme

495 3565 759 3640 maniere,
787 3575 843 3621 et
882 3565 985 3621 l’on
1010 3569 1287 3623 s’e'cartait
1308 3571 1451 3626 alors
1476 3565 1604 3628 satis
1628 3589 1802 3628 aucun
1831 3570 2085 3640 scrupule

818 3639 1194 3702 grammatical
1224 3640 1318 3695 des
1354 3652 1516 3699 mots.

570 3703 682 3771 (10)
720 3705 1135 3762 Probablement
1180 3708 1216 3763 il
1263 3709 1378 3765 faut
1408 3712 1507 3768 lire
1547 3712 1793 3776 auditus;
1825 3708 2082 3781 signierit,

498 3632 565 3686 de
588 3634 787 3689 l’ordre

1619 455 1674 509 Si
1705 454 1857 511 vobis
1888 455 2085 525 placet,
2114 455 2335 511 domini.

1618 550 1771 606 Tunc
1798 532 2029 621 nequam
2059 549 2233 621 inquit
2252 549 2475 621 spiritus
2508 568 2521 603 :

1617 673 1688 683 —
1713 661 1730 694 ι
1762 640 1879 697 Jam
1904 642 2185 698 matutinis
2215 642 2497 707 terminus,

1617 730 2023 802 Appr‘opinquat
2058 730 2353 801 Remigius,

1623 821 1741 889 Quo
1770 821 1955 878 laudes
1989 828 2195 878 vestras
2217 822 2414 878 habeat

1620 916 1688 971 Et
1716 916 1974 972 lectiones
1997 915 2198 971 audiat.

1624 1008 1733 1065 Sed
1756 1018 1806 1065 te
1830 1018 2011 1064 monet
2032 1023 2152 1079 qua:
2184 1006 2394 1080 [quam]
2428 1006 2612 1061 nescio

1622 1101 1968 1156 Consuetudo
1993 1098 2237 1169 improba

1627 1195 1691 1251 Ut
1719 1204 2004 1265 postquam
2041 1194 2263 1248 tinnitus
2304 1197 2420 1248 tuas

1620 1286 1960 1342 Percusserit
1989 1280 2283 1351 auriculas,

1622 1377 1816 1433 Statim
1848 1377 1988 1431 lecto
2014 1375 2225 1440 exiiia's,

1620 1471 1687 1525 Et
1714 1470 1920 1541 primus
1952 1469 2003 1524 in
2030 1466 2255 1524 ecclesia

1623 1560 1679 1616 Si
1708 1568 1881 1631 potes,
1915 1556 2054 1614 citus
2084 1558 2274 1621 abeas;

1621 1654 1756 1710 Nam
1789 1655 1913 1709 dum
1942 1662 2096 1724 potes
2119 1652 2419 1723 quiescere.

1620 1744 1689 1799 Et
1711 1743 1953 1797 membra
1983 1754 2171 1797 somno
2206 1743 2421 1797 tradere

1616 1830 1695 1885 Ac
1726 1829 1955 1884 dulciter
1978 1830 2278 1900 quiescere,

1620 1922 1691 1978 Ut
1723 1921 1956 1987 stultus,
1991 1921 2311 1976 monasterii

1618 2012 1832 2067 Primus
1852 2012 1992 2082 petis
2017 2011 2321 2065 introitum.

1616 2101 1751 2156 Dum
1796 2102 1972 2156 Venite
1992 2101 2341 2173 protralilhir,

1618 2192 1857 2260 Quartus
1879 2202 1932 2247 et
1964 2173 2345 2261 nonagesimus
2371 2190 2469 2261 (9).

1618 2284 1720 2350 Qui
1744 2298 1959 2337 morose
1990 2280 2117 2336 dum
2141 2281 2377 2345 canitur,

1621 2374 1771 2431 Tunc
1799 2376 1934 2430 satis
1961 2384 2117 2445 potes
2142 2386 2364 2443 surgere

1622 2467 1691 2523 Ut
1726 2482 1981 2523 occurras
2015 2462 2067 2521 in
2099 2458 2312 2521 ordine.
2344 2494 2416 2504 —

1619 2558 1752 2614 -Ο
1781 2559 2074 2626 castigator
2106 2557 2353 2627 improbe

1620 2655 1854 2726 Imperet
1883 2654 1980 2709 tibi
2019 2653 2281 2708 Dominus

1619 2744 1897 2816 Nusquam
1927 2752 1980 2797 tu
2008 2744 2146 2797 bene
2174 2742 2399 2809 habeas,

1621 2832 1727 2887 Sed
1761 2844 1977 2899 semper
2006 2829 2165 2883 bonis
2195 2842 2407 2894 careas,

1616 2925 1717 2991 Qui
1754 2923 1950 2979 suades
1985 2929 2044 2976 ut
2074 2920 2349 2977 dormiens

2730 453 2932 512 Contra
2960 451 3201 523 regulam
3231 452 3415 509 faciam

2732 548 2861 615 Quae
2884 545 3038 616 jubet
3062 562 3160 602 nos
3192 562 3315 602 mox
3338 563 3551 618 surgere,

2734 637 2805 692 Ut
2837 636 3062 692 tinnitus
3085 638 3333 707 signierit

2734 728 2960 784 Auritus
2991 727 3104 800 (10)
3134 729 3204 783 ab
3226 729 3475 785 auriculis

2737 816 2892 872 Tunc
2921 825 3006 872 est
3029 832 3253 872 necesse
3283 818 3527 875 fratribus

2740 911 2810 968 Ut
2840 920 3132 965 occurrant
3152 926 3318 979 quam
3342 911 3520 975 citius;

2742 1004 2798 1061 Si
2830 1004 2959 1075 quid
2988 1013 3045 1059 tu
3080 996 3241 1069 male,
3288 1004 3525 1074 pervigil,

2743 1095 3176 1150 Dumdormiunt
3199 1096 3456 1160 suaseris,

2697 1228 2701 1233 .
2738 1182 2853 1241 Hoc
2876 1183 3108 1240 deﬂeant
3135 1201 3261 1240 cum
3288 1185 3530 1254 Iaciymis

2738 1274 2879 1328 Ante
2906 1281 3257 1341 conspectum
3288 1271 3524 1334 Domini,

2734 1362 2849 1419 Sed
2868 1364 2996 1434 quid
3024 1372 3076 1418 te
3105 1374 3353 1418 nostrum
3379 1378 3564 1417 canere

2738 1450 2982 1521 Spectat,
3016 1449 3141 1520 lupe
3166 1460 3287 1505 trux
3323 1450 3544 1520 pessime
3567 1449 3749 1519 (tl).—

2740 1570 2796 1581 -
2838 1540 2949 1611 Ego
2977 1556 3140 1596 curro
3167 1556 3264 1611 per
3289 1540 3472 1595 omnia

2742 1631 2810 1684 Et
2833 1631 2954 1685 volo
2982 1630 3139 1686 velox
3170 1646 3297 1687 aera
3316 1646 3334 1697 ;

2740 1726 2875 1782 Sum
2914 1726 3153 1783 velocior
3181 1728 3337 1781 Euro

2740 1819 2807 1873 Et
2827 1819 2997 1873 lustro
3024 1820 3393 1884 menastcria;

2741 1910 2797 1965 Si
2829 1926 2988 1980 quem
3019 1927 3199 1965 meum
3225 1912 3519 1981 reperiam,

2740 2003 3010 2074 Quidquid
3042 2004 3166 2059 volo
3195 2006 3298 2060 hoc
3328 2004 3517 2067 faciat.
3543 2032 3619 2045 —

2739 2126 2810 2136 -—
2837 2096 3078 2150 Tandem
3105 2097 3326 2150 modum
3356 2096 3619 2166 nequitia:

2739 2188 2857 2244 Jam
2891 2201 2944 2243 tu
2972 2189 3228 2255 mendax,
3261 2187 3366 2259 ﬁge
3388 2197 3518 2253 tum,

2738 2280 2806 2335 Et
2835 2279 3054 2335 desinas
3078 2278 3459 2349 blasphemiis.
3485 2296 3509 2330 ι

2736 2369 2979 2424 Alternis
2997 2382 3275 2424 cessamus
3294 2367 3468 2437 loqui,

2738 2464 3031 2521 Evanescit
3050 2478 3116 2518 ex
3143 2462 3319 2517 oculis
3336 2503 3353 2527 ,

2744 2555 2986 2612 Sumnus
3010 2554 3195 2626 gravis
3225 2568 3311 2608 me
3337 2552 3581 2620 deserit;

2742 2647 3038 2719 Copulatus
3062 2653 3189 2702 eum
3234 2645 3471 2710 caeteris,

2740 2739 2850 2795 Oro
2875 2739 3047 2794 Deum
3077 2738 3306 2809 Remigii

2740 2826 2812 2883 Ut
2841 2827 3036 2882 visioni
3064 2826 3337 2882 somnium

2737 2917 2927 2975 Faciat
2951 2934 3071 2975 esse
3100 2932 3423 2990 congruum.

2190 3090 2320 3130 aura
2357 3090 2543 3147 sonne,
2575 3090 2645 3131 au
2672 3074 2797 3131 vicil
2827 3074 3095 3131 allemand
3129 3091 3265 3147 sing,
3296 3073 3521 3141 clocbe,
3550 3076 3638 3146 qui
3657 3074 3758 3129 s'cst

2191 3146 2453 3203 conservé
2477 3147 2609 3201 dans
2632 3149 2799 3200 tocsin

2402 3217 2503 3270 Les
2533 3216 2694 3269 clercs
2719 3218 2751 3269 ὰ
2776 3215 2955 3270 liaulte
2980 3218 3095 3270 eois
3120 3225 3168 3270 et
3200 3215 3336 3269 clere

2405 3288 2484 3343 ΤΒ
2511 3288 2662 3341 Βεωι
2700 3291 2982 3342 LAUDAIUS
3012 3287 3319 3340 chante‘rent

2408 3356 2505 3411 Les
2544 3372 2687 3411 SEINS
2715 3367 2762 3410 et
2793 3358 2865 3411 les
2894 3356 3097 3411 cloches
3129 3356 3408 3410 manerent

2262 3426 2314 3509 (1
2326 3429 2374 3497 1)
2414 3428 2554 3509 Dia-ns
2585 3428 2823 3509 [hymne
2852 3426 3182 3509 denFlavius,
3212 3426 3294 3507 {id
3319 3425 3583 3509 foriquem

2190 3584 2339 3638 ya:

2191 3499 2247 3551 in
2272 3494 2431 3553 'Cw'na
2461 3494 2696 3565 Domini,
2746 3497 2884 3568 Opp.
2917 3496 2975 3553 S.
3007 3496 3283 3567 Gregorii,
3316 3506 3358 3550 ι.
3385 3495 3479 3564 ιιι,
3521 3512 3576 3567 p.
3603 3496 3707 3558 334,
3728 3494 3755 3546 il

2480 3637 2625 3693 Trux
2647 3628 2787 3708 lupe.
2818 3628 2853 3691 1
2861 3638 2964 3691 uda
3002 3638 3244 3706 pessime.

2478 3707 2612 3763 Fers
2639 3707 2774 3780 agno
2801 3709 2913 3763 miti
2942 3708 3108 3761 basia.

494 3857 510 3911 ι
3186 3868 3189 3871 ,
3436 3861 3443 3865 ,

1208 4044 1336 4140 DE
1412 4044 1783 4145 MUSICIS
1857 4044 2370 4146 OPUSCULIS
2446 4044 3102 4159 SEQUENTIBUS

1855 4262 2383 4342 MONITUM.

1168 4432 1323 4505 (Dom
1360 4433 1639 4501 Genesar,
1674 4433 1970 4502 Scriptores
1997 4432 2336 4489 ecclesiastici
2358 4434 2423 4492 de
2451 4422 2684 4503 musica",
2719 4443 2761 4492 t.
2799 4436 2842 4505 l,
2874 4432 3119 4506 Prtet'at.)

1921 4576 2315 4591 *-

567 4725 878 4797 Claudimus
927 4726 1103 4797 inquit
1146 4726 1209 4780 D.
1262 4722 1511 4788 Gerbert,
1568 4724 1799 4793 primum
1841 4725 1945 4781 hoc
1978 4723 2326 4797 Collectionis
2374 4732 2573 4797 nostrae
2620 4724 2871 4780 volumen
2909 4726 3072 4782 variis
3108 4726 3557 4785 dimensionibus
3598 4740 3749 4782 motio-

496 4796 711 4861 cbordi,
742 4799 885 4865 quod
921 4797 1342 4867 instrumentum
1375 4810 1475 4849 suo
1512 4810 1579 4849 ex
1609 4797 1828 4867 nomine
1863 4798 2022 4851 unius
2050 4796 2267 4851 chordas
2310 4796 2365 4850 in
2400 4796 2608 4867 theoria
2660 4797 2882 4851 musica:
2912 4797 3112 4851 veteris
3144 4808 3264 4867 post
3317 4800 3560 4855 malleos
3601 4798 3750 4867 Pitba-

499 4881 645 4935 gora:
680 4876 888 4920 certum
915 4876 971 4920 et
1002 4866 1282 4921 infallibile
1310 4866 1722 4921 fundamentum
1753 4866 1857 4920 fuit
1894 4868 1959 4921 ad
2001 4867 2353 4921 inveniendas
2381 4866 2947 4935 demonstrandasque
2983 4866 3376 4923 conso’nantias
3402 4880 3458 4923 et
3506 4866 3752 4925 intervalla

501 4938 729 4991 musica.
759 4937 936 5005 Atque
963 4937 1089 4990 inde
1120 4939 1328 4992 musica
1371 4937 1601 4991 scientia
1629 4936 1696 5006 ad
1743 4937 2120 4992 certitudinem
2168 4936 2612 4992 mathematicam
2655 4939 2912 5005 assurgit,
2957 4938 3244 5006 radiosque
3282 4938 3600 4995 Divinitatis
3634 4936 3753 4991 nobis

504 5016 745 5077 ostentat
780 5004 1121 5074 in'operibus
1152 5017 1380 5070 naturae,
1442 5004 1760 5077 corporibus
1806 5021 2001 5076 nempe
2056 5006 2469 5077 quibuscunque
2510 5006 2745 5071 sonoris,
2780 5004 2837 5060 in
2876 5008 3073 5076 quibus
3099 5004 3303 5063 eaedem
3350 5021 3666 5065 consmnter
3687 5020 3752 5059 n-

506 5075 681 5147 tiones
728 5075 1085 5147 inveniuntur
1114 5076 1419 5131 innumeris
1456 5075 1562 5131 tam
1610 5075 1950 5147 harmonicis
2001 5075 2162 5147 quam
2216 5075 2574 5147 arithmeticis
2600 5117 2613 5138 ,
2653 5084 2709 5132 et
2760 5075 2946 5132 eadem
2984 5078 3205 5147 quidem
3248 5080 3751 5147 demonstratione!!!

505 5145 784 5217 evidentia
807 5147 856 5217 in
886 5146 1126 5215 pondere
1154 5155 1208 5201 et
1244 5162 1518 5212 mensura,
1560 5145 1738 5215 qualis
1782 5147 1837 5200 in
1870 5143 2166 5216 geometria
2218 5146 2449 5201 habetur
2483 5166 2497 5202 :
2527 5147 2724 5217 quibus
2766 5143 3018 5217 omnibus
3063 5150 3130 5202 ad
3182 5150 3352 5206 Deum
3383 5165 3575 5207 rerum
3599 5143 3752 5205 condi-

507 5220 681 5268 torem
711 5215 992 5289 erigimur,
1024 5227 1186 5288 prout
1215 5218 1392 5274 omnia
1421 5220 1476 5273 in
1521 5232 1785 5283 mensura,
1818 5215 2136 5285 et’numero,
2166 5226 2213 5271 et
2245 5218 2475 5288 pondere
2499 5215 2761 5289 disposuit
2789 5216 2940 5290 (Sap.
2966 5233 3040 5287 ιι,
3066 5218 3159 5286 2|)
