  <div class='ocr_page' id='page_1' title='image "/cluster/home/n/w/nwhite01/storage/ocr_20150623/151/hvd.32044015473796/341.png"; bbox 0 0 3900 6322; ppageno 0'>
   <div class='ocr_carea' id='block_1_1' title="bbox 482 5760 495 5799">
    <p class='ocr_par' dir='ltr' id='par_1_1' title="bbox 482 5760 495 5799">
     <span class='ocr_line' id='line_1_1' title="bbox 482 5760 495 5799; baseline 0 0"><span class='ocrx_word' id='word_1_1' title='bbox 482 5760 495 5799; x_wconf 68' lang='grc'><em>8</em></span> 
     </span>
    </p>
   </div>
   <div class='ocr_carea' id='block_1_2' title="bbox 585 299 681 359">
    <p class='ocr_par' dir='ltr' id='par_1_2' title="bbox 585 299 681 359">
     <span class='ocr_line' id='line_1_2' title="bbox 585 299 681 359; baseline 0.031 -4"><span class='ocrx_word' id='word_1_2' title='bbox 585 299 653 356; x_wconf 85' lang='lat'><strong>67</strong></span> <span class='ocrx_word' id='word_1_3' title='bbox 662 303 681 359; x_wconf 85' lang='grc' dir='ltr'><strong>,Ι</strong></span> 
     </span>
    </p>
   </div>
   <div class='ocr_carea' id='block_1_3' title="bbox 582 506 2171 601">
    <p class='ocr_par' dir='ltr' id='par_1_3' title="bbox 582 506 2171 601">
     <span class='ocr_line' id='line_1_3' title="bbox 582 506 2171 601; baseline 0.019 -39"><span class='ocrx_word' id='word_1_4' title='bbox 582 506 800 575; x_wconf 89' lang='lat' dir='ltr'><strong>habeat,</strong></span> <span class='ocrx_word' id='word_1_5' title='bbox 832 517 887 563; x_wconf 90' lang='lat' dir='ltr'><strong>et</strong></span> <span class='ocrx_word' id='word_1_6' title='bbox 912 508 1025 577; x_wconf 83' lang='lat' dir='ltr'><strong>ejus</strong></span> <span class='ocrx_word' id='word_1_7' title='bbox 1050 521 1320 571; x_wconf 89' lang='lat' dir='ltr'><strong>octavam.</strong></span> <span class='ocrx_word' id='word_1_8' title='bbox 1356 517 1412 574; x_wconf 89' lang='lat' dir='ltr'><strong>Si</strong></span> <span class='ocrx_word' id='word_1_9' title='bbox 1455 522 1790 583; x_wconf 83' lang='lat' dir='ltr'><strong>diatessaron</strong></span> <span class='ocrx_word' id='word_1_10' title='bbox 1812 570 1826 594; x_wconf 94' lang='lat'><strong>,</strong></span> <span class='ocrx_word' id='word_1_11' title='bbox 1863 532 2034 601; x_wconf 90' lang='lat' dir='ltr'><strong>major</strong></span> <span class='ocrx_word' id='word_1_12' title='bbox 2069 539 2171 592; x_wconf 81' lang='lat' dir='ltr'><strong>mi-</strong></span> 
     </span>
    </p>
   </div>
   <div class='ocr_carea' id='block_1_4' title="bbox 580 597 2168 689">
    <p class='ocr_par' dir='ltr' id='par_1_4' title="bbox 580 597 2168 689">
     <span class='ocr_line' id='line_1_4' title="bbox 580 597 2168 689; baseline 0.022 -41"><span class='ocrx_word' id='word_1_13' title='bbox 580 611 765 649; x_wconf 85' lang='lat' dir='ltr'><strong>norem</strong></span> <span class='ocrx_word' id='word_1_14' title='bbox 802 605 856 651; x_wconf 89' lang='lat' dir='ltr'><strong>et</strong></span> <span class='ocrx_word' id='word_1_15' title='bbox 883 597 1001 666; x_wconf 84' lang='lat' dir='ltr'><strong>ejus</strong></span> <span class='ocrx_word' id='word_1_16' title='bbox 1036 603 1274 671; x_wconf 76' lang='lat' dir='ltr'><strong>tertiam,</strong></span> <span class='ocrx_word' id='word_1_17' title='bbox 1307 618 1361 662; x_wconf 89' lang='lat' dir='ltr'><strong>et</strong></span> <span class='ocrx_word' id='word_1_18' title='bbox 1391 612 1563 667; x_wconf 82' lang='lat' dir='ltr'><strong>tertiae</strong></span> <span class='ocrx_word' id='word_1_19' title='bbox 1594 617 1883 689; x_wconf 83' lang='lat' dir='ltr'><strong>decimam,</strong></span> <span class='ocrx_word' id='word_1_20' title='bbox 1912 632 1967 678; x_wconf 91' lang='lat' dir='ltr'><strong>et</strong></span> <span class='ocrx_word' id='word_1_21' title='bbox 1996 627 2168 684; x_wconf 81' lang='lat' dir='ltr'><strong>unde-</strong></span> 
     </span>
    </p>
   </div>
   <div class='ocr_carea' id='block_1_5' title="bbox 578 688 2168 788">
    <p class='ocr_par' dir='ltr' id='par_1_5' title="bbox 578 688 2168 788">
     <span class='ocr_line' id='line_1_5' title="bbox 578 688 2168 788; baseline 0.021 -48"><span class='ocrx_word' id='word_1_22' title='bbox 578 688 731 742; x_wconf 75' lang='lat' dir='ltr'><strong>cimze</strong></span> <span class='ocrx_word' id='word_1_23' title='bbox 758 700 987 745; x_wconf 76' lang='lat' dir='ltr'><strong>sextam.</strong></span> <span class='ocrx_word' id='word_1_24' title='bbox 1032 692 1088 748; x_wconf 92' lang='lat' dir='ltr'><strong>Si</strong></span> <span class='ocrx_word' id='word_1_25' title='bbox 1117 694 1389 767; x_wconf 82' lang='lat' dir='ltr'><strong>diapente,</strong></span> <span class='ocrx_word' id='word_1_26' title='bbox 1422 703 1595 774; x_wconf 87' lang='lat' dir='ltr'><strong>major</strong></span> <span class='ocrx_word' id='word_1_27' title='bbox 1628 707 1924 780; x_wconf 77' lang='lat' dir='ltr'><strong>minorem,</strong></span> <span class='ocrx_word' id='word_1_28' title='bbox 1956 723 2011 769; x_wconf 92' lang='lat' dir='ltr'><strong>et</strong></span> <span class='ocrx_word' id='word_1_29' title='bbox 2051 718 2168 788; x_wconf 86' lang='lat' dir='ltr'><strong>ejus</strong></span> 
     </span>
    </p>
   </div>
   <div class='ocr_carea' id='block_1_6' title="bbox 575 780 2141 866">
    <p class='ocr_par' dir='ltr' id='par_1_6' title="bbox 575 780 2141 866">
     <span class='ocr_line' id='line_1_6' title="bbox 575 780 2141 866; baseline 0.021 -34"><span class='ocrx_word' id='word_1_30' title='bbox 575 780 830 847; x_wconf 88' lang='lat' dir='ltr'><strong>mediam,</strong></span> <span class='ocrx_word' id='word_1_31' title='bbox 857 792 912 837; x_wconf 90' lang='lat' dir='ltr'><strong>et</strong></span> <span class='ocrx_word' id='word_1_32' title='bbox 941 785 1250 844; x_wconf 84' lang='lat' dir='ltr'><strong>medietatis</strong></span> <span class='ocrx_word' id='word_1_33' title='bbox 1275 802 1548 861; x_wconf 90' lang='lat' dir='ltr'><strong>octavam,</strong></span> <span class='ocrx_word' id='word_1_34' title='bbox 1577 808 1632 853; x_wconf 91' lang='lat' dir='ltr'><strong>et</strong></span> <span class='ocrx_word' id='word_1_35' title='bbox 1663 810 1866 858; x_wconf 84' lang='lat' dir='ltr'><strong>octavae</strong></span> <span class='ocrx_word' id='word_1_36' title='bbox 1892 816 2141 866; x_wconf 83' lang='lat' dir='ltr'><strong>octavam</strong></span> 
     </span>
    </p>
   </div>
   <div class='ocr_carea' id='block_1_7' title="bbox 573 868 2165 970">
    <p class='ocr_par' dir='ltr' id='par_1_7' title="bbox 573 868 2165 970">
     <span class='ocr_line' id='line_1_7' title="bbox 573 868 2165 970; baseline 0.023 -48"><span class='ocrx_word' id='word_1_37' title='bbox 573 868 629 923; x_wconf 88' lang='lat' dir='ltr'><strong>Si</strong></span> <span class='ocrx_word' id='word_1_38' title='bbox 668 870 927 940; x_wconf 87' lang='lat' dir='ltr'><strong>diapason</strong></span> <span class='ocrx_word' id='word_1_39' title='bbox 957 877 1153 947; x_wconf 85' lang='lat' dir='ltr'><strong>major,</strong></span> <span class='ocrx_word' id='word_1_40' title='bbox 1196 882 1460 941; x_wconf 88' lang='lat' dir='ltr'><strong>minorem</strong></span> <span class='ocrx_word' id='word_1_41' title='bbox 1494 888 1676 959; x_wconf 84' lang='lat' dir='ltr'><strong>duplo,</strong></span> <span class='ocrx_word' id='word_1_42' title='bbox 1719 904 1772 947; x_wconf 87' lang='lat' dir='ltr'><strong>et</strong></span> <span class='ocrx_word' id='word_1_43' title='bbox 1802 895 2022 969; x_wconf 89' lang='lat' dir='ltr'><strong>insuper</strong></span> <span class='ocrx_word' id='word_1_44' title='bbox 2048 900 2165 970; x_wconf 86' lang='lat' dir='ltr'><strong>ejus</strong></span> 
     </span>
    </p>
   </div>
   <div class='ocr_carea' id='block_1_8' title="bbox 570 976 2166 1062">
    <p class='ocr_par' dir='ltr' id='par_1_8' title="bbox 570 976 2166 1062">
     <span class='ocr_line' id='line_1_8' title="bbox 570 976 2166 1062; baseline 0.023 -48"><span class='ocrx_word' id='word_1_45' title='bbox 570 978 731 1017; x_wconf 86' lang='lat' dir='ltr'><strong>uuam</strong></span> <span class='ocrx_word' id='word_1_46' title='bbox 766 976 1046 1037; x_wconf 84' lang='lat' dir='ltr'><strong>octavam,</strong></span> <span class='ocrx_word' id='word_1_47' title='bbox 1089 982 1143 1026; x_wconf 91' lang='lat' dir='ltr'><strong>et</strong></span> <span class='ocrx_word' id='word_1_48' title='bbox 1172 984 1377 1032; x_wconf 70' lang='lat' dir='ltr'><strong>octava:</strong></span> <span class='ocrx_word' id='word_1_49' title='bbox 1405 992 1674 1037; x_wconf 79' lang='lat' dir='ltr'><strong>octavam.</strong></span> <span class='ocrx_word' id='word_1_50' title='bbox 1710 986 1767 1041; x_wconf 89' lang='lat' dir='ltr'><strong>Si</strong></span> <span class='ocrx_word' id='word_1_51' title='bbox 1812 989 2075 1062; x_wconf 84' lang='lat' dir='ltr'><strong>diapason</strong></span> <span class='ocrx_word' id='word_1_52' title='bbox 2110 1005 2166 1052; x_wconf 85' lang='lat' dir='ltr'><strong>et</strong></span> 
     </span>
    </p>
   </div>
   <div class='ocr_carea' id='block_1_9' title="bbox 567 1055 2163 1148">
    <p class='ocr_par' dir='ltr' id='par_1_9' title="bbox 567 1055 2163 1148">
     <span class='ocr_line' id='line_1_9' title="bbox 567 1055 2163 1148; baseline 0.022 -41"><span class='ocrx_word' id='word_1_53' title='bbox 567 1055 825 1126; x_wconf 90' lang='lat' dir='ltr'><strong>diapente</strong></span> <span class='ocrx_word' id='word_1_54' title='bbox 850 1100 864 1125; x_wconf 96' lang='lat'><strong>,</strong></span> <span class='ocrx_word' id='word_1_55' title='bbox 901 1060 1074 1129; x_wconf 88' lang='lat' dir='ltr'><strong>major</strong></span> <span class='ocrx_word' id='word_1_56' title='bbox 1113 1067 1378 1124; x_wconf 89' lang='lat' dir='ltr'><strong>minorem</strong></span> <span class='ocrx_word' id='word_1_57' title='bbox 1424 1072 1603 1141; x_wconf 88' lang='lat' dir='ltr'><strong>triplo,</strong></span> <span class='ocrx_word' id='word_1_58' title='bbox 1626 1084 1681 1129; x_wconf 90' lang='lat' dir='ltr'><strong>et</strong></span> <span class='ocrx_word' id='word_1_59' title='bbox 1706 1077 1823 1148; x_wconf 87' lang='lat' dir='ltr'><strong>ejus</strong></span> <span class='ocrx_word' id='word_1_60' title='bbox 1849 1055 1984 1138; x_wconf 76' lang='lat' dir='ltr'><strong>duas</strong></span> <span class='ocrx_word' id='word_1_61' title='bbox 2009 1093 2163 1141; x_wconf 88' lang='lat' dir='ltr'><strong>octa-</strong></span> 
     </span>
    </p>
   </div>
   <div class='ocr_carea' id='block_1_10' title="bbox 566 1149 2164 1243">
    <p class='ocr_par' dir='ltr' id='par_1_10' title="bbox 566 1149 2164 1243">
     <span class='ocr_line' id='line_1_10' title="bbox 566 1149 2164 1243; baseline 0.022 -45"><span class='ocrx_word' id='word_1_62' title='bbox 566 1160 683 1212; x_wconf 89' lang='lat' dir='ltr'><strong>vas,</strong></span> <span class='ocrx_word' id='word_1_63' title='bbox 724 1149 775 1203; x_wconf 90' lang='lat' dir='ltr'><strong>id</strong></span> <span class='ocrx_word' id='word_1_64' title='bbox 806 1160 909 1217; x_wconf 91' lang='lat' dir='ltr'><strong>est,</strong></span> <span class='ocrx_word' id='word_1_65' title='bbox 955 1164 1226 1221; x_wconf 86' lang='lat' dir='ltr'><strong>quartam.</strong></span> <span class='ocrx_word' id='word_1_66' title='bbox 1260 1158 1317 1214; x_wconf 91' lang='lat' dir='ltr'><strong>Si</strong></span> <span class='ocrx_word' id='word_1_67' title='bbox 1360 1161 1442 1217; x_wconf 90' lang='lat' dir='ltr'><strong>bis</strong></span> <span class='ocrx_word' id='word_1_68' title='bbox 1471 1164 1756 1235; x_wconf 86' lang='lat' dir='ltr'><strong>diapason,</strong></span> <span class='ocrx_word' id='word_1_69' title='bbox 1790 1170 1965 1243; x_wconf 88' lang='lat' dir='ltr'><strong>major</strong></span> <span class='ocrx_word' id='word_1_70' title='bbox 1992 1176 2164 1233; x_wconf 84' lang='lat' dir='ltr'><strong>mino-</strong></span> 
     </span>
    </p>
   </div>
   <div class='ocr_carea' id='block_1_11' title="bbox 566 1242 1934 1323">
    <p class='ocr_par' dir='ltr' id='par_1_11' title="bbox 566 1242 1934 1323">
     <span class='ocr_line' id='line_1_11' title="bbox 566 1242 1934 1323; baseline 0.023 -34"><span class='ocrx_word' id='word_1_71' title='bbox 566 1251 679 1292; x_wconf 86' lang='lat' dir='ltr'><strong>rem</strong></span> <span class='ocrx_word' id='word_1_72' title='bbox 722 1242 1046 1316; x_wconf 87' lang='lat' dir='ltr'><strong>quadruplo,</strong></span> <span class='ocrx_word' id='word_1_73' title='bbox 1072 1257 1125 1303; x_wconf 90' lang='lat' dir='ltr'><strong>et</strong></span> <span class='ocrx_word' id='word_1_74' title='bbox 1155 1248 1374 1322; x_wconf 87' lang='lat' dir='ltr'><strong>insuper</strong></span> <span class='ocrx_word' id='word_1_75' title='bbox 1408 1253 1522 1323; x_wconf 74' lang='lat' dir='ltr'><strong>ejus</strong></span> <span class='ocrx_word' id='word_1_76' title='bbox 1555 1266 1664 1313; x_wconf 89' lang='lat' dir='ltr'><strong>tres</strong></span> <span class='ocrx_word' id='word_1_77' title='bbox 1691 1269 1934 1320; x_wconf 88' lang='lat' dir='ltr'><strong>octavas.</strong></span> 
     </span>
    </p>
   </div>
   <div class='ocr_carea' id='block_1_12' title="bbox 1030 1375 1696 1432">
    <p class='ocr_par' dir='ltr' id='par_1_12' title="bbox 1030 1375 1696 1432">
     <span class='ocr_line' id='line_1_12' title="bbox 1030 1375 1696 1432; baseline 0.02 -19"><span class='ocrx_word' id='word_1_78' title='bbox 1030 1375 1161 1415; x_wconf 77' lang='lat' dir='ltr'><strong>ITEM</strong></span> <span class='ocrx_word' id='word_1_79' title='bbox 1203 1378 1331 1418; x_wconf 80' lang='lat' dir='ltr'><strong>IDEII</strong></span> <span class='ocrx_word' id='word_1_80' title='bbox 1370 1382 1493 1421; x_wconf 77' lang='lat' dir='ltr'><strong>ALIO</strong></span> <span class='ocrx_word' id='word_1_81' title='bbox 1532 1383 1696 1432; x_wconf 70' lang='lat' dir='ltr'><strong>MODO.</strong></span> 
     </span>
    </p>
   </div>
   <div class='ocr_carea' id='block_1_13' title="bbox 641 1464 2153 1564">
    <p class='ocr_par' dir='ltr' id='par_1_13' title="bbox 641 1464 2153 1564">
     <span class='ocr_line' id='line_1_13' title="bbox 641 1464 2153 1564; baseline 0.018 -40"><span class='ocrx_word' id='word_1_82' title='bbox 641 1464 700 1524; x_wconf 82' lang='lat' dir='ltr'><strong>Si</strong></span> <span class='ocrx_word' id='word_1_83' title='bbox 755 1471 944 1528; x_wconf 74' lang='lat' dir='ltr'><strong>ﬁstula:</strong></span> <span class='ocrx_word' id='word_1_84' title='bbox 999 1478 1222 1547; x_wconf 60' lang='lat' dir='ltr'><strong>aequalis</strong></span> <span class='ocrx_word' id='word_1_85' title='bbox 1274 1483 1659 1552; x_wconf 85' lang='lat' dir='ltr'><strong>grossitudinis</strong></span> <span class='ocrx_word' id='word_1_86' title='bbox 1712 1498 1915 1557; x_wconf 87' lang='lat' dir='ltr'><strong>erunt,</strong></span> <span class='ocrx_word' id='word_1_87' title='bbox 1976 1494 2153 1564; x_wconf 84' lang='lat' dir='ltr'><strong>major</strong></span> 
     </span>
    </p>
   </div>
   <div class='ocr_carea' id='block_1_14' title="bbox 568 1559 2160 1657">
    <p class='ocr_par' dir='ltr' id='par_1_14' title="bbox 568 1559 2160 1657">
     <span class='ocr_line' id='line_1_14' title="bbox 568 1559 2160 1657; baseline 0.021 -46"><span class='ocrx_word' id='word_1_88' title='bbox 568 1559 798 1617; x_wconf 85' lang='lat' dir='ltr'><strong>minoris</strong></span> <span class='ocrx_word' id='word_1_89' title='bbox 820 1562 1211 1634; x_wconf 85' lang='lat' dir='ltr'><strong>longitudinem</strong></span> <span class='ocrx_word' id='word_1_90' title='bbox 1236 1581 1428 1641; x_wconf 87' lang='lat' dir='ltr'><strong>quater</strong></span> <span class='ocrx_word' id='word_1_91' title='bbox 1454 1575 1508 1629; x_wconf 94' lang='lat' dir='ltr'><strong>in</strong></span> <span class='ocrx_word' id='word_1_92' title='bbox 1536 1590 1594 1631; x_wconf 90' lang='lat' dir='ltr'><strong>se</strong></span> <span class='ocrx_word' id='word_1_93' title='bbox 1614 1576 1831 1647; x_wconf 86' lang='lat' dir='ltr'><strong>habeat,</strong></span> <span class='ocrx_word' id='word_1_94' title='bbox 1856 1592 1911 1638; x_wconf 89' lang='lat' dir='ltr'><strong>et</strong></span> <span class='ocrx_word' id='word_1_95' title='bbox 1938 1584 2160 1657; x_wconf 84' lang='lat' dir='ltr'><strong>insuper</strong></span> 
     </span>
    </p>
   </div>
   <div class='ocr_carea' id='block_1_15' title="bbox 568 1649 2155 1741">
    <p class='ocr_par' dir='ltr' id='par_1_15' title="bbox 568 1649 2155 1741">
     <span class='ocr_line' id='line_1_15' title="bbox 568 1649 2155 1741; baseline 0.021 -39"><span class='ocrx_word' id='word_1_96' title='bbox 568 1649 822 1707; x_wconf 89' lang='lat' dir='ltr'><strong>diametri</strong></span> <span class='ocrx_word' id='word_1_97' title='bbox 857 1654 993 1726; x_wconf 73' lang='grc'><strong>(45),</strong></span> <span class='ocrx_word' id='word_1_98' title='bbox 1030 1661 1173 1728; x_wconf 88' lang='lat' dir='ltr'><strong>quod</strong></span> <span class='ocrx_word' id='word_1_99' title='bbox 1207 1662 1262 1717; x_wconf 93' lang='lat' dir='ltr'><strong>in</strong></span> <span class='ocrx_word' id='word_1_100' title='bbox 1303 1678 1543 1723; x_wconf 90' lang='lat' dir='ltr'><strong>concavo</strong></span> <span class='ocrx_word' id='word_1_101' title='bbox 1576 1676 1681 1736; x_wconf 89' lang='lat' dir='ltr'><strong>est,</strong></span> <span class='ocrx_word' id='word_1_102' title='bbox 1713 1683 1906 1741; x_wconf 88' lang='lat' dir='ltr'><strong>quater</strong></span> <span class='ocrx_word' id='word_1_103' title='bbox 1934 1649 2155 1735; x_wconf 79' lang='lat' dir='ltr'><strong>mensu-</strong></span> 
     </span>
    </p>
   </div>
   <div class='ocr_carea' id='block_1_16' title="bbox 567 1746 2151 1829">
    <p class='ocr_par' dir='ltr' id='par_1_16' title="bbox 567 1746 2151 1829">
     <span class='ocr_line' id='line_1_16' title="bbox 567 1746 2151 1829; baseline 0.022 -34"><span class='ocrx_word' id='word_1_104' title='bbox 567 1754 685 1795; x_wconf 86' lang='lat' dir='ltr'><strong>ram</strong></span> <span class='ocrx_word' id='word_1_105' title='bbox 710 1746 1003 1813; x_wconf 83' lang='lat' dir='ltr'><strong>contineat,</strong></span> <span class='ocrx_word' id='word_1_106' title='bbox 1029 1749 1138 1822; x_wconf 82' lang='grc'><strong>(46)</strong></span> <span class='ocrx_word' id='word_1_107' title='bbox 1164 1752 1248 1809; x_wconf 87' lang='lat' dir='ltr'><strong>bis</strong></span> <span class='ocrx_word' id='word_1_108' title='bbox 1272 1754 1527 1826; x_wconf 88' lang='lat' dir='ltr'><strong>diapason</strong></span> <span class='ocrx_word' id='word_1_109' title='bbox 1554 1771 1965 1824; x_wconf 84' lang='lat' dir='ltr'><strong>consonantiam</strong></span> <span class='ocrx_word' id='word_1_110' title='bbox 1998 1787 2151 1829; x_wconf 77' lang='lat' dir='ltr'><strong>rese-</strong></span> 
     </span>
    </p>
   </div>
   <div class='ocr_carea' id='block_1_17' title="bbox 562 1831 2155 1929">
    <p class='ocr_par' dir='ltr' id='par_1_17' title="bbox 562 1831 2155 1929">
     <span class='ocr_line' id='line_1_17' title="bbox 562 1831 2155 1929; baseline 0.023 -46"><span class='ocrx_word' id='word_1_111' title='bbox 562 1831 735 1885; x_wconf 89' lang='lat' dir='ltr'><strong>nabit.</strong></span> <span class='ocrx_word' id='word_1_112' title='bbox 793 1834 848 1889; x_wconf 92' lang='lat' dir='ltr'><strong>Si</strong></span> <span class='ocrx_word' id='word_1_113' title='bbox 910 1838 1082 1907; x_wconf 86' lang='lat' dir='ltr'><strong>major</strong></span> <span class='ocrx_word' id='word_1_114' title='bbox 1135 1842 1403 1901; x_wconf 89' lang='lat' dir='ltr'><strong>minorem</strong></span> <span class='ocrx_word' id='word_1_115' title='bbox 1451 1848 1506 1903; x_wconf 91' lang='lat' dir='ltr'><strong>in</strong></span> <span class='ocrx_word' id='word_1_116' title='bbox 1556 1867 1653 1909; x_wconf 87' lang='lat' dir='ltr'><strong>sua</strong></span> <span class='ocrx_word' id='word_1_117' title='bbox 1703 1856 2037 1929; x_wconf 79' lang='lat' dir='ltr'><strong>longitudine</strong></span> <span class='ocrx_word' id='word_1_118' title='bbox 2072 1863 2155 1921; x_wconf 90' lang='lat' dir='ltr'><strong>bis</strong></span> 
     </span>
    </p>
   </div>
   <div class='ocr_carea' id='block_1_18' title="bbox 562 1920 2156 2013">
    <p class='ocr_par' dir='ltr' id='par_1_18' title="bbox 562 1920 2156 2013">
     <span class='ocr_line' id='line_1_18' title="bbox 562 1920 2156 2013; baseline 0.024 -40"><span class='ocrx_word' id='word_1_119' title='bbox 562 1920 838 1991; x_wconf 83' lang='lat' dir='ltr'><strong>habuerit,</strong></span> <span class='ocrx_word' id='word_1_120' title='bbox 880 1940 935 1983; x_wconf 86' lang='lat' dir='ltr'><strong>et</strong></span> <span class='ocrx_word' id='word_1_121' title='bbox 989 1931 1214 2004; x_wconf 89' lang='lat' dir='ltr'><strong>insuper</strong></span> <span class='ocrx_word' id='word_1_122' title='bbox 1254 1940 1616 1999; x_wconf 85' lang='lat' dir='ltr'><strong>concavitatis</strong></span> <span class='ocrx_word' id='word_1_123' title='bbox 1666 1950 1785 2013; x_wconf 84' lang='lat' dir='ltr'><strong>eius</strong></span> <span class='ocrx_word' id='word_1_124' title='bbox 1838 1953 2007 2009; x_wconf 90' lang='lat' dir='ltr'><strong>semel</strong></span> <span class='ocrx_word' id='word_1_125' title='bbox 2041 1955 2156 2011; x_wconf 87' lang='lat' dir='ltr'><strong>dia-</strong></span> 
     </span>
    </p>
   </div>
   <div class='ocr_carea' id='block_1_19' title="bbox 562 2021 2152 2104">
    <p class='ocr_par' dir='ltr' id='par_1_19' title="bbox 562 2021 2152 2104">
     <span class='ocr_line' id='line_1_19' title="bbox 562 2021 2152 2104; baseline 0.025 -39"><span class='ocrx_word' id='word_1_126' title='bbox 562 2024 822 2085; x_wconf 87' lang='lat' dir='ltr'><strong>metrum,</strong></span> <span class='ocrx_word' id='word_1_127' title='bbox 879 2021 1140 2093; x_wconf 89' lang='lat' dir='ltr'><strong>diapason</strong></span> <span class='ocrx_word' id='word_1_128' title='bbox 1198 2029 1267 2083; x_wconf 87' lang='lat' dir='ltr'><strong>ad</strong></span> <span class='ocrx_word' id='word_1_129' title='bbox 1312 2046 1374 2088; x_wconf 89' lang='lat' dir='ltr'><strong>se</strong></span> <span class='ocrx_word' id='word_1_130' title='bbox 1422 2035 1657 2095; x_wconf 81' lang='lat' dir='ltr'><strong>invicem</strong></span> <span class='ocrx_word' id='word_1_131' title='bbox 1712 2045 2064 2101; x_wconf 81' lang='lat' dir='ltr'><strong>resonabant.</strong></span> <span class='ocrx_word' id='word_1_132' title='bbox 2096 2049 2152 2104; x_wconf 85' lang='lat' dir='ltr'><strong>Si</strong></span> 
     </span>
    </p>
   </div>
   <div class='ocr_carea' id='block_1_20' title="bbox 559 2104 2154 2208">
    <p class='ocr_par' dir='ltr' id='par_1_20' title="bbox 559 2104 2154 2208">
     <span class='ocr_line' id='line_1_20' title="bbox 559 2104 2154 2208; baseline 0.024 -53"><span class='ocrx_word' id='word_1_133' title='bbox 559 2104 736 2174; x_wconf 89' lang='lat' dir='ltr'><strong>major</strong></span> <span class='ocrx_word' id='word_1_134' title='bbox 764 2109 1026 2168; x_wconf 89' lang='lat' dir='ltr'><strong>minorem</strong></span> <span class='ocrx_word' id='word_1_135' title='bbox 1070 2116 1124 2171; x_wconf 89' lang='lat' dir='ltr'><strong>iu</strong></span> <span class='ocrx_word' id='word_1_136' title='bbox 1175 2134 1236 2176; x_wconf 90' lang='lat' dir='ltr'><strong>se</strong></span> <span class='ocrx_word' id='word_1_137' title='bbox 1278 2129 1447 2179; x_wconf 88' lang='lat' dir='ltr'><strong>totam</strong></span> <span class='ocrx_word' id='word_1_138' title='bbox 1506 2128 1793 2198; x_wconf 84' lang='lat' dir='ltr'><strong>habuerit,</strong></span> <span class='ocrx_word' id='word_1_139' title='bbox 1848 2144 1904 2189; x_wconf 91' lang='lat' dir='ltr'><strong>et</strong></span> <span class='ocrx_word' id='word_1_140' title='bbox 1934 2136 2154 2208; x_wconf 89' lang='lat' dir='ltr'><strong>insuper</strong></span> 
     </span>
    </p>
   </div>
   <div class='ocr_carea' id='block_1_21' title="bbox 558 2197 2153 2287">
    <p class='ocr_par' dir='ltr' id='par_1_21' title="bbox 558 2197 2153 2287">
     <span class='ocr_line' id='line_1_21' title="bbox 558 2197 2153 2287; baseline 0.023 -36"><span class='ocrx_word' id='word_1_141' title='bbox 558 2197 911 2271; x_wconf 83' lang='lat' dir='ltr'><strong>longitudinis</strong></span> <span class='ocrx_word' id='word_1_142' title='bbox 939 2207 1055 2276; x_wconf 90' lang='lat' dir='ltr'><strong>ejus</strong></span> <span class='ocrx_word' id='word_1_143' title='bbox 1085 2214 1460 2287; x_wconf 88' lang='lat' dir='ltr'><strong>medietatem,</strong></span> <span class='ocrx_word' id='word_1_144' title='bbox 1489 2223 1651 2277; x_wconf 90' lang='lat' dir='ltr'><strong>simul</strong></span> <span class='ocrx_word' id='word_1_145' title='bbox 1695 2197 1818 2280; x_wconf 90' lang='lat' dir='ltr'><strong>cum</strong></span> <span class='ocrx_word' id='word_1_146' title='bbox 1862 2231 2153 2287; x_wconf 88' lang='lat' dir='ltr'><strong>medietate</strong></span> 
     </span>
    </p>
   </div>
   <div class='ocr_carea' id='block_1_22' title="bbox 557 2290 2147 2388">
    <p class='ocr_par' dir='ltr' id='par_1_22' title="bbox 557 2290 2147 2388">
     <span class='ocr_line' id='line_1_22' title="bbox 557 2290 2147 2388; baseline 0.025 -45"><span class='ocrx_word' id='word_1_147' title='bbox 557 2290 834 2361; x_wconf 84' lang='lat' dir='ltr'><strong>diametri,</strong></span> <span class='ocrx_word' id='word_1_148' title='bbox 867 2302 1006 2366; x_wconf 91' lang='lat' dir='ltr'><strong>quod</strong></span> <span class='ocrx_word' id='word_1_149' title='bbox 1046 2303 1101 2358; x_wconf 93' lang='lat' dir='ltr'><strong>in</strong></span> <span class='ocrx_word' id='word_1_150' title='bbox 1140 2321 1378 2366; x_wconf 89' lang='lat' dir='ltr'><strong>concavo</strong></span> <span class='ocrx_word' id='word_1_151' title='bbox 1415 2325 1518 2381; x_wconf 87' lang='lat' dir='ltr'><strong>est,</strong></span> <span class='ocrx_word' id='word_1_152' title='bbox 1554 2317 1808 2388; x_wconf 89' lang='lat' dir='ltr'><strong>diapente</strong></span> <span class='ocrx_word' id='word_1_153' title='bbox 1855 2326 2147 2382; x_wconf 90' lang='lat' dir='ltr'><strong>resonabit.</strong></span> 
     </span>
    </p>
   </div>
   <div class='ocr_carea' id='block_1_23' title="bbox 558 2381 2149 2473">
    <p class='ocr_par' dir='ltr' id='par_1_23' title="bbox 558 2381 2149 2473">
     <span class='ocr_line' id='line_1_23' title="bbox 558 2381 2149 2473; baseline 0.025 -39"><span class='ocrx_word' id='word_1_154' title='bbox 558 2381 693 2436; x_wconf 88' lang='lat' dir='ltr'><strong>Item</strong></span> <span class='ocrx_word' id='word_1_155' title='bbox 722 2386 767 2440; x_wconf 91' lang='lat' dir='ltr'><strong>si</strong></span> <span class='ocrx_word' id='word_1_156' title='bbox 798 2388 975 2445; x_wconf 91' lang='lat' dir='ltr'><strong>ﬁstula</strong></span> <span class='ocrx_word' id='word_1_157' title='bbox 1011 2396 1183 2466; x_wconf 88' lang='lat' dir='ltr'><strong>major</strong></span> <span class='ocrx_word' id='word_1_158' title='bbox 1214 2401 1481 2459; x_wconf 89' lang='lat' dir='ltr'><strong>minorem</strong></span> <span class='ocrx_word' id='word_1_159' title='bbox 1516 2406 1754 2465; x_wconf 89' lang='lat' dir='ltr'><strong>ﬁstulam</strong></span> <span class='ocrx_word' id='word_1_160' title='bbox 1786 2413 1837 2467; x_wconf 87' lang='lat' dir='ltr'><strong>in</strong></span> <span class='ocrx_word' id='word_1_161' title='bbox 1884 2430 1944 2469; x_wconf 92' lang='lat' dir='ltr'><strong>sc</strong></span> <span class='ocrx_word' id='word_1_162' title='bbox 1983 2426 2149 2473; x_wconf 90' lang='lat' dir='ltr'><strong>totam</strong></span> 
     </span>
    </p>
   </div>
   <div class='ocr_carea' id='block_1_24' title="bbox 556 2471 2147 2577">
    <p class='ocr_par' dir='ltr' id='par_1_24' title="bbox 556 2471 2147 2577">
     <span class='ocr_line' id='line_1_24' title="bbox 556 2471 2147 2577; baseline 0.025 -53"><span class='ocrx_word' id='word_1_163' title='bbox 556 2471 831 2543; x_wconf 79' lang='lat' dir='ltr'><strong>habuerit,</strong></span> <span class='ocrx_word' id='word_1_164' title='bbox 868 2488 923 2534; x_wconf 89' lang='lat' dir='ltr'><strong>et</strong></span> <span class='ocrx_word' id='word_1_165' title='bbox 965 2483 1190 2556; x_wconf 88' lang='lat' dir='ltr'><strong>insuper</strong></span> <span class='ocrx_word' id='word_1_166' title='bbox 1228 2478 1580 2563; x_wconf 78' lang='lat' dir='ltr'><strong>longitudinis</strong></span> <span class='ocrx_word' id='word_1_167' title='bbox 1621 2510 1871 2558; x_wconf 84' lang='lat' dir='ltr'><strong>octavam</strong></span> <span class='ocrx_word' id='word_1_168' title='bbox 1913 2517 2147 2577; x_wconf 88' lang='lat' dir='ltr'><strong>partem,</strong></span> 
     </span>
    </p>
   </div>
   <div class='ocr_carea' id='block_1_25' title="bbox 556 2574 2148 2655">
    <p class='ocr_par' dir='ltr' id='par_1_25' title="bbox 556 2574 2148 2655">
     <span class='ocr_line' id='line_1_25' title="bbox 556 2574 2148 2655; baseline 0.025 -41"><span class='ocrx_word' id='word_1_169' title='bbox 556 2576 678 2618; x_wconf 92' lang='lat' dir='ltr'><strong>cum</strong></span> <span class='ocrx_word' id='word_1_170' title='bbox 742 2576 935 2625; x_wconf 86' lang='lat' dir='ltr'><strong>octava</strong></span> <span class='ocrx_word' id='word_1_171' title='bbox 1001 2574 1289 2648; x_wconf 88' lang='lat' dir='ltr'><strong>diametri,</strong></span> <span class='ocrx_word' id='word_1_172' title='bbox 1331 2593 1518 2642; x_wconf 90' lang='lat' dir='ltr'><strong>tonum</strong></span> <span class='ocrx_word' id='word_1_173' title='bbox 1568 2594 1871 2648; x_wconf 89' lang='lat' dir='ltr'><strong>resonabit.</strong></span> <span class='ocrx_word' id='word_1_174' title='bbox 1914 2574 2059 2652; x_wconf 73' lang='lat' dir='ltr'><strong>Item</strong></span> <span class='ocrx_word' id='word_1_175' title='bbox 2100 2600 2148 2655; x_wconf 91' lang='lat' dir='ltr'><strong>si</strong></span> 
     </span>
    </p>
   </div>
   <div class='ocr_carea' id='block_1_26' title="bbox 555 2653 2148 2751">
    <p class='ocr_par' dir='ltr' id='par_1_26' title="bbox 555 2653 2148 2751">
     <span class='ocr_line' id='line_1_26' title="bbox 555 2653 2148 2751; baseline 0.023 -44"><span class='ocrx_word' id='word_1_176' title='bbox 555 2653 738 2712; x_wconf 88' lang='lat' dir='ltr'><strong>ﬁstula</strong></span> <span class='ocrx_word' id='word_1_177' title='bbox 768 2660 943 2731; x_wconf 88' lang='lat' dir='ltr'><strong>major</strong></span> <span class='ocrx_word' id='word_1_178' title='bbox 966 2666 1233 2726; x_wconf 90' lang='lat' dir='ltr'><strong>minorem</strong></span> <span class='ocrx_word' id='word_1_179' title='bbox 1266 2672 1321 2729; x_wconf 81' lang='lat' dir='ltr'><strong>in</strong></span> <span class='ocrx_word' id='word_1_180' title='bbox 1362 2690 1422 2732; x_wconf 91' lang='lat' dir='ltr'><strong>se</strong></span> <span class='ocrx_word' id='word_1_181' title='bbox 1451 2677 1648 2736; x_wconf 86' lang='lat' dir='ltr'><strong>haheat</strong></span> <span class='ocrx_word' id='word_1_182' title='bbox 1697 2692 1889 2751; x_wconf 91' lang='lat' dir='ltr'><strong>totam,</strong></span> <span class='ocrx_word' id='word_1_183' title='bbox 1921 2696 1976 2742; x_wconf 92' lang='lat' dir='ltr'><strong>et</strong></span> <span class='ocrx_word' id='word_1_184' title='bbox 2000 2688 2148 2745; x_wconf 86' lang='lat' dir='ltr'><strong>insu-</strong></span> 
     </span>
    </p>
   </div>
   <div class='ocr_carea' id='block_1_27' title="bbox 551 2745 2143 2842">
    <p class='ocr_par' dir='ltr' id='par_1_27' title="bbox 551 2745 2143 2842">
     <span class='ocr_line' id='line_1_27' title="bbox 551 2745 2143 2842; baseline 0.024 -47"><span class='ocrx_word' id='word_1_185' title='bbox 551 2758 652 2811; x_wconf 84' lang='lat' dir='ltr'><strong>per</strong></span> <span class='ocrx_word' id='word_1_186' title='bbox 678 2745 1026 2819; x_wconf 82' lang='lat' dir='ltr'><strong>longitudinis</strong></span> <span class='ocrx_word' id='word_1_187' title='bbox 1056 2756 1173 2826; x_wconf 88' lang='lat' dir='ltr'><strong>ejus</strong></span> <span class='ocrx_word' id='word_1_188' title='bbox 1204 2772 1412 2818; x_wconf 83' lang='lat' dir='ltr'><strong>sextam</strong></span> <span class='ocrx_word' id='word_1_189' title='bbox 1447 2766 1712 2824; x_wconf 91' lang='lat' dir='ltr'><strong>decimam</strong></span> <span class='ocrx_word' id='word_1_190' title='bbox 1744 2783 1983 2842; x_wconf 87' lang='lat' dir='ltr'><strong>partem,</strong></span> <span class='ocrx_word' id='word_1_191' title='bbox 2022 2793 2143 2833; x_wconf 90' lang='lat' dir='ltr'><strong>cum</strong></span> 
     </span>
    </p>
   </div>
   <div class='ocr_carea' id='block_1_28' title="bbox 552 2841 2143 2927">
    <p class='ocr_par' dir='ltr' id='par_1_28' title="bbox 552 2841 2143 2927">
     <span class='ocr_line' id='line_1_28' title="bbox 552 2841 2143 2927; baseline 0.024 -38"><span class='ocrx_word' id='word_1_192' title='bbox 552 2848 709 2893; x_wconf 82' lang='lat' dir='ltr'><strong>sexta</strong></span> <span class='ocrx_word' id='word_1_193' title='bbox 742 2841 953 2900; x_wconf 89' lang='lat' dir='ltr'><strong>decima</strong></span> <span class='ocrx_word' id='word_1_194' title='bbox 981 2847 1252 2920; x_wconf 88' lang='lat' dir='ltr'><strong>diametri,</strong></span> <span class='ocrx_word' id='word_1_195' title='bbox 1285 2858 1633 2917; x_wconf 88' lang='lat' dir='ltr'><strong>semitonium</strong></span> <span class='ocrx_word' id='word_1_196' title='bbox 1662 2862 1776 2918; x_wconf 81' lang='lat' dir='ltr'><strong>fere</strong></span> <span class='ocrx_word' id='word_1_197' title='bbox 1800 2870 2143 2927; x_wconf 88' lang='lat' dir='ltr'><strong>consonabit.</strong></span> 
     </span>
    </p>
   </div>
   <div class='ocr_carea' id='block_1_29' title="bbox 554 2927 2146 3029">
    <p class='ocr_par' dir='ltr' id='par_1_29' title="bbox 554 2927 2146 3029">
     <span class='ocr_line' id='line_1_29' title="bbox 554 2927 2146 3029; baseline 0.024 -47"><span class='ocrx_word' id='word_1_198' title='bbox 554 2927 663 2984; x_wconf 87' lang='lat' dir='ltr'><strong>Sed</strong></span> <span class='ocrx_word' id='word_1_199' title='bbox 698 2938 876 2990; x_wconf 90' lang='lat' dir='ltr'><strong>tamen</strong></span> <span class='ocrx_word' id='word_1_200' title='bbox 908 2939 1104 2997; x_wconf 89' lang='lat' dir='ltr'><strong>melius</strong></span> <span class='ocrx_word' id='word_1_201' title='bbox 1134 2956 1380 3002; x_wconf 89' lang='lat' dir='ltr'><strong>sumetur</strong></span> <span class='ocrx_word' id='word_1_202' title='bbox 1414 2953 1759 3011; x_wconf 79' lang='lat' dir='ltr'><strong>semitonium</strong></span> <span class='ocrx_word' id='word_1_203' title='bbox 1802 2973 1900 3029; x_wconf 91' lang='lat' dir='ltr'><strong>per</strong></span> <span class='ocrx_word' id='word_1_204' title='bbox 1944 2960 2146 3020; x_wconf 87' lang='lat' dir='ltr'><strong>diates-</strong></span> 
     </span>
    </p>
   </div>
   <div class='ocr_carea' id='block_1_30' title="bbox 547 3034 1542 3102">
    <p class='ocr_par' dir='ltr' id='par_1_30' title="bbox 547 3034 1542 3102">
     <span class='ocr_line' id='line_1_30' title="bbox 547 3034 1542 3102; baseline 0.025 -27"><span class='ocrx_word' id='word_1_205' title='bbox 547 3034 710 3078; x_wconf 86' lang='lat' dir='ltr'><strong>saron</strong></span> <span class='ocrx_word' id='word_1_206' title='bbox 742 3042 903 3095; x_wconf 92' lang='lat' dir='ltr'><strong>quam</strong></span> <span class='ocrx_word' id='word_1_207' title='bbox 934 3047 1034 3102; x_wconf 93' lang='lat' dir='ltr'><strong>per</strong></span> <span class='ocrx_word' id='word_1_208' title='bbox 1065 3045 1252 3094; x_wconf 81' lang='lat' dir='ltr'><strong>sextas</strong></span> <span class='ocrx_word' id='word_1_209' title='bbox 1280 3040 1542 3101; x_wconf 90' lang='lat' dir='ltr'><strong>decimas.</strong></span> 
     </span>
    </p>
   </div>
   <div class='ocr_carea' id='block_1_31' title="bbox 618 3156 2211 3225">
    <p class='ocr_par' dir='ltr' id='par_1_31' title="bbox 618 3156 2211 3225">
     <span class='ocr_line' id='line_1_31' title="bbox 618 3156 2211 3225; baseline 0.02 -31"><span class='ocrx_word' id='word_1_210' title='bbox 618 3156 865 3199; x_wconf 54' lang='lat' dir='ltr'><strong>MNSURA</strong></span> <span class='ocrx_word' id='word_1_211' title='bbox 913 3164 1253 3209; x_wconf 77' lang='lat' dir='ltr'><strong>IIONOCHOBDI</strong></span> <span class='ocrx_word' id='word_1_212' title='bbox 1293 3171 1363 3210; x_wconf 83' lang='grc' dir='ltr'><strong>ΕΤ</strong></span> <span class='ocrx_word' id='word_1_213' title='bbox 1403 3174 1726 3219; x_wconf 66' lang='grc' dir='ltr'><strong>ΟΒΕΔΝΟΒΗΜ</strong></span> <span class='ocrx_word' id='word_1_214' title='bbox 1768 3181 1822 3221; x_wconf 73' lang='grc' dir='ltr'><strong>ηε</strong></span> <span class='ocrx_word' id='word_1_215' title='bbox 1862 3184 2071 3225; x_wconf 73' lang='lat' dir='ltr'><strong>GENERE</strong></span> <span class='ocrx_word' id='word_1_216' title='bbox 2168 3167 2211 3225; x_wconf 78' lang='lat' dir='ltr'><strong><em>C</em></strong></span> 
     </span>
    </p>
   </div>
   <div class='ocr_carea' id='block_1_32' title="bbox 883 3233 1810 3292">
    <p class='ocr_par' dir='ltr' id='par_1_32' title="bbox 883 3233 1810 3292">
     <span class='ocr_line' id='line_1_32' title="bbox 883 3233 1810 3292; baseline 0.023 -21"><span class='ocrx_word' id='word_1_217' title='bbox 883 3233 1200 3289; x_wconf 71' lang='lat' dir='ltr'><strong>DIATONICO,</strong></span> <span class='ocrx_word' id='word_1_218' title='bbox 1243 3240 1298 3280; x_wconf 87' lang='lat' dir='ltr'><strong>IN</strong></span> <span class='ocrx_word' id='word_1_219' title='bbox 1337 3243 1500 3286; x_wconf 73' lang='lat' dir='ltr'><strong>PRIMO</strong></span> <span class='ocrx_word' id='word_1_220' title='bbox 1531 3249 1810 3292; x_wconf 74' lang='lat' dir='ltr'><strong>DIAPASON.</strong></span> 
     </span>
    </p>
   </div>
   <div class='ocr_carea' id='block_1_33' title="bbox 616 3324 2141 3421">
    <p class='ocr_par' dir='ltr' id='par_1_33' title="bbox 616 3324 2141 3421">
     <span class='ocr_line' id='line_1_33' title="bbox 616 3324 2141 3421; baseline 0.021 -43"><span class='ocrx_word' id='word_1_221' title='bbox 616 3324 727 3397; x_wconf 77' lang='grc' dir='ltr'><strong>(Π)</strong></span> <span class='ocrx_word' id='word_1_222' title='bbox 752 3327 794 3382; x_wconf 87' lang='grc' dir='ltr'>Ε</span> <span class='ocrx_word' id='word_1_223' title='bbox 817 3329 982 3387; x_wconf 88' lang='lat' dir='ltr'><strong>habet</strong></span> <span class='ocrx_word' id='word_1_224' title='bbox 1008 3334 1049 3388; x_wconf 87' lang='lat' dir='ltr'>F</span> <span class='ocrx_word' id='word_1_225' title='bbox 1071 3346 1127 3392; x_wconf 93' lang='lat' dir='ltr'><strong>ct</strong></span> <span class='ocrx_word' id='word_1_226' title='bbox 1151 3338 1267 3407; x_wconf 90' lang='lat' dir='ltr'><strong>ejus</strong></span> <span class='ocrx_word' id='word_1_227' title='bbox 1288 3351 1558 3412; x_wconf 88' lang='lat' dir='ltr'><strong>octavam,</strong></span> <span class='ocrx_word' id='word_1_228' title='bbox 1590 3344 1642 3401; x_wconf 91' lang='lat' dir='ltr'><strong>id</strong></span> <span class='ocrx_word' id='word_1_229' title='bbox 1670 3356 1771 3415; x_wconf 91' lang='lat' dir='ltr'><strong>est,</strong></span> <span class='ocrx_word' id='word_1_230' title='bbox 1804 3351 2141 3421; x_wconf 88' lang='lat' dir='ltr'><strong>scsquiocta-</strong></span> 
     </span>
    </p>
   </div>
   <div class='ocr_carea' id='block_1_34' title="bbox 543 3422 2137 3516">
    <p class='ocr_par' dir='ltr' id='par_1_34' title="bbox 543 3422 2137 3516">
     <span class='ocr_line' id='line_1_34' title="bbox 543 3422 2137 3516; baseline 0.023 -48"><span class='ocrx_word' id='word_1_231' title='bbox 543 3431 694 3474; x_wconf 84' lang='lat' dir='ltr'><strong>vum.</strong></span> <span class='ocrx_word' id='word_1_232' title='bbox 730 3422 771 3475; x_wconf 92' lang='lat' dir='ltr'><strong>D</strong></span> <span class='ocrx_word' id='word_1_233' title='bbox 798 3431 968 3480; x_wconf 91' lang='lat' dir='ltr'><strong>totum</strong></span> <span class='ocrx_word' id='word_1_234' title='bbox 1002 3427 1042 3482; x_wconf 83' lang='grc' dir='ltr'>Ε</span> <span class='ocrx_word' id='word_1_235' title='bbox 1074 3438 1129 3485; x_wconf 90' lang='lat' dir='ltr'><strong>et</strong></span> <span class='ocrx_word' id='word_1_236' title='bbox 1156 3431 1271 3503; x_wconf 85' lang='lat' dir='ltr'><strong>ejus</strong></span> <span class='ocrx_word' id='word_1_237' title='bbox 1299 3446 1576 3505; x_wconf 90' lang='lat' dir='ltr'><strong>octavum,</strong></span> <span class='ocrx_word' id='word_1_238' title='bbox 1605 3439 1659 3495; x_wconf 91' lang='lat' dir='ltr'><strong>id</strong></span> <span class='ocrx_word' id='word_1_239' title='bbox 1685 3452 1789 3508; x_wconf 85' lang='lat' dir='ltr'><strong>est,</strong></span> <span class='ocrx_word' id='word_1_240' title='bbox 1815 3446 2137 3516; x_wconf 76' lang='lat' dir='ltr'><strong>epogdoum.</strong></span> 
     </span>
    </p>
   </div>
   <div class='ocr_carea' id='block_1_35' title="bbox 544 3508 2137 3606">
    <p class='ocr_par' dir='ltr' id='par_1_35' title="bbox 544 3508 2137 3606">
     <span class='ocr_line' id='line_1_35' title="bbox 544 3508 2137 3606; baseline 0.02 -45"><span class='ocrx_word' id='word_1_241' title='bbox 544 3508 585 3561; x_wconf 84' lang='lat' dir='ltr'><strong><em>C</em></strong></span> <span class='ocrx_word' id='word_1_242' title='bbox 632 3520 801 3567; x_wconf 89' lang='lat' dir='ltr'><strong>totum</strong></span> <span class='ocrx_word' id='word_1_243' title='bbox 837 3515 876 3569; x_wconf 88' lang='lat' dir='ltr'><strong>F</strong></span> <span class='ocrx_word' id='word_1_244' title='bbox 907 3527 960 3572; x_wconf 91' lang='lat' dir='ltr'><strong>ct</strong></span> <span class='ocrx_word' id='word_1_245' title='bbox 990 3519 1108 3589; x_wconf 89' lang='lat' dir='ltr'><strong>ejus</strong></span> <span class='ocrx_word' id='word_1_246' title='bbox 1142 3526 1383 3595; x_wconf 90' lang='lat' dir='ltr'><strong>tertium,</strong></span> <span class='ocrx_word' id='word_1_247' title='bbox 1418 3529 1561 3600; x_wconf 90' lang='lat' dir='ltr'><strong>quod</strong></span> <span class='ocrx_word' id='word_1_248' title='bbox 1592 3539 1676 3586; x_wconf 88' lang='lat' dir='ltr'><strong>est</strong></span> <span class='ocrx_word' id='word_1_249' title='bbox 1706 3508 2137 3606; x_wconf 74' lang='lat' dir='ltr'><strong>sesquitertium,</strong></span> 
     </span>
    </p>
   </div>
   <div class='ocr_carea' id='block_1_36' title="bbox 541 3600 2141 3699">
    <p class='ocr_par' dir='ltr' id='par_1_36' title="bbox 541 3600 2141 3699">
     <span class='ocr_line' id='line_1_36' title="bbox 541 3600 2141 3699; baseline 0.02 -47"><span class='ocrx_word' id='word_1_250' title='bbox 541 3600 628 3654; x_wconf 85' lang='lat' dir='ltr'><strong>vel</strong></span> <span class='ocrx_word' id='word_1_251' title='bbox 658 3605 902 3673; x_wconf 90' lang='lat' dir='ltr'><strong>epitrita,</strong></span> <span class='ocrx_word' id='word_1_252' title='bbox 954 3610 1006 3665; x_wconf 89' lang='lat' dir='ltr'><strong>id</strong></span> <span class='ocrx_word' id='word_1_253' title='bbox 1045 3623 1130 3669; x_wconf 91' lang='lat' dir='ltr'><strong>est</strong></span> <span class='ocrx_word' id='word_1_254' title='bbox 1161 3615 1523 3676; x_wconf 88' lang='lat' dir='ltr'><strong>diatessaron.</strong></span> <span class='ocrx_word' id='word_1_255' title='bbox 1561 3622 1604 3676; x_wconf 91' lang='grc' dir='ltr'>Β</span> <span class='ocrx_word' id='word_1_256' title='bbox 1651 3600 1827 3677; x_wconf 77' lang='lat' dir='ltr'><strong>totum</strong></span> <span class='ocrx_word' id='word_1_257' title='bbox 1862 3624 1902 3680; x_wconf 88' lang='lat' dir='ltr'><strong><em>C</em></strong></span> <span class='ocrx_word' id='word_1_258' title='bbox 1929 3636 1985 3682; x_wconf 91' lang='lat' dir='ltr'><strong>et</strong></span> <span class='ocrx_word' id='word_1_259' title='bbox 2024 3628 2141 3699; x_wconf 88' lang='lat' dir='ltr'><strong>ejus</strong></span> 
     </span>
    </p>
   </div>
   <div class='ocr_carea' id='block_1_37' title="bbox 544 3700 2137 3789">
    <p class='ocr_par' dir='ltr' id='par_1_37' title="bbox 544 3700 2137 3789">
     <span class='ocr_line' id='line_1_37' title="bbox 544 3700 2137 3789; baseline 0.023 -48"><span class='ocrx_word' id='word_1_260' title='bbox 544 3700 819 3761; x_wconf 90' lang='lat' dir='ltr'><strong>octavum,</strong></span> <span class='ocrx_word' id='word_1_261' title='bbox 852 3701 993 3767; x_wconf 89' lang='lat' dir='ltr'><strong>quod</strong></span> <span class='ocrx_word' id='word_1_262' title='bbox 1025 3713 1110 3758; x_wconf 90' lang='lat' dir='ltr'><strong>est</strong></span> <span class='ocrx_word' id='word_1_263' title='bbox 1141 3715 1330 3776; x_wconf 90' lang='lat' dir='ltr'><strong>tonus;</strong></span> <span class='ocrx_word' id='word_1_264' title='bbox 1379 3713 1464 3767; x_wconf 90' lang='lat' dir='ltr'><strong>vel</strong></span> <span class='ocrx_word' id='word_1_265' title='bbox 1505 3722 1677 3771; x_wconf 93' lang='lat' dir='ltr'><strong>totum</strong></span> <span class='ocrx_word' id='word_1_266' title='bbox 1706 3718 1748 3773; x_wconf 88' lang='lat' dir='ltr'>E</span> <span class='ocrx_word' id='word_1_267' title='bbox 1793 3728 1847 3774; x_wconf 88' lang='lat' dir='ltr'><strong>et</strong></span> <span class='ocrx_word' id='word_1_268' title='bbox 1877 3718 1995 3789; x_wconf 91' lang='lat' dir='ltr'><strong>ejus</strong></span> <span class='ocrx_word' id='word_1_269' title='bbox 2027 3729 2137 3776; x_wconf 87' lang='lat' dir='ltr'><strong>ler-</strong></span> 
     </span>
    </p>
   </div>
   <div class='ocr_carea' id='block_1_38' title="bbox 545 3786 2140 3883">
    <p class='ocr_par' dir='ltr' id='par_1_38' title="bbox 545 3786 2140 3883">
     <span class='ocr_line' id='line_1_38' title="bbox 545 3786 2140 3883; baseline 0.021 -46"><span class='ocrx_word' id='word_1_270' title='bbox 545 3786 704 3853; x_wconf 89' lang='lat' dir='ltr'><strong>tium,</strong></span> <span class='ocrx_word' id='word_1_271' title='bbox 738 3794 880 3859; x_wconf 92' lang='lat' dir='ltr'><strong>quod</strong></span> <span class='ocrx_word' id='word_1_272' title='bbox 908 3805 991 3849; x_wconf 90' lang='lat' dir='ltr'><strong>est</strong></span> <span class='ocrx_word' id='word_1_273' title='bbox 1018 3798 1381 3869; x_wconf 86' lang='lat' dir='ltr'><strong>diatessaron,</strong></span> <span class='ocrx_word' id='word_1_274' title='bbox 1410 3808 1495 3861; x_wconf 85' lang='lat' dir='ltr'><strong>vel</strong></span> <span class='ocrx_word' id='word_1_275' title='bbox 1527 3816 1698 3865; x_wconf 89' lang='lat' dir='ltr'><strong>totum</strong></span> <span class='ocrx_word' id='word_1_276' title='bbox 1730 3812 1773 3865; x_wconf 91' lang='lat' dir='ltr'><strong>F</strong></span> <span class='ocrx_word' id='word_1_277' title='bbox 1800 3821 1855 3868; x_wconf 87' lang='lat' dir='ltr'><strong>et</strong></span> <span class='ocrx_word' id='word_1_278' title='bbox 1882 3813 1998 3883; x_wconf 88' lang='lat' dir='ltr'><strong>ejus</strong></span> <span class='ocrx_word' id='word_1_279' title='bbox 2027 3829 2140 3883; x_wconf 77' lang='lat' dir='ltr'><strong>me~</strong></span> 
     </span>
    </p>
   </div>
   <div class='ocr_carea' id='block_1_39' title="bbox 542 3877 2136 3977">
    <p class='ocr_par' dir='ltr' id='par_1_39' title="bbox 542 3877 2136 3977">
     <span class='ocr_line' id='line_1_39' title="bbox 542 3877 2136 3977; baseline 0.021 -48"><span class='ocrx_word' id='word_1_280' title='bbox 542 3877 717 3947; x_wconf 88' lang='lat' dir='ltr'><strong>dium,</strong></span> <span class='ocrx_word' id='word_1_281' title='bbox 744 3884 887 3950; x_wconf 91' lang='lat' dir='ltr'><strong>quod</strong></span> <span class='ocrx_word' id='word_1_282' title='bbox 919 3896 975 3942; x_wconf 87' lang='lat' dir='ltr'><strong>et</strong></span> <span class='ocrx_word' id='word_1_283' title='bbox 995 3887 1269 3959; x_wconf 86' lang='lat' dir='ltr'><strong>diapente.</strong></span> <span class='ocrx_word' id='word_1_284' title='bbox 1295 3896 1340 3951; x_wconf 83' lang='lat' dir='ltr'><strong>A</strong></span> <span class='ocrx_word' id='word_1_285' title='bbox 1368 3904 1541 3955; x_wconf 91' lang='lat' dir='ltr'><strong>totum</strong></span> <span class='ocrx_word' id='word_1_286' title='bbox 1564 3900 1606 3955; x_wconf 89' lang='lat' dir='ltr'><strong>B</strong></span> <span class='ocrx_word' id='word_1_287' title='bbox 1633 3914 1687 3958; x_wconf 91' lang='lat' dir='ltr'><strong>et</strong></span> <span class='ocrx_word' id='word_1_288' title='bbox 1716 3904 1833 3975; x_wconf 89' lang='lat' dir='ltr'><strong>ejus</strong></span> <span class='ocrx_word' id='word_1_289' title='bbox 1861 3877 2136 3977; x_wconf 74' lang='lat' dir='ltr'><strong>octavum,</strong></span> 
     </span>
    </p>
   </div>
   <div class='ocr_carea' id='block_1_40' title="bbox 613 4074 2136 4163">
    <p class='ocr_par' dir='ltr' id='par_1_40' title="bbox 613 4074 2136 4163">
     <span class='ocr_line' id='line_1_40' title="bbox 613 4074 2136 4163; baseline 0.022 -35"><span class='ocrx_word' id='word_1_290' title='bbox 613 4074 878 4163; x_wconf 56' lang='lat' dir='ltr'><strong>(Aljgute</strong></span> <span class='ocrx_word' id='word_1_291' title='bbox 924 4081 1013 4137; x_wconf 92' lang='lat' dir='ltr'><strong>hic</strong></span> <span class='ocrx_word' id='word_1_292' title='bbox 1066 4098 1357 4163; x_wconf 79' lang='lat' dir='ltr'><strong>sequantui</strong></span> <span class='ocrx_word' id='word_1_293' title='bbox 1391 4133 1406 4160; x_wconf 92' lang='lat'><strong>,</strong></span> <span class='ocrx_word' id='word_1_294' title='bbox 1448 4106 1571 4149; x_wconf 90' lang='lat' dir='ltr'><strong>eum</strong></span> <span class='ocrx_word' id='word_1_295' title='bbox 1618 4101 2052 4163; x_wconf 66' lang='lat' dir='ltr'><strong>praecedentibus</strong></span> <span class='ocrx_word' id='word_1_296' title='bbox 2081 4114 2136 4161; x_wconf 89' lang='lat' dir='ltr'><strong>et</strong></span> 
     </span>
    </p>
   </div>
   <div class='ocr_carea' id='block_1_41' title="bbox 539 4150 2135 4241">
    <p class='ocr_par' dir='ltr' id='par_1_41' title="bbox 539 4150 2135 4241">
     <span class='ocr_line' id='line_1_41' title="bbox 539 4150 2135 4241; baseline 0.021 -45"><span class='ocrx_word' id='word_1_297' title='bbox 539 4150 1041 4241; x_wconf 51' lang='lat' dir='ltr'><strong>sequentibusnnon</strong></span> <span class='ocrx_word' id='word_1_298' title='bbox 1090 4150 1446 4241; x_wconf 71' lang='lat' dir='ltr'><strong>concordant;</strong></span> <span class='ocrx_word' id='word_1_299' title='bbox 1496 4150 2041 4241; x_wconf 6' lang='lat' dir='ltr'><strong>igitu&#39;rqeorrigcnda,</strong></span> <span class='ocrx_word' id='word_1_300' title='bbox 2075 4186 2135 4230; x_wconf 91' lang='lat' dir='ltr'><strong>ut</strong></span> 
     </span>
    </p>
   </div>
   <div class='ocr_carea' id='block_1_42' title="bbox 537 4216 2135 4306">
    <p class='ocr_par' dir='ltr' id='par_1_42' title="bbox 537 4216 2135 4306">
     <span class='ocr_line' id='line_1_42' title="bbox 537 4216 2135 4306; baseline 0.022 -41"><span class='ocrx_word' id='word_1_301' title='bbox 537 4216 783 4306; x_wconf 66' lang='lat' dir='ltr'><strong>sequitur</strong></span> <span class='ocrx_word' id='word_1_302' title='bbox 816 4234 831 4273; x_wconf 90' lang='lat'><strong>:</strong></span> <span class='ocrx_word' id='word_1_303' title='bbox 886 4221 947 4303; x_wconf 65' lang='grc' dir='ltr'><strong>βε</strong></span> <span class='ocrx_word' id='word_1_304' title='bbox 980 4234 1159 4280; x_wconf 80' lang='lat' dir='ltr'><strong>tonum</strong></span> <span class='ocrx_word' id='word_1_305' title='bbox 1190 4216 1628 4306; x_wconf 15' lang='lat' dir='ltr'><strong>quwri‘s,&#39;_ma’j0r</strong></span> <span class='ocrx_word' id='word_1_306' title='bbox 1654 4216 2135 4306; x_wconf 59' lang='lat' dir='ltr'><strong>ﬁstulaominorem</strong></span> 
     </span>
    </p>
   </div>
   <div class='ocr_carea' id='block_1_43' title="bbox 535 4285 2133 4387">
    <p class='ocr_par' dir='ltr' id='par_1_43' title="bbox 535 4285 2133 4387">
     <span class='ocr_line' id='line_1_43' title="bbox 535 4285 2133 4387; baseline 0.02 -50"><span class='ocrx_word' id='word_1_307' title='bbox 535 4285 745 4387; x_wconf 57' lang='lat' dir='ltr'><strong>habfal,</strong></span> <span class='ocrx_word' id='word_1_308' title='bbox 772 4301 820 4343; x_wconf 87' lang='lat' dir='ltr'><strong>et</strong></span> <span class='ocrx_word' id='word_1_309' title='bbox 851 4293 967 4361; x_wconf 88' lang='lat' dir='ltr'><strong>ejus</strong></span> <span class='ocrx_word' id='word_1_310' title='bbox 994 4285 1251 4379; x_wconf 62' lang='lat' dir='ltr'><strong>octauum,</strong></span> <span class='ocrx_word' id='word_1_311' title='bbox 1283 4312 1331 4382; x_wconf 73' lang='lat' dir='ltr'><strong>et</strong></span> <span class='ocrx_word' id='word_1_312' title='bbox 1356 4285 1518 4372; x_wconf 65' lang='lat' dir='ltr'><strong>ipsius</strong></span> <span class='ocrx_word' id='word_1_313' title='bbox 1536 4285 1736 4387; x_wconf 48' lang='lat' dir='ltr'><strong>detulere</strong></span> <span class='ocrx_word' id='word_1_314' title='bbox 1762 4322 1997 4387; x_wconf 76' lang='lat' dir='ltr'><strong>octavam</strong></span> <span class='ocrx_word' id='word_1_315' title='bbox 2031 4315 2133 4387; x_wconf 85' lang='lat' dir='ltr'><strong>(a);</strong></span> 
     </span>
    </p>
   </div>
   <div class='ocr_carea' id='block_1_44' title="bbox 534 4355 2133 4449">
    <p class='ocr_par' dir='ltr' id='par_1_44' title="bbox 534 4355 2133 4449">
     <span class='ocr_line' id='line_1_44' title="bbox 534 4355 2133 4449; baseline 0.019 -38"><span class='ocrx_word' id='word_1_316' title='bbox 534 4355 582 4411; x_wconf 69' lang='lat' dir='ltr'><strong>si</strong></span> <span class='ocrx_word' id='word_1_317' title='bbox 630 4355 978 4449; x_wconf 65' lang='lat' dir='ltr'><strong>diatessaron,</strong></span> <span class='ocrx_word' id='word_1_318' title='bbox 1032 4368 1204 4447; x_wconf 61' lang='lat' dir='ltr'><strong>major</strong></span> <span class='ocrx_word' id='word_1_319' title='bbox 1233 4355 1484 4449; x_wconf 62' lang='lat' dir='ltr'><strong>minorem</strong></span> <span class='ocrx_word' id='word_1_320' title='bbox 1536 4386 1584 4431; x_wconf 80' lang='lat' dir='ltr'><strong>et</strong></span> <span class='ocrx_word' id='word_1_321' title='bbox 1630 4379 1743 4447; x_wconf 81' lang='lat' dir='ltr'><strong>ejus</strong></span> <span class='ocrx_word' id='word_1_322' title='bbox 1795 4355 2049 4449; x_wconf 44' lang='lat' dir='ltr'><strong>tertiam:</strong></span> <span class='ocrx_word' id='word_1_323' title='bbox 2081 4355 2133 4440; x_wconf 59' lang='grc' dir='ltr'><strong>ἐξ</strong></span> 
     </span>
    </p>
   </div>
   <div class='ocr_carea' id='block_1_45' title="bbox 535 4428 2125 4524">
    <p class='ocr_par' dir='ltr' id='par_1_45' title="bbox 535 4428 2125 4524">
     <span class='ocr_line' id='line_1_45' title="bbox 535 4428 2125 4524; baseline 0.022 -48"><span class='ocrx_word' id='word_1_324' title='bbox 535 4428 704 4507; x_wconf 73' lang='lat' dir='ltr'><strong>terij</strong></span> <span class='ocrx_word' id='word_1_325' title='bbox 729 4431 1005 4512; x_wconf 68' lang='lat' dir='ltr'><strong>decimam,</strong></span> <span class='ocrx_word' id='word_1_326' title='bbox 1028 4447 1073 4489; x_wconf 85' lang='lat' dir='ltr'><strong>et</strong></span> <span class='ocrx_word' id='word_1_327' title='bbox 1097 4428 1353 4521; x_wconf 57' lang='lat' dir='ltr'><strong>vigesima</strong></span> <span class='ocrx_word' id='word_1_328' title='bbox 1378 4428 1587 4524; x_wconf 59' lang='lat' dir='ltr'><strong>sextam</strong></span> <span class='ocrx_word' id='word_1_329' title='bbox 1775 4428 2125 4524; x_wconf 54' lang='lat' dir='ltr'><strong>diapente,</strong></span> 
     </span>
    </p>
   </div>
   <div class='ocr_carea' id='block_1_46' title="bbox 532 4498 2121 4581">
    <p class='ocr_par' dir='ltr' id='par_1_46' title="bbox 532 4498 2121 4581">
     <span class='ocr_line' id='line_1_46' title="bbox 532 4498 2121 4581; baseline 0.022 -35"><span class='ocrx_word' id='word_1_330' title='bbox 532 4498 710 4581; x_wconf 66' lang='lat' dir='ltr'><strong>major</strong></span> <span class='ocrx_word' id='word_1_331' title='bbox 728 4498 1021 4581; x_wconf 40' lang='lat' dir='ltr'><strong>fitfit-Oiftlt,</strong></span> <span class='ocrx_word' id='word_1_332' title='bbox 1054 4517 1100 4559; x_wconf 83' lang='lat' dir='ltr'><strong>et</strong></span> <span class='ocrx_word' id='word_1_333' title='bbox 1131 4498 1245 4579; x_wconf 51' lang='lat' dir='ltr'><strong>e&#39;jus</strong></span> <span class='ocrx_word' id='word_1_334' title='bbox 1273 4514 1527 4579; x_wconf 81' lang='lat' dir='ltr'><strong>mediam,</strong></span> <span class='ocrx_word' id='word_1_335' title='bbox 1560 4498 1617 4571; x_wconf 47' lang='lat' dir='ltr'><strong>et,</strong></span> <span class='ocrx_word' id='word_1_336' title='bbox 1638 4498 1933 4578; x_wconf 62' lang='lat' dir='ltr'><strong>medietatis</strong></span> <span class='ocrx_word' id='word_1_337' title='bbox 1953 4498 2121 4581; x_wconf 41' lang='lat' dir='ltr'><strong>facta:</strong></span> 
     </span>
    </p>
   </div>
   <div class='ocr_carea' id='block_1_47' title="bbox 531 4568 2113 4659">
    <p class='ocr_par' dir='ltr' id='par_1_47' title="bbox 531 4568 2113 4659">
     <span class='ocr_line' id='line_1_47' title="bbox 531 4568 2113 4659; baseline 0.021 -42"><span class='ocrx_word' id='word_1_338' title='bbox 531 4581 651 4629; x_wconf 68' lang='lat' dir='ltr'><strong>ram</strong></span> <span class='ocrx_word' id='word_1_339' title='bbox 676 4568 765 4649; x_wconf 63' lang='lat' dir='ltr'><strong>(c).</strong></span> <span class='ocrx_word' id='word_1_340' title='bbox 802 4569 861 4625; x_wconf 78' lang='lat' dir='ltr'><strong>Si</strong></span> <span class='ocrx_word' id='word_1_341' title='bbox 886 4568 1171 4645; x_wconf 63' lang='lat' dir='ltr'><strong>diapason,</strong></span> <span class='ocrx_word' id='word_1_342' title='bbox 1226 4584 1399 4659; x_wconf 72' lang='lat' dir='ltr'><strong>major</strong></span> <span class='ocrx_word' id='word_1_343' title='bbox 1431 4568 1695 4659; x_wconf 54' lang='lat' dir='ltr'><strong>puberem</strong></span> <span class='ocrx_word' id='word_1_344' title='bbox 1737 4593 1917 4659; x_wconf 84' lang='lat' dir='ltr'><strong>duplo,</strong></span> <span class='ocrx_word' id='word_1_345' title='bbox 1955 4605 2004 4649; x_wconf 80' lang='lat' dir='ltr'><strong>et</strong></span> <span class='ocrx_word' id='word_1_346' title='bbox 2031 4599 2113 4653; x_wconf 81' lang='lat' dir='ltr'><strong>iu-</strong></span> 
     </span>
    </p>
   </div>
   <div class='ocr_carea' id='block_1_48' title="bbox 448 4650 2120 4735">
    <p class='ocr_par' dir='ltr' id='par_1_48' title="bbox 448 4650 2120 4735">
     <span class='ocr_line' id='line_1_48' title="bbox 448 4650 2120 4735; baseline 0.022 -50"><span class='ocrx_word' id='word_1_347' title='bbox 448 4650 465 4680; x_wconf 51' lang='lat' dir='ltr'><strong>r</strong></span> <span class='ocrx_word' id='word_1_348' title='bbox 530 4651 687 4716; x_wconf 68' lang='lat' dir='ltr'><strong>super</strong></span> <span class='ocrx_word' id='word_1_349' title='bbox 711 4655 823 4722; x_wconf 70' lang='lat' dir='ltr'><strong>ejus</strong></span> <span class='ocrx_word' id='word_1_350' title='bbox 846 4658 1004 4697; x_wconf 83' lang='lat' dir='ltr'><strong>unam</strong></span> <span class='ocrx_word' id='word_1_351' title='bbox 1033 4659 1268 4735; x_wconf 68' lang='lat' dir='ltr'><strong>octavam</strong></span> <span class='ocrx_word' id='word_1_352' title='bbox 1296 4650 1394 4734; x_wconf 15' lang='lat' dir='ltr'><strong>(id).</strong></span> <span class='ocrx_word' id='word_1_353' title='bbox 1420 4654 1481 4709; x_wconf 81' lang='lat' dir='ltr'><strong>Si</strong></span> <span class='ocrx_word' id='word_1_354' title='bbox 1498 4658 1758 4735; x_wconf 66' lang='lat' dir='ltr'><strong>diapason</strong></span> <span class='ocrx_word' id='word_1_355' title='bbox 1781 4650 1829 4715; x_wconf 70' lang='lat' dir='ltr'><strong>et</strong></span> <span class='ocrx_word' id='word_1_356' title='bbox 1858 4650 2120 4735; x_wconf 77' lang='lat' dir='ltr'><strong>diapente,</strong></span> 
     </span>
    </p>
   </div>
   <div class='ocr_carea' id='block_1_49' title="bbox 528 4712 2119 4803">
    <p class='ocr_par' dir='ltr' id='par_1_49' title="bbox 528 4712 2119 4803">
     <span class='ocr_line' id='line_1_49' title="bbox 528 4712 2119 4803; baseline 0.021 -46"><span class='ocrx_word' id='word_1_357' title='bbox 528 4712 705 4775; x_wconf 74' lang='lat' dir='ltr'><strong>major</strong></span> <span class='ocrx_word' id='word_1_358' title='bbox 734 4712 988 4797; x_wconf 57' lang='lat' dir='ltr'><strong>minorem</strong></span> <span class='ocrx_word' id='word_1_359' title='bbox 1019 4719 1196 4788; x_wconf 84' lang='lat' dir='ltr'><strong>triplo,</strong></span> <span class='ocrx_word' id='word_1_360' title='bbox 1229 4732 1275 4775; x_wconf 88' lang='lat' dir='ltr'><strong>et</strong></span> <span class='ocrx_word' id='word_1_361' title='bbox 1302 4712 1425 4792; x_wconf 49' lang='lat' dir='ltr'><strong>&#39;rjus</strong></span> <span class='ocrx_word' id='word_1_362' title='bbox 1474 4712 1608 4803; x_wconf 71' lang='lat' dir='ltr'><strong>dans</strong></span> <span class='ocrx_word' id='word_1_363' title='bbox 1637 4741 1869 4803; x_wconf 67' lang='lat' dir='ltr'><strong>octavas,</strong></span> <span class='ocrx_word' id='word_1_364' title='bbox 1921 4712 1974 4787; x_wconf 60' lang='lat' dir='ltr'><strong>id</strong></span> <span class='ocrx_word' id='word_1_365' title='bbox 2019 4712 2119 4803; x_wconf 65' lang='lat' dir='ltr'><strong>est:</strong></span> 
     </span>
    </p>
   </div>
   <div class='ocr_carea' id='block_1_50' title="bbox 527 4787 2123 4875">
    <p class='ocr_par' dir='ltr' id='par_1_50' title="bbox 527 4787 2123 4875">
     <span class='ocr_line' id='line_1_50' title="bbox 527 4787 2123 4875; baseline 0.023 -48"><span class='ocrx_word' id='word_1_366' title='bbox 527 4788 772 4853; x_wconf 69' lang='lat' dir='ltr'><strong>quartam</strong></span> <span class='ocrx_word' id='word_1_367' title='bbox 843 4794 891 4839; x_wconf 85' lang='lat' dir='ltr'><strong>et</strong></span> <span class='ocrx_word' id='word_1_368' title='bbox 920 4787 1133 4860; x_wconf 76' lang='lat' dir='ltr'><strong>insuper</strong></span> <span class='ocrx_word' id='word_1_369' title='bbox 1160 4787 1356 4848; x_wconf 76' lang='lat' dir='ltr'><strong>octava}</strong></span> <span class='ocrx_word' id='word_1_370' title='bbox 1381 4797 1629 4867; x_wconf 79' lang='lat' dir='ltr'><strong>mediam,</strong></span> <span class='ocrx_word' id='word_1_371' title='bbox 1660 4810 1706 4854; x_wconf 89' lang='lat' dir='ltr'><strong>et</strong></span> <span class='ocrx_word' id='word_1_372' title='bbox 1743 4787 1902 4875; x_wconf 67' lang='lat' dir='ltr'><strong>hujus</strong></span> <span class='ocrx_word' id='word_1_373' title='bbox 1930 4787 2123 4863; x_wconf 62' lang='lat' dir='ltr'><strong>medie:</strong></span> 
     </span>
    </p>
   </div>
   <div class='ocr_carea' id='block_1_51' title="bbox 593 4952 2120 5033">
    <p class='ocr_par' dir='ltr' id='par_1_51' title="bbox 593 4952 2120 5033">
     <span class='ocr_line' id='line_1_51' title="bbox 593 4952 2120 5033; baseline 0.021 -32"><span class='ocrx_word' id='word_1_374' title='bbox 593 4952 667 5018; x_wconf 79' lang='grc' dir='ltr'><strong>(α)</strong></span> <span class='ocrx_word' id='word_1_375' title='bbox 702 4955 760 5009; x_wconf 61' lang='grc' dir='ltr'><strong>ιθ.</strong></span> <span class='ocrx_word' id='word_1_376' title='bbox 784 4961 941 5032; x_wconf 79' lang='lat' dir='ltr'><strong>minor</strong></span> <span class='ocrx_word' id='word_1_377' title='bbox 965 4961 1141 5016; x_wconf 83' lang='lat' dir='ltr'><strong>ﬁstula.</strong></span> <span class='ocrx_word' id='word_1_378' title='bbox 1997 4981 2120 5033; x_wconf 63' lang='grc' dir='ltr'><strong>ιδοι</strong></span> 
     </span>
    </p>
   </div>
   <div class='ocr_carea' id='block_1_52' title="bbox 775 5023 2122 5095">
    <p class='ocr_par' dir='ltr' id='par_1_52' title="bbox 775 5023 2122 5095">
     <span class='ocr_line' id='line_1_52' title="bbox 775 5023 2122 5095; baseline 0.019 -24"><span class='ocrx_word' id='word_1_379' title='bbox 775 5023 882 5081; x_wconf 86' lang='lat' dir='ltr'><strong>ejus</strong></span> <span class='ocrx_word' id='word_1_380' title='bbox 906 5036 1092 5076; x_wconf 82' lang='lat' dir='ltr'><strong>octava.</strong></span> <span class='ocrx_word' id='word_1_381' title='bbox 1998 5023 2122 5095; x_wconf 59' lang='lat' dir='ltr'><strong>W286</strong></span> 
     </span>
    </p>
   </div>
   <div class='ocr_carea' id='block_1_53' title="bbox 775 5093 2119 5158">
    <p class='ocr_par' dir='ltr' id='par_1_53' title="bbox 775 5093 2119 5158">
     <span class='ocr_line' id='line_1_53' title="bbox 775 5093 2119 5158; baseline 0.017 -24"><span class='ocrx_word' id='word_1_382' title='bbox 775 5093 943 5135; x_wconf 76' lang='lat' dir='ltr'><strong>octava</strong></span> <span class='ocrx_word' id='word_1_383' title='bbox 968 5098 1167 5140; x_wconf 71' lang='lat' dir='ltr'><strong>octavae.</strong></span> <span class='ocrx_word' id='word_1_384' title='bbox 2033 5093 2119 5158; x_wconf 16' lang='lat'><strong>7&#39;56</strong></span> 
     </span>
    </p>
   </div>
   <div class='ocr_carea' id='block_1_54' title="bbox 698 5161 2119 5240">
    <p class='ocr_par' dir='ltr' id='par_1_54' title="bbox 698 5161 2119 5240">
     <span class='ocr_line' id='line_1_54' title="bbox 698 5161 2119 5240; baseline 0.021 -30"><span class='ocrx_word' id='word_1_385' title='bbox 698 5161 753 5240; x_wconf 62' lang='grc' dir='ltr'><strong>Ξ.</strong></span> <span class='ocrx_word' id='word_1_386' title='bbox 777 5171 897 5240; x_wconf 76' lang='lat' dir='ltr'><strong>tono</strong></span> <span class='ocrx_word' id='word_1_387' title='bbox 916 5169 1099 5240; x_wconf 71' lang='lat' dir='ltr'><strong>distans</strong></span> <span class='ocrx_word' id='word_1_388' title='bbox 1118 5173 1179 5223; x_wconf 91' lang='lat' dir='ltr'><strong>ab</strong></span> <span class='ocrx_word' id='word_1_389' title='bbox 1202 5173 1260 5226; x_wconf 68' lang='grc' dir='ltr'><strong>ιε’.</strong></span> <span class='ocrx_word' id='word_1_390' title='bbox 1995 5188 2119 5240; x_wconf 73' lang='grc'><strong>2628</strong></span> 
     </span>
    </p>
   </div>
   <div class='ocr_carea' id='block_1_55' title="bbox 594 5218 2120 5301">
    <p class='ocr_par' dir='ltr' id='par_1_55' title="bbox 594 5218 2120 5301">
     <span class='ocr_line' id='line_1_55' title="bbox 594 5218 2120 5301; baseline -0.02 -17"><span class='ocrx_word' id='word_1_391' title='bbox 594 5218 667 5289; x_wconf 63' lang='grc' dir='ltr'><strong>(ξ’)</strong></span> <span class='ocrx_word' id='word_1_392' title='bbox 699 5222 753 5276; x_wconf 77' lang='lat' dir='ltr'><strong>F.</strong></span> <span class='ocrx_word' id='word_1_393' title='bbox 776 5229 932 5301; x_wconf 68' lang='lat' dir='ltr'><strong>minor</strong></span> <span class='ocrx_word' id='word_1_394' title='bbox 955 5218 1175 5301; x_wconf 42' lang='lat' dir='ltr'><strong>astam&quot;</strong></span> <span class='ocrx_word' id='word_1_395' title='bbox 1202 5218 1223 5226; x_wconf 68' lang='grc'><em>’</em></span> <span class='ocrx_word' id='word_1_396' title='bbox 1242 5218 1260 5226; x_wconf 61' lang='grc'>⁷</span> 
     </span>
    </p>
   </div>
   <div class='ocr_carea' id='block_1_56' title="bbox 774 5289 2119 5361">
    <p class='ocr_par' dir='ltr' id='par_1_56' title="bbox 774 5289 2119 5361">
     <span class='ocr_line' id='line_1_56' title="bbox 774 5289 2119 5361; baseline 0.019 -25"><span class='ocrx_word' id='word_1_397' title='bbox 774 5289 880 5348; x_wconf 86' lang='lat' dir='ltr'><strong>ejus</strong></span> <span class='ocrx_word' id='word_1_398' title='bbox 901 5295 1066 5344; x_wconf 87' lang='lat' dir='ltr'><strong>tertia.</strong></span> <span class='ocrx_word' id='word_1_399' title='bbox 1993 5289 2119 5361; x_wconf 62' lang='grc' dir='ltr'><strong>’ἧᾶἱῖ</strong></span> 
     </span>
    </p>
   </div>
   <div class='ocr_carea' id='block_1_57' title="bbox 778 5361 2121 5453">
    <p class='ocr_par' dir='ltr' id='par_1_57' title="bbox 778 5361 2121 5453">
     <span class='ocr_line' id='line_1_57' title="bbox 778 5361 2121 5453; baseline 0.034 -44"><span class='ocrx_word' id='word_1_400' title='bbox 778 5361 939 5409; x_wconf 80' lang='lat' dir='ltr'><strong>tertiae</strong></span> <span class='ocrx_word' id='word_1_401' title='bbox 958 5362 1165 5417; x_wconf 87' lang='lat' dir='ltr'><strong>decima.</strong></span> <span class='ocrx_word' id='word_1_402' title='bbox 1982 5375 2121 5453; x_wconf 63' lang='lat' dir='ltr'><strong>767&#39;s</strong></span> 
     </span>
    </p>
   </div>
   <div class='ocr_carea' id='block_1_58' title="bbox 775 5444 2114 5535">
    <p class='ocr_par' dir='ltr' id='par_1_58' title="bbox 775 5444 2114 5535">
     <span class='ocr_line' id='line_1_58' title="bbox 775 5444 2114 5535; baseline 0.017 -43"><span class='ocrx_word' id='word_1_403' title='bbox 775 5444 1025 5506; x_wconf 65' lang='lat' dir='ltr'><strong>vigesima</strong></span> <span class='ocrx_word' id='word_1_404' title='bbox 1042 5458 1213 5535; x_wconf 55' lang='lat' dir='ltr'><strong>sexta“</strong></span> <span class='ocrx_word' id='word_1_405' title='bbox 1980 5444 2114 5535; x_wconf 44' lang='lat'><strong>199—;</strong></span> 
     </span>
    </p>
   </div>
   <div class='ocr_carea' id='block_1_59' title="bbox 697 5516 2117 5585">
    <p class='ocr_par' dir='ltr' id='par_1_59' title="bbox 697 5516 2117 5585">
     <span class='ocr_line' id='line_1_59' title="bbox 697 5516 2117 5585; baseline 0.013 -18"><span class='ocrx_word' id='word_1_406' title='bbox 697 5516 752 5585; x_wconf 66' lang='grc' dir='ltr'><strong>ρ.</strong></span> <span class='ocrx_word' id='word_1_407' title='bbox 776 5516 1081 5585; x_wconf 67' lang='lat' dir='ltr'><strong>diatessaron</strong></span> <span class='ocrx_word' id='word_1_408' title='bbox 1098 5526 1155 5573; x_wconf 90' lang='lat' dir='ltr'><strong>ad</strong></span> <span class='ocrx_word' id='word_1_409' title='bbox 1175 5523 1232 5575; x_wconf 71' lang='grc' dir='ltr'><strong>Ρ.</strong></span> <span class='ocrx_word' id='word_1_410' title='bbox 1990 5516 2117 5585; x_wconf 69' lang='grc' dir='ltr'><strong>5ίῦιῖ</strong></span> 
     </span>
    </p>
   </div>
   <div class='ocr_carea' id='block_1_60' title="bbox 590 5577 2120 5710">
    <p class='ocr_par' dir='ltr' id='par_1_60' title="bbox 590 5577 2120 5710">
     <span class='ocr_line' id='line_1_60' title="bbox 590 5577 2120 5674; baseline 0.004 -44"><span class='ocrx_word' id='word_1_411' title='bbox 590 5577 662 5642; x_wconf 77' lang='lat' dir='ltr'><strong>(c)</strong></span> <span class='ocrx_word' id='word_1_412' title='bbox 695 5578 751 5631; x_wconf 69' lang='grc' dir='ltr'><strong>ιτ.</strong></span> <span class='ocrx_word' id='word_1_413' title='bbox 775 5582 935 5631; x_wconf 89' lang='lat' dir='ltr'><strong>minor</strong></span> <span class='ocrx_word' id='word_1_414' title='bbox 958 5580 1132 5633; x_wconf 87' lang='lat' dir='ltr'><strong>ﬁstula.</strong></span> <span class='ocrx_word' id='word_1_415' title='bbox 1991 5577 2120 5674; x_wconf 67' lang='grc' dir='ltr'><strong>Ξέρῖ</strong></span> 
     </span>
     <span class='ocr_line' id='line_1_61' title="bbox 772 5644 2120 5710; baseline 0.003 -17"><span class='ocrx_word' id='word_1_416' title='bbox 772 5644 1075 5710; x_wconf 87' lang='lat' dir='ltr'><strong>ejus__medi_a.</strong></span> <span class='ocrx_word' id='word_1_417' title='bbox 1998 5660 2120 5710; x_wconf 58' lang='lat'><strong>“.53</strong></span> 
     </span>
    </p>
   </div>
   <div class='ocr_carea' id='block_1_61' title="bbox 772 5645 2119 5770">
    <p class='ocr_par' dir='ltr' id='par_1_61' title="bbox 772 5645 2119 5770">
     <span class='ocr_line' id='line_1_62' title="bbox 772 5645 2119 5770; baseline 0.021 -17"><span class='ocrx_word' id='word_1_418' title='bbox 772 5645 1263 5762; x_wconf 46' lang='lat' dir='ltr'><strong>:jgfiggjtligoctava.</strong></span> 
     </span>
    </p>
   </div>
   <div class='ocr_carea' id='block_1_62' title="bbox 698 5789 2119 5859">
    <p class='ocr_par' dir='ltr' id='par_1_62' title="bbox 698 5789 2119 5859">
     <span class='ocr_line' id='line_1_63' title="bbox 698 5789 2119 5859; baseline 0.006 -16"><span class='ocrx_word' id='word_1_419' title='bbox 698 5789 758 5853; x_wconf 79' lang='grc' dir='ltr'><strong>Β.</strong></span> <span class='ocrx_word' id='word_1_420' title='bbox 775 5791 1007 5856; x_wconf 75' lang='lat' dir='ltr'><strong>diapente</strong></span> <span class='ocrx_word' id='word_1_421' title='bbox 1034 5794 1092 5844; x_wconf 85' lang='lat' dir='ltr'><strong>ad</strong></span> <span class='ocrx_word' id='word_1_422' title='bbox 1118 5795 1177 5846; x_wconf 80' lang='lat' dir='ltr'><strong>F.</strong></span> <span class='ocrx_word' id='word_1_423' title='bbox 1993 5802 2119 5859; x_wconf 74' lang='lat'><strong>5600</strong></span> 
     </span>
    </p>
   </div>
   <div class='ocr_carea' id='block_1_63' title="bbox 1422 316 3145 416">
    <p class='ocr_par' dir='ltr' id='par_1_63' title="bbox 1422 316 3145 416">
     <span class='ocr_line' id='line_1_64' title="bbox 1422 316 3145 416; baseline 0.023 -43"><span class='ocrx_word' id='word_1_424' title='bbox 1422 316 1594 376; x_wconf 65' lang='lat' dir='ltr'><strong>SJEC.</strong></span> <span class='ocrx_word' id='word_1_425' title='bbox 1630 322 1702 378; x_wconf 78' lang='lat' dir='ltr'><strong>XI</strong></span> <span class='ocrx_word' id='word_1_426' title='bbox 1733 326 1939 385; x_wconf 82' lang='lat' dir='ltr'><strong>AUCT.</strong></span> <span class='ocrx_word' id='word_1_427' title='bbox 1982 331 2259 393; x_wconf 71' lang='lat' dir='ltr'><strong>INCER&#39;I‘I</strong></span> <span class='ocrx_word' id='word_1_428' title='bbox 2297 339 2461 397; x_wconf 78' lang='lat' dir='ltr'><strong>ANNI</strong></span> <span class='ocrx_word' id='word_1_429' title='bbox 2500 342 2594 400; x_wconf 85' lang='lat' dir='ltr'><strong>ET</strong></span> <span class='ocrx_word' id='word_1_430' title='bbox 2631 346 2895 416; x_wconf 80' lang='lat' dir='ltr'><strong>SCRIPT.</strong></span> <span class='ocrx_word' id='word_1_431' title='bbox 2926 356 3145 415; x_wconf 75' lang='lat' dir='ltr'><strong>‘AAEm.</strong></span> 
     </span>
    </p>
   </div>
   <div class='ocr_carea' id='block_1_64' title="bbox 654 414 2773 530">
    <p class='ocr_par' dir='ltr' id='par_1_64' title="bbox 654 414 2773 530">
     <span class='ocr_line' id='line_1_65' title="bbox 654 414 2773 530; baseline 0.023 -64"><span class='ocrx_word' id='word_1_432' title='bbox 654 414 767 486; x_wconf 70' lang='grc'><strong>(44)</strong></span> <span class='ocrx_word' id='word_1_433' title='bbox 819 414 877 471; x_wconf 89' lang='lat' dir='ltr'><strong>Si</strong></span> <span class='ocrx_word' id='word_1_434' title='bbox 934 424 1117 475; x_wconf 88' lang='lat' dir='ltr'><strong>tonum</strong></span> <span class='ocrx_word' id='word_1_435' title='bbox 1169 425 1365 493; x_wconf 61' lang='lat' dir='ltr'><strong>quaeris</strong></span> <span class='ocrx_word' id='word_1_436' title='bbox 1393 468 1407 494; x_wconf 93' lang='lat'><strong>,</strong></span> <span class='ocrx_word' id='word_1_437' title='bbox 1457 431 1632 499; x_wconf 89' lang='lat' dir='ltr'><strong>major</strong></span> <span class='ocrx_word' id='word_1_438' title='bbox 1671 434 1847 491; x_wconf 89' lang='lat' dir='ltr'><strong>ﬁstula</strong></span> <span class='ocrx_word' id='word_1_439' title='bbox 1898 440 2161 499; x_wconf 89' lang='lat' dir='ltr'><strong>minorem</strong></span> <span class='ocrx_word' id='word_1_440' title='bbox 2192 453 2240 511; x_wconf 75' lang='grc' dir='ltr'>Α</span> <span class='ocrx_word' id='word_1_441' title='bbox 2267 456 2441 522; x_wconf 86' lang='lat' dir='ltr'><strong>equod</strong></span> <span class='ocrx_word' id='word_1_442' title='bbox 2474 466 2556 512; x_wconf 89' lang='lat' dir='ltr'><strong>est</strong></span> <span class='ocrx_word' id='word_1_443' title='bbox 2598 468 2773 530; x_wconf 81' lang='lat' dir='ltr'><strong>tonus,</strong></span> 
     </span>
     <span class='ocr_line' id='line_1_66' title="bbox 659 506 1504 530; baseline 0 0"><span class='ocrx_word' id='word_1_444' title='bbox 659 506 775 530; x_wconf 50' lang='lat' dir='ltr'><strong>L.-.</strong></span> <span class='ocrx_word' id='word_1_445' title='bbox 837 517 881 530; x_wconf 76' lang='lat'><strong>-.</strong></span> <span class='ocrx_word' id='word_1_446' title='bbox 1357 517 1411 530; x_wconf 69' lang='grc' dir='ltr'><strong>η.</strong></span> <span class='ocrx_word' id='word_1_447' title='bbox 1474 522 1504 530; x_wconf 92' lang='grc'>..</span> 
     </span>
    </p>
   </div>
   <div class='ocr_carea' id='block_1_65' title="bbox 3687 380 3749 437">
    <p class='ocr_par' dir='ltr' id='par_1_65' title="bbox 3687 380 3749 437">
     <span class='ocr_line' id='line_1_67' title="bbox 3687 380 3749 437; baseline 0.016 -31"><span class='ocrx_word' id='word_1_448' title='bbox 3687 380 3749 437; x_wconf 51' lang='grc' dir='ltr'><strong>οε</strong></span> 
     </span>
    </p>
   </div>
   <div class='ocr_carea' id='block_1_66' title="bbox 2817 471 3751 559">
    <p class='ocr_par' dir='ltr' id='par_1_66' title="bbox 2817 471 3751 559">
     <span class='ocr_line' id='line_1_68' title="bbox 2817 471 3751 559; baseline 0.024 -40"><span class='ocrx_word' id='word_1_449' title='bbox 2817 480 2900 521; x_wconf 86' lang='lat' dir='ltr'><strong>vet</strong></span> <span class='ocrx_word' id='word_1_450' title='bbox 2944 476 3113 524; x_wconf 92' lang='lat' dir='ltr'><strong>totum</strong></span> <span class='ocrx_word' id='word_1_451' title='bbox 3144 471 3185 525; x_wconf 92' lang='lat' dir='ltr'><strong>D</strong></span> <span class='ocrx_word' id='word_1_452' title='bbox 3212 480 3269 529; x_wconf 90' lang='lat' dir='ltr'><strong>et</strong></span> <span class='ocrx_word' id='word_1_453' title='bbox 3293 475 3408 545; x_wconf 87' lang='lat' dir='ltr'><strong>ejus</strong></span> <span class='ocrx_word' id='word_1_454' title='bbox 3435 482 3634 551; x_wconf 74' lang='lat' dir='ltr'><strong>tertium,</strong></span> <span class='ocrx_word' id='word_1_455' title='bbox 3661 500 3751 559; x_wconf 78' lang='lat' dir='ltr'><strong>quod</strong></span> 
     </span>
    </p>
   </div>
   <div class='ocr_carea' id='block_1_67' title="bbox 2266 544 3751 649">
    <p class='ocr_par' dir='ltr' id='par_1_67' title="bbox 2266 544 3751 649">
     <span class='ocr_line' id='line_1_69' title="bbox 2266 544 3751 649; baseline 0.026 -55"><span class='ocrx_word' id='word_1_456' title='bbox 2266 552 2323 596; x_wconf 88' lang='lat' dir='ltr'><strong>et</strong></span> <span class='ocrx_word' id='word_1_457' title='bbox 2367 544 2725 615; x_wconf 87' lang='lat' dir='ltr'><strong>diatessaron,</strong></span> <span class='ocrx_word' id='word_1_458' title='bbox 2799 556 2887 615; x_wconf 85' lang='lat' dir='ltr'><strong>vel</strong></span> <span class='ocrx_word' id='word_1_459' title='bbox 2918 566 3090 615; x_wconf 85' lang='lat' dir='ltr'><strong>totum</strong></span> <span class='ocrx_word' id='word_1_460' title='bbox 3117 560 3161 615; x_wconf 87' lang='lat' dir='ltr'><strong>E</strong></span> <span class='ocrx_word' id='word_1_461' title='bbox 3202 572 3257 619; x_wconf 83' lang='lat' dir='ltr'><strong>et</strong></span> <span class='ocrx_word' id='word_1_462' title='bbox 3286 564 3403 634; x_wconf 88' lang='lat' dir='ltr'><strong>ejus</strong></span> <span class='ocrx_word' id='word_1_463' title='bbox 3425 544 3639 641; x_wconf 64' lang='lat' dir='ltr'><strong>medium,</strong></span> 
     </span>
    </p>
   </div>
   <div class='ocr_carea' id='block_1_68' title="bbox 2271 635 3750 740">
    <p class='ocr_par' dir='ltr' id='par_1_68' title="bbox 2271 635 3750 740">
     <span class='ocr_line' id='line_1_70' title="bbox 2271 635 3750 740; baseline 0.025 -53"><span class='ocrx_word' id='word_1_464' title='bbox 2271 642 2354 689; x_wconf 88' lang='lat' dir='ltr'><strong>est</strong></span> <span class='ocrx_word' id='word_1_465' title='bbox 2378 635 2654 707; x_wconf 88' lang='lat' dir='ltr'><strong>diapente.</strong></span> <span class='ocrx_word' id='word_1_466' title='bbox 2688 642 2731 698; x_wconf 86' lang='lat' dir='ltr'>G</span> <span class='ocrx_word' id='word_1_467' title='bbox 2756 643 2920 701; x_wconf 88' lang='lat' dir='ltr'><strong>habet</strong></span> <span class='ocrx_word' id='word_1_468' title='bbox 2952 657 3123 706; x_wconf 92' lang='lat' dir='ltr'><strong>totum</strong></span> <span class='ocrx_word' id='word_1_469' title='bbox 3147 653 3186 709; x_wconf 87' lang='lat' dir='ltr'><strong>C</strong></span> <span class='ocrx_word' id='word_1_470' title='bbox 3208 665 3264 711; x_wconf 91' lang='lat' dir='ltr'><strong>et</strong></span> <span class='ocrx_word' id='word_1_471' title='bbox 3296 656 3413 726; x_wconf 91' lang='lat' dir='ltr'><strong>ejus</strong></span> <span class='ocrx_word' id='word_1_472' title='bbox 3440 635 3750 740; x_wconf 73' lang='lat' dir='ltr'><strong>tertium,</strong></span> 
     </span>
    </p>
   </div>
   <div class='ocr_carea' id='block_1_69' title="bbox 2269 729 3749 830">
    <p class='ocr_par' dir='ltr' id='par_1_69' title="bbox 2269 729 3749 830">
     <span class='ocr_line' id='line_1_71' title="bbox 2269 729 3749 830; baseline 0.026 -51"><span class='ocrx_word' id='word_1_473' title='bbox 2269 735 2353 781; x_wconf 89' lang='lat' dir='ltr'><strong>est</strong></span> <span class='ocrx_word' id='word_1_474' title='bbox 2393 729 2752 789; x_wconf 88' lang='lat' dir='ltr'><strong>diatessaron.</strong></span> <span class='ocrx_word' id='word_1_475' title='bbox 2808 738 2852 793; x_wconf 78' lang='grc' dir='ltr'><strong>ϐ</strong></span> <span class='ocrx_word' id='word_1_476' title='bbox 2892 750 3072 797; x_wconf 89' lang='lat' dir='ltr'><strong>autem</strong></span> <span class='ocrx_word' id='word_1_477' title='bbox 3098 785 3114 811; x_wconf 93' lang='lat'><strong>,</strong></span> <span class='ocrx_word' id='word_1_478' title='bbox 3154 750 3301 816; x_wconf 89' lang='lat' dir='ltr'><strong>quod</strong></span> <span class='ocrx_word' id='word_1_479' title='bbox 3336 760 3418 807; x_wconf 89' lang='lat' dir='ltr'><strong>est</strong></span> <span class='ocrx_word' id='word_1_480' title='bbox 3463 756 3575 811; x_wconf 86' lang='lat' dir='ltr'><strong>trite</strong></span> 
     </span>
    </p>
   </div>
   <div class='ocr_carea' id='block_1_70' title="bbox 2268 820 3754 913">
    <p class='ocr_par' dir='ltr' id='par_1_70' title="bbox 2268 820 3754 913">
     <span class='ocr_line' id='line_1_72' title="bbox 2268 820 3754 913; baseline 0.026 -46"><span class='ocrx_word' id='word_1_481' title='bbox 2268 830 2490 882; x_wconf 90' lang='lat' dir='ltr'><strong>menon,</strong></span> <span class='ocrx_word' id='word_1_482' title='bbox 2524 820 2690 877; x_wconf 88' lang='lat' dir='ltr'><strong>habet</strong></span> <span class='ocrx_word' id='word_1_483' title='bbox 2720 832 2889 882; x_wconf 91' lang='lat' dir='ltr'><strong>totum</strong></span> <span class='ocrx_word' id='word_1_484' title='bbox 2921 830 2966 884; x_wconf 91' lang='lat' dir='ltr'><strong>D</strong></span> <span class='ocrx_word' id='word_1_485' title='bbox 2996 832 3156 900; x_wconf 89' lang='lat' dir='ltr'><strong>primi</strong></span> <span class='ocrx_word' id='word_1_486' title='bbox 3197 836 3461 909; x_wconf 86' lang='lat' dir='ltr'><strong>diapason</strong></span> <span class='ocrx_word' id='word_1_487' title='bbox 3492 853 3541 898; x_wconf 84' lang='lat' dir='ltr'><strong>et</strong></span> <span class='ocrx_word' id='word_1_488' title='bbox 3564 820 3654 913; x_wconf 70' lang='lat' dir='ltr'><strong>ejus</strong></span> <span class='ocrx_word' id='word_1_489' title='bbox 3681 866 3754 907; x_wconf 57' lang='lat' dir='ltr'><strong>me</strong></span> 
     </span>
    </p>
   </div>
   <div class='ocr_carea' id='block_1_71' title="bbox 2269 906 3709 996">
    <p class='ocr_par' dir='ltr' id='par_1_71' title="bbox 2269 906 3709 996">
     <span class='ocr_line' id='line_1_73' title="bbox 2269 906 3709 996; baseline 0.025 -36"><span class='ocrx_word' id='word_1_490' title='bbox 2269 906 2441 977; x_wconf 90' lang='lat' dir='ltr'><strong>dium,</strong></span> <span class='ocrx_word' id='word_1_491' title='bbox 2479 911 2532 965; x_wconf 93' lang='lat' dir='ltr'><strong>id</strong></span> <span class='ocrx_word' id='word_1_492' title='bbox 2556 921 2658 981; x_wconf 88' lang='lat' dir='ltr'><strong>est,</strong></span> <span class='ocrx_word' id='word_1_493' title='bbox 2692 915 2963 987; x_wconf 88' lang='lat' dir='ltr'><strong>diapente.</strong></span> <span class='ocrx_word' id='word_1_494' title='bbox 2992 921 3059 978; x_wconf 77' lang='grc' dir='ltr'><strong>ϐ.</strong></span> <span class='ocrx_word' id='word_1_495' title='bbox 3101 924 3171 982; x_wconf 86' lang='lat' dir='ltr'><strong>G.</strong></span> <span class='ocrx_word' id='word_1_496' title='bbox 3206 906 3379 985; x_wconf 25' lang='lat' dir='ltr'><strong>AJB.</strong></span> <span class='ocrx_word' id='word_1_497' title='bbox 3418 932 3475 989; x_wconf 88' lang='lat' dir='ltr'><strong>C.</strong></span> <span class='ocrx_word' id='word_1_498' title='bbox 3510 906 3644 993; x_wconf 67' lang='grc' dir='ltr'><strong>1).Ἐ.</strong></span> <span class='ocrx_word' id='word_1_499' title='bbox 3668 940 3709 996; x_wconf 69' lang='grc' dir='ltr'><strong>Ρ.</strong></span> 
     </span>
    </p>
   </div>
   <div class='ocr_carea' id='block_1_72' title="bbox 2602 1070 3521 1125">
    <p class='ocr_par' dir='ltr' id='par_1_72' title="bbox 2602 1070 3521 1125">
     <span class='ocr_line' id='line_1_74' title="bbox 2602 1070 3521 1125; baseline 0.018 -17"><span class='ocrx_word' id='word_1_500' title='bbox 2602 1070 2656 1109; x_wconf 81' lang='lat' dir='ltr'><strong>IN</strong></span> <span class='ocrx_word' id='word_1_501' title='bbox 2698 1070 2935 1116; x_wconf 76' lang='lat' dir='ltr'><strong>SECUNDO</strong></span> <span class='ocrx_word' id='word_1_502' title='bbox 2967 1078 3224 1121; x_wconf 75' lang='lat' dir='ltr'><strong>DIAPASON</strong></span> <span class='ocrx_word' id='word_1_503' title='bbox 3262 1082 3521 1125; x_wconf 72' lang='lat' dir='ltr'><strong>IIBNSUBA.</strong></span> 
     </span>
    </p>
   </div>
   <div class='ocr_carea' id='block_1_73' title="bbox 2340 1184 3752 1281">
    <p class='ocr_par' dir='ltr' id='par_1_73' title="bbox 2340 1184 3752 1281">
     <span class='ocr_line' id='line_1_75' title="bbox 2340 1184 3752 1281; baseline 0.022 -42"><span class='ocrx_word' id='word_1_504' title='bbox 2340 1184 2384 1240; x_wconf 85' lang='lat' dir='ltr'><strong>F</strong></span> <span class='ocrx_word' id='word_1_505' title='bbox 2423 1187 2590 1245; x_wconf 92' lang='lat' dir='ltr'><strong>habet</strong></span> <span class='ocrx_word' id='word_1_506' title='bbox 2613 1198 2786 1248; x_wconf 91' lang='lat' dir='ltr'><strong>totum</strong></span> <span class='ocrx_word' id='word_1_507' title='bbox 2818 1195 2883 1262; x_wconf 87' lang='lat' dir='ltr'><strong>G,</strong></span> <span class='ocrx_word' id='word_1_508' title='bbox 2914 1198 3026 1271; x_wconf 72' lang='lat'><strong>(48)</strong></span> <span class='ocrx_word' id='word_1_509' title='bbox 3058 1209 3113 1257; x_wconf 91' lang='lat' dir='ltr'><strong>et</strong></span> <span class='ocrx_word' id='word_1_510' title='bbox 3140 1201 3259 1273; x_wconf 88' lang='lat' dir='ltr'><strong>ejus</strong></span> <span class='ocrx_word' id='word_1_511' title='bbox 3293 1215 3555 1275; x_wconf 87' lang='lat' dir='ltr'><strong>octavum,</strong></span> <span class='ocrx_word' id='word_1_512' title='bbox 3581 1215 3752 1281; x_wconf 78' lang='lat' dir='ltr'><strong>quodest</strong></span> 
     </span>
    </p>
   </div>
   <div class='ocr_carea' id='block_1_74' title="bbox 2251 1280 3751 1383">
    <p class='ocr_par' dir='ltr' id='par_1_74' title="bbox 2251 1280 3751 1383">
     <span class='ocr_line' id='line_1_76' title="bbox 2251 1280 3751 1383; baseline 0.022 -55"><span class='ocrx_word' id='word_1_513' title='bbox 2251 1284 2447 1346; x_wconf 86' lang='lat' dir='ltr'><strong>tonus,</strong></span> <span class='ocrx_word' id='word_1_514' title='bbox 2479 1280 2565 1336; x_wconf 87' lang='lat' dir='ltr'><strong>vel</strong></span> <span class='ocrx_word' id='word_1_515' title='bbox 2617 1290 2788 1339; x_wconf 92' lang='lat' dir='ltr'><strong>totum</strong></span> <span class='ocrx_word' id='word_1_516' title='bbox 2819 1286 2860 1340; x_wconf 84' lang='grc' dir='ltr'><strong>Β</strong></span> <span class='ocrx_word' id='word_1_517' title='bbox 2889 1297 2943 1343; x_wconf 92' lang='lat' dir='ltr'><strong>et</strong></span> <span class='ocrx_word' id='word_1_518' title='bbox 2972 1290 3089 1361; x_wconf 84' lang='lat' dir='ltr'><strong>ejus</strong></span> <span class='ocrx_word' id='word_1_519' title='bbox 3140 1295 3363 1351; x_wconf 87' lang='lat' dir='ltr'><strong>tertium</strong></span> <span class='ocrx_word' id='word_1_520' title='bbox 3388 1339 3402 1363; x_wconf 92' lang='lat'><strong>,</strong></span> <span class='ocrx_word' id='word_1_521' title='bbox 3436 1280 3653 1383; x_wconf 76' lang='lat' dir='ltr'><strong>quodest</strong></span> <span class='ocrx_word' id='word_1_522' title='bbox 3683 1304 3751 1361; x_wconf 73' lang='lat' dir='ltr'><strong>dia-</strong></span> 
     </span>
    </p>
   </div>
   <div class='ocr_carea' id='block_1_75' title="bbox 2265 1374 3751 1465">
    <p class='ocr_par' dir='ltr' id='par_1_75' title="bbox 2265 1374 3751 1465">
     <span class='ocr_line' id='line_1_77' title="bbox 2265 1374 3751 1465; baseline 0.022 -44"><span class='ocrx_word' id='word_1_523' title='bbox 2265 1374 2537 1441; x_wconf 89' lang='lat' dir='ltr'><strong>tessaron,</strong></span> <span class='ocrx_word' id='word_1_524' title='bbox 2595 1375 2682 1429; x_wconf 89' lang='lat' dir='ltr'><strong>vel</strong></span> <span class='ocrx_word' id='word_1_525' title='bbox 2735 1386 2906 1435; x_wconf 88' lang='lat' dir='ltr'><strong>totum</strong></span> <span class='ocrx_word' id='word_1_526' title='bbox 2951 1381 2992 1438; x_wconf 89' lang='lat' dir='ltr'>C</span> <span class='ocrx_word' id='word_1_527' title='bbox 3020 1392 3078 1439; x_wconf 85' lang='lat' dir='ltr'><strong>et</strong></span> <span class='ocrx_word' id='word_1_528' title='bbox 3105 1386 3223 1457; x_wconf 90' lang='lat' dir='ltr'><strong>ejus</strong></span> <span class='ocrx_word' id='word_1_529' title='bbox 3273 1377 3538 1460; x_wconf 70' lang='lat' dir='ltr'><strong>medium,</strong></span> <span class='ocrx_word' id='word_1_530' title='bbox 3566 1398 3675 1465; x_wconf 85' lang='lat' dir='ltr'><strong>quod</strong></span> <span class='ocrx_word' id='word_1_531' title='bbox 3703 1411 3751 1455; x_wconf 86' lang='lat' dir='ltr'><strong>est</strong></span> 
     </span>
    </p>
   </div>
   <div class='ocr_carea' id='block_1_76' title="bbox 2263 1460 3751 1559">
    <p class='ocr_par' dir='ltr' id='par_1_76' title="bbox 2263 1460 3751 1559">
     <span class='ocr_line' id='line_1_78' title="bbox 2263 1460 3751 1559; baseline 0.022 -43"><span class='ocrx_word' id='word_1_532' title='bbox 2263 1460 2534 1531; x_wconf 85' lang='lat' dir='ltr'><strong>diapente,</strong></span> <span class='ocrx_word' id='word_1_533' title='bbox 2567 1466 2648 1521; x_wconf 86' lang='lat' dir='ltr'><strong>vel</strong></span> <span class='ocrx_word' id='word_1_534' title='bbox 2698 1470 2845 1525; x_wconf 91' lang='lat' dir='ltr'><strong>aliud</strong></span> <span class='ocrx_word' id='word_1_535' title='bbox 2888 1473 2930 1528; x_wconf 90' lang='lat' dir='ltr'><strong>F</strong></span> <span class='ocrx_word' id='word_1_536' title='bbox 2963 1475 3148 1547; x_wconf 91' lang='lat' dir='ltr'><strong>duplo,</strong></span> <span class='ocrx_word' id='word_1_537' title='bbox 3197 1482 3348 1550; x_wconf 89' lang='lat' dir='ltr'><strong>quod</strong></span> <span class='ocrx_word' id='word_1_538' title='bbox 3378 1493 3462 1540; x_wconf 91' lang='lat' dir='ltr'><strong>est</strong></span> <span class='ocrx_word' id='word_1_539' title='bbox 3498 1460 3751 1559; x_wconf 65' lang='lat' dir='ltr'><strong>diapason!</strong></span> 
     </span>
    </p>
   </div>
   <div class='ocr_carea' id='block_1_77' title="bbox 2262 1553 3749 1643">
    <p class='ocr_par' dir='ltr' id='par_1_77' title="bbox 2262 1553 3749 1643">
     <span class='ocr_line' id='line_1_79' title="bbox 2262 1553 3749 1643; baseline 0.021 -37"><span class='ocrx_word' id='word_1_540' title='bbox 2262 1558 2434 1606; x_wconf 91' lang='lat' dir='ltr'><strong>totum</strong></span> <span class='ocrx_word' id='word_1_541' title='bbox 2461 1553 2502 1626; x_wconf 67' lang='lat' dir='ltr'><strong>If‘</strong></span> <span class='ocrx_word' id='word_1_542' title='bbox 2533 1564 2588 1610; x_wconf 89' lang='lat' dir='ltr'><strong>et</strong></span> <span class='ocrx_word' id='word_1_543' title='bbox 2618 1555 2737 1626; x_wconf 89' lang='lat' dir='ltr'><strong>ejus</strong></span> <span class='ocrx_word' id='word_1_544' title='bbox 2766 1570 3039 1632; x_wconf 90' lang='lat' dir='ltr'><strong>octavum,</strong></span> <span class='ocrx_word' id='word_1_545' title='bbox 3073 1571 3218 1639; x_wconf 89' lang='lat' dir='ltr'><strong>quod</strong></span> <span class='ocrx_word' id='word_1_546' title='bbox 3245 1581 3335 1628; x_wconf 85' lang='lat' dir='ltr'><strong>est</strong></span> <span class='ocrx_word' id='word_1_547' title='bbox 3364 1582 3534 1643; x_wconf 91' lang='lat' dir='ltr'><strong>tonus,</strong></span> <span class='ocrx_word' id='word_1_548' title='bbox 3554 1553 3621 1634; x_wconf 70' lang='lat' dir='ltr'><strong>vel</strong></span> <span class='ocrx_word' id='word_1_549' title='bbox 3644 1591 3749 1637; x_wconf 73' lang='lat' dir='ltr'><strong>totum</strong></span> 
     </span>
    </p>
   </div>
   <div class='ocr_carea' id='block_1_78' title="bbox 2257 1642 3748 1733">
    <p class='ocr_par' dir='ltr' id='par_1_78' title="bbox 2257 1642 3748 1733">
     <span class='ocr_line' id='line_1_80' title="bbox 2257 1642 3748 1733; baseline 0.023 -38"><span class='ocrx_word' id='word_1_550' title='bbox 2257 1642 2300 1696; x_wconf 88' lang='lat' dir='ltr'><strong>A</strong></span> <span class='ocrx_word' id='word_1_551' title='bbox 2329 1651 2383 1697; x_wconf 88' lang='lat' dir='ltr'><strong>et</strong></span> <span class='ocrx_word' id='word_1_552' title='bbox 2422 1643 2537 1715; x_wconf 91' lang='lat' dir='ltr'><strong>ejus</strong></span> <span class='ocrx_word' id='word_1_553' title='bbox 2579 1649 2813 1717; x_wconf 84' lang='lat' dir='ltr'><strong>tertium,</strong></span> <span class='ocrx_word' id='word_1_554' title='bbox 2853 1657 2996 1725; x_wconf 91' lang='lat' dir='ltr'><strong>quod</strong></span> <span class='ocrx_word' id='word_1_555' title='bbox 3026 1668 3110 1713; x_wconf 88' lang='lat' dir='ltr'><strong>est</strong></span> <span class='ocrx_word' id='word_1_556' title='bbox 3148 1642 3609 1733; x_wconf 82' lang='lat' dir='ltr'><strong>diatessaron,vel</strong></span> <span class='ocrx_word' id='word_1_557' title='bbox 3644 1682 3748 1729; x_wconf 81' lang='lat' dir='ltr'><strong>totum</strong></span> 
     </span>
    </p>
   </div>
   <div class='ocr_carea' id='block_1_79' title="bbox 2257 1733 3751 1825">
    <p class='ocr_par' dir='ltr' id='par_1_79' title="bbox 2257 1733 3751 1825">
     <span class='ocr_line' id='line_1_81' title="bbox 2257 1733 3751 1825; baseline 0.022 -38"><span class='ocrx_word' id='word_1_558' title='bbox 2257 1733 2299 1787; x_wconf 86' lang='lat' dir='ltr'><strong>B</strong></span> <span class='ocrx_word' id='word_1_559' title='bbox 2328 1743 2384 1791; x_wconf 87' lang='lat' dir='ltr'><strong>et</strong></span> <span class='ocrx_word' id='word_1_560' title='bbox 2424 1737 2541 1808; x_wconf 89' lang='lat' dir='ltr'><strong>ejus</strong></span> <span class='ocrx_word' id='word_1_561' title='bbox 2574 1742 2832 1812; x_wconf 90' lang='lat' dir='ltr'><strong>medium,</strong></span> <span class='ocrx_word' id='word_1_562' title='bbox 2880 1750 3022 1817; x_wconf 90' lang='lat' dir='ltr'><strong>quod</strong></span> <span class='ocrx_word' id='word_1_563' title='bbox 3051 1761 3136 1807; x_wconf 88' lang='lat' dir='ltr'><strong>est</strong></span> <span class='ocrx_word' id='word_1_564' title='bbox 3180 1755 3460 1825; x_wconf 88' lang='lat' dir='ltr'><strong>diapente,</strong></span> <span class='ocrx_word' id='word_1_565' title='bbox 3496 1762 3567 1815; x_wconf 88' lang='lat' dir='ltr'><strong>vel</strong></span> <span class='ocrx_word' id='word_1_566' title='bbox 3603 1765 3702 1821; x_wconf 83' lang='lat' dir='ltr'><strong>aliud</strong></span> <span class='ocrx_word' id='word_1_567' title='bbox 3726 1770 3751 1821; x_wconf 76' lang='grc' dir='ltr'>Ε</span> 
     </span>
    </p>
   </div>
   <div class='ocr_carea' id='block_1_80' title="bbox 2184 1816 3747 1925">
    <p class='ocr_par' dir='ltr' id='par_1_80' title="bbox 2184 1816 3747 1925">
     <span class='ocr_line' id='line_1_82' title="bbox 2184 1816 3747 1925; baseline 0.024 -47"><span class='ocrx_word' id='word_1_568' title='bbox 2184 1816 2228 1876; x_wconf 87' lang='grc' dir='ltr'><strong>Β</strong></span> <span class='ocrx_word' id='word_1_569' title='bbox 2258 1829 2443 1900; x_wconf 89' lang='lat' dir='ltr'><strong>duplo,</strong></span> <span class='ocrx_word' id='word_1_570' title='bbox 2476 1835 2616 1902; x_wconf 88' lang='lat' dir='ltr'><strong>quod</strong></span> <span class='ocrx_word' id='word_1_571' title='bbox 2645 1846 2731 1891; x_wconf 89' lang='lat' dir='ltr'><strong>est</strong></span> <span class='ocrx_word' id='word_1_572' title='bbox 2773 1838 3058 1912; x_wconf 89' lang='lat' dir='ltr'><strong>diapason.</strong></span> <span class='ocrx_word' id='word_1_573' title='bbox 3090 1846 3134 1899; x_wconf 91' lang='lat' dir='ltr'><strong>D</strong></span> <span class='ocrx_word' id='word_1_574' title='bbox 3163 1816 3342 1904; x_wconf 48' lang='lat' dir='ltr'><strong>totu-m</strong></span> <span class='ocrx_word' id='word_1_575' title='bbox 3378 1851 3420 1906; x_wconf 89' lang='grc' dir='ltr'>Ε</span> <span class='ocrx_word' id='word_1_576' title='bbox 3447 1816 3501 1908; x_wconf 81' lang='lat' dir='ltr'><strong>et</strong></span> <span class='ocrx_word' id='word_1_577' title='bbox 3538 1816 3747 1925; x_wconf 21' lang='lat' dir='ltr'><strong>ejus’oetai</strong></span> 
     </span>
    </p>
   </div>
   <div class='ocr_carea' id='block_1_81' title="bbox 2258 1921 3748 2016">
    <p class='ocr_par' dir='ltr' id='par_1_81' title="bbox 2258 1921 3748 2016">
     <span class='ocr_line' id='line_1_83' title="bbox 2258 1921 3748 2016; baseline 0.023 -46"><span class='ocrx_word' id='word_1_578' title='bbox 2258 1931 2405 1985; x_wconf 91' lang='lat' dir='ltr'><strong>vum,</strong></span> <span class='ocrx_word' id='word_1_579' title='bbox 2434 1921 2578 1991; x_wconf 92' lang='lat' dir='ltr'><strong>quod</strong></span> <span class='ocrx_word' id='word_1_580' title='bbox 2605 1932 2689 1980; x_wconf 89' lang='lat' dir='ltr'><strong>est</strong></span> <span class='ocrx_word' id='word_1_581' title='bbox 2718 1934 2899 1994; x_wconf 82' lang='lat' dir='ltr'><strong>tonus,</strong></span> <span class='ocrx_word' id='word_1_582' title='bbox 2942 1932 3030 1986; x_wconf 91' lang='lat' dir='ltr'><strong>vel</strong></span> <span class='ocrx_word' id='word_1_583' title='bbox 3076 1943 3249 1993; x_wconf 90' lang='lat' dir='ltr'><strong>totum</strong></span> <span class='ocrx_word' id='word_1_584' title='bbox 3293 1939 3338 1996; x_wconf 88' lang='lat' dir='ltr'>G</span> <span class='ocrx_word' id='word_1_585' title='bbox 3372 1943 3491 1999; x_wconf 87' lang='lat' dir='ltr'><strong>trite</strong></span> <span class='ocrx_word' id='word_1_586' title='bbox 3530 1921 3748 2016; x_wconf 59' lang='lat' dir='ltr'><strong>sj&#39;nemme-</strong></span> 
     </span>
    </p>
   </div>
   <div class='ocr_carea' id='block_1_82' title="bbox 2257 2013 3750 2103">
    <p class='ocr_par' dir='ltr' id='par_1_82' title="bbox 2257 2013 3750 2103">
     <span class='ocr_line' id='line_1_84' title="bbox 2257 2013 3750 2103; baseline 0.021 -42"><span class='ocrx_word' id='word_1_587' title='bbox 2257 2022 2385 2077; x_wconf 92' lang='lat' dir='ltr'><strong>non,</strong></span> <span class='ocrx_word' id='word_1_588' title='bbox 2436 2020 2493 2066; x_wconf 89' lang='lat' dir='ltr'><strong>et</strong></span> <span class='ocrx_word' id='word_1_589' title='bbox 2542 2013 2658 2085; x_wconf 87' lang='lat' dir='ltr'><strong>ejus</strong></span> <span class='ocrx_word' id='word_1_590' title='bbox 2718 2017 2963 2091; x_wconf 87' lang='lat' dir='ltr'><strong>tertium,</strong></span> <span class='ocrx_word' id='word_1_591' title='bbox 3024 2026 3169 2094; x_wconf 91' lang='lat' dir='ltr'><strong>quod</strong></span> <span class='ocrx_word' id='word_1_592' title='bbox 3203 2038 3295 2084; x_wconf 88' lang='lat' dir='ltr'><strong>est</strong></span> <span class='ocrx_word' id='word_1_593' title='bbox 3349 2013 3666 2103; x_wconf 76' lang='lat' dir='ltr'><strong>diatessaron,</strong></span> <span class='ocrx_word' id='word_1_594' title='bbox 3703 2038 3750 2092; x_wconf 76' lang='lat' dir='ltr'><strong>rei</strong></span> 
     </span>
    </p>
   </div>
   <div class='ocr_carea' id='block_1_83' title="bbox 2256 2104 3748 2196">
    <p class='ocr_par' dir='ltr' id='par_1_83' title="bbox 2256 2104 3748 2196">
     <span class='ocr_line' id='line_1_85' title="bbox 2256 2104 3748 2196; baseline 0.021 -43"><span class='ocrx_word' id='word_1_595' title='bbox 2256 2109 2428 2156; x_wconf 87' lang='lat' dir='ltr'><strong>tonun</strong></span> <span class='ocrx_word' id='word_1_596' title='bbox 2482 2104 2529 2159; x_wconf 83' lang='grc' dir='ltr'><strong>Α</strong></span> <span class='ocrx_word' id='word_1_597' title='bbox 2574 2116 2630 2161; x_wconf 93' lang='lat' dir='ltr'><strong>et</strong></span> <span class='ocrx_word' id='word_1_598' title='bbox 2657 2107 2773 2178; x_wconf 90' lang='lat' dir='ltr'><strong>ejus</strong></span> <span class='ocrx_word' id='word_1_599' title='bbox 2803 2113 3069 2193; x_wconf 77' lang='lat' dir='ltr'><strong>medium,</strong></span> <span class='ocrx_word' id='word_1_600' title='bbox 3114 2121 3265 2188; x_wconf 92' lang='lat' dir='ltr'><strong>quod</strong></span> <span class='ocrx_word' id='word_1_601' title='bbox 3304 2134 3391 2178; x_wconf 90' lang='lat' dir='ltr'><strong>est</strong></span> <span class='ocrx_word' id='word_1_602' title='bbox 3440 2127 3666 2196; x_wconf 82' lang='lat' dir='ltr'><strong>diapente,</strong></span> <span class='ocrx_word' id='word_1_603' title='bbox 3701 2132 3748 2184; x_wconf 72' lang='lat' dir='ltr'><strong>vel</strong></span> 
     </span>
    </p>
   </div>
   <div class='ocr_carea' id='block_1_84' title="bbox 2254 2188 3751 2279">
    <p class='ocr_par' dir='ltr' id='par_1_84' title="bbox 2254 2188 3751 2279">
     <span class='ocr_line' id='line_1_86' title="bbox 2254 2188 3751 2279; baseline 0.021 -37"><span class='ocrx_word' id='word_1_604' title='bbox 2254 2188 2396 2246; x_wconf 89' lang='lat' dir='ltr'><strong>aliud</strong></span> <span class='ocrx_word' id='word_1_605' title='bbox 2430 2193 2474 2247; x_wconf 93' lang='lat' dir='ltr'><strong>D</strong></span> <span class='ocrx_word' id='word_1_606' title='bbox 2511 2196 2693 2267; x_wconf 90' lang='lat' dir='ltr'><strong>duplo,</strong></span> <span class='ocrx_word' id='word_1_607' title='bbox 2726 2203 2870 2270; x_wconf 85' lang='lat' dir='ltr'><strong>quod</strong></span> <span class='ocrx_word' id='word_1_608' title='bbox 2911 2213 2997 2261; x_wconf 86' lang='lat' dir='ltr'><strong>est</strong></span> <span class='ocrx_word' id='word_1_609' title='bbox 3042 2188 3333 2279; x_wconf 85' lang='lat' dir='ltr'><strong>diapason.</strong></span> <span class='ocrx_word' id='word_1_610' title='bbox 3388 2213 3429 2270; x_wconf 90' lang='lat' dir='ltr'><strong>C</strong></span> <span class='ocrx_word' id='word_1_611' title='bbox 3478 2188 3619 2271; x_wconf 74' lang='lat' dir='ltr'><strong>totum</strong></span> 
     </span>
    </p>
   </div>
   <div class='ocr_carea' id='block_1_85' title="bbox 2253 2281 3748 2373">
    <p class='ocr_par' dir='ltr' id='par_1_85' title="bbox 2253 2281 3748 2373">
     <span class='ocr_line' id='line_1_87' title="bbox 2253 2281 3748 2373; baseline 0.021 -38"><span class='ocrx_word' id='word_1_612' title='bbox 2253 2281 2371 2350; x_wconf 85' lang='lat' dir='ltr'><strong>ejus</strong></span> <span class='ocrx_word' id='word_1_613' title='bbox 2424 2287 2666 2357; x_wconf 89' lang='lat' dir='ltr'><strong>tertium,</strong></span> <span class='ocrx_word' id='word_1_614' title='bbox 2718 2294 2862 2363; x_wconf 91' lang='lat' dir='ltr'><strong>quod</strong></span> <span class='ocrx_word' id='word_1_615' title='bbox 2896 2305 2981 2352; x_wconf 91' lang='lat' dir='ltr'><strong>est</strong></span> <span class='ocrx_word' id='word_1_616' title='bbox 3034 2299 3407 2373; x_wconf 86' lang='lat' dir='ltr'><strong>diatessaron,</strong></span> <span class='ocrx_word' id='word_1_617' title='bbox 3443 2309 3524 2364; x_wconf 85' lang='lat' dir='ltr'><strong>vel</strong></span> <span class='ocrx_word' id='word_1_618' title='bbox 3570 2310 3748 2365; x_wconf 84' lang='lat' dir='ltr'><strong>totumG</strong></span> 
     </span>
    </p>
   </div>
   <div class='ocr_carea' id='block_1_86' title="bbox 2251 2380 3748 2468">
    <p class='ocr_par' dir='ltr' id='par_1_86' title="bbox 2251 2380 3748 2468">
     <span class='ocr_line' id='line_1_88' title="bbox 2251 2380 3748 2468; baseline 0.021 -44"><span class='ocrx_word' id='word_1_619' title='bbox 2251 2386 2561 2445; x_wconf 87' lang='lat' dir='ltr'><strong>paramese,</strong></span> <span class='ocrx_word' id='word_1_620' title='bbox 2608 2390 2664 2435; x_wconf 89' lang='lat' dir='ltr'><strong>et</strong></span> <span class='ocrx_word' id='word_1_621' title='bbox 2707 2380 2827 2451; x_wconf 92' lang='lat' dir='ltr'><strong>ejus</strong></span> <span class='ocrx_word' id='word_1_622' title='bbox 2871 2387 3131 2455; x_wconf 91' lang='lat' dir='ltr'><strong>medium,</strong></span> <span class='ocrx_word' id='word_1_623' title='bbox 3162 2394 3313 2461; x_wconf 89' lang='lat' dir='ltr'><strong>quod</strong></span> <span class='ocrx_word' id='word_1_624' title='bbox 3348 2406 3432 2450; x_wconf 91' lang='lat' dir='ltr'><strong>est</strong></span> <span class='ocrx_word' id='word_1_625' title='bbox 3459 2396 3679 2468; x_wconf 82' lang='lat' dir='ltr'><strong>diapente,</strong></span> <span class='ocrx_word' id='word_1_626' title='bbox 3700 2402 3748 2455; x_wconf 69' lang='lat' dir='ltr'><strong>rei</strong></span> 
     </span>
    </p>
   </div>
   <div class='ocr_carea' id='block_1_87' title="bbox 2250 2463 3747 2553">
    <p class='ocr_par' dir='ltr' id='par_1_87' title="bbox 2250 2463 3747 2553">
     <span class='ocr_line' id='line_1_89' title="bbox 2250 2463 3747 2553; baseline 0.017 -35"><span class='ocrx_word' id='word_1_627' title='bbox 2250 2463 2396 2519; x_wconf 90' lang='lat' dir='ltr'><strong>aliud</strong></span> <span class='ocrx_word' id='word_1_628' title='bbox 2452 2467 2492 2523; x_wconf 90' lang='lat' dir='ltr'><strong>C</strong></span> <span class='ocrx_word' id='word_1_629' title='bbox 2544 2470 2726 2541; x_wconf 88' lang='lat' dir='ltr'><strong>duplo,</strong></span> <span class='ocrx_word' id='word_1_630' title='bbox 2772 2477 2917 2544; x_wconf 86' lang='lat' dir='ltr'><strong>quod</strong></span> <span class='ocrx_word' id='word_1_631' title='bbox 2954 2487 3039 2535; x_wconf 89' lang='lat' dir='ltr'><strong>est</strong></span> <span class='ocrx_word' id='word_1_632' title='bbox 3085 2481 3380 2553; x_wconf 82' lang='lat' dir='ltr'><strong>diapason.</strong></span> <span class='ocrx_word' id='word_1_633' title='bbox 3434 2486 3472 2541; x_wconf 89' lang='grc' dir='ltr'><strong>Β</strong></span> <span class='ocrx_word' id='word_1_634' title='bbox 3502 2463 3637 2543; x_wconf 73' lang='lat' dir='ltr'><strong>totum</strong></span> <span class='ocrx_word' id='word_1_635' title='bbox 3671 2463 3747 2544; x_wconf 79' lang='lat' dir='ltr'><strong>Cu</strong></span> 
     </span>
    </p>
   </div>
   <div class='ocr_carea' id='block_1_88' title="bbox 2249 2556 3748 2649">
    <p class='ocr_par' dir='ltr' id='par_1_88' title="bbox 2249 2556 3748 2649">
     <span class='ocr_line' id='line_1_90' title="bbox 2249 2556 3748 2649; baseline 0.019 -39"><span class='ocrx_word' id='word_1_636' title='bbox 2249 2556 2367 2627; x_wconf 89' lang='lat' dir='ltr'><strong>ejus</strong></span> <span class='ocrx_word' id='word_1_637' title='bbox 2412 2570 2663 2618; x_wconf 90' lang='lat' dir='ltr'><strong>octavum</strong></span> <span class='ocrx_word' id='word_1_638' title='bbox 2693 2605 2709 2631; x_wconf 93' lang='lat'><strong>,</strong></span> <span class='ocrx_word' id='word_1_639' title='bbox 2773 2567 2826 2623; x_wconf 93' lang='lat' dir='ltr'><strong>id</strong></span> <span class='ocrx_word' id='word_1_640' title='bbox 2858 2578 2943 2625; x_wconf 88' lang='lat' dir='ltr'><strong>est</strong></span> <span class='ocrx_word' id='word_1_641' title='bbox 2979 2579 3160 2642; x_wconf 89' lang='lat' dir='ltr'><strong>tonus,</strong></span> <span class='ocrx_word' id='word_1_642' title='bbox 3193 2577 3283 2632; x_wconf 87' lang='lat' dir='ltr'><strong>vel</strong></span> <span class='ocrx_word' id='word_1_643' title='bbox 3334 2587 3497 2633; x_wconf 87' lang='lat' dir='ltr'><strong>totum</strong></span> <span class='ocrx_word' id='word_1_644' title='bbox 3539 2581 3576 2634; x_wconf 83' lang='grc' dir='ltr'>Ε</span> <span class='ocrx_word' id='word_1_645' title='bbox 3606 2592 3647 2636; x_wconf 84' lang='lat' dir='ltr'><strong>et</strong></span> <span class='ocrx_word' id='word_1_646' title='bbox 3678 2583 3748 2649; x_wconf 75' lang='lat' dir='ltr'><strong>ejus</strong></span> 
     </span>
    </p>
   </div>
   <div class='ocr_carea' id='block_1_89' title="bbox 2252 2651 3747 2745">
    <p class='ocr_par' dir='ltr' id='par_1_89' title="bbox 2252 2651 3747 2745">
     <span class='ocr_line' id='line_1_91' title="bbox 2252 2651 3747 2745; baseline 0.017 -41"><span class='ocrx_word' id='word_1_647' title='bbox 2252 2651 2490 2719; x_wconf 89' lang='lat' dir='ltr'><strong>tertium,</strong></span> <span class='ocrx_word' id='word_1_648' title='bbox 2521 2656 2668 2725; x_wconf 90' lang='lat' dir='ltr'><strong>quod</strong></span> <span class='ocrx_word' id='word_1_649' title='bbox 2698 2668 2784 2715; x_wconf 91' lang='lat' dir='ltr'><strong>est</strong></span> <span class='ocrx_word' id='word_1_650' title='bbox 2819 2661 3191 2734; x_wconf 88' lang='lat' dir='ltr'><strong>diatessaron,</strong></span> <span class='ocrx_word' id='word_1_651' title='bbox 3244 2669 3336 2725; x_wconf 88' lang='lat' dir='ltr'><strong>vel</strong></span> <span class='ocrx_word' id='word_1_652' title='bbox 3376 2679 3533 2729; x_wconf 90' lang='lat' dir='ltr'><strong>totum</strong></span> <span class='ocrx_word' id='word_1_653' title='bbox 3560 2674 3594 2729; x_wconf 69' lang='grc' dir='ltr'>Ρ</span> <span class='ocrx_word' id='word_1_654' title='bbox 3615 2676 3747 2745; x_wconf 74' lang='lat' dir='ltr'><strong>eteius</strong></span> 
     </span>
    </p>
   </div>
   <div class='ocr_carea' id='block_1_90' title="bbox 2250 2744 3746 2836">
    <p class='ocr_par' dir='ltr' id='par_1_90' title="bbox 2250 2744 3746 2836">
     <span class='ocr_line' id='line_1_92' title="bbox 2250 2744 3746 2836; baseline 0.017 -40"><span class='ocrx_word' id='word_1_655' title='bbox 2250 2744 2510 2812; x_wconf 90' lang='lat' dir='ltr'><strong>medium,</strong></span> <span class='ocrx_word' id='word_1_656' title='bbox 2535 2750 2678 2817; x_wconf 88' lang='lat' dir='ltr'><strong>quod</strong></span> <span class='ocrx_word' id='word_1_657' title='bbox 2708 2760 2793 2806; x_wconf 89' lang='lat' dir='ltr'><strong>est</strong></span> <span class='ocrx_word' id='word_1_658' title='bbox 2816 2752 3092 2826; x_wconf 88' lang='lat' dir='ltr'><strong>diapente,</strong></span> <span class='ocrx_word' id='word_1_659' title='bbox 3121 2760 3208 2815; x_wconf 89' lang='lat' dir='ltr'><strong>vel</strong></span> <span class='ocrx_word' id='word_1_660' title='bbox 3238 2761 3391 2818; x_wconf 87' lang='lat' dir='ltr'><strong>aliud</strong></span> <span class='ocrx_word' id='word_1_661' title='bbox 3418 2764 3458 2818; x_wconf 89' lang='grc' dir='ltr'><strong>Β</strong></span> <span class='ocrx_word' id='word_1_662' title='bbox 3483 2765 3631 2836; x_wconf 84' lang='lat' dir='ltr'><strong>duplo,</strong></span> <span class='ocrx_word' id='word_1_663' title='bbox 3658 2744 3746 2836; x_wconf 72' lang='lat' dir='ltr'><strong>quod</strong></span> 
     </span>
    </p>
   </div>
   <div class='ocr_carea' id='block_1_91' title="bbox 2247 2837 3749 2929">
    <p class='ocr_par' dir='ltr' id='par_1_91' title="bbox 2247 2837 3749 2929">
     <span class='ocr_line' id='line_1_93' title="bbox 2247 2837 3749 2929; baseline 0.015 -41"><span class='ocrx_word' id='word_1_664' title='bbox 2247 2846 2333 2890; x_wconf 88' lang='lat' dir='ltr'><strong>est</strong></span> <span class='ocrx_word' id='word_1_665' title='bbox 2367 2837 2648 2910; x_wconf 89' lang='lat' dir='ltr'><strong>diapason,</strong></span> <span class='ocrx_word' id='word_1_666' title='bbox 2684 2843 2769 2898; x_wconf 90' lang='lat' dir='ltr'><strong>vel</strong></span> <span class='ocrx_word' id='word_1_667' title='bbox 2813 2846 2958 2903; x_wconf 90' lang='lat' dir='ltr'><strong>aliud</strong></span> <span class='ocrx_word' id='word_1_668' title='bbox 2998 2849 3040 2903; x_wconf 88' lang='lat' dir='ltr'><strong>F</strong></span> <span class='ocrx_word' id='word_1_669' title='bbox 3080 2852 3267 2922; x_wconf 87' lang='lat' dir='ltr'><strong>triplo,</strong></span> <span class='ocrx_word' id='word_1_670' title='bbox 3304 2855 3357 2910; x_wconf 92' lang='lat' dir='ltr'><strong>id</strong></span> <span class='ocrx_word' id='word_1_671' title='bbox 3389 2866 3469 2912; x_wconf 87' lang='lat' dir='ltr'><strong>est</strong></span> <span class='ocrx_word' id='word_1_672' title='bbox 3494 2858 3695 2929; x_wconf 82' lang='lat' dir='ltr'><strong>diapason</strong></span> <span class='ocrx_word' id='word_1_673' title='bbox 3716 2868 3749 2914; x_wconf 76' lang='lat' dir='ltr'><strong>et</strong></span> 
     </span>
    </p>
   </div>
   <div class='ocr_carea' id='block_1_92' title="bbox 2247 2927 3745 3019">
    <p class='ocr_par' dir='ltr' id='par_1_92' title="bbox 2247 2927 3745 3019">
     <span class='ocr_line' id='line_1_94' title="bbox 2247 2927 3745 3019; baseline 0.013 -35"><span class='ocrx_word' id='word_1_674' title='bbox 2247 2927 2517 2999; x_wconf 87' lang='lat' dir='ltr'><strong>diapente.</strong></span> <span class='ocrx_word' id='word_1_675' title='bbox 2563 2932 2610 2986; x_wconf 83' lang='lat' dir='ltr'><strong>A</strong></span> <span class='ocrx_word' id='word_1_676' title='bbox 2642 2942 2815 2991; x_wconf 90' lang='lat' dir='ltr'><strong>totum</strong></span> <span class='ocrx_word' id='word_1_677' title='bbox 2854 2937 2898 2991; x_wconf 89' lang='grc' dir='ltr'><strong>Β</strong></span> <span class='ocrx_word' id='word_1_678' title='bbox 2925 2948 2982 2996; x_wconf 90' lang='lat' dir='ltr'><strong>et</strong></span> <span class='ocrx_word' id='word_1_679' title='bbox 3008 2942 3126 3013; x_wconf 87' lang='lat' dir='ltr'><strong>ejus</strong></span> <span class='ocrx_word' id='word_1_680' title='bbox 3163 2956 3445 3019; x_wconf 85' lang='lat' dir='ltr'><strong>octavum,</strong></span> <span class='ocrx_word' id='word_1_681' title='bbox 3474 2952 3548 3008; x_wconf 83' lang='lat' dir='ltr'><strong>vel</strong></span> <span class='ocrx_word' id='word_1_682' title='bbox 3573 2927 3745 3007; x_wconf 72' lang='lat' dir='ltr'><strong>totum]</strong></span> 
     </span>
    </p>
   </div>
   <div class='ocr_carea' id='block_1_93' title="bbox 2246 3019 3744 3110">
    <p class='ocr_par' dir='ltr' id='par_1_93' title="bbox 2246 3019 3744 3110">
     <span class='ocr_line' id='line_1_95' title="bbox 2246 3019 3744 3110; baseline 0.013 -37"><span class='ocrx_word' id='word_1_683' title='bbox 2246 3028 2301 3074; x_wconf 89' lang='lat' dir='ltr'><strong>et</strong></span> <span class='ocrx_word' id='word_1_684' title='bbox 2331 3019 2447 3090; x_wconf 89' lang='lat' dir='ltr'><strong>ejus</strong></span> <span class='ocrx_word' id='word_1_685' title='bbox 2488 3024 2734 3094; x_wconf 87' lang='lat' dir='ltr'><strong>tertium,</strong></span> <span class='ocrx_word' id='word_1_686' title='bbox 2780 3028 2864 3083; x_wconf 91' lang='lat' dir='ltr'><strong>vel</strong></span> <span class='ocrx_word' id='word_1_687' title='bbox 2899 3037 3069 3087; x_wconf 93' lang='lat' dir='ltr'><strong>totum</strong></span> <span class='ocrx_word' id='word_1_688' title='bbox 3121 3035 3163 3090; x_wconf 88' lang='lat' dir='ltr'><strong>E</strong></span> <span class='ocrx_word' id='word_1_689' title='bbox 3208 3047 3273 3093; x_wconf 89' lang='lat' dir='ltr'><strong>et</strong></span> <span class='ocrx_word' id='word_1_690' title='bbox 3319 3040 3436 3110; x_wconf 89' lang='lat' dir='ltr'><strong>ejus</strong></span> <span class='ocrx_word' id='word_1_691' title='bbox 3466 3042 3674 3107; x_wconf 86' lang='lat' dir='ltr'><strong>medium,</strong></span> <span class='ocrx_word' id='word_1_692' title='bbox 3695 3042 3744 3093; x_wconf 76' lang='lat' dir='ltr'><strong>vel</strong></span> 
     </span>
    </p>
   </div>
   <div class='ocr_carea' id='block_1_94' title="bbox 2245 3110 3742 3199">
    <p class='ocr_par' dir='ltr' id='par_1_94' title="bbox 2245 3110 3742 3199">
     <span class='ocr_line' id='line_1_96' title="bbox 2245 3110 3742 3199; baseline 0.011 -34"><span class='ocrx_word' id='word_1_693' title='bbox 2245 3110 2389 3166; x_wconf 90' lang='lat' dir='ltr'><strong>aliud</strong></span> <span class='ocrx_word' id='word_1_694' title='bbox 2434 3113 2474 3167; x_wconf 85' lang='grc' dir='ltr'><strong>Λ</strong></span> <span class='ocrx_word' id='word_1_695' title='bbox 2521 3114 2704 3185; x_wconf 90' lang='lat' dir='ltr'><strong>duplo.</strong></span> <span class='ocrx_word' id='word_1_696' title='bbox 2753 3116 2798 3173; x_wconf 87' lang='lat' dir='ltr'>G</span> <span class='ocrx_word' id='word_1_697' title='bbox 2855 3126 3026 3176; x_wconf 91' lang='lat' dir='ltr'><strong>totum</strong></span> <span class='ocrx_word' id='word_1_698' title='bbox 3087 3123 3128 3180; x_wconf 88' lang='lat' dir='ltr'><strong>C</strong></span> <span class='ocrx_word' id='word_1_699' title='bbox 3188 3137 3252 3182; x_wconf 81' lang='lat' dir='ltr'><strong>et</strong></span> <span class='ocrx_word' id='word_1_700' title='bbox 3302 3129 3419 3199; x_wconf 89' lang='lat' dir='ltr'><strong>ejus</strong></span> <span class='ocrx_word' id='word_1_701' title='bbox 3456 3129 3742 3197; x_wconf 74' lang='lat' dir='ltr'><strong>tertium,tel</strong></span> 
     </span>
    </p>
   </div>
   <div class='ocr_carea' id='block_1_95' title="bbox 2248 3204 3743 3293">
    <p class='ocr_par' dir='ltr' id='par_1_95' title="bbox 2248 3204 3743 3293">
     <span class='ocr_line' id='line_1_97' title="bbox 2248 3204 3743 3293; baseline 0.01 -36"><span class='ocrx_word' id='word_1_702' title='bbox 2248 3211 2415 3259; x_wconf 91' lang='lat' dir='ltr'><strong>totum</strong></span> <span class='ocrx_word' id='word_1_703' title='bbox 2442 3204 2486 3261; x_wconf 91' lang='lat' dir='ltr'>G</span> <span class='ocrx_word' id='word_1_704' title='bbox 2529 3222 2813 3276; x_wconf 90' lang='lat' dir='ltr'><strong>paramese</strong></span> <span class='ocrx_word' id='word_1_705' title='bbox 2861 3210 3045 3283; x_wconf 91' lang='lat' dir='ltr'><strong>duplo.</strong></span> <span class='ocrx_word' id='word_1_706' title='bbox 3076 3214 3118 3271; x_wconf 91' lang='lat' dir='ltr'>F</span> <span class='ocrx_word' id='word_1_707' title='bbox 3151 3226 3333 3275; x_wconf 89' lang='lat' dir='ltr'><strong>totum</strong></span> <span class='ocrx_word' id='word_1_708' title='bbox 3362 3221 3406 3277; x_wconf 89' lang='lat' dir='ltr'><strong>G</strong></span> <span class='ocrx_word' id='word_1_709' title='bbox 3445 3232 3497 3278; x_wconf 89' lang='lat' dir='ltr'><strong>et</strong></span> <span class='ocrx_word' id='word_1_710' title='bbox 3532 3223 3625 3293; x_wconf 85' lang='lat' dir='ltr'><strong>ejus</strong></span> <span class='ocrx_word' id='word_1_711' title='bbox 3646 3231 3743 3276; x_wconf 69' lang='lat' dir='ltr'><strong>octa-</strong></span> 
     </span>
    </p>
   </div>
   <div class='ocr_carea' id='block_1_96' title="bbox 2243 3295 3743 3378">
    <p class='ocr_par' dir='ltr' id='par_1_96' title="bbox 2243 3295 3743 3378">
     <span class='ocr_line' id='line_1_98' title="bbox 2243 3295 3743 3378; baseline 0.009 -31"><span class='ocrx_word' id='word_1_712' title='bbox 2243 3308 2391 3362; x_wconf 90' lang='lat' dir='ltr'><strong>vum,</strong></span> <span class='ocrx_word' id='word_1_713' title='bbox 2439 3295 2523 3349; x_wconf 89' lang='lat' dir='ltr'><strong>vel</strong></span> <span class='ocrx_word' id='word_1_714' title='bbox 2567 3305 2737 3352; x_wconf 91' lang='lat' dir='ltr'><strong>totum</strong></span> <span class='ocrx_word' id='word_1_715' title='bbox 2784 3298 2825 3351; x_wconf 90' lang='lat' dir='ltr'><strong>B</strong></span> <span class='ocrx_word' id='word_1_716' title='bbox 2862 3310 2919 3357; x_wconf 88' lang='lat' dir='ltr'><strong>et</strong></span> <span class='ocrx_word' id='word_1_717' title='bbox 2960 3303 3077 3371; x_wconf 91' lang='lat' dir='ltr'><strong>ejus</strong></span> <span class='ocrx_word' id='word_1_718' title='bbox 3108 3310 3362 3378; x_wconf 88' lang='lat' dir='ltr'><strong>tertium,</strong></span> <span class='ocrx_word' id='word_1_719' title='bbox 3401 3312 3480 3366; x_wconf 86' lang='lat' dir='ltr'><strong>vel</strong></span> <span class='ocrx_word' id='word_1_720' title='bbox 3515 3309 3743 3367; x_wconf 77' lang='lat' dir='ltr'><strong>totumCet</strong></span> 
     </span>
    </p>
   </div>
   <div class='ocr_carea' id='block_1_97' title="bbox 2242 3384 3742 3469">
    <p class='ocr_par' dir='ltr' id='par_1_97' title="bbox 2242 3384 3742 3469">
     <span class='ocr_line' id='line_1_99' title="bbox 2242 3384 3742 3469; baseline 0.011 -29"><span class='ocrx_word' id='word_1_721' title='bbox 2242 3384 2357 3454; x_wconf 90' lang='lat' dir='ltr'><strong>ejus</strong></span> <span class='ocrx_word' id='word_1_722' title='bbox 2386 3389 2647 3455; x_wconf 90' lang='lat' dir='ltr'><strong>medium,</strong></span> <span class='ocrx_word' id='word_1_723' title='bbox 2684 3389 2768 3444; x_wconf 93' lang='lat' dir='ltr'><strong>vel</strong></span> <span class='ocrx_word' id='word_1_724' title='bbox 2811 3391 2960 3447; x_wconf 91' lang='lat' dir='ltr'><strong>aliud</strong></span> <span class='ocrx_word' id='word_1_725' title='bbox 2992 3394 3034 3449; x_wconf 88' lang='lat' dir='ltr'><strong>F</strong></span> <span class='ocrx_word' id='word_1_726' title='bbox 3074 3397 3270 3469; x_wconf 89' lang='lat' dir='ltr'><strong>duplo,</strong></span> <span class='ocrx_word' id='word_1_727' title='bbox 3295 3401 3381 3458; x_wconf 90' lang='lat' dir='ltr'><strong>vel</strong></span> <span class='ocrx_word' id='word_1_728' title='bbox 3408 3400 3645 3457; x_wconf 83' lang='lat' dir='ltr'><strong>tertiuan</strong></span> <span class='ocrx_word' id='word_1_729' title='bbox 3658 3414 3742 3469; x_wconf 47' lang='lat' dir='ltr'><strong>qua</strong></span> 
     </span>
    </p>
   </div>
   <div class='ocr_carea' id='block_1_98' title="bbox 2243 3478 3737 3553">
    <p class='ocr_par' dir='ltr' id='par_1_98' title="bbox 2243 3478 3737 3553">
     <span class='ocr_line' id='line_1_100' title="bbox 2243 3478 3737 3553; baseline 0.005 -21"><span class='ocrx_word' id='word_1_730' title='bbox 2243 3478 2457 3548; x_wconf 92' lang='lat' dir='ltr'><strong>druplo.</strong></span> <span class='ocrx_word' id='word_1_731' title='bbox 2496 3480 2645 3553; x_wconf 85' lang='lat' dir='ltr'><strong>F.G.</strong></span> <span class='ocrx_word' id='word_1_732' title='bbox 2686 3485 2751 3542; x_wconf 86' lang='lat' dir='ltr'><strong>A.</strong></span> <span class='ocrx_word' id='word_1_733' title='bbox 2793 3487 2855 3543; x_wconf 88' lang='grc' dir='ltr'><strong>Β.</strong></span> <span class='ocrx_word' id='word_1_734' title='bbox 2892 3485 2954 3543; x_wconf 90' lang='lat' dir='ltr'><strong>C.</strong></span> <span class='ocrx_word' id='word_1_735' title='bbox 2988 3486 3053 3543; x_wconf 89' lang='lat' dir='ltr'><strong>D.</strong></span> <span class='ocrx_word' id='word_1_736' title='bbox 3092 3489 3158 3545; x_wconf 87' lang='lat' dir='ltr'><strong>E.</strong></span> <span class='ocrx_word' id='word_1_737' title='bbox 3198 3490 3269 3547; x_wconf 82' lang='lat' dir='ltr'><strong>F.</strong></span> <span class='ocrx_word' id='word_1_738' title='bbox 3311 3492 3376 3548; x_wconf 89' lang='lat' dir='ltr'><strong>G.</strong></span> <span class='ocrx_word' id='word_1_739' title='bbox 3407 3491 3530 3549; x_wconf 83' lang='lat' dir='ltr'><strong>GA.</strong></span> <span class='ocrx_word' id='word_1_740' title='bbox 3563 3492 3611 3547; x_wconf 83' lang='grc' dir='ltr'><strong>Β.</strong></span> <span class='ocrx_word' id='word_1_741' title='bbox 3642 3489 3737 3546; x_wconf 67' lang='grc' dir='ltr'><strong>ω).</strong></span> 
     </span>
    </p>
   </div>
   <div class='ocr_carea' id='block_1_99' title="bbox 2242 3566 2386 3623">
    <p class='ocr_par' dir='ltr' id='par_1_99' title="bbox 2242 3566 2386 3623">
     <span class='ocr_line' id='line_1_101' title="bbox 2242 3566 2386 3623; baseline 0.028 -4"><span class='ocrx_word' id='word_1_742' title='bbox 2242 3566 2386 3623; x_wconf 85' lang='lat' dir='ltr'><strong>E.F</strong></span> 
     </span>
    </p>
   </div>
   <div class='ocr_carea' id='block_1_100' title="bbox 2466 3720 3591 3776">
    <p class='ocr_par' dir='ltr' id='par_1_100' title="bbox 2466 3720 3591 3776">
     <span class='ocr_line' id='line_1_102' title="bbox 2466 3720 3591 3776; baseline 0.013 -15"><span class='ocrx_word' id='word_1_743' title='bbox 2466 3720 2712 3764; x_wconf 70' lang='lat' dir='ltr'><strong>MONITUII</strong></span> <span class='ocrx_word' id='word_1_744' title='bbox 2749 3726 2819 3765; x_wconf 76' lang='lat' dir='ltr'><strong>AD</strong></span> <span class='ocrx_word' id='word_1_745' title='bbox 2855 3726 3190 3773; x_wconf 65' lang='lat' dir='ltr'><strong>SEHITONIUI</strong></span> <span class='ocrx_word' id='word_1_746' title='bbox 3226 3732 3591 3776; x_wconf 60' lang='lat' dir='ltr'><strong>INVENIBNDIJL</strong></span> 
     </span>
    </p>
   </div>
   <div class='ocr_carea' id='block_1_101' title="bbox 2310 3838 3737 3926">
    <p class='ocr_par' dir='ltr' id='par_1_101' title="bbox 2310 3838 3737 3926">
     <span class='ocr_line' id='line_1_103' title="bbox 2310 3838 3737 3926; baseline 0.011 -32"><span class='ocrx_word' id='word_1_747' title='bbox 2310 3838 2357 3911; x_wconf 73' lang='grc' dir='ltr'><strong>ᾼ</strong></span> <span class='ocrx_word' id='word_1_748' title='bbox 2387 3855 2597 3897; x_wconf 90' lang='lat' dir='ltr'><strong>summa</strong></span> <span class='ocrx_word' id='word_1_749' title='bbox 2623 3860 2944 3919; x_wconf 89' lang='lat' dir='ltr'><strong>quacunque</strong></span> <span class='ocrx_word' id='word_1_750' title='bbox 2970 3849 3149 3907; x_wconf 87' lang='lat' dir='ltr'><strong>locata</strong></span> <span class='ocrx_word' id='word_1_751' title='bbox 3184 3852 3501 3926; x_wconf 77' lang='lat' dir='ltr'><strong>vigesimam</strong></span> <span class='ocrx_word' id='word_1_752' title='bbox 3537 3850 3737 3922; x_wconf 71' lang='lat' dir='ltr'><strong>septimi</strong></span> 
     </span>
    </p>
   </div>
   <div class='ocr_carea' id='block_1_102' title="bbox 2238 3932 3735 4016">
    <p class='ocr_par' dir='ltr' id='par_1_102' title="bbox 2238 3932 3735 4016">
     <span class='ocr_line' id='line_1_104' title="bbox 2238 3932 3735 4016; baseline 0.014 -31"><span class='ocrx_word' id='word_1_753' title='bbox 2238 3932 2527 3991; x_wconf 87' lang='lat' dir='ltr'><strong>subtrahas</strong></span> <span class='ocrx_word' id='word_1_754' title='bbox 2554 3976 2569 4004; x_wconf 92' lang='lat'><strong>,</strong></span> <span class='ocrx_word' id='word_1_755' title='bbox 2621 3953 2689 3994; x_wconf 82' lang='lat' dir='ltr'><strong>ex</strong></span> <span class='ocrx_word' id='word_1_756' title='bbox 2737 3940 2926 3999; x_wconf 90' lang='lat' dir='ltr'><strong>relicta</strong></span> <span class='ocrx_word' id='word_1_757' title='bbox 2976 3953 3226 4001; x_wconf 84' lang='lat' dir='ltr'><strong>octavam</strong></span> <span class='ocrx_word' id='word_1_758' title='bbox 3283 3947 3537 4003; x_wconf 88' lang='lat' dir='ltr'><strong>decimam</strong></span> <span class='ocrx_word' id='word_1_759' title='bbox 3567 3954 3735 4016; x_wconf 64' lang='lat' dir='ltr'><strong>quam:</strong></span> 
     </span>
    </p>
   </div>
   <div class='ocr_carea' id='block_1_103' title="bbox 2239 4109 3735 4194">
    <p class='ocr_par' dir='ltr' id='par_1_103' title="bbox 2239 4109 3735 4194">
     <span class='ocr_line' id='line_1_105' title="bbox 2239 4109 3735 4194; baseline 0.009 -32"><span class='ocrx_word' id='word_1_760' title='bbox 2239 4109 2379 4194; x_wconf 43' lang='lat' dir='ltr'><strong>tatis.</strong></span> <span class='ocrx_word' id='word_1_761' title='bbox 2400 4120 2634 4194; x_wconf 75' lang='lat' dir='ltr'><strong>octavam</strong></span> <span class='ocrx_word' id='word_1_762' title='bbox 2658 4112 2752 4194; x_wconf 65' lang='grc' dir='ltr'><strong>(ρ).</strong></span> <span class='ocrx_word' id='word_1_763' title='bbox 2808 4115 2869 4171; x_wconf 83' lang='lat' dir='ltr'><strong>Si</strong></span> <span class='ocrx_word' id='word_1_764' title='bbox 2918 4118 2994 4194; x_wconf 64' lang='lat' dir='ltr'><strong>bis</strong></span> <span class='ocrx_word' id='word_1_765' title='bbox 3041 4121 3325 4193; x_wconf 80' lang='lat' dir='ltr'><strong>diapason,</strong></span> <span class='ocrx_word' id='word_1_766' title='bbox 3357 4123 3522 4181; x_wconf 84' lang='lat' dir='ltr'><strong>maior</strong></span> <span class='ocrx_word' id='word_1_767' title='bbox 3560 4122 3735 4175; x_wconf 68' lang='lat' dir='ltr'><strong>minora</strong></span> 
     </span>
    </p>
   </div>
   <div class='ocr_carea' id='block_1_104' title="bbox 2237 4180 3734 4273">
    <p class='ocr_par' dir='ltr' id='par_1_104' title="bbox 2237 4180 3734 4273">
     <span class='ocr_line' id='line_1_106' title="bbox 2237 4180 3734 4273; baseline 0.013 -43"><span class='ocrx_word' id='word_1_768' title='bbox 2237 4180 2634 4273; x_wconf 52' lang='lat' dir='ltr'><strong>quadruplol,net</strong></span> <span class='ocrx_word' id='word_1_769' title='bbox 2660 4180 2875 4273; x_wconf 48' lang='lat' dir='ltr'><strong>ili-super</strong></span> <span class='ocrx_word' id='word_1_770' title='bbox 2900 4189 3015 4273; x_wconf 67' lang='lat' dir='ltr'><strong>ejus</strong></span> <span class='ocrx_word' id='word_1_771' title='bbox 3052 4180 3281 4273; x_wconf 65' lang='lat' dir='ltr'><strong>quatuor</strong></span> <span class='ocrx_word' id='word_1_772' title='bbox 3311 4180 3530 4273; x_wconf 61' lang='lat' dir='ltr'><strong>optatius,</strong></span> <span class='ocrx_word' id='word_1_773' title='bbox 3545 4204 3584 4247; x_wconf 82' lang='lat' dir='ltr'><strong>et</strong></span> <span class='ocrx_word' id='word_1_774' title='bbox 3605 4200 3734 4273; x_wconf 58' lang='lat' dir='ltr'><strong>eam</strong></span> 
     </span>
    </p>
   </div>
   <div class='ocr_carea' id='block_1_105' title="bbox 2239 4253 3733 4334">
    <p class='ocr_par' dir='ltr' id='par_1_105' title="bbox 2239 4253 3733 4334">
     <span class='ocr_line' id='line_1_107' title="bbox 2239 4253 3733 4334; baseline 0.013 -31"><span class='ocrx_word' id='word_1_775' title='bbox 2239 4259 2475 4334; x_wconf 64' lang='lat' dir='ltr'><strong>octavam</strong></span> <span class='ocrx_word' id='word_1_776' title='bbox 2528 4253 2891 4334; x_wconf 74' lang='lat' dir='ltr'><strong>(D.__Majoris</strong></span> <span class='ocrx_word' id='word_1_777' title='bbox 2922 4253 3215 4317; x_wconf 55' lang='lat' dir='ltr'><strong>&#39;elaritatis</strong></span> <span class='ocrx_word' id='word_1_778' title='bbox 3268 4266 3441 4334; x_wconf 81' lang='lat' dir='ltr'><strong>gratia</strong></span> <span class='ocrx_word' id='word_1_779' title='bbox 3489 4253 3733 4334; x_wconf 65' lang='lat' dir='ltr'><strong>singulm!Il</strong></span> 
     </span>
    </p>
   </div>
   <div class='ocr_carea' id='block_1_106' title="bbox 2237 4320 3733 4398">
    <p class='ocr_par' dir='ltr' id='par_1_106' title="bbox 2237 4320 3733 4398">
     <span class='ocr_line' id='line_1_108' title="bbox 2237 4320 3733 4398; baseline 0.008 -22"><span class='ocrx_word' id='word_1_780' title='bbox 2237 4320 2484 4398; x_wconf 61' lang='lat' dir='ltr'><strong>exempla</strong></span> <span class='ocrx_word' id='word_1_781' title='bbox 2540 4320 2839 4398; x_wconf 60' lang='lat' dir='ltr'><strong>subjunéo,</strong></span> <span class='ocrx_word' id='word_1_782' title='bbox 2892 4343 3031 4398; x_wconf 73' lang='lat' dir='ltr'><strong>qum,</strong></span> <span class='ocrx_word' id='word_1_783' title='bbox 3083 4347 3210 4387; x_wconf 88' lang='lat' dir='ltr'><strong>cum</strong></span> <span class='ocrx_word' id='word_1_784' title='bbox 3268 4320 3475 4390; x_wconf 46' lang='lat' dir='ltr'><strong>tabella</strong></span> <span class='ocrx_word' id='word_1_785' title='bbox 3516 4320 3733 4388; x_wconf 55' lang='lat' dir='ltr'><strong>ﬁs&#39;iuhrun</strong></span> 
     </span>
    </p>
   </div>
   <div class='ocr_carea' id='block_1_107' title="bbox 2239 4389 3155 4459">
    <p class='ocr_par' dir='ltr' id='par_1_107' title="bbox 2239 4389 3155 4459">
     <span class='ocr_line' id='line_1_109' title="bbox 2239 4389 3155 4459; baseline 0.014 -15"><span class='ocrx_word' id='word_1_786' title='bbox 2239 4389 2342 4444; x_wconf 90' lang='lat' dir='ltr'><strong>col.</strong></span> <span class='ocrx_word' id='word_1_787' title='bbox 2376 4390 2503 4459; x_wconf 88' lang='lat'><strong>665,</strong></span> <span class='ocrx_word' id='word_1_788' title='bbox 2532 4389 3155 4457; x_wconf 57' lang='lat' dir='ltr'><strong>666&#39;conferri&#39;debent.</strong></span> 
     </span>
    </p>
   </div>
   <div class='ocr_carea' id='block_1_108' title="bbox 2310 4460 3401 4543">
    <p class='ocr_par' dir='ltr' id='par_1_108' title="bbox 2310 4460 3401 4543">
     <span class='ocr_line' id='line_1_110' title="bbox 2310 4460 3401 4543; baseline 0.015 -28"><span class='ocrx_word' id='word_1_789' title='bbox 2592 4466 2651 4520; x_wconf 86' lang='lat' dir='ltr'><strong>ﬁt</strong></span> <span class='ocrx_word' id='word_1_790' title='bbox 2675 4475 2863 4543; x_wconf 59' lang='lat' dir='ltr'><strong>octava</strong></span> <span class='ocrx_word' id='word_1_791' title='bbox 2894 4484 3021 4538; x_wconf 89' lang='lat' dir='ltr'><strong>pars</strong></span> <span class='ocrx_word' id='word_1_792' title='bbox 3047 4471 3401 4543; x_wconf 74' lang='lat' dir='ltr'><strong>longitudinis</strong></span> 
     </span>
    </p>
   </div>
   <div class='ocr_carea' id='block_1_109' title="bbox 2300 4530 3329 4601">
    <p class='ocr_par' dir='ltr' id='par_1_109' title="bbox 2300 4530 3329 4601">
     <span class='ocr_line' id='line_1_111' title="bbox 2300 4530 3329 4601; baseline 0.017 -18"><span class='ocrx_word' id='word_1_793' title='bbox 2300 4530 2419 4601; x_wconf 70' lang='lat'><strong>(46)</strong></span> <span class='ocrx_word' id='word_1_794' title='bbox 2448 4534 2601 4589; x_wconf 84' lang='lat' dir='ltr'><strong>Adde</strong></span> <span class='ocrx_word' id='word_1_795' title='bbox 2633 4553 2647 4591; x_wconf 90' lang='lat'><strong>:</strong></span> <span class='ocrx_word' id='word_1_796' title='bbox 2682 4535 2811 4592; x_wconf 88' lang='lat' dir='ltr'><strong>Cum</strong></span> <span class='ocrx_word' id='word_1_797' title='bbox 2849 4530 3031 4595; x_wconf 67' lang='lat' dir='ltr'><strong>oétava</strong></span> <span class='ocrx_word' id='word_1_798' title='bbox 3058 4530 3329 4601; x_wconf 63' lang='lat' dir='ltr'><strong>diametri.</strong></span> 
     </span>
    </p>
   </div>
   <div class='ocr_carea' id='block_1_110' title="bbox 2298 4601 3726 4681">
    <p class='ocr_par' dir='ltr' id='par_1_110' title="bbox 2298 4601 3726 4681">
     <span class='ocr_line' id='line_1_112' title="bbox 2298 4601 3726 4681; baseline 0.008 -23"><span class='ocrx_word' id='word_1_799' title='bbox 2298 4601 2661 4681; x_wconf 37' lang='lat' dir='ltr'><strong>_(4&#39;Zj_ln‘_his</strong></span> <span class='ocrx_word' id='word_1_800' title='bbox 2705 4615 2761 4680; x_wconf 77' lang='lat' dir='ltr'><strong>et</strong></span> <span class='ocrx_word' id='word_1_801' title='bbox 2824 4613 3181 4681; x_wconf 87' lang='lat' dir='ltr'><strong>sequentibus</strong></span> <span class='ocrx_word' id='word_1_802' title='bbox 3246 4614 3546 4671; x_wconf 81' lang='lat' dir='ltr'><strong>conferatur</strong></span> <span class='ocrx_word' id='word_1_803' title='bbox 3593 4607 3726 4669; x_wconf 65' lang='lat' dir='ltr'><strong>tabella</strong></span> 
     </span>
    </p>
   </div>
   <div class='ocr_carea' id='block_1_111' title="bbox 2226 4672 2634 4738">
    <p class='ocr_par' dir='ltr' id='par_1_111' title="bbox 2226 4672 2634 4738">
     <span class='ocr_line' id='line_1_113' title="bbox 2226 4672 2634 4738; baseline 0 -10"><span class='ocrx_word' id='word_1_804' title='bbox 2226 4672 2328 4728; x_wconf 92' lang='lat' dir='ltr'><strong>col.</strong></span> <span class='ocrx_word' id='word_1_805' title='bbox 2354 4672 2478 4738; x_wconf 89' lang='lat'><strong>667,</strong></span> <span class='ocrx_word' id='word_1_806' title='bbox 2510 4675 2634 4731; x_wconf 89' lang='grc'>668.</span> 
     </span>
    </p>
   </div>
   <div class='ocr_carea' id='block_1_112' title="bbox 2300 4743 2763 4817">
    <p class='ocr_par' dir='ltr' id='par_1_112' title="bbox 2300 4743 2763 4817">
     <span class='ocr_line' id='line_1_114' title="bbox 2300 4743 2763 4817; baseline 0.013 -21"><span class='ocrx_word' id='word_1_807' title='bbox 2300 4743 2412 4817; x_wconf 77' lang='grc'><strong>(48)</strong></span> <span class='ocrx_word' id='word_1_808' title='bbox 2453 4744 2763 4804; x_wconf 76' lang='lat' dir='ltr'><strong>l’aramese.</strong></span> 
     </span>
    </p>
   </div>
   <div class='ocr_carea' id='block_1_113' title="bbox 2295 4962 3727 5080">
    <p class='ocr_par' dir='ltr' id='par_1_113' title="bbox 2295 4962 3727 5080">
     <span class='ocr_line' id='line_1_115' title="bbox 2295 4962 3727 5080; baseline 0.002 -59"><span class='ocrx_word' id='word_1_809' title='bbox 2295 4969 2374 5033; x_wconf 72' lang='grc' dir='ltr'><strong>(ά)</strong></span> <span class='ocrx_word' id='word_1_810' title='bbox 2409 4972 2613 5044; x_wconf 72' lang='lat' dir='ltr'><strong>minoris</strong></span> <span class='ocrx_word' id='word_1_811' title='bbox 2634 4972 2806 5025; x_wconf 72' lang='lat' dir='ltr'><strong>ﬁstulas</strong></span> <span class='ocrx_word' id='word_1_812' title='bbox 2829 4972 2953 5027; x_wconf 70' lang='grc'><strong>2304</strong></span> <span class='ocrx_word' id='word_1_813' title='bbox 2974 4962 3192 5040; x_wconf 83' lang='lat' dir='ltr'><strong>duplum.</strong></span> <span class='ocrx_word' id='word_1_814' title='bbox 3650 4969 3727 5080; x_wconf 52' lang='lat' dir='ltr'><strong>lg</strong></span> 
     </span>
     <span class='ocr_line' id='line_1_116' title="bbox 2414 5044 2732 5080; baseline 0 0"><span class='ocrx_word' id='word_1_815' title='bbox 2414 5046 2524 5080; x_wconf 81' lang='lat' dir='ltr'><strong>ellls</strong></span> <span class='ocrx_word' id='word_1_816' title='bbox 2546 5044 2732 5080; x_wconf 59' lang='grc' dir='ltr'><strong>οΩΙΔΫΩ.</strong></span> 
     </span>
    </p>
   </div>
   <div class='ocr_carea' id='block_1_114' title="bbox 2414 5044 2732 5095">
    <p class='ocr_par' dir='ltr' id='par_1_114' title="bbox 2414 5044 2732 5095">
     <span class='ocr_line' id='line_1_117' title="bbox 2414 5044 2732 5095; baseline 0.009 -13"><span class='ocrx_word' id='word_1_817' title='bbox 2414 5046 2524 5095; x_wconf 80' lang='lat' dir='ltr'><strong>ejus</strong></span> <span class='ocrx_word' id='word_1_818' title='bbox 2546 5044 2732 5087; x_wconf 84' lang='lat' dir='ltr'><strong>octava.</strong></span> 
     </span>
    </p>
   </div>
   <div class='ocr_carea' id='block_1_115' title="bbox 2386 5110 3724 5228">
    <p class='ocr_par' dir='ltr' id='par_1_115' title="bbox 2386 5110 3724 5228">
     <span class='ocr_line' id='line_1_118' title="bbox 2386 5110 3724 5179; baseline 0.006 -11"><span class='ocrx_word' id='word_1_819' title='bbox 2386 5117 2446 5168; x_wconf 85' lang='lat' dir='ltr'><strong>F.</strong></span> <span class='ocrx_word' id='word_1_820' title='bbox 2472 5118 2698 5179; x_wconf 85' lang='lat' dir='ltr'><strong>diapason</strong></span> <span class='ocrx_word' id='word_1_821' title='bbox 2722 5120 2780 5169; x_wconf 79' lang='lat' dir='ltr'><strong>ad</strong></span> <span class='ocrx_word' id='word_1_822' title='bbox 2805 5119 2861 5170; x_wconf 65' lang='grc' dir='ltr'><strong>ιτ.</strong></span> <span class='ocrx_word' id='word_1_823' title='bbox 3645 5110 3724 5164; x_wconf 66' lang='grc'><strong>⁸⁸9⁵</strong></span> 
     </span>
     <span class='ocr_line' id='line_1_119' title="bbox 2389 5172 3724 5228; baseline 0 0"><span class='ocrx_word' id='word_1_824' title='bbox 2389 5182 2589 5228; x_wconf 84' lang='lat' dir='ltr'><strong>minoris</strong></span> <span class='ocrx_word' id='word_1_825' title='bbox 2613 5181 2787 5228; x_wconf 65' lang='lat' dir='ltr'><strong>ﬁstulas</strong></span> <span class='ocrx_word' id='word_1_826' title='bbox 2810 5182 2935 5228; x_wconf 69' lang='grc' dir='ltr'><strong>25οι</strong></span> <span class='ocrx_word' id='word_1_827' title='bbox 2959 5182 3174 5228; x_wconf 76' lang='lat' dir='ltr'><strong>lrlnInm-</strong></span> <span class='ocrx_word' id='word_1_828' title='bbox 3646 5172 3724 5228; x_wconf 66' lang='grc' dir='ltr'><strong>691Ξ</strong></span> 
     </span>
    </p>
   </div>
   <div class='ocr_carea' id='block_1_116' title="bbox 2293 5179 3175 5253">
    <p class='ocr_par' dir='ltr' id='par_1_116' title="bbox 2293 5179 3175 5253">
     <span class='ocr_line' id='line_1_120' title="bbox 2293 5179 3175 5253; baseline 0.008 -23"><span class='ocrx_word' id='word_1_829' title='bbox 2293 5179 2363 5243; x_wconf 81' lang='lat' dir='ltr'><strong>(ej</strong></span> <span class='ocrx_word' id='word_1_830' title='bbox 2389 5182 2589 5253; x_wconf 72' lang='lat' dir='ltr'><strong>minoris</strong></span> <span class='ocrx_word' id='word_1_831' title='bbox 2613 5181 2787 5253; x_wconf 64' lang='lat' dir='ltr'><strong>ﬁstulas</strong></span> <span class='ocrx_word' id='word_1_832' title='bbox 2810 5182 2935 5237; x_wconf 71' lang='grc' dir='ltr'><strong>25οι</strong></span> <span class='ocrx_word' id='word_1_833' title='bbox 2959 5182 3175 5249; x_wconf 86' lang='lat' dir='ltr'><strong>lt‘lpIum.</strong></span> 
     </span>
    </p>
   </div>
   <div class='ocr_carea' id='block_1_117' title="bbox 2383 5248 3721 5357">
    <p class='ocr_par' dir='ltr' id='par_1_117' title="bbox 2383 5248 3721 5357">
     <span class='ocr_line' id='line_1_121' title="bbox 2387 5248 3721 5349; baseline 0.018 -58"><span class='ocrx_word' id='word_1_834' title='bbox 2387 5248 2494 5301; x_wconf 84' lang='lat' dir='ltr'><strong>ejus</strong></span> <span class='ocrx_word' id='word_1_835' title='bbox 2513 5248 2704 5305; x_wconf 86' lang='lat' dir='ltr'><strong>quarta.</strong></span> <span class='ocrx_word' id='word_1_836' title='bbox 2819 5307 2829 5318; x_wconf 44' lang='lat'><strong><em>.</em></strong></span> <span class='ocrx_word' id='word_1_837' title='bbox 3032 5248 3039 5249; x_wconf 26' lang='grc' dir='ltr'>ί</span> 
     </span>
     <span class='ocr_line' id='line_1_122' title="bbox 2383 5305 3717 5357; baseline 0.017 -5"><span class='ocrx_word' id='word_1_838' title='bbox 2383 5310 2563 5354; x_wconf 66' lang='lat' dir='ltr'><strong>octavae</strong></span> <span class='ocrx_word' id='word_1_839' title='bbox 2587 5307 2678 5355; x_wconf 77' lang='lat'><strong>288</strong></span> <span class='ocrx_word' id='word_1_840' title='bbox 2703 5305 2878 5357; x_wconf 70' lang='lat' dir='ltr'><strong>media.</strong></span> <span class='ocrx_word' id='word_1_841' title='bbox 3708 5356 3717 5357; x_wconf 46' lang='grc' dir='ltr'><em>κ</em></span> 
     </span>
    </p>
   </div>
   <div class='ocr_carea' id='block_1_118' title="bbox 2382 5365 3033 5426">
    <p class='ocr_par' dir='ltr' id='par_1_118' title="bbox 2382 5365 3033 5426">
     <span class='ocr_line' id='line_1_123' title="bbox 2382 5365 3033 5426; baseline 0.008 -11"><span class='ocrx_word' id='word_1_842' title='bbox 2382 5365 2526 5426; x_wconf 83' lang='lat' dir='ltr'><strong>hujus</strong></span> <span class='ocrx_word' id='word_1_843' title='bbox 2543 5368 2826 5418; x_wconf 83' lang='lat' dir='ltr'><strong>medietatis</strong></span> <span class='ocrx_word' id='word_1_844' title='bbox 2846 5374 3033 5420; x_wconf 76' lang='lat' dir='ltr'><strong>octava.</strong></span> 
     </span>
    </p>
   </div>
   <div class='ocr_carea' id='block_1_119' title="bbox 2384 5436 3728 5553">
    <p class='ocr_par' dir='ltr' id='par_1_119' title="bbox 2384 5436 3728 5553">
     <span class='ocr_line' id='line_1_124' title="bbox 2384 5436 3728 5553; baseline 0.011 -57"><span class='ocrx_word' id='word_1_845' title='bbox 2384 5446 2449 5521; x_wconf 45' lang='grc' dir='ltr'><strong>Β..</strong></span> <span class='ocrx_word' id='word_1_846' title='bbox 2471 5448 2702 5509; x_wconf 83' lang='lat' dir='ltr'><strong>diapason</strong></span> <span class='ocrx_word' id='word_1_847' title='bbox 2727 5455 2779 5499; x_wconf 88' lang='lat' dir='ltr'><strong>et</strong></span> <span class='ocrx_word' id='word_1_848' title='bbox 2799 5448 3034 5511; x_wconf 81' lang='lat' dir='ltr'><strong>diapente</strong></span> <span class='ocrx_word' id='word_1_849' title='bbox 3059 5454 3116 5504; x_wconf 81' lang='lat' dir='ltr'><strong>ad</strong></span> <span class='ocrx_word' id='word_1_850' title='bbox 3144 5453 3194 5503; x_wconf 71' lang='lat' dir='ltr'><strong>l&quot;.</strong></span> 
     </span>
     <span class='ocr_line' id='line_1_125' title="bbox 2386 5511 3247 5553; baseline 0 0"><span class='ocrx_word' id='word_1_851' title='bbox 2386 5512 2584 5553; x_wconf 80' lang='lat' dir='ltr'><strong>minoris</strong></span> <span class='ocrx_word' id='word_1_852' title='bbox 2604 5511 2774 5553; x_wconf 58' lang='lat' dir='ltr'><strong>ﬁstula)</strong></span> <span class='ocrx_word' id='word_1_853' title='bbox 2788 5512 2913 5553; x_wconf 64' lang='lat'><strong>2301</strong></span> <span class='ocrx_word' id='word_1_854' title='bbox 2932 5517 3247 5553; x_wconf 70' lang='lat' dir='ltr'><strong>nnadmnlnm</strong></span> 
     </span>
    </p>
   </div>
   <div class='ocr_carea' id='block_1_120' title="bbox 2291 5506 3716 5615">
    <p class='ocr_par' dir='ltr' id='par_1_120' title="bbox 2291 5506 3716 5615">
     <span class='ocr_line' id='line_1_126' title="bbox 2291 5506 3716 5615; baseline -0.003 -54"><span class='ocrx_word' id='word_1_855' title='bbox 2291 5506 2358 5573; x_wconf 80' lang='grc' dir='ltr'><strong>(Ι)</strong></span> <span class='ocrx_word' id='word_1_856' title='bbox 2386 5506 2584 5584; x_wconf 74' lang='lat' dir='ltr'><strong>minoris</strong></span> <span class='ocrx_word' id='word_1_857' title='bbox 2604 5511 2774 5561; x_wconf 82' lang='lat' dir='ltr'><strong>ﬁstulae</strong></span> <span class='ocrx_word' id='word_1_858' title='bbox 2788 5506 2913 5564; x_wconf 60' lang='lat'><strong>2501</strong></span> <span class='ocrx_word' id='word_1_859' title='bbox 2932 5517 3263 5581; x_wconf 80' lang='lat' dir='ltr'><strong>quadruplum.</strong></span> 
     </span>
     <span class='ocr_line' id='line_1_127' title="bbox 2386 5580 2922 5615; baseline 0 0"><span class='ocrx_word' id='word_1_860' title='bbox 2386 5583 2495 5615; x_wconf 82' lang='lat' dir='ltr'><strong>eius</strong></span> <span class='ocrx_word' id='word_1_861' title='bbox 2513 5580 2719 5615; x_wconf 67' lang='lat' dir='ltr'><strong>ﬂllllllﬂl‘</strong></span> <span class='ocrx_word' id='word_1_862' title='bbox 2737 5581 2922 5615; x_wconf 72' lang='lat' dir='ltr'><strong>netavm</strong></span> 
     </span>
    </p>
   </div>
   <div class='ocr_carea' id='block_1_121' title="bbox 2386 5572 3715 5667">
    <p class='ocr_par' dir='ltr' id='par_1_121' title="bbox 2386 5572 3715 5667">
     <span class='ocr_line' id='line_1_128' title="bbox 2386 5572 3715 5667; baseline -0.017 -34"><span class='ocrx_word' id='word_1_863' title='bbox 2386 5572 2495 5632; x_wconf 75' lang='lat' dir='ltr'><strong>eius</strong></span> <span class='ocrx_word' id='word_1_864' title='bbox 2513 5580 2719 5633; x_wconf 82' lang='lat' dir='ltr'><strong>quatuor</strong></span> <span class='ocrx_word' id='word_1_865' title='bbox 2737 5572 2962 5627; x_wconf 75' lang='lat' dir='ltr'><strong>octavae.&#39;</strong></span> <span class='ocrx_word' id='word_1_866' title='bbox 3121 5572 3134 5581; x_wconf 88' lang='lat'><strong>&#39;</strong></span> <span class='ocrx_word' id='word_1_867' title='bbox 3640 5572 3715 5667; x_wconf 61' lang='lat' dir='ltr'><strong>tt;</strong></span> 
     </span>
     <span class='ocr_line' id='line_1_129' title="bbox 2386 5640 2751 5667; baseline -0.003 1"><span class='ocrx_word' id='word_1_868' title='bbox 2386 5640 2565 5667; x_wconf 63' lang='lat' dir='ltr'><strong>minus:</strong></span> <span class='ocrx_word' id='word_1_869' title='bbox 2586 5641 2751 5667; x_wconf 61' lang='lat' dir='ltr'><strong>munra</strong></span> 
     </span>
    </p>
   </div>
   <div class='ocr_carea' id='block_1_122' title="bbox 2384 5640 3712 5763">
    <p class='ocr_par' dir='ltr' id='par_1_122' title="bbox 2384 5640 3712 5763">
     <span class='ocr_line' id='line_1_130' title="bbox 2384 5640 3712 5685; baseline -0.001 -1"><span class='ocrx_word' id='word_1_870' title='bbox 2384 5640 2565 5684; x_wconf 81' lang='lat' dir='ltr'><strong>octavae</strong></span> <span class='ocrx_word' id='word_1_871' title='bbox 2586 5641 2772 5685; x_wconf 80' lang='lat' dir='ltr'><strong>octava.</strong></span> <span class='ocrx_word' id='word_1_872' title='bbox 3676 5640 3712 5667; x_wconf 70' lang='grc' dir='ltr'><strong>δυ</strong></span> 
     </span>
     <span class='ocr_line' id='line_1_131' title="bbox 2384 5700 3712 5763; baseline 0 0"><span class='ocrx_word' id='word_1_873' title='bbox 2384 5717 2439 5763; x_wconf 84' lang='lat' dir='ltr'><strong>F-</strong></span> <span class='ocrx_word' id='word_1_874' title='bbox 2466 5718 2546 5763; x_wconf 86' lang='lat' dir='ltr'><strong>bis</strong></span> <span class='ocrx_word' id='word_1_875' title='bbox 2570 5718 2799 5763; x_wconf 75' lang='lat' dir='ltr'><strong>dianamn</strong></span> <span class='ocrx_word' id='word_1_876' title='bbox 2820 5721 2879 5763; x_wconf 78' lang='lat' dir='ltr'><strong>ad</strong></span> <span class='ocrx_word' id='word_1_877' title='bbox 2906 5722 2960 5763; x_wconf 73' lang='grc' dir='ltr'><strong>Ρ-</strong></span> <span class='ocrx_word' id='word_1_878' title='bbox 3616 5700 3712 5763; x_wconf 61' lang='lat' dir='ltr'><strong>59m</strong></span> 
     </span>
    </p>
   </div>
   <div class='ocr_carea' id='block_1_123' title="bbox 2383 5717 2961 5783">
    <p class='ocr_par' dir='ltr' id='par_1_123' title="bbox 2383 5717 2961 5783">
     <span class='ocr_line' id='line_1_132' title="bbox 2383 5717 2961 5783; baseline 0.01 -14"><span class='ocrx_word' id='word_1_879' title='bbox 2383 5717 2440 5771; x_wconf 85' lang='lat' dir='ltr'><strong>F.</strong></span> <span class='ocrx_word' id='word_1_880' title='bbox 2466 5718 2546 5772; x_wconf 84' lang='lat' dir='ltr'><strong>bis</strong></span> <span class='ocrx_word' id='word_1_881' title='bbox 2570 5718 2800 5783; x_wconf 80' lang='lat' dir='ltr'><strong>diapason</strong></span> <span class='ocrx_word' id='word_1_882' title='bbox 2820 5721 2879 5772; x_wconf 83' lang='lat' dir='ltr'><strong>ad</strong></span> <span class='ocrx_word' id='word_1_883' title='bbox 2904 5722 2961 5775; x_wconf 83' lang='lat' dir='ltr'><strong>F.</strong></span> 
     </span>
    </p>
   </div>
  </div>
