  <div class='ocr_page' id='page_1' title='image "/cluster/home/n/w/nwhite01/storage/ocr_20150623/151/hvd.32044015473796/343.png"; bbox 0 0 3900 6322; ppageno 0'>
   <div class='ocr_carea' id='block_1_1' title="bbox 523 316 626 372">
    <p class='ocr_par' dir='ltr' id='par_1_1' title="bbox 523 316 626 372">
     <span class='ocr_line' id='line_1_1' title="bbox 523 316 626 372; baseline 0.01 -1"><span class='ocrx_word' id='word_1_1' title='bbox 523 316 626 372; x_wconf 77' lang='lat'><strong>675</strong></span> 
     </span>
    </p>
   </div>
   <div class='ocr_carea' id='block_1_2' title="bbox 1338 291 2128 362">
    <p class='ocr_par' dir='ltr' id='par_1_2' title="bbox 1338 300 2128 362">
     <span class='ocr_line' id='line_1_2' title="bbox 1338 300 2128 362; baseline -0.008 0"><span class='ocrx_word' id='word_1_2' title='bbox 1338 303 1515 362; x_wconf 69' lang='grc' dir='ltr'><strong>8ίΕΟ.</strong></span> <span class='ocrx_word' id='word_1_3' title='bbox 1549 304 1619 360; x_wconf 70' lang='grc' dir='ltr'><strong>ιιι</strong></span> <span class='ocrx_word' id='word_1_4' title='bbox 1648 302 1852 360; x_wconf 87' lang='lat' dir='ltr'><strong>AUCT.</strong></span> <span class='ocrx_word' id='word_1_5' title='bbox 1879 300 2128 359; x_wconf 81' lang='lat' dir='ltr'><strong>INCER&#39;I</strong></span> 
     </span>
    </p>
   </div>
   <div class='ocr_carea' id='block_1_3' title="bbox 2230 291 3717 362">
    <p class='ocr_par' dir='ltr' id='par_1_3' title="bbox 2230 291 3717 356">
     <span class='ocr_line' id='line_1_3' title="bbox 2230 291 3717 356; baseline -0.003 -2"><span class='ocrx_word' id='word_1_6' title='bbox 2230 298 2354 356; x_wconf 84' lang='lat' dir='ltr'><strong>.NNl</strong></span> <span class='ocrx_word' id='word_1_7' title='bbox 2394 295 2482 354; x_wconf 82' lang='lat' dir='ltr'><strong>ET</strong></span> <span class='ocrx_word' id='word_1_8' title='bbox 2518 292 2783 352; x_wconf 78' lang='lat' dir='ltr'><strong>SCRIPT.</strong></span> <span class='ocrx_word' id='word_1_9' title='bbox 2813 291 3035 352; x_wconf 71' lang='lat' dir='ltr'><strong>&#39;AABZII.</strong></span> <span class='ocrx_word' id='word_1_10' title='bbox 3647 291 3717 349; x_wconf 69' lang='grc' dir='ltr'><strong>ιιι</strong></span> 
     </span>
    </p>
   </div>
   <div class='ocr_carea' id='block_1_4' title="bbox 522 403 3724 498">
    <p class='ocr_par' dir='ltr' id='par_1_4' title="bbox 522 403 3724 498">
     <span class='ocr_line' id='line_1_4' title="bbox 522 403 3724 498; baseline -0.007 -11"><span class='ocrx_word' id='word_1_11' title='bbox 522 429 673 488; x_wconf 86' lang='lat' dir='ltr'><strong>stitio</strong></span> <span class='ocrx_word' id='word_1_12' title='bbox 724 425 1011 498; x_wconf 92' lang='lat' dir='ltr'><strong>tripartito,</strong></span> <span class='ocrx_word' id='word_1_13' title='bbox 1060 432 1114 479; x_wconf 90' lang='lat' dir='ltr'><strong>et</strong></span> <span class='ocrx_word' id='word_1_14' title='bbox 1171 429 1361 493; x_wconf 87' lang='lat' dir='ltr'><strong>quarta</strong></span> <span class='ocrx_word' id='word_1_15' title='bbox 1421 420 1601 476; x_wconf 90' lang='lat' dir='ltr'><strong>addita</strong></span> <span class='ocrx_word' id='word_1_16' title='bbox 1658 420 1799 474; x_wconf 90' lang='lat' dir='ltr'><strong>linea</strong></span> <span class='ocrx_word' id='word_1_17' title='bbox 1849 418 2009 474; x_wconf 89' lang='lat' dir='ltr'><strong>ducta</strong></span> <span class='ocrx_word' id='word_1_18' title='bbox 2043 417 2104 471; x_wconf 86' lang='lat' dir='ltr'><strong>E.</strong></span> <span class='ocrx_word' id='word_1_19' title='bbox 2137 421 2184 479; x_wconf 80' lang='grc' dir='ltr'><strong>Α</strong></span> <span class='ocrx_word' id='word_1_20' title='bbox 2214 411 2436 487; x_wconf 88' lang='lat' dir='ltr'><strong>dimidio</strong></span> <span class='ocrx_word' id='word_1_21' title='bbox 2484 409 2579 465; x_wconf 91' lang='lat' dir='ltr'><strong>sed</strong></span> <span class='ocrx_word' id='word_1_22' title='bbox 2636 406 2952 478; x_wconf 80' lang='lat' dir='ltr'><strong>imperfecto</strong></span> <span class='ocrx_word' id='word_1_23' title='bbox 2999 413 3122 460; x_wconf 91' lang='lat' dir='ltr'><strong>tono</strong></span> <span class='ocrx_word' id='word_1_24' title='bbox 3168 403 3408 476; x_wconf 79' lang='lat' dir='ltr'><strong>(seruum</strong></span> <span class='ocrx_word' id='word_1_25' title='bbox 3450 404 3577 460; x_wconf 82' lang='lat' dir='ltr'><strong>enim</strong></span> <span class='ocrx_word' id='word_1_26' title='bbox 3596 405 3724 464; x_wconf 65' lang='lat' dir='ltr'><strong>Grave</strong></span> 
     </span>
    </p>
   </div>
   <div class='ocr_carea' id='block_1_5' title="bbox 522 510 2105 594">
    <p class='ocr_par' dir='ltr' id='par_1_5' title="bbox 522 510 2105 594">
     <span class='ocr_line' id='line_1_5' title="bbox 522 510 2105 594; baseline -0.01 -16"><span class='ocrx_word' id='word_1_27' title='bbox 522 524 784 594; x_wconf 78' lang='lat' dir='ltr'><strong>signetur.</strong></span> <span class='ocrx_word' id='word_1_28' title='bbox 835 519 961 573; x_wconf 87' lang='lat' dir='ltr'><strong>Item</strong></span> <span class='ocrx_word' id='word_1_29' title='bbox 1009 530 1038 570; x_wconf 89' lang='lat' dir='ltr'><strong>a</strong></span> <span class='ocrx_word' id='word_1_30' title='bbox 1094 514 1160 572; x_wconf 90' lang='grc' dir='ltr'><strong>Τ.</strong></span> <span class='ocrx_word' id='word_1_31' title='bbox 1194 529 1362 584; x_wconf 89' lang='lat' dir='ltr'><strong>usque</strong></span> <span class='ocrx_word' id='word_1_32' title='bbox 1392 514 1458 567; x_wconf 87' lang='lat' dir='ltr'><strong>ad</strong></span> <span class='ocrx_word' id='word_1_33' title='bbox 1488 512 1551 567; x_wconf 87' lang='lat' dir='ltr'><strong>E.</strong></span> <span class='ocrx_word' id='word_1_34' title='bbox 1596 511 1881 581; x_wconf 89' lang='lat' dir='ltr'><strong>epiphania</strong></span> <span class='ocrx_word' id='word_1_35' title='bbox 1915 510 1968 564; x_wconf 89' lang='lat' dir='ltr'><strong>in</strong></span> <span class='ocrx_word' id='word_1_36' title='bbox 2004 510 2105 563; x_wconf 91' lang='lat' dir='ltr'><strong>tria</strong></span> 
     </span>
    </p>
   </div>
   <div class='ocr_carea' id='block_1_6' title="bbox 521 603 2107 684">
    <p class='ocr_par' dir='ltr' id='par_1_6' title="bbox 521 603 2107 684">
     <span class='ocr_line' id='line_1_6' title="bbox 521 603 2107 684; baseline -0.009 -12"><span class='ocrx_word' id='word_1_37' title='bbox 521 616 815 684; x_wconf 79' lang='lat' dir='ltr'><strong>disparata,</strong></span> <span class='ocrx_word' id='word_1_38' title='bbox 843 619 897 665; x_wconf 90' lang='lat' dir='ltr'><strong>et</strong></span> <span class='ocrx_word' id='word_1_39' title='bbox 926 617 1120 681; x_wconf 90' lang='lat' dir='ltr'><strong>quarta</strong></span> <span class='ocrx_word' id='word_1_40' title='bbox 1155 606 1562 678; x_wconf 86' lang='lat' dir='ltr'><strong>superapposita</strong></span> <span class='ocrx_word' id='word_1_41' title='bbox 1593 606 1734 660; x_wconf 90' lang='lat' dir='ltr'><strong>linea</strong></span> <span class='ocrx_word' id='word_1_42' title='bbox 1777 603 1837 658; x_wconf 86' lang='grc' dir='ltr'><strong>Β.</strong></span> <span class='ocrx_word' id='word_1_43' title='bbox 1868 606 2107 658; x_wconf 79' lang='lat' dir='ltr'><strong>notetur.</strong></span> 
     </span>
    </p>
   </div>
   <div class='ocr_carea' id='block_1_7' title="bbox 520 692 2109 770">
    <p class='ocr_par' dir='ltr' id='par_1_7' title="bbox 520 692 2109 770">
     <span class='ocr_line' id='line_1_7' title="bbox 520 692 2109 770; baseline -0.008 -8"><span class='ocrx_word' id='word_1_44' title='bbox 520 706 598 761; x_wconf 90' lang='lat' dir='ltr'><strong>De</strong></span> <span class='ocrx_word' id='word_1_45' title='bbox 636 705 761 759; x_wconf 90' lang='lat' dir='ltr'><strong>hinc</strong></span> <span class='ocrx_word' id='word_1_46' title='bbox 790 718 820 756; x_wconf 78' lang='grc' dir='ltr'><strong>ιι</strong></span> <span class='ocrx_word' id='word_1_47' title='bbox 854 701 915 756; x_wconf 91' lang='grc' dir='ltr'><strong>Τ.</strong></span> <span class='ocrx_word' id='word_1_48' title='bbox 942 716 1111 770; x_wconf 90' lang='lat' dir='ltr'><strong>usque</strong></span> <span class='ocrx_word' id='word_1_49' title='bbox 1137 699 1203 754; x_wconf 89' lang='lat' dir='ltr'><strong>ad</strong></span> <span class='ocrx_word' id='word_1_50' title='bbox 1235 692 1295 754; x_wconf 76' lang='grc' dir='ltr'><strong>Π.</strong></span> <span class='ocrx_word' id='word_1_51' title='bbox 1334 697 1618 753; x_wconf 90' lang='lat' dir='ltr'><strong>intervallo</strong></span> <span class='ocrx_word' id='word_1_52' title='bbox 1647 697 1974 766; x_wconf 61' lang='lat' dir='ltr'><strong>infquatuor</strong></span> <span class='ocrx_word' id='word_1_53' title='bbox 1999 695 2109 750; x_wconf 46' lang='lat' dir='ltr'><strong>dis;</strong></span> 
     </span>
    </p>
   </div>
   <div class='ocr_carea' id='block_1_8' title="bbox 519 790 2107 867">
    <p class='ocr_par' dir='ltr' id='par_1_8' title="bbox 519 790 2107 867">
     <span class='ocr_line' id='line_1_8' title="bbox 519 790 2107 867; baseline -0.004 -17"><span class='ocrx_word' id='word_1_54' title='bbox 519 798 728 867; x_wconf 89' lang='lat' dir='ltr'><strong>sipato,</strong></span> <span class='ocrx_word' id='word_1_55' title='bbox 779 793 868 848; x_wconf 88' lang='lat' dir='ltr'><strong>ubi</strong></span> <span class='ocrx_word' id='word_1_56' title='bbox 915 793 1076 849; x_wconf 88' lang='lat' dir='ltr'><strong>tertia</strong></span> <span class='ocrx_word' id='word_1_57' title='bbox 1130 792 1386 847; x_wconf 90' lang='lat' dir='ltr'><strong>ceciderit</strong></span> <span class='ocrx_word' id='word_1_58' title='bbox 1438 791 1576 844; x_wconf 91' lang='lat' dir='ltr'><strong>linea</strong></span> <span class='ocrx_word' id='word_1_59' title='bbox 1639 790 1703 845; x_wconf 83' lang='lat' dir='ltr'><strong>G.</strong></span> <span class='ocrx_word' id='word_1_60' title='bbox 1755 790 2107 845; x_wconf 85' lang='lat' dir='ltr'><strong>inscrihatur.</strong></span> 
     </span>
    </p>
   </div>
   <div class='ocr_carea' id='block_1_9' title="bbox 521 880 2107 953">
    <p class='ocr_par' dir='ltr' id='par_1_9' title="bbox 521 880 2107 953">
     <span class='ocr_line' id='line_1_9' title="bbox 521 880 2107 953; baseline -0.006 -12"><span class='ocrx_word' id='word_1_61' title='bbox 521 887 728 941; x_wconf 80' lang='lat' dir='ltr'><strong>Rursus</strong></span> <span class='ocrx_word' id='word_1_62' title='bbox 771 900 800 939; x_wconf 90' lang='lat' dir='ltr'><strong>a</strong></span> <span class='ocrx_word' id='word_1_63' title='bbox 849 883 913 938; x_wconf 88' lang='grc' dir='ltr'><strong>Τ.</strong></span> <span class='ocrx_word' id='word_1_64' title='bbox 948 898 1116 953; x_wconf 92' lang='lat' dir='ltr'><strong>usque</strong></span> <span class='ocrx_word' id='word_1_65' title='bbox 1146 883 1211 937; x_wconf 89' lang='lat' dir='ltr'><strong>ad</strong></span> <span class='ocrx_word' id='word_1_66' title='bbox 1242 880 1305 936; x_wconf 86' lang='lat' dir='ltr'><strong>G.</strong></span> <span class='ocrx_word' id='word_1_67' title='bbox 1339 881 1591 951; x_wconf 86' lang='lat' dir='ltr'><strong>bipartita</strong></span> <span class='ocrx_word' id='word_1_68' title='bbox 1623 880 1908 951; x_wconf 82' lang='lat' dir='ltr'><strong>superﬁcie</strong></span> <span class='ocrx_word' id='word_1_69' title='bbox 1950 880 2107 934; x_wconf 89' lang='lat' dir='ltr'><strong>tertia</strong></span> 
     </span>
    </p>
   </div>
   <div class='ocr_carea' id='block_1_10' title="bbox 521 970 2111 1047">
    <p class='ocr_par' dir='ltr' id='par_1_10' title="bbox 521 970 2111 1047">
     <span class='ocr_line' id='line_1_10' title="bbox 521 970 2111 1047; baseline -0.003 -18"><span class='ocrx_word' id='word_1_70' title='bbox 521 976 868 1047; x_wconf 79' lang='lat' dir='ltr'><strong>adjungatur,</strong></span> <span class='ocrx_word' id='word_1_71' title='bbox 894 974 983 1029; x_wconf 90' lang='lat' dir='ltr'><strong>ubi</strong></span> <span class='ocrx_word' id='word_1_72' title='bbox 1014 971 1077 1029; x_wconf 79' lang='grc' dir='ltr'><strong>ϐ.</strong></span> <span class='ocrx_word' id='word_1_73' title='bbox 1101 981 1421 1044; x_wconf 89' lang='lat' dir='ltr'><strong>apponatur.</strong></span> <span class='ocrx_word' id='word_1_74' title='bbox 1449 972 1525 1026; x_wconf 90' lang='lat' dir='ltr'><strong>De</strong></span> <span class='ocrx_word' id='word_1_75' title='bbox 1551 972 1678 1026; x_wconf 86' lang='lat' dir='ltr'><strong>hinc</strong></span> <span class='ocrx_word' id='word_1_76' title='bbox 1702 986 1731 1024; x_wconf 90' lang='lat' dir='ltr'><strong>a</strong></span> <span class='ocrx_word' id='word_1_77' title='bbox 1759 970 1822 1024; x_wconf 90' lang='grc' dir='ltr'><strong>Τ.</strong></span> <span class='ocrx_word' id='word_1_78' title='bbox 1855 986 2023 1039; x_wconf 90' lang='lat' dir='ltr'><strong>usque</strong></span> <span class='ocrx_word' id='word_1_79' title='bbox 2044 970 2111 1024; x_wconf 84' lang='lat' dir='ltr'><strong>ad</strong></span> 
     </span>
    </p>
   </div>
   <div class='ocr_carea' id='block_1_11' title="bbox 520 1059 2107 1132">
    <p class='ocr_par' dir='ltr' id='par_1_11' title="bbox 520 1059 2107 1132">
     <span class='ocr_line' id='line_1_11' title="bbox 520 1059 2107 1132; baseline -0.006 -10"><span class='ocrx_word' id='word_1_80' title='bbox 520 1070 580 1124; x_wconf 88' lang='lat' dir='ltr'><strong>C.</strong></span> <span class='ocrx_word' id='word_1_81' title='bbox 608 1064 949 1121; x_wconf 92' lang='lat' dir='ltr'><strong>intervallum</strong></span> <span class='ocrx_word' id='word_1_82' title='bbox 975 1063 1459 1132; x_wconf 86' lang='lat' dir='ltr'><strong>quadripartiatur,</strong></span> <span class='ocrx_word' id='word_1_83' title='bbox 1490 1070 1544 1117; x_wconf 90' lang='lat' dir='ltr'><strong>et</strong></span> <span class='ocrx_word' id='word_1_84' title='bbox 1592 1059 1748 1116; x_wconf 87' lang='lat' dir='ltr'><strong>tertia</strong></span> <span class='ocrx_word' id='word_1_85' title='bbox 1790 1060 1997 1131; x_wconf 83' lang='lat' dir='ltr'><strong>signata</strong></span> <span class='ocrx_word' id='word_1_86' title='bbox 2044 1059 2107 1114; x_wconf 91' lang='lat' dir='ltr'><strong>F.</strong></span> 
     </span>
    </p>
   </div>
   <div class='ocr_carea' id='block_1_12' title="bbox 522 1132 1637 1209">
    <p class='ocr_par' dir='ltr' id='par_1_12' title="bbox 522 1132 1637 1209">
     <span class='ocr_line' id='line_1_12' title="bbox 522 1132 1637 1209; baseline -0.007 -16"><span class='ocrx_word' id='word_1_87' title='bbox 522 1147 840 1209; x_wconf 90' lang='lat' dir='ltr'><strong>apponatur.</strong></span> <span class='ocrx_word' id='word_1_88' title='bbox 877 1136 967 1191; x_wconf 86' lang='lat' dir='ltr'><strong>Sic</strong></span> <span class='ocrx_word' id='word_1_89' title='bbox 992 1132 1330 1191; x_wconf 88' lang='lat' dir='ltr'><strong>Diatonicum</strong></span> <span class='ocrx_word' id='word_1_90' title='bbox 1359 1132 1637 1188; x_wconf 79' lang='lat' dir='ltr'><strong>exaratur.</strong></span> 
     </span>
    </p>
   </div>
   <div class='ocr_carea' id='block_1_13' title="bbox 593 1222 2114 1297">
    <p class='ocr_par' dir='ltr' id='par_1_13' title="bbox 593 1222 2114 1297">
     <span class='ocr_line' id='line_1_13' title="bbox 593 1222 2114 1297; baseline -0.005 -13"><span class='ocrx_word' id='word_1_91' title='bbox 593 1232 648 1284; x_wconf 77' lang='grc'><strong>5.</strong></span> <span class='ocrx_word' id='word_1_92' title='bbox 688 1229 763 1284; x_wconf 87' lang='lat' dir='ltr'><strong>De</strong></span> <span class='ocrx_word' id='word_1_93' title='bbox 786 1228 912 1283; x_wconf 90' lang='lat' dir='ltr'><strong>hinc</strong></span> <span class='ocrx_word' id='word_1_94' title='bbox 940 1227 1114 1293; x_wconf 65' lang='lat' dir='ltr'><strong>lineae,</strong></span> <span class='ocrx_word' id='word_1_95' title='bbox 1149 1241 1267 1297; x_wconf 84' lang='lat' dir='ltr'><strong>quae</strong></span> <span class='ocrx_word' id='word_1_96' title='bbox 1295 1225 1356 1278; x_wconf 87' lang='grc' dir='ltr'><strong>Β.</strong></span> <span class='ocrx_word' id='word_1_97' title='bbox 1389 1234 1444 1280; x_wconf 87' lang='grc' dir='ltr'><strong>ει</strong></span> <span class='ocrx_word' id='word_1_98' title='bbox 1482 1224 1542 1280; x_wconf 92' lang='lat' dir='ltr'><strong>C.</strong></span> <span class='ocrx_word' id='word_1_99' title='bbox 1588 1224 1846 1278; x_wconf 86' lang='lat' dir='ltr'><strong>notantur</strong></span> <span class='ocrx_word' id='word_1_100' title='bbox 1874 1222 1926 1277; x_wconf 85' lang='lat' dir='ltr'><strong>in</strong></span> <span class='ocrx_word' id='word_1_101' title='bbox 1954 1222 2114 1276; x_wconf 85' lang='lat' dir='ltr'><strong>chro-</strong></span> 
     </span>
    </p>
   </div>
   <div class='ocr_carea' id='block_1_14' title="bbox 522 1312 2116 1386">
    <p class='ocr_par' dir='ltr' id='par_1_14' title="bbox 522 1312 2116 1386">
     <span class='ocr_line' id='line_1_14' title="bbox 522 1312 2116 1386; baseline -0.008 -11"><span class='ocrx_word' id='word_1_102' title='bbox 522 1320 782 1375; x_wconf 90' lang='lat' dir='ltr'><strong>maticum</strong></span> <span class='ocrx_word' id='word_1_103' title='bbox 812 1320 1100 1381; x_wconf 78' lang='lat' dir='ltr'><strong>ducantur,</strong></span> <span class='ocrx_word' id='word_1_104' title='bbox 1133 1325 1187 1371; x_wconf 91' lang='lat' dir='ltr'><strong>et</strong></span> <span class='ocrx_word' id='word_1_105' title='bbox 1213 1316 1445 1386; x_wconf 87' lang='lat' dir='ltr'><strong>spatium</strong></span> <span class='ocrx_word' id='word_1_106' title='bbox 1480 1314 1620 1369; x_wconf 88' lang='lat' dir='ltr'><strong>inter</strong></span> <span class='ocrx_word' id='word_1_107' title='bbox 1648 1315 1712 1367; x_wconf 93' lang='lat' dir='ltr'><strong>D.</strong></span> <span class='ocrx_word' id='word_1_108' title='bbox 1760 1322 1815 1367; x_wconf 90' lang='lat' dir='ltr'><strong>et</strong></span> <span class='ocrx_word' id='word_1_109' title='bbox 1844 1313 1904 1366; x_wconf 87' lang='lat' dir='ltr'><strong>E.</strong></span> <span class='ocrx_word' id='word_1_110' title='bbox 1931 1312 2116 1382; x_wconf 88' lang='lat' dir='ltr'><strong>bipar-</strong></span> 
     </span>
    </p>
   </div>
   <div class='ocr_carea' id='block_1_15' title="bbox 524 1403 2114 1473">
    <p class='ocr_par' dir='ltr' id='par_1_15' title="bbox 524 1403 2114 1473">
     <span class='ocr_line' id='line_1_15' title="bbox 524 1403 2114 1473; baseline -0.005 -8"><span class='ocrx_word' id='word_1_111' title='bbox 524 1412 693 1465; x_wconf 89' lang='lat' dir='ltr'><strong>tiatur</strong></span> <span class='ocrx_word' id='word_1_112' title='bbox 717 1428 730 1464; x_wconf 93' lang='lat'><strong>:</strong></span> <span class='ocrx_word' id='word_1_113' title='bbox 757 1420 811 1465; x_wconf 89' lang='lat' dir='ltr'><strong>et</strong></span> <span class='ocrx_word' id='word_1_114' title='bbox 842 1420 985 1464; x_wconf 90' lang='lat' dir='ltr'><strong>retro</strong></span> <span class='ocrx_word' id='word_1_115' title='bbox 1018 1408 1158 1463; x_wconf 90' lang='lat' dir='ltr'><strong>inter</strong></span> <span class='ocrx_word' id='word_1_116' title='bbox 1185 1408 1246 1461; x_wconf 93' lang='lat' dir='ltr'><strong>D.</strong></span> <span class='ocrx_word' id='word_1_117' title='bbox 1273 1416 1324 1461; x_wconf 90' lang='lat' dir='ltr'><strong>el</strong></span> <span class='ocrx_word' id='word_1_118' title='bbox 1346 1407 1405 1463; x_wconf 92' lang='lat' dir='ltr'><strong>C.</strong></span> <span class='ocrx_word' id='word_1_119' title='bbox 1432 1407 1717 1462; x_wconf 88' lang='lat' dir='ltr'><strong>medietate</strong></span> <span class='ocrx_word' id='word_1_120' title='bbox 1744 1404 1937 1473; x_wconf 86' lang='lat' dir='ltr'><strong>posita,</strong></span> <span class='ocrx_word' id='word_1_121' title='bbox 1975 1403 2114 1458; x_wconf 90' lang='lat' dir='ltr'><strong>linea</strong></span> 
     </span>
    </p>
   </div>
   <div class='ocr_carea' id='block_1_16' title="bbox 526 1494 2114 1563">
    <p class='ocr_par' dir='ltr' id='par_1_16' title="bbox 526 1494 2114 1563">
     <span class='ocr_line' id='line_1_16' title="bbox 526 1494 2114 1563; baseline -0.006 -7"><span class='ocrx_word' id='word_1_122' title='bbox 526 1502 775 1556; x_wconf 85' lang='lat' dir='ltr'><strong>ducatur.</strong></span> <span class='ocrx_word' id='word_1_123' title='bbox 828 1499 951 1554; x_wconf 84' lang='lat' dir='ltr'><strong>Pari</strong></span> <span class='ocrx_word' id='word_1_124' title='bbox 1006 1499 1163 1553; x_wconf 89' lang='lat' dir='ltr'><strong>modo</strong></span> <span class='ocrx_word' id='word_1_125' title='bbox 1210 1497 1271 1552; x_wconf 84' lang='grc' dir='ltr'><strong>Ε.</strong></span> <span class='ocrx_word' id='word_1_126' title='bbox 1314 1507 1367 1552; x_wconf 87' lang='grc' dir='ltr'><strong>ει</strong></span> <span class='ocrx_word' id='word_1_127' title='bbox 1405 1496 1463 1550; x_wconf 89' lang='lat' dir='ltr'><strong>F.</strong></span> <span class='ocrx_word' id='word_1_128' title='bbox 1497 1497 1784 1560; x_wconf 85' lang='lat' dir='ltr'><strong>ducantur,</strong></span> <span class='ocrx_word' id='word_1_129' title='bbox 1829 1503 1883 1549; x_wconf 90' lang='lat' dir='ltr'><strong>et</strong></span> <span class='ocrx_word' id='word_1_130' title='bbox 1931 1494 2114 1563; x_wconf 84' lang='lat' dir='ltr'><strong>spatii,</strong></span> 
     </span>
    </p>
   </div>
   <div class='ocr_carea' id='block_1_17' title="bbox 526 1584 2119 1663">
    <p class='ocr_par' dir='ltr' id='par_1_17' title="bbox 526 1584 2119 1663">
     <span class='ocr_line' id='line_1_17' title="bbox 526 1584 2119 1663; baseline -0.006 -14"><span class='ocrx_word' id='word_1_131' title='bbox 526 1594 668 1663; x_wconf 87' lang='lat' dir='ltr'><strong>quod</strong></span> <span class='ocrx_word' id='word_1_132' title='bbox 696 1603 778 1649; x_wconf 87' lang='lat' dir='ltr'><strong>est</strong></span> <span class='ocrx_word' id='word_1_133' title='bbox 802 1594 944 1647; x_wconf 89' lang='lat' dir='ltr'><strong>inter</strong></span> <span class='ocrx_word' id='word_1_134' title='bbox 971 1591 1035 1647; x_wconf 93' lang='grc' dir='ltr'><strong>Ο.</strong></span> <span class='ocrx_word' id='word_1_135' title='bbox 1064 1600 1117 1646; x_wconf 87' lang='grc' dir='ltr'><strong>ει</strong></span> <span class='ocrx_word' id='word_1_136' title='bbox 1142 1590 1205 1644; x_wconf 80' lang='lat' dir='ltr'><strong>ll.</strong></span> <span class='ocrx_word' id='word_1_137' title='bbox 1237 1590 1524 1645; x_wconf 84' lang='lat' dir='ltr'><strong>medietate</strong></span> <span class='ocrx_word' id='word_1_138' title='bbox 1579 1598 1741 1652; x_wconf 88' lang='lat' dir='ltr'><strong>retro,</strong></span> <span class='ocrx_word' id='word_1_139' title='bbox 1781 1588 1929 1641; x_wconf 40' lang='lat' dir='ltr'><strong>inter.</strong></span> <span class='ocrx_word' id='word_1_140' title='bbox 1969 1584 2033 1640; x_wconf 90' lang='lat' dir='ltr'><strong>G.</strong></span> <span class='ocrx_word' id='word_1_141' title='bbox 2065 1592 2119 1640; x_wconf 87' lang='lat' dir='ltr'><strong>et</strong></span> 
     </span>
    </p>
   </div>
   <div class='ocr_carea' id='block_1_18' title="bbox 526 1678 2116 1743">
    <p class='ocr_par' dir='ltr' id='par_1_18' title="bbox 526 1678 2116 1743">
     <span class='ocr_line' id='line_1_18' title="bbox 526 1678 2116 1743; baseline -0.007 -1"><span class='ocrx_word' id='word_1_142' title='bbox 526 1688 590 1743; x_wconf 90' lang='lat' dir='ltr'><strong>F.</strong></span> <span class='ocrx_word' id='word_1_143' title='bbox 629 1688 752 1741; x_wconf 89' lang='lat' dir='ltr'><strong>data</strong></span> <span class='ocrx_word' id='word_1_144' title='bbox 799 1686 938 1741; x_wconf 89' lang='lat' dir='ltr'><strong>linea</strong></span> <span class='ocrx_word' id='word_1_145' title='bbox 989 1687 1253 1740; x_wconf 84' lang='lat' dir='ltr'><strong>trahatur.</strong></span> <span class='ocrx_word' id='word_1_146' title='bbox 1310 1683 1441 1739; x_wconf 89' lang='lat' dir='ltr'><strong>Post</strong></span> <span class='ocrx_word' id='word_1_147' title='bbox 1488 1681 1554 1735; x_wconf 90' lang='grc'><strong>11.</strong></span> <span class='ocrx_word' id='word_1_148' title='bbox 1605 1690 1659 1735; x_wconf 90' lang='grc' dir='ltr'><strong>ει</strong></span> <span class='ocrx_word' id='word_1_149' title='bbox 1689 1680 1730 1734; x_wconf 94' lang='grc'><strong>1.</strong></span> <span class='ocrx_word' id='word_1_150' title='bbox 1775 1687 1828 1733; x_wconf 88' lang='grc' dir='ltr'><strong>ει</strong></span> <span class='ocrx_word' id='word_1_151' title='bbox 1858 1678 1919 1732; x_wconf 93' lang='lat' dir='ltr'><strong>L.</strong></span> <span class='ocrx_word' id='word_1_152' title='bbox 1972 1687 2028 1732; x_wconf 92' lang='lat' dir='ltr'><strong>ut</strong></span> <span class='ocrx_word' id='word_1_153' title='bbox 2063 1678 2116 1732; x_wconf 93' lang='lat' dir='ltr'><strong>ln</strong></span> 
     </span>
    </p>
   </div>
   <div class='ocr_carea' id='block_1_19' title="bbox 2212 495 3722 571">
    <p class='ocr_par' dir='ltr' id='par_1_19' title="bbox 2212 495 3722 571">
     <span class='ocr_line' id='line_1_19' title="bbox 2212 495 3722 571; baseline -0.002 -15"><span class='ocrx_word' id='word_1_154' title='bbox 2212 500 2591 571; x_wconf 81' lang='lat' dir='ltr'><strong>imperfectum</strong></span> <span class='ocrx_word' id='word_1_155' title='bbox 2637 497 2846 569; x_wconf 89' lang='lat' dir='ltr'><strong>dicunt)</strong></span> <span class='ocrx_word' id='word_1_156' title='bbox 2895 504 2949 552; x_wconf 91' lang='lat' dir='ltr'><strong>et</strong></span> <span class='ocrx_word' id='word_1_157' title='bbox 2995 495 3211 551; x_wconf 91' lang='lat' dir='ltr'><strong>duobus</strong></span> <span class='ocrx_word' id='word_1_158' title='bbox 3260 503 3404 549; x_wconf 80' lang='lat' dir='ltr'><strong>tonis</strong></span> <span class='ocrx_word' id='word_1_159' title='bbox 3452 496 3722 566; x_wconf 72' lang='lat' dir='ltr'><strong>complentur.</strong></span> 
     </span>
    </p>
   </div>
   <div class='ocr_carea' id='block_1_20' title="bbox 2211 586 3725 663">
    <p class='ocr_par' dir='ltr' id='par_1_20' title="bbox 2211 586 3725 663">
     <span class='ocr_line' id='line_1_20' title="bbox 2211 586 3725 663; baseline -0.003 -17"><span class='ocrx_word' id='word_1_160' title='bbox 2211 591 2423 646; x_wconf 91' lang='lat' dir='ltr'><strong>Tonum</strong></span> <span class='ocrx_word' id='word_1_161' title='bbox 2457 604 2587 645; x_wconf 87' lang='lat' dir='ltr'><strong>vero</strong></span> <span class='ocrx_word' id='word_1_162' title='bbox 2616 589 2849 644; x_wconf 88' lang='lat' dir='ltr'><strong>dicimus</strong></span> <span class='ocrx_word' id='word_1_163' title='bbox 2889 586 3335 656; x_wconf 86' lang='lat' dir='ltr'><strong>sesquioctavam</strong></span> <span class='ocrx_word' id='word_1_164' title='bbox 3383 589 3725 663; x_wconf 67' lang='lat' dir='ltr'><strong>proportionem,</strong></span> 
     </span>
    </p>
   </div>
   <div class='ocr_carea' id='block_1_21' title="bbox 2211 677 3727 754">
    <p class='ocr_par' dir='ltr' id='par_1_21' title="bbox 2211 677 3727 754">
     <span class='ocr_line' id='line_1_21' title="bbox 2211 677 3727 754; baseline -0.004 -16"><span class='ocrx_word' id='word_1_165' title='bbox 2211 698 2372 754; x_wconf 91' lang='lat' dir='ltr'><strong>quem</strong></span> <span class='ocrx_word' id='word_1_166' title='bbox 2402 682 2565 737; x_wconf 90' lang='lat' dir='ltr'><strong>etiam</strong></span> <span class='ocrx_word' id='word_1_167' title='bbox 2621 681 2922 752; x_wconf 81' lang='lat' dir='ltr'><strong>epngdoum</strong></span> <span class='ocrx_word' id='word_1_168' title='bbox 2971 688 3189 735; x_wconf 87' lang='lat' dir='ltr'><strong>vocant.</strong></span> <span class='ocrx_word' id='word_1_169' title='bbox 3234 677 3373 731; x_wconf 79' lang='lat' dir='ltr'><strong>Nam</strong></span> <span class='ocrx_word' id='word_1_170' title='bbox 3402 678 3501 732; x_wconf 89' lang='lat' dir='ltr'><strong>sia</strong></span> <span class='ocrx_word' id='word_1_171' title='bbox 3534 678 3588 733; x_wconf 78' lang='grc' dir='ltr'><strong>τ.</strong></span> <span class='ocrx_word' id='word_1_172' title='bbox 3616 695 3727 751; x_wconf 64' lang='lat' dir='ltr'><strong>usque</strong></span> 
     </span>
    </p>
   </div>
   <div class='ocr_carea' id='block_1_22' title="bbox 2212 765 3728 843">
    <p class='ocr_par' dir='ltr' id='par_1_22' title="bbox 2212 765 3728 843">
     <span class='ocr_line' id='line_1_22' title="bbox 2212 765 3728 843; baseline -0.003 -13"><span class='ocrx_word' id='word_1_173' title='bbox 2212 775 2279 830; x_wconf 85' lang='lat' dir='ltr'><strong>ad</strong></span> <span class='ocrx_word' id='word_1_174' title='bbox 2323 776 2380 829; x_wconf 89' lang='grc'><strong>8.</strong></span> <span class='ocrx_word' id='word_1_175' title='bbox 2410 775 2463 829; x_wconf 91' lang='lat' dir='ltr'><strong>in</strong></span> <span class='ocrx_word' id='word_1_176' title='bbox 2507 770 2630 830; x_wconf 78' lang='lat' dir='ltr'><strong>dcto</strong></span> <span class='ocrx_word' id='word_1_177' title='bbox 2685 765 2963 843; x_wconf 85' lang='lat' dir='ltr'><strong>partiaris,</strong></span> <span class='ocrx_word' id='word_1_178' title='bbox 3020 780 3075 827; x_wconf 90' lang='lat' dir='ltr'><strong>et</strong></span> <span class='ocrx_word' id='word_1_179' title='bbox 3124 787 3335 826; x_wconf 85' lang='lat' dir='ltr'><strong>nonam</strong></span> <span class='ocrx_word' id='word_1_180' title='bbox 3383 771 3728 840; x_wconf 76' lang='lat' dir='ltr'><strong>superadjiceris.</strong></span> 
     </span>
    </p>
   </div>
   <div class='ocr_carea' id='block_1_23' title="bbox 2215 856 3733 929">
    <p class='ocr_par' dir='ltr' id='par_1_23' title="bbox 2215 856 3733 929">
     <span class='ocr_line' id='line_1_23' title="bbox 2215 856 3733 929; baseline -0.001 -10"><span class='ocrx_word' id='word_1_181' title='bbox 2215 868 2399 921; x_wconf 90' lang='lat' dir='ltr'><strong>tonum</strong></span> <span class='ocrx_word' id='word_1_182' title='bbox 2445 866 2587 920; x_wconf 91' lang='lat' dir='ltr'><strong>inter</strong></span> <span class='ocrx_word' id='word_1_183' title='bbox 2638 864 2695 920; x_wconf 87' lang='lat' dir='ltr'><strong>S.</strong></span> <span class='ocrx_word' id='word_1_184' title='bbox 2738 874 2792 920; x_wconf 90' lang='lat' dir='ltr'><strong>et</strong></span> <span class='ocrx_word' id='word_1_185' title='bbox 2841 860 2907 918; x_wconf 74' lang='grc' dir='ltr'><strong>Β.</strong></span> <span class='ocrx_word' id='word_1_186' title='bbox 2958 872 3010 919; x_wconf 89' lang='grc' dir='ltr'><strong>ιε</strong></span> <span class='ocrx_word' id='word_1_187' title='bbox 3061 863 3350 917; x_wconf 78' lang='lat' dir='ltr'><strong>invenisse</strong></span> <span class='ocrx_word' id='word_1_188' title='bbox 3378 856 3567 915; x_wconf 81' lang='lat' dir='ltr'><strong>videbis</strong></span> <span class='ocrx_word' id='word_1_189' title='bbox 3593 867 3733 929; x_wconf 59' lang='lat' dir='ltr'><strong>:etsa</strong></span> 
     </span>
    </p>
   </div>
   <div class='ocr_carea' id='block_1_24' title="bbox 2213 946 3733 1027">
    <p class='ocr_par' dir='ltr' id='par_1_24' title="bbox 2213 946 3733 1027">
     <span class='ocr_line' id='line_1_24' title="bbox 2213 946 3733 1027; baseline -0.002 -17"><span class='ocrx_word' id='word_1_190' title='bbox 2213 953 2445 1027; x_wconf 75' lang='lat' dir='ltr'><strong>spatium</strong></span> <span class='ocrx_word' id='word_1_191' title='bbox 2492 971 2523 1009; x_wconf 90' lang='lat' dir='ltr'><strong>a</strong></span> <span class='ocrx_word' id='word_1_192' title='bbox 2579 951 2642 1010; x_wconf 92' lang='lat' dir='ltr'><strong>T.</strong></span> <span class='ocrx_word' id='word_1_193' title='bbox 2675 970 2849 1024; x_wconf 89' lang='lat' dir='ltr'><strong>usque</strong></span> <span class='ocrx_word' id='word_1_194' title='bbox 2886 955 2953 1009; x_wconf 90' lang='lat' dir='ltr'><strong>ad</strong></span> <span class='ocrx_word' id='word_1_195' title='bbox 2989 946 3056 1008; x_wconf 74' lang='grc' dir='ltr'><strong>Β.</strong></span> <span class='ocrx_word' id='word_1_196' title='bbox 3109 950 3463 1007; x_wconf 89' lang='lat' dir='ltr'><strong>intervallum</strong></span> <span class='ocrx_word' id='word_1_197' title='bbox 3492 967 3519 1005; x_wconf 88' lang='lat' dir='ltr'><strong>a</strong></span> <span class='ocrx_word' id='word_1_198' title='bbox 3544 949 3597 1006; x_wconf 83' lang='grc' dir='ltr'><strong>Τ.</strong></span> <span class='ocrx_word' id='word_1_199' title='bbox 3622 969 3733 1023; x_wconf 71' lang='lat' dir='ltr'><strong>usque</strong></span> 
     </span>
    </p>
   </div>
   <div class='ocr_carea' id='block_1_25' title="bbox 2214 1041 3733 1117">
    <p class='ocr_par' dir='ltr' id='par_1_25' title="bbox 2214 1041 3733 1117">
     <span class='ocr_line' id='line_1_25' title="bbox 2214 1041 3733 1117; baseline -0.003 -14"><span class='ocrx_word' id='word_1_200' title='bbox 2214 1048 2280 1103; x_wconf 87' lang='lat' dir='ltr'><strong>ad</strong></span> <span class='ocrx_word' id='word_1_201' title='bbox 2312 1048 2370 1103; x_wconf 91' lang='lat' dir='ltr'><strong>S.</strong></span> <span class='ocrx_word' id='word_1_202' title='bbox 2406 1055 2594 1113; x_wconf 78' lang='lat' dir='ltr'><strong>totum,</strong></span> <span class='ocrx_word' id='word_1_203' title='bbox 2622 1056 2676 1103; x_wconf 90' lang='lat' dir='ltr'><strong>et</strong></span> <span class='ocrx_word' id='word_1_204' title='bbox 2705 1044 2926 1117; x_wconf 82' lang='lat' dir='ltr'><strong>insuper</strong></span> <span class='ocrx_word' id='word_1_205' title='bbox 2954 1041 3067 1115; x_wconf 84' lang='lat' dir='ltr'><strong>ejus</strong></span> <span class='ocrx_word' id='word_1_206' title='bbox 3102 1055 3369 1101; x_wconf 81' lang='lat' dir='ltr'><strong>octavam</strong></span> <span class='ocrx_word' id='word_1_207' title='bbox 3397 1044 3679 1099; x_wconf 81' lang='lat' dir='ltr'><strong>continebit:</strong></span> <span class='ocrx_word' id='word_1_208' title='bbox 3699 1057 3733 1099; x_wconf 79' lang='lat' dir='ltr'><strong>ut</strong></span> 
     </span>
    </p>
   </div>
   <div class='ocr_carea' id='block_1_26' title="bbox 2214 1134 3733 1206">
    <p class='ocr_par' dir='ltr' id='par_1_26' title="bbox 2214 1134 3733 1206">
     <span class='ocr_line' id='line_1_26' title="bbox 2214 1134 3733 1206; baseline -0.003 -11"><span class='ocrx_word' id='word_1_209' title='bbox 2214 1139 2262 1195; x_wconf 89' lang='lat' dir='ltr'><strong>si</strong></span> <span class='ocrx_word' id='word_1_210' title='bbox 2305 1154 2496 1195; x_wconf 90' lang='lat' dir='ltr'><strong>novem</strong></span> <span class='ocrx_word' id='word_1_211' title='bbox 2548 1137 2827 1194; x_wconf 89' lang='lat' dir='ltr'><strong>octonario</strong></span> <span class='ocrx_word' id='word_1_212' title='bbox 2867 1134 3183 1202; x_wconf 77' lang='lat' dir='ltr'><strong>contuleris,</strong></span> <span class='ocrx_word' id='word_1_213' title='bbox 3236 1140 3367 1192; x_wconf 88' lang='lat' dir='ltr'><strong>eum</strong></span> <span class='ocrx_word' id='word_1_214' title='bbox 3410 1143 3567 1191; x_wconf 87' lang='lat' dir='ltr'><strong>totum</strong></span> <span class='ocrx_word' id='word_1_215' title='bbox 3598 1139 3733 1206; x_wconf 67' lang='lat' dir='ltr'><strong>eteius</strong></span> 
     </span>
    </p>
   </div>
   <div class='ocr_carea' id='block_1_27' title="bbox 2216 1218 3735 1297">
    <p class='ocr_par' dir='ltr' id='par_1_27' title="bbox 2216 1218 3735 1297">
     <span class='ocr_line' id='line_1_27' title="bbox 2216 1218 3735 1297; baseline -0.003 -10"><span class='ocrx_word' id='word_1_216' title='bbox 2216 1234 2457 1287; x_wconf 89' lang='lat' dir='ltr'><strong>continet</strong></span> <span class='ocrx_word' id='word_1_217' title='bbox 2482 1240 2751 1297; x_wconf 86' lang='lat' dir='ltr'><strong>octavam,</strong></span> <span class='ocrx_word' id='word_1_218' title='bbox 2794 1218 3043 1286; x_wconf 81' lang='lat' dir='ltr'><strong>videlicet</strong></span> <span class='ocrx_word' id='word_1_219' title='bbox 3078 1232 3381 1285; x_wconf 88' lang='lat' dir='ltr'><strong>unitatem.</strong></span> <span class='ocrx_word' id='word_1_220' title='bbox 3415 1228 3501 1283; x_wconf 85' lang='lat' dir='ltr'><strong>Sic</strong></span> <span class='ocrx_word' id='word_1_221' title='bbox 3549 1238 3681 1291; x_wconf 81' lang='lat' dir='ltr'><strong>tonus,</strong></span> <span class='ocrx_word' id='word_1_222' title='bbox 3698 1241 3735 1282; x_wconf 82' lang='lat' dir='ltr'><strong>nt</strong></span> 
     </span>
    </p>
   </div>
   <div class='ocr_carea' id='block_1_28' title="bbox 2218 1308 3734 1391">
    <p class='ocr_par' dir='ltr' id='par_1_28' title="bbox 2218 1308 3734 1391">
     <span class='ocr_line' id='line_1_28' title="bbox 2218 1308 3734 1391; baseline -0.004 -14"><span class='ocrx_word' id='word_1_223' title='bbox 2218 1322 2537 1391; x_wconf 88' lang='lat' dir='ltr'><strong>simpliciter</strong></span> <span class='ocrx_word' id='word_1_224' title='bbox 2573 1330 2628 1376; x_wconf 92' lang='lat' dir='ltr'><strong>et</strong></span> <span class='ocrx_word' id='word_1_225' title='bbox 2654 1312 2892 1376; x_wconf 87' lang='lat' dir='ltr'><strong>breviter</strong></span> <span class='ocrx_word' id='word_1_226' title='bbox 2921 1321 3296 1384; x_wconf 84' lang='lat' dir='ltr'><strong>describatur,</strong></span> <span class='ocrx_word' id='word_1_227' title='bbox 3347 1318 3399 1373; x_wconf 88' lang='lat' dir='ltr'><strong>in</strong></span> <span class='ocrx_word' id='word_1_228' title='bbox 3447 1308 3734 1388; x_wconf 73' lang='lat' dir='ltr'><strong>sesquiocun</strong></span> 
     </span>
    </p>
   </div>
   <div class='ocr_carea' id='block_1_29' title="bbox 2218 1410 3738 1483">
    <p class='ocr_par' dir='ltr' id='par_1_29' title="bbox 2218 1410 3738 1483">
     <span class='ocr_line' id='line_1_29' title="bbox 2218 1410 3738 1483; baseline -0.002 -17"><span class='ocrx_word' id='word_1_229' title='bbox 2218 1412 2569 1483; x_wconf 86' lang='lat' dir='ltr'><strong>proportione</strong></span> <span class='ocrx_word' id='word_1_230' title='bbox 2622 1412 2913 1467; x_wconf 84' lang='lat' dir='ltr'><strong>invenitur.</strong></span> <span class='ocrx_word' id='word_1_231' title='bbox 2973 1412 3356 1467; x_wconf 87' lang='lat' dir='ltr'><strong>Tetrachorda</strong></span> <span class='ocrx_word' id='word_1_232' title='bbox 3401 1410 3553 1479; x_wconf 80' lang='lat' dir='ltr'><strong>igitur</strong></span> <span class='ocrx_word' id='word_1_233' title='bbox 3598 1410 3738 1463; x_wconf 71' lang='lat' dir='ltr'><strong>duolxs</strong></span> 
     </span>
    </p>
   </div>
   <div class='ocr_carea' id='block_1_30' title="bbox 2220 1497 3735 1574">
    <p class='ocr_par' dir='ltr' id='par_1_30' title="bbox 2220 1497 3735 1574">
     <span class='ocr_line' id='line_1_30' title="bbox 2220 1497 3735 1574; baseline -0.005 -16"><span class='ocrx_word' id='word_1_234' title='bbox 2220 1506 2363 1559; x_wconf 87' lang='lat' dir='ltr'><strong>tonis</strong></span> <span class='ocrx_word' id='word_1_235' title='bbox 2392 1497 2447 1560; x_wconf 86' lang='grc' dir='ltr'><strong>εἰ</strong></span> <span class='ocrx_word' id='word_1_236' title='bbox 2483 1503 2770 1560; x_wconf 89' lang='lat' dir='ltr'><strong>semitonio</strong></span> <span class='ocrx_word' id='word_1_237' title='bbox 2811 1500 3182 1574; x_wconf 87' lang='lat' dir='ltr'><strong>complentur;</strong></span> <span class='ocrx_word' id='word_1_238' title='bbox 3232 1512 3290 1556; x_wconf 89' lang='lat' dir='ltr'><strong>et</strong></span> <span class='ocrx_word' id='word_1_239' title='bbox 3338 1499 3465 1555; x_wconf 89' lang='lat' dir='ltr'><strong>inde</strong></span> <span class='ocrx_word' id='word_1_240' title='bbox 3500 1500 3735 1554; x_wconf 71' lang='lat' dir='ltr'><strong>vocabulum</strong></span> 
     </span>
    </p>
   </div>
   <div class='ocr_carea' id='block_1_31' title="bbox 2221 1592 3737 1666">
    <p class='ocr_par' dir='ltr' id='par_1_31' title="bbox 2221 1592 3737 1666">
     <span class='ocr_line' id='line_1_31' title="bbox 2221 1592 3737 1666; baseline -0.005 -15"><span class='ocrx_word' id='word_1_241' title='bbox 2221 1598 2464 1663; x_wconf 83' lang='lat' dir='ltr'><strong>trahunt,</strong></span> <span class='ocrx_word' id='word_1_242' title='bbox 2492 1596 2633 1666; x_wconf 89' lang='lat' dir='ltr'><strong>quod</strong></span> <span class='ocrx_word' id='word_1_243' title='bbox 2658 1595 2758 1652; x_wconf 89' lang='lat' dir='ltr'><strong>sub</strong></span> <span class='ocrx_word' id='word_1_244' title='bbox 2786 1604 3021 1666; x_wconf 90' lang='lat' dir='ltr'><strong>quatuor</strong></span> <span class='ocrx_word' id='word_1_245' title='bbox 3052 1595 3242 1650; x_wconf 81' lang='lat' dir='ltr'><strong>nervis</strong></span> <span class='ocrx_word' id='word_1_246' title='bbox 3278 1592 3370 1647; x_wconf 81' lang='lat' dir='ltr'><strong>vel</strong></span> <span class='ocrx_word' id='word_1_247' title='bbox 3400 1593 3587 1648; x_wconf 84' lang='lat' dir='ltr'><strong>voculis</strong></span> <span class='ocrx_word' id='word_1_248' title='bbox 3609 1592 3737 1646; x_wconf 63' lang='grc' dir='ltr'><strong>’ωηιξ-</strong></span> 
     </span>
    </p>
   </div>
   <div class='ocr_carea' id='block_1_32' title="bbox 2221 1683 3739 1758">
    <p class='ocr_par' dir='ltr' id='par_1_32' title="bbox 2221 1683 3739 1758">
     <span class='ocr_line' id='line_1_32' title="bbox 2221 1683 3739 1758; baseline -0.005 -15"><span class='ocrx_word' id='word_1_249' title='bbox 2221 1697 2437 1743; x_wconf 84' lang='lat' dir='ltr'><strong>nentur.</strong></span> <span class='ocrx_word' id='word_1_250' title='bbox 2463 1689 2699 1754; x_wconf 76' lang='lat' dir='ltr'><strong>Quorum</strong></span> <span class='ocrx_word' id='word_1_251' title='bbox 2727 1687 2961 1758; x_wconf 83' lang='lat' dir='ltr'><strong>primunt</strong></span> <span class='ocrx_word' id='word_1_252' title='bbox 2992 1695 3071 1741; x_wconf 86' lang='lat' dir='ltr'><strong>est</strong></span> <span class='ocrx_word' id='word_1_253' title='bbox 3095 1686 3137 1740; x_wconf 86' lang='lat' dir='ltr'><strong>B</strong></span> <span class='ocrx_word' id='word_1_254' title='bbox 3160 1686 3206 1740; x_wconf 75' lang='grc' dir='ltr'>Ο</span> <span class='ocrx_word' id='word_1_255' title='bbox 3232 1684 3281 1738; x_wconf 92' lang='lat' dir='ltr'><strong>D</strong></span> <span class='ocrx_word' id='word_1_256' title='bbox 3309 1683 3373 1738; x_wconf 88' lang='grc' dir='ltr'><strong>Ε.</strong></span> <span class='ocrx_word' id='word_1_257' title='bbox 3404 1684 3536 1754; x_wconf 90' lang='lat' dir='ltr'><strong>quod</strong></span> <span class='ocrx_word' id='word_1_258' title='bbox 3556 1684 3739 1754; x_wconf 76' lang='lat' dir='ltr'><strong>hypaton,</strong></span> 
     </span>
    </p>
   </div>
   <div class='ocr_carea' id='block_1_33' title="bbox 528 1756 3741 1848">
    <p class='ocr_par' dir='ltr' id='par_1_33' title="bbox 528 1756 3741 1848">
     <span class='ocr_line' id='line_1_33' title="bbox 528 1756 3741 1848; baseline -0.001 -15"><span class='ocrx_word' id='word_1_259' title='bbox 528 1778 822 1844; x_wconf 90' lang='lat' dir='ltr'><strong>diatonico,</strong></span> <span class='ocrx_word' id='word_1_260' title='bbox 864 1779 941 1833; x_wconf 83' lang='lat' dir='ltr'><strong>sic</strong></span> <span class='ocrx_word' id='word_1_261' title='bbox 971 1786 1025 1833; x_wconf 90' lang='lat' dir='ltr'><strong>et</strong></span> <span class='ocrx_word' id='word_1_262' title='bbox 1051 1778 1103 1831; x_wconf 94' lang='lat' dir='ltr'><strong>in</strong></span> <span class='ocrx_word' id='word_1_263' title='bbox 1129 1778 1230 1830; x_wconf 89' lang='lat' dir='ltr'><strong>isto</strong></span> <span class='ocrx_word' id='word_1_264' title='bbox 1258 1776 1525 1829; x_wconf 89' lang='lat' dir='ltr'><strong>ducatur:</strong></span> <span class='ocrx_word' id='word_1_265' title='bbox 1563 1782 1617 1827; x_wconf 91' lang='lat' dir='ltr'><strong>et</strong></span> <span class='ocrx_word' id='word_1_266' title='bbox 1644 1773 1711 1827; x_wconf 89' lang='lat' dir='ltr'><strong>ab</strong></span> <span class='ocrx_word' id='word_1_267' title='bbox 1743 1770 2003 1840; x_wconf 84' lang='lat' dir='ltr'><strong>H.usquc</strong></span> <span class='ocrx_word' id='word_1_268' title='bbox 2052 1771 2119 1825; x_wconf 88' lang='lat' dir='ltr'><strong>ad</strong></span> <span class='ocrx_word' id='word_1_269' title='bbox 2152 1756 2275 1834; x_wconf 75' lang='grc' dir='ltr'><strong>ΒΜ</strong></span> <span class='ocrx_word' id='word_1_270' title='bbox 2332 1787 2449 1844; x_wconf 84' lang='lat' dir='ltr'><strong>est,</strong></span> <span class='ocrx_word' id='word_1_271' title='bbox 2505 1756 2805 1848; x_wconf 83' lang='lat' dir='ltr'><strong>principale</strong></span> <span class='ocrx_word' id='word_1_272' title='bbox 2862 1776 3090 1843; x_wconf 90' lang='lat' dir='ltr'><strong>dicitur,</strong></span> <span class='ocrx_word' id='word_1_273' title='bbox 3145 1776 3303 1847; x_wconf 89' lang='lat' dir='ltr'><strong>quod</strong></span> <span class='ocrx_word' id='word_1_274' title='bbox 3362 1776 3584 1845; x_wconf 86' lang='lat' dir='ltr'><strong>primum</strong></span> <span class='ocrx_word' id='word_1_275' title='bbox 3626 1774 3741 1828; x_wconf 75' lang='lat' dir='ltr'><strong>locant</strong></span> 
     </span>
    </p>
   </div>
   <div class='ocr_carea' id='block_1_34' title="bbox 526 1864 2120 1933">
    <p class='ocr_par' dir='ltr' id='par_1_34' title="bbox 526 1864 2120 1933">
     <span class='ocr_line' id='line_1_34' title="bbox 526 1864 2120 1933; baseline -0.009 -2"><span class='ocrx_word' id='word_1_276' title='bbox 526 1877 570 1931; x_wconf 89' lang='grc'><strong>1.</strong></span> <span class='ocrx_word' id='word_1_277' title='bbox 604 1876 745 1931; x_wconf 90' lang='lat' dir='ltr'><strong>linea</strong></span> <span class='ocrx_word' id='word_1_278' title='bbox 794 1873 1075 1930; x_wconf 87' lang='lat' dir='ltr'><strong>divisionis</strong></span> <span class='ocrx_word' id='word_1_279' title='bbox 1124 1873 1366 1933; x_wconf 89' lang='lat' dir='ltr'><strong>ducatur,</strong></span> <span class='ocrx_word' id='word_1_280' title='bbox 1416 1878 1469 1925; x_wconf 89' lang='lat' dir='ltr'><strong>et</strong></span> <span class='ocrx_word' id='word_1_281' title='bbox 1491 1869 1679 1925; x_wconf 82' lang='lat' dir='ltr'><strong>subtus</strong></span> <span class='ocrx_word' id='word_1_282' title='bbox 1711 1866 1781 1919; x_wconf 85' lang='grc' dir='ltr'><strong>Μ.</strong></span> <span class='ocrx_word' id='word_1_283' title='bbox 1814 1875 1867 1919; x_wconf 88' lang='lat' dir='ltr'><strong>et</strong></span> <span class='ocrx_word' id='word_1_284' title='bbox 1893 1864 1958 1918; x_wconf 89' lang='lat' dir='ltr'><strong>N.</strong></span> <span class='ocrx_word' id='word_1_285' title='bbox 2011 1874 2120 1918; x_wconf 85' lang='lat' dir='ltr'><strong>tra-</strong></span> 
     </span>
    </p>
   </div>
   <div class='ocr_carea' id='block_1_35' title="bbox 458 1954 2120 2032">
    <p class='ocr_par' dir='ltr' id='par_1_35' title="bbox 458 1954 2120 2032">
     <span class='ocr_line' id='line_1_35' title="bbox 458 1954 2120 2032; baseline -0.008 -8"><span class='ocrx_word' id='word_1_286' title='bbox 458 2010 466 2017; x_wconf 84' lang='lat'><strong>.</strong></span> <span class='ocrx_word' id='word_1_287' title='bbox 529 1968 750 2024; x_wconf 87' lang='lat' dir='ltr'><strong>hanlur.</strong></span> <span class='ocrx_word' id='word_1_288' title='bbox 778 1967 908 2022; x_wconf 84' lang='lat' dir='ltr'><strong>Item</strong></span> <span class='ocrx_word' id='word_1_289' title='bbox 946 1964 1320 2028; x_wconf 86' lang='lat' dir='ltr'><strong>interstitium,</strong></span> <span class='ocrx_word' id='word_1_290' title='bbox 1371 1962 1510 2032; x_wconf 92' lang='lat' dir='ltr'><strong>quod</strong></span> <span class='ocrx_word' id='word_1_291' title='bbox 1554 1960 1696 2014; x_wconf 89' lang='lat' dir='ltr'><strong>inter</strong></span> <span class='ocrx_word' id='word_1_292' title='bbox 1717 1958 1783 2012; x_wconf 87' lang='lat' dir='ltr'><strong>K.</strong></span> <span class='ocrx_word' id='word_1_293' title='bbox 1808 1967 1862 2012; x_wconf 91' lang='lat' dir='ltr'><strong>et</strong></span> <span class='ocrx_word' id='word_1_294' title='bbox 1887 1956 1947 2010; x_wconf 91' lang='lat' dir='ltr'><strong>L.</strong></span> <span class='ocrx_word' id='word_1_295' title='bbox 1982 1954 2120 2010; x_wconf 83' lang='lat' dir='ltr'><strong>divi-</strong></span> 
     </span>
    </p>
   </div>
   <div class='ocr_carea' id='block_1_36' title="bbox 531 2050 2121 2125">
    <p class='ocr_par' dir='ltr' id='par_1_36' title="bbox 531 2050 2121 2125">
     <span class='ocr_line' id='line_1_36' title="bbox 531 2050 2121 2125; baseline -0.008 -10"><span class='ocrx_word' id='word_1_296' title='bbox 531 2062 712 2125; x_wconf 88' lang='lat' dir='ltr'><strong>datur,</strong></span> <span class='ocrx_word' id='word_1_297' title='bbox 740 2067 795 2115; x_wconf 88' lang='lat' dir='ltr'><strong>et</strong></span> <span class='ocrx_word' id='word_1_298' title='bbox 824 2069 969 2115; x_wconf 90' lang='lat' dir='ltr'><strong>retro</strong></span> <span class='ocrx_word' id='word_1_299' title='bbox 988 2059 1129 2113; x_wconf 90' lang='lat' dir='ltr'><strong>inter</strong></span> <span class='ocrx_word' id='word_1_300' title='bbox 1156 2056 1220 2111; x_wconf 84' lang='lat' dir='ltr'><strong>K.</strong></span> <span class='ocrx_word' id='word_1_301' title='bbox 1247 2067 1300 2110; x_wconf 84' lang='lat' dir='ltr'><strong>et</strong></span> <span class='ocrx_word' id='word_1_302' title='bbox 1320 2054 1382 2108; x_wconf 93' lang='lat' dir='ltr'><strong>L.</strong></span> <span class='ocrx_word' id='word_1_303' title='bbox 1416 2054 1702 2108; x_wconf 88' lang='lat' dir='ltr'><strong>medietate</strong></span> <span class='ocrx_word' id='word_1_304' title='bbox 1724 2051 1896 2121; x_wconf 90' lang='lat' dir='ltr'><strong>posita</strong></span> <span class='ocrx_word' id='word_1_305' title='bbox 1922 2050 2121 2104; x_wconf 90' lang='lat' dir='ltr'><strong>lineam</strong></span> 
     </span>
    </p>
   </div>
   <div class='ocr_carea' id='block_1_37' title="bbox 530 2138 2119 2215">
    <p class='ocr_par' dir='ltr' id='par_1_37' title="bbox 530 2138 2119 2215">
     <span class='ocr_line' id='line_1_37' title="bbox 530 2138 2119 2215; baseline -0.009 -8"><span class='ocrx_word' id='word_1_306' title='bbox 530 2161 898 2209; x_wconf 87' lang='lat' dir='ltr'><strong>transversam</strong></span> <span class='ocrx_word' id='word_1_307' title='bbox 934 2150 1205 2205; x_wconf 87' lang='lat' dir='ltr'><strong>transiens</strong></span> <span class='ocrx_word' id='word_1_308' title='bbox 1227 2156 1467 2203; x_wconf 86' lang='lat' dir='ltr'><strong>notetur.</strong></span> <span class='ocrx_word' id='word_1_309' title='bbox 1500 2145 1638 2199; x_wconf 82' lang='lat' dir='ltr'><strong>llinc</strong></span> <span class='ocrx_word' id='word_1_310' title='bbox 1679 2143 1841 2215; x_wconf 88' lang='lat' dir='ltr'><strong>spatii</strong></span> <span class='ocrx_word' id='word_1_311' title='bbox 1879 2143 2021 2196; x_wconf 90' lang='lat' dir='ltr'><strong>inter</strong></span> <span class='ocrx_word' id='word_1_312' title='bbox 2058 2138 2119 2193; x_wconf 92' lang='lat' dir='ltr'><strong>P.</strong></span> 
     </span>
    </p>
   </div>
   <div class='ocr_carea' id='block_1_38' title="bbox 532 2232 2123 2307">
    <p class='ocr_par' dir='ltr' id='par_1_38' title="bbox 532 2232 2123 2307">
     <span class='ocr_line' id='line_1_38' title="bbox 532 2232 2123 2307; baseline -0.008 -7"><span class='ocrx_word' id='word_1_313' title='bbox 532 2255 589 2301; x_wconf 92' lang='lat' dir='ltr'><strong>et</strong></span> <span class='ocrx_word' id='word_1_314' title='bbox 639 2243 701 2299; x_wconf 91' lang='lat' dir='ltr'><strong>L.</strong></span> <span class='ocrx_word' id='word_1_315' title='bbox 758 2244 1019 2298; x_wconf 85' lang='lat' dir='ltr'><strong>medietas</strong></span> <span class='ocrx_word' id='word_1_316' title='bbox 1074 2242 1216 2296; x_wconf 91' lang='lat' dir='ltr'><strong>inter</strong></span> <span class='ocrx_word' id='word_1_317' title='bbox 1258 2240 1299 2293; x_wconf 92' lang='lat' dir='ltr'><strong>l.</strong></span> <span class='ocrx_word' id='word_1_318' title='bbox 1363 2246 1416 2294; x_wconf 92' lang='lat' dir='ltr'><strong>et</strong></span> <span class='ocrx_word' id='word_1_319' title='bbox 1478 2237 1543 2292; x_wconf 84' lang='lat' dir='ltr'><strong>K.</strong></span> <span class='ocrx_word' id='word_1_320' title='bbox 1586 2243 1839 2307; x_wconf 90' lang='lat' dir='ltr'><strong>ponatur,</strong></span> <span class='ocrx_word' id='word_1_321' title='bbox 1890 2242 1945 2289; x_wconf 89' lang='lat' dir='ltr'><strong>et</strong></span> <span class='ocrx_word' id='word_1_322' title='bbox 1981 2232 2123 2287; x_wconf 89' lang='lat' dir='ltr'><strong>linea</strong></span> 
     </span>
    </p>
   </div>
   <div class='ocr_carea' id='block_1_39' title="bbox 539 2324 2119 2392">
    <p class='ocr_par' dir='ltr' id='par_1_39' title="bbox 539 2324 2119 2392">
     <span class='ocr_line' id='line_1_39' title="bbox 539 2324 2119 2392; baseline -0.009 0"><span class='ocrx_word' id='word_1_323' title='bbox 539 2338 730 2392; x_wconf 85' lang='lat' dir='ltr'><strong>subtus</strong></span> <span class='ocrx_word' id='word_1_324' title='bbox 755 2345 1114 2391; x_wconf 81' lang='lat' dir='ltr'><strong>transversam</strong></span> <span class='ocrx_word' id='word_1_325' title='bbox 1138 2335 1384 2388; x_wconf 89' lang='lat' dir='ltr'><strong>ducatur.</strong></span> <span class='ocrx_word' id='word_1_326' title='bbox 1418 2330 1625 2384; x_wconf 89' lang='lat' dir='ltr'><strong>Eodem</strong></span> <span class='ocrx_word' id='word_1_327' title='bbox 1667 2326 1827 2381; x_wconf 86' lang='lat' dir='ltr'><strong>modo</strong></span> <span class='ocrx_word' id='word_1_328' title='bbox 1863 2326 1925 2381; x_wconf 89' lang='lat' dir='ltr'><strong>P.</strong></span> <span class='ocrx_word' id='word_1_329' title='bbox 1970 2335 2025 2380; x_wconf 89' lang='lat' dir='ltr'><strong>et</strong></span> <span class='ocrx_word' id='word_1_330' title='bbox 2055 2324 2119 2391; x_wconf 81' lang='grc' dir='ltr'><strong>Ο.</strong></span> 
     </span>
    </p>
   </div>
   <div class='ocr_carea' id='block_1_40' title="bbox 536 2415 2123 2491">
    <p class='ocr_par' dir='ltr' id='par_1_40' title="bbox 536 2415 2123 2491">
     <span class='ocr_line' id='line_1_40' title="bbox 536 2415 2123 2491; baseline -0.009 -8"><span class='ocrx_word' id='word_1_331' title='bbox 536 2430 827 2491; x_wconf 90' lang='lat' dir='ltr'><strong>ducantur,</strong></span> <span class='ocrx_word' id='word_1_332' title='bbox 857 2434 911 2480; x_wconf 90' lang='lat' dir='ltr'><strong>et</strong></span> <span class='ocrx_word' id='word_1_333' title='bbox 942 2425 1119 2479; x_wconf 88' lang='lat' dir='ltr'><strong>medio</strong></span> <span class='ocrx_word' id='word_1_334' title='bbox 1150 2422 1451 2485; x_wconf 89' lang='lat' dir='ltr'><strong>interstitii,</strong></span> <span class='ocrx_word' id='word_1_335' title='bbox 1483 2420 1627 2490; x_wconf 88' lang='lat' dir='ltr'><strong>quod</strong></span> <span class='ocrx_word' id='word_1_336' title='bbox 1658 2420 1803 2474; x_wconf 90' lang='lat' dir='ltr'><strong>inter</strong></span> <span class='ocrx_word' id='word_1_337' title='bbox 1852 2418 1919 2471; x_wconf 74' lang='grc' dir='ltr'><strong>Β.</strong></span> <span class='ocrx_word' id='word_1_338' title='bbox 1967 2425 2025 2470; x_wconf 85' lang='grc' dir='ltr'><strong>ει</strong></span> <span class='ocrx_word' id='word_1_339' title='bbox 2064 2415 2123 2469; x_wconf 93' lang='grc'><strong>8.</strong></span> 
     </span>
    </p>
   </div>
   <div class='ocr_carea' id='block_1_41' title="bbox 537 2507 2125 2582">
    <p class='ocr_par' dir='ltr' id='par_1_41' title="bbox 537 2507 2125 2582">
     <span class='ocr_line' id='line_1_41' title="bbox 537 2507 2125 2582; baseline -0.009 -8"><span class='ocrx_word' id='word_1_340' title='bbox 537 2528 683 2575; x_wconf 91' lang='lat' dir='ltr'><strong>retro</strong></span> <span class='ocrx_word' id='word_1_341' title='bbox 713 2519 854 2572; x_wconf 90' lang='lat' dir='ltr'><strong>inter</strong></span> <span class='ocrx_word' id='word_1_342' title='bbox 893 2516 957 2570; x_wconf 81' lang='lat' dir='ltr'><strong>Il.</strong></span> <span class='ocrx_word' id='word_1_343' title='bbox 988 2524 1042 2570; x_wconf 85' lang='lat' dir='ltr'><strong>et</strong></span> <span class='ocrx_word' id='word_1_344' title='bbox 1071 2514 1135 2582; x_wconf 86' lang='lat' dir='ltr'><strong>Q.</strong></span> <span class='ocrx_word' id='word_1_345' title='bbox 1172 2514 1299 2569; x_wconf 93' lang='lat' dir='ltr'><strong>dato</strong></span> <span class='ocrx_word' id='word_1_346' title='bbox 1349 2512 1490 2567; x_wconf 90' lang='lat' dir='ltr'><strong>linea</strong></span> <span class='ocrx_word' id='word_1_347' title='bbox 1537 2511 1779 2574; x_wconf 89' lang='lat' dir='ltr'><strong>ducatur,</strong></span> <span class='ocrx_word' id='word_1_348' title='bbox 1839 2516 1893 2563; x_wconf 92' lang='lat' dir='ltr'><strong>et</strong></span> <span class='ocrx_word' id='word_1_349' title='bbox 1939 2507 2125 2561; x_wconf 89' lang='lat' dir='ltr'><strong>ultima</strong></span> 
     </span>
    </p>
   </div>
   <div class='ocr_carea' id='block_1_42' title="bbox 539 2597 2123 2675">
    <p class='ocr_par' dir='ltr' id='par_1_42' title="bbox 539 2597 2123 2675">
     <span class='ocr_line' id='line_1_42' title="bbox 539 2597 2123 2675; baseline -0.009 -9"><span class='ocrx_word' id='word_1_350' title='bbox 539 2609 597 2666; x_wconf 93' lang='lat' dir='ltr'><strong>S.</strong></span> <span class='ocrx_word' id='word_1_351' title='bbox 629 2619 795 2665; x_wconf 88' lang='lat' dir='ltr'><strong>tracta</strong></span> <span class='ocrx_word' id='word_1_352' title='bbox 830 2607 1220 2663; x_wconf 84' lang='lat' dir='ltr'><strong>cltromaticum</strong></span> <span class='ocrx_word' id='word_1_353' title='bbox 1249 2604 1599 2675; x_wconf 86' lang='lat' dir='ltr'><strong>compleatur.</strong></span> <span class='ocrx_word' id='word_1_354' title='bbox 1636 2600 1837 2656; x_wconf 86' lang='lat' dir='ltr'><strong>Deinde</strong></span> <span class='ocrx_word' id='word_1_355' title='bbox 1886 2599 1948 2653; x_wconf 84' lang='grc' dir='ltr'><strong>Β.</strong></span> <span class='ocrx_word' id='word_1_356' title='bbox 1980 2607 2033 2652; x_wconf 86' lang='grc' dir='ltr'><strong>ει</strong></span> <span class='ocrx_word' id='word_1_357' title='bbox 2061 2597 2123 2653; x_wconf 87' lang='lat' dir='ltr'><strong>C.</strong></span> 
     </span>
    </p>
   </div>
   <div class='ocr_carea' id='block_1_43' title="bbox 537 2689 2127 2757">
    <p class='ocr_par' dir='ltr' id='par_1_43' title="bbox 537 2689 2127 2757">
     <span class='ocr_line' id='line_1_43' title="bbox 537 2689 2127 2757; baseline -0.008 -2"><span class='ocrx_word' id='word_1_358' title='bbox 537 2710 599 2756; x_wconf 94' lang='lat' dir='ltr'><strong>ut</strong></span> <span class='ocrx_word' id='word_1_359' title='bbox 649 2701 701 2755; x_wconf 92' lang='lat' dir='ltr'><strong>in</strong></span> <span class='ocrx_word' id='word_1_360' title='bbox 752 2698 1024 2754; x_wconf 88' lang='lat' dir='ltr'><strong>diatonico</strong></span> <span class='ocrx_word' id='word_1_361' title='bbox 1065 2704 1121 2751; x_wconf 89' lang='lat' dir='ltr'><strong>et</strong></span> <span class='ocrx_word' id='word_1_362' title='bbox 1149 2695 1500 2757; x_wconf 88' lang='lat' dir='ltr'><strong>chromatico,</strong></span> <span class='ocrx_word' id='word_1_363' title='bbox 1534 2694 1614 2748; x_wconf 90' lang='lat' dir='ltr'><strong>sic</strong></span> <span class='ocrx_word' id='word_1_364' title='bbox 1646 2701 1701 2748; x_wconf 91' lang='lat' dir='ltr'><strong>et</strong></span> <span class='ocrx_word' id='word_1_365' title='bbox 1722 2692 1775 2746; x_wconf 90' lang='lat' dir='ltr'><strong>in</strong></span> <span class='ocrx_word' id='word_1_366' title='bbox 1809 2689 2127 2745; x_wconf 92' lang='lat' dir='ltr'><strong>enarmonio</strong></span> 
     </span>
    </p>
   </div>
   <div class='ocr_carea' id='block_1_44' title="bbox 538 2782 2124 2857">
    <p class='ocr_par' dir='ltr' id='par_1_44' title="bbox 538 2782 2124 2857">
     <span class='ocr_line' id='line_1_44' title="bbox 538 2782 2124 2857; baseline -0.008 -11"><span class='ocrx_word' id='word_1_367' title='bbox 538 2791 830 2857; x_wconf 87' lang='lat' dir='ltr'><strong>ducantur,</strong></span> <span class='ocrx_word' id='word_1_368' title='bbox 866 2804 1051 2845; x_wconf 88' lang='lat' dir='ltr'><strong>earum</strong></span> <span class='ocrx_word' id='word_1_369' title='bbox 1085 2787 1436 2843; x_wconf 87' lang='lat' dir='ltr'><strong>interstitium</strong></span> <span class='ocrx_word' id='word_1_370' title='bbox 1465 2786 1604 2841; x_wconf 91' lang='lat' dir='ltr'><strong>linea</strong></span> <span class='ocrx_word' id='word_1_371' title='bbox 1631 2784 1806 2838; x_wconf 91' lang='lat' dir='ltr'><strong>media</strong></span> <span class='ocrx_word' id='word_1_372' title='bbox 1833 2782 2124 2838; x_wconf 85' lang='lat' dir='ltr'><strong>dividatur.</strong></span> 
     </span>
    </p>
   </div>
   <div class='ocr_carea' id='block_1_45' title="bbox 537 2873 2131 2944">
    <p class='ocr_par' dir='ltr' id='par_1_45' title="bbox 537 2873 2131 2944">
     <span class='ocr_line' id='line_1_45' title="bbox 537 2873 2131 2944; baseline -0.006 -9"><span class='ocrx_word' id='word_1_373' title='bbox 537 2880 749 2935; x_wconf 78' lang='lat' dir='ltr'><strong>Rursus</strong></span> <span class='ocrx_word' id='word_1_374' title='bbox 773 2881 832 2934; x_wconf 86' lang='lat' dir='ltr'><strong>E.</strong></span> <span class='ocrx_word' id='word_1_375' title='bbox 866 2889 919 2933; x_wconf 90' lang='lat' dir='ltr'><strong>et</strong></span> <span class='ocrx_word' id='word_1_376' title='bbox 949 2879 1011 2933; x_wconf 88' lang='lat' dir='ltr'><strong>F.</strong></span> <span class='ocrx_word' id='word_1_377' title='bbox 1045 2879 1333 2944; x_wconf 84' lang='lat' dir='ltr'><strong>ducantur,</strong></span> <span class='ocrx_word' id='word_1_378' title='bbox 1361 2887 1416 2932; x_wconf 90' lang='lat' dir='ltr'><strong>et</strong></span> <span class='ocrx_word' id='word_1_379' title='bbox 1449 2876 1501 2931; x_wconf 89' lang='lat' dir='ltr'><strong>in</strong></span> <span class='ocrx_word' id='word_1_380' title='bbox 1550 2878 1683 2930; x_wconf 92' lang='lat' dir='ltr'><strong>duas</strong></span> <span class='ocrx_word' id='word_1_381' title='bbox 1708 2875 1883 2929; x_wconf 89' lang='lat' dir='ltr'><strong>diescs</strong></span> <span class='ocrx_word' id='word_1_382' title='bbox 1909 2873 2131 2927; x_wconf 87' lang='lat' dir='ltr'><strong>semito-</strong></span> 
     </span>
    </p>
   </div>
   <div class='ocr_carea' id='block_1_46' title="bbox 541 2963 2129 3037">
    <p class='ocr_par' dir='ltr' id='par_1_46' title="bbox 541 2963 2129 3037">
     <span class='ocr_line' id='line_1_46' title="bbox 541 2963 2129 3037; baseline -0.008 -10"><span class='ocrx_word' id='word_1_383' title='bbox 541 2973 690 3027; x_wconf 90' lang='lat' dir='ltr'><strong>nium</strong></span> <span class='ocrx_word' id='word_1_384' title='bbox 718 2972 1021 3037; x_wconf 87' lang='lat' dir='ltr'><strong>diducatur.</strong></span> <span class='ocrx_word' id='word_1_385' title='bbox 1057 2970 1187 3024; x_wconf 87' lang='lat' dir='ltr'><strong>Post</strong></span> <span class='ocrx_word' id='word_1_386' title='bbox 1216 2968 1277 3023; x_wconf 87' lang='lat' dir='ltr'><strong>H.</strong></span> <span class='ocrx_word' id='word_1_387' title='bbox 1314 2968 1472 3022; x_wconf 89' lang='lat' dir='ltr'><strong>ducta</strong></span> <span class='ocrx_word' id='word_1_388' title='bbox 1500 2976 1555 3022; x_wconf 90' lang='lat' dir='ltr'><strong>et</strong></span> <span class='ocrx_word' id='word_1_389' title='bbox 1591 2966 1653 3020; x_wconf 88' lang='lat' dir='ltr'><strong>L.</strong></span> <span class='ocrx_word' id='word_1_390' title='bbox 1677 2966 1815 3020; x_wconf 91' lang='lat' dir='ltr'><strong>linea</strong></span> <span class='ocrx_word' id='word_1_391' title='bbox 1850 2963 2129 3019; x_wconf 85' lang='lat' dir='ltr'><strong>divisionis</strong></span> 
     </span>
    </p>
   </div>
   <div class='ocr_carea' id='block_1_47' title="bbox 540 3055 2126 3125">
    <p class='ocr_par' dir='ltr' id='par_1_47' title="bbox 540 3055 2126 3125">
     <span class='ocr_line' id='line_1_47' title="bbox 540 3055 2126 3125; baseline -0.008 -5"><span class='ocrx_word' id='word_1_392' title='bbox 540 3066 679 3124; x_wconf 78' lang='lat' dir='ltr'><strong>uth</strong></span> <span class='ocrx_word' id='word_1_393' title='bbox 720 3066 839 3121; x_wconf 90' lang='lat' dir='ltr'><strong>aliis</strong></span> <span class='ocrx_word' id='word_1_394' title='bbox 882 3066 950 3120; x_wconf 91' lang='lat' dir='ltr'><strong>ad</strong></span> <span class='ocrx_word' id='word_1_395' title='bbox 996 3064 1060 3118; x_wconf 88' lang='grc'><strong>11.</strong></span> <span class='ocrx_word' id='word_1_396' title='bbox 1119 3063 1183 3117; x_wconf 88' lang='lat' dir='ltr'><strong>ad</strong></span> <span class='ocrx_word' id='word_1_397' title='bbox 1242 3062 1303 3115; x_wconf 78' lang='lat' dir='ltr'><strong>L.</strong></span> <span class='ocrx_word' id='word_1_398' title='bbox 1354 3061 1603 3125; x_wconf 88' lang='lat' dir='ltr'><strong>ducatur,</strong></span> <span class='ocrx_word' id='word_1_399' title='bbox 1635 3058 1689 3114; x_wconf 87' lang='lat' dir='ltr'><strong>et</strong></span> <span class='ocrx_word' id='word_1_400' title='bbox 1725 3059 1864 3113; x_wconf 90' lang='lat' dir='ltr'><strong>inter</strong></span> <span class='ocrx_word' id='word_1_401' title='bbox 1892 3056 1958 3111; x_wconf 81' lang='lat' dir='ltr'><strong>H.</strong></span> <span class='ocrx_word' id='word_1_402' title='bbox 1984 3064 2037 3110; x_wconf 89' lang='lat' dir='ltr'><strong>et</strong></span> <span class='ocrx_word' id='word_1_403' title='bbox 2066 3055 2126 3109; x_wconf 88' lang='lat' dir='ltr'><strong>L.</strong></span> 
     </span>
    </p>
   </div>
   <div class='ocr_carea' id='block_1_48' title="bbox 542 3149 2125 3227">
    <p class='ocr_par' dir='ltr' id='par_1_48' title="bbox 542 3149 2125 3227">
     <span class='ocr_line' id='line_1_48' title="bbox 542 3149 2125 3227; baseline -0.006 -14"><span class='ocrx_word' id='word_1_404' title='bbox 542 3158 718 3214; x_wconf 91' lang='lat' dir='ltr'><strong>media</strong></span> <span class='ocrx_word' id='word_1_405' title='bbox 750 3167 1003 3227; x_wconf 89' lang='lat' dir='ltr'><strong>ponatur.</strong></span> <span class='ocrx_word' id='word_1_406' title='bbox 1034 3156 1125 3211; x_wconf 87' lang='lat' dir='ltr'><strong>Sic</strong></span> <span class='ocrx_word' id='word_1_407' title='bbox 1158 3154 1257 3210; x_wconf 87' lang='lat' dir='ltr'><strong>sub</strong></span> <span class='ocrx_word' id='word_1_408' title='bbox 1303 3163 1608 3209; x_wconf 89' lang='lat' dir='ltr'><strong>transversa</strong></span> <span class='ocrx_word' id='word_1_409' title='bbox 1638 3152 1709 3206; x_wconf 82' lang='grc' dir='ltr'><strong>Μ.</strong></span> <span class='ocrx_word' id='word_1_410' title='bbox 1741 3161 1795 3207; x_wconf 90' lang='grc' dir='ltr'><strong>ει</strong></span> <span class='ocrx_word' id='word_1_411' title='bbox 1824 3149 1889 3206; x_wconf 85' lang='grc' dir='ltr'><strong>Ν.</strong></span> <span class='ocrx_word' id='word_1_412' title='bbox 1930 3149 2125 3215; x_wconf 91' lang='lat' dir='ltr'><strong>ductis,</strong></span> 
     </span>
    </p>
   </div>
   <div class='ocr_carea' id='block_1_49' title="bbox 542 3233 2131 3313">
    <p class='ocr_par' dir='ltr' id='par_1_49' title="bbox 542 3233 2131 3313">
     <span class='ocr_line' id='line_1_49' title="bbox 542 3233 2131 3313; baseline -0.007 -7"><span class='ocrx_word' id='word_1_413' title='bbox 542 3253 721 3307; x_wconf 87' lang='lat' dir='ltr'><strong>media</strong></span> <span class='ocrx_word' id='word_1_414' title='bbox 751 3251 1038 3305; x_wconf 83' lang='lat' dir='ltr'><strong>inseratur.</strong></span> <span class='ocrx_word' id='word_1_415' title='bbox 1064 3248 1187 3302; x_wconf 84' lang='lat' dir='ltr'><strong>Pari</strong></span> <span class='ocrx_word' id='word_1_416' title='bbox 1220 3248 1378 3300; x_wconf 92' lang='lat' dir='ltr'><strong>modo</strong></span> <span class='ocrx_word' id='word_1_417' title='bbox 1408 3233 1469 3300; x_wconf 69' lang='grc' dir='ltr'><strong>Ρ.</strong></span> <span class='ocrx_word' id='word_1_418' title='bbox 1502 3244 1564 3313; x_wconf 88' lang='lat' dir='ltr'><strong>Q.</strong></span> <span class='ocrx_word' id='word_1_419' title='bbox 1596 3243 1653 3299; x_wconf 92' lang='grc'><strong>8.</strong></span> <span class='ocrx_word' id='word_1_420' title='bbox 1678 3242 1883 3310; x_wconf 87' lang='lat' dir='ltr'><strong>tractis,</strong></span> <span class='ocrx_word' id='word_1_421' title='bbox 1909 3250 1963 3296; x_wconf 92' lang='lat' dir='ltr'><strong>et</strong></span> <span class='ocrx_word' id='word_1_422' title='bbox 1992 3236 2131 3296; x_wconf 89' lang='lat' dir='ltr'><strong>inter</strong></span> 
     </span>
    </p>
   </div>
   <div class='ocr_carea' id='block_1_50' title="bbox 542 3320 2131 3410">
    <p class='ocr_par' dir='ltr' id='par_1_50' title="bbox 542 3320 2131 3410">
     <span class='ocr_line' id='line_1_50' title="bbox 542 3320 2131 3410; baseline -0.007 -13"><span class='ocrx_word' id='word_1_423' title='bbox 542 3343 605 3398; x_wconf 87' lang='lat' dir='ltr'><strong>P.</strong></span> <span class='ocrx_word' id='word_1_424' title='bbox 656 3351 711 3397; x_wconf 89' lang='lat' dir='ltr'><strong>et</strong></span> <span class='ocrx_word' id='word_1_425' title='bbox 763 3341 827 3408; x_wconf 68' lang='grc' dir='ltr'><strong>(ρ).</strong></span> <span class='ocrx_word' id='word_1_426' title='bbox 878 3340 1051 3394; x_wconf 84' lang='lat' dir='ltr'><strong>media</strong></span> <span class='ocrx_word' id='word_1_427' title='bbox 1100 3338 1275 3410; x_wconf 89' lang='lat' dir='ltr'><strong>posita</strong></span> <span class='ocrx_word' id='word_1_428' title='bbox 1317 3332 1691 3391; x_wconf 85' lang='lat' dir='ltr'><strong>enarmonium</strong></span> <span class='ocrx_word' id='word_1_429' title='bbox 1747 3335 1982 3388; x_wconf 81' lang='lat' dir='ltr'><strong>ﬁniatur.</strong></span> <span class='ocrx_word' id='word_1_430' title='bbox 2040 3320 2131 3388; x_wconf 84' lang='lat' dir='ltr'><strong>Sic</strong></span> 
     </span>
    </p>
   </div>
   <div class='ocr_carea' id='block_1_51' title="bbox 543 3423 2133 3502">
    <p class='ocr_par' dir='ltr' id='par_1_51' title="bbox 543 3423 2133 3502">
     <span class='ocr_line' id='line_1_51' title="bbox 543 3423 2133 3502; baseline -0.009 -11"><span class='ocrx_word' id='word_1_431' title='bbox 543 3434 868 3491; x_wconf 89' lang='lat' dir='ltr'><strong>diatonicum</strong></span> <span class='ocrx_word' id='word_1_432' title='bbox 898 3447 993 3502; x_wconf 90' lang='lat' dir='ltr'><strong>per</strong></span> <span class='ocrx_word' id='word_1_433' title='bbox 1024 3438 1179 3484; x_wconf 91' lang='lat' dir='ltr'><strong>tonos</strong></span> <span class='ocrx_word' id='word_1_434' title='bbox 1203 3436 1257 3482; x_wconf 89' lang='lat' dir='ltr'><strong>et</strong></span> <span class='ocrx_word' id='word_1_435' title='bbox 1278 3427 1582 3492; x_wconf 90' lang='lat' dir='ltr'><strong>scmitouia,</strong></span> <span class='ocrx_word' id='word_1_436' title='bbox 1612 3423 2133 3493; x_wconf 69' lang='lat' dir='ltr'><strong>Chromaticum&#39;per</strong></span> 
     </span>
    </p>
   </div>
   <div class='ocr_carea' id='block_1_52' title="bbox 542 3508 2133 3592">
    <p class='ocr_par' dir='ltr' id='par_1_52' title="bbox 542 3508 2133 3592">
     <span class='ocr_line' id='line_1_52' title="bbox 542 3508 2133 3592; baseline -0.009 -9"><span class='ocrx_word' id='word_1_437' title='bbox 542 3526 912 3592; x_wconf 89' lang='lat' dir='ltr'><strong>semitonium,</strong></span> <span class='ocrx_word' id='word_1_438' title='bbox 940 3523 1315 3585; x_wconf 90' lang='lat' dir='ltr'><strong>semitonium,</strong></span> <span class='ocrx_word' id='word_1_439' title='bbox 1340 3530 1396 3576; x_wconf 91' lang='lat' dir='ltr'><strong>et</strong></span> <span class='ocrx_word' id='word_1_440' title='bbox 1436 3508 1827 3573; x_wconf 89' lang='lat' dir='ltr'><strong>triemitonium</strong></span> <span class='ocrx_word' id='word_1_441' title='bbox 1856 3516 2133 3585; x_wconf 88' lang='lat' dir='ltr'><strong>incompo-</strong></span> 
     </span>
    </p>
   </div>
   <div class='ocr_carea' id='block_1_53' title="bbox 543 3607 2132 3684">
    <p class='ocr_par' dir='ltr' id='par_1_53' title="bbox 543 3607 2132 3684">
     <span class='ocr_line' id='line_1_53' title="bbox 543 3607 2132 3684; baseline -0.008 -10"><span class='ocrx_word' id='word_1_442' title='bbox 543 3620 725 3682; x_wconf 88' lang='lat' dir='ltr'><strong>situm,</strong></span> <span class='ocrx_word' id='word_1_443' title='bbox 760 3618 1147 3673; x_wconf 89' lang='lat' dir='ltr'><strong>Enarmonium</strong></span> <span class='ocrx_word' id='word_1_444' title='bbox 1174 3631 1304 3670; x_wconf 91' lang='lat' dir='ltr'><strong>vero</strong></span> <span class='ocrx_word' id='word_1_445' title='bbox 1329 3629 1425 3684; x_wconf 90' lang='lat' dir='ltr'><strong>per</strong></span> <span class='ocrx_word' id='word_1_446' title='bbox 1455 3611 1626 3667; x_wconf 90' lang='lat' dir='ltr'><strong>diesin</strong></span> <span class='ocrx_word' id='word_1_447' title='bbox 1648 3619 1704 3665; x_wconf 92' lang='lat' dir='ltr'><strong>et</strong></span> <span class='ocrx_word' id='word_1_448' title='bbox 1731 3607 1927 3675; x_wconf 90' lang='lat' dir='ltr'><strong>diesin,</strong></span> <span class='ocrx_word' id='word_1_449' title='bbox 1954 3607 2005 3663; x_wconf 93' lang='lat' dir='ltr'><strong>id</strong></span> <span class='ocrx_word' id='word_1_450' title='bbox 2027 3616 2132 3674; x_wconf 89' lang='lat' dir='ltr'><strong>est,</strong></span> 
     </span>
    </p>
   </div>
   <div class='ocr_carea' id='block_1_54' title="bbox 548 3690 2133 3769">
    <p class='ocr_par' dir='ltr' id='par_1_54' title="bbox 548 3690 2133 3769">
     <span class='ocr_line' id='line_1_54' title="bbox 548 3690 2133 3769; baseline -0.008 -6"><span class='ocrx_word' id='word_1_451' title='bbox 548 3708 826 3763; x_wconf 89' lang='lat' dir='ltr'><strong>dimidium</strong></span> <span class='ocrx_word' id='word_1_452' title='bbox 883 3706 1229 3762; x_wconf 89' lang='lat' dir='ltr'><strong>semitonium</strong></span> <span class='ocrx_word' id='word_1_453' title='bbox 1295 3712 1351 3758; x_wconf 89' lang='lat' dir='ltr'><strong>et</strong></span> <span class='ocrx_word' id='word_1_454' title='bbox 1405 3703 1649 3758; x_wconf 91' lang='lat' dir='ltr'><strong>ditonum</strong></span> <span class='ocrx_word' id='word_1_455' title='bbox 1714 3690 2133 3769; x_wconf 88' lang='lat' dir='ltr'><strong>incompositum</strong></span> 
     </span>
    </p>
   </div>
   <div class='ocr_carea' id='block_1_55' title="bbox 548 3808 825 3853">
    <p class='ocr_par' dir='ltr' id='par_1_55' title="bbox 548 3808 825 3853">
     <span class='ocr_line' id='line_1_55' title="bbox 548 3808 825 3853; baseline -0.007 0"><span class='ocrx_word' id='word_1_456' title='bbox 548 3808 825 3853; x_wconf 84' lang='lat' dir='ltr'><strong>exaratur.</strong></span> 
     </span>
    </p>
   </div>
   <div class='ocr_carea' id='block_1_56' title="bbox 619 3883 2133 3956">
    <p class='ocr_par' dir='ltr' id='par_1_56' title="bbox 619 3883 2133 3956">
     <span class='ocr_line' id='line_1_56' title="bbox 619 3883 2133 3956; baseline -0.004 -14"><span class='ocrx_word' id='word_1_457' title='bbox 619 3888 675 3942; x_wconf 69' lang='lat'><strong>4.</strong></span> <span class='ocrx_word' id='word_1_458' title='bbox 716 3887 823 3941; x_wconf 86' lang='lat' dir='ltr'><strong>Sed</strong></span> <span class='ocrx_word' id='word_1_459' title='bbox 870 3886 1124 3956; x_wconf 86' lang='lat' dir='ltr'><strong>quoniam</strong></span> <span class='ocrx_word' id='word_1_460' title='bbox 1181 3885 1525 3941; x_wconf 88' lang='lat' dir='ltr'><strong>mensurandi</strong></span> <span class='ocrx_word' id='word_1_461' title='bbox 1578 3884 1818 3956; x_wconf 82' lang='lat' dir='ltr'><strong>regulam</strong></span> <span class='ocrx_word' id='word_1_462' title='bbox 1864 3883 2133 3951; x_wconf 89' lang='lat' dir='ltr'><strong>dedimus,</strong></span> 
     </span>
    </p>
   </div>
   <div class='ocr_carea' id='block_1_57' title="bbox 553 3974 2139 4049">
    <p class='ocr_par' dir='ltr' id='par_1_57' title="bbox 553 3974 2139 4049">
     <span class='ocr_line' id='line_1_57' title="bbox 553 3974 2139 4049; baseline -0.006 -10"><span class='ocrx_word' id='word_1_463' title='bbox 553 3981 771 4039; x_wconf 88' lang='lat' dir='ltr'><strong>nomina</strong></span> <span class='ocrx_word' id='word_1_464' title='bbox 806 3978 1132 4035; x_wconf 85' lang='lat' dir='ltr'><strong>chordarum</strong></span> <span class='ocrx_word' id='word_1_465' title='bbox 1186 3994 1457 4049; x_wconf 89' lang='lat' dir='ltr'><strong>apponere</strong></span> <span class='ocrx_word' id='word_1_466' title='bbox 1502 3980 1890 4048; x_wconf 84' lang='lat' dir='ltr'><strong>supervacuum</strong></span> <span class='ocrx_word' id='word_1_467' title='bbox 1920 3993 2024 4032; x_wconf 91' lang='lat' dir='ltr'><strong>non</strong></span> <span class='ocrx_word' id='word_1_468' title='bbox 2051 3974 2139 4044; x_wconf 89' lang='lat' dir='ltr'><strong>ju-</strong></span> 
     </span>
    </p>
   </div>
   <div class='ocr_carea' id='block_1_58' title="bbox 552 4067 2137 4140">
    <p class='ocr_par' dir='ltr' id='par_1_58' title="bbox 552 4067 2137 4140">
     <span class='ocr_line' id='line_1_58' title="bbox 552 4067 2137 4140; baseline -0.006 -11"><span class='ocrx_word' id='word_1_469' title='bbox 552 4075 816 4130; x_wconf 86' lang='lat' dir='ltr'><strong>dicamus.</strong></span> <span class='ocrx_word' id='word_1_470' title='bbox 851 4070 1031 4126; x_wconf 87' lang='lat' dir='ltr'><strong>Prima</strong></span> <span class='ocrx_word' id='word_1_471' title='bbox 1061 4071 1246 4140; x_wconf 84' lang='lat' dir='ltr'><strong>igitur,</strong></span> <span class='ocrx_word' id='word_1_472' title='bbox 1280 4086 1400 4139; x_wconf 83' lang='lat' dir='ltr'><strong>quae</strong></span> <span class='ocrx_word' id='word_1_473' title='bbox 1423 4070 1487 4124; x_wconf 85' lang='lat' dir='ltr'><strong>A.</strong></span> <span class='ocrx_word' id='word_1_474' title='bbox 1517 4070 1723 4123; x_wconf 89' lang='lat' dir='ltr'><strong>titulata</strong></span> <span class='ocrx_word' id='word_1_475' title='bbox 1747 4077 1848 4134; x_wconf 90' lang='lat' dir='ltr'><strong>est,</strong></span> <span class='ocrx_word' id='word_1_476' title='bbox 1871 4067 2137 4137; x_wconf 66' lang='lat' dir='ltr'><strong>proslam-</strong></span> 
     </span>
    </p>
   </div>
   <div class='ocr_carea' id='block_1_59' title="bbox 550 4156 2139 4231">
    <p class='ocr_par' dir='ltr' id='par_1_59' title="bbox 550 4156 2139 4231">
     <span class='ocr_line' id='line_1_59' title="bbox 550 4156 2139 4231; baseline -0.007 -11"><span class='ocrx_word' id='word_1_477' title='bbox 550 4164 889 4220; x_wconf 87' lang='lat' dir='ltr'><strong>banomenos</strong></span> <span class='ocrx_word' id='word_1_478' title='bbox 938 4162 1155 4228; x_wconf 91' lang='lat' dir='ltr'><strong>dicitur,</strong></span> <span class='ocrx_word' id='word_1_479' title='bbox 1216 4160 1276 4214; x_wconf 83' lang='grc' dir='ltr'><strong>Β.</strong></span> <span class='ocrx_word' id='word_1_480' title='bbox 1328 4160 1521 4231; x_wconf 86' lang='lat' dir='ltr'><strong>hypate</strong></span> <span class='ocrx_word' id='word_1_481' title='bbox 1558 4159 1820 4230; x_wconf 78' lang='lat' dir='ltr'><strong>hypaton,</strong></span> <span class='ocrx_word' id='word_1_482' title='bbox 1851 4156 1913 4212; x_wconf 88' lang='lat' dir='ltr'><strong>C.</strong></span> <span class='ocrx_word' id='word_1_483' title='bbox 1940 4157 2139 4227; x_wconf 88' lang='lat' dir='ltr'><strong>parhy-</strong></span> 
     </span>
    </p>
   </div>
   <div class='ocr_carea' id='block_1_60' title="bbox 550 4249 2138 4327">
    <p class='ocr_par' dir='ltr' id='par_1_60' title="bbox 550 4249 2138 4327">
     <span class='ocr_line' id='line_1_60' title="bbox 550 4249 2138 4327; baseline -0.007 -18"><span class='ocrx_word' id='word_1_484' title='bbox 550 4264 677 4327; x_wconf 88' lang='lat' dir='ltr'><strong>pate</strong></span> <span class='ocrx_word' id='word_1_485' title='bbox 705 4256 960 4325; x_wconf 87' lang='lat' dir='ltr'><strong>hypaton,</strong></span> <span class='ocrx_word' id='word_1_486' title='bbox 990 4252 1053 4305; x_wconf 90' lang='lat' dir='ltr'><strong>D.</strong></span> <span class='ocrx_word' id='word_1_487' title='bbox 1078 4251 1337 4321; x_wconf 88' lang='lat' dir='ltr'><strong>lyehanos</strong></span> <span class='ocrx_word' id='word_1_488' title='bbox 1358 4250 1613 4321; x_wconf 85' lang='lat' dir='ltr'><strong>hypaton,</strong></span> <span class='ocrx_word' id='word_1_489' title='bbox 1638 4249 1701 4304; x_wconf 88' lang='lat' dir='ltr'><strong>E.</strong></span> <span class='ocrx_word' id='word_1_490' title='bbox 1730 4249 2138 4320; x_wconf 85' lang='lat' dir='ltr'><strong>hypatemeson,</strong></span> 
     </span>
    </p>
   </div>
   <div class='ocr_carea' id='block_1_61' title="bbox 550 4337 2141 4417">
    <p class='ocr_par' dir='ltr' id='par_1_61' title="bbox 550 4337 2141 4417">
     <span class='ocr_line' id='line_1_61' title="bbox 550 4337 2141 4417; baseline -0.007 -15"><span class='ocrx_word' id='word_1_491' title='bbox 550 4348 616 4403; x_wconf 86' lang='lat' dir='ltr'><strong>F.</strong></span> <span class='ocrx_word' id='word_1_492' title='bbox 648 4347 1156 4417; x_wconf 88' lang='lat' dir='ltr'><strong>parhypatemeson,</strong></span> <span class='ocrx_word' id='word_1_493' title='bbox 1187 4342 1252 4399; x_wconf 89' lang='lat' dir='ltr'><strong>G.</strong></span> <span class='ocrx_word' id='word_1_494' title='bbox 1294 4343 1764 4415; x_wconf 88' lang='lat' dir='ltr'><strong>lyehanosmeson,</strong></span> <span class='ocrx_word' id='word_1_495' title='bbox 1794 4339 1860 4394; x_wconf 90' lang='grc'><strong>11.</strong></span> <span class='ocrx_word' id='word_1_496' title='bbox 1892 4354 2057 4403; x_wconf 86' lang='lat' dir='ltr'><strong>mese,</strong></span> <span class='ocrx_word' id='word_1_497' title='bbox 2100 4337 2141 4391; x_wconf 93' lang='grc' dir='ltr'><strong>Ι.</strong></span> 
     </span>
    </p>
   </div>
   <div class='ocr_carea' id='block_1_62' title="bbox 2224 1866 3739 1941">
    <p class='ocr_par' dir='ltr' id='par_1_62' title="bbox 2224 1866 3739 1941">
     <span class='ocr_line' id='line_1_62' title="bbox 2224 1866 3739 1941; baseline -0.003 -16"><span class='ocrx_word' id='word_1_498' title='bbox 2224 1870 2439 1941; x_wconf 79' lang='lat' dir='ltr'><strong>ltypatis</strong></span> <span class='ocrx_word' id='word_1_499' title='bbox 2465 1877 2711 1939; x_wconf 81' lang='lat' dir='ltr'><strong>occupet,</strong></span> <span class='ocrx_word' id='word_1_500' title='bbox 2749 1869 3039 1923; x_wconf 65' lang='lat' dir='ltr'><strong>etcatteris</strong></span> <span class='ocrx_word' id='word_1_501' title='bbox 3073 1869 3305 1938; x_wconf 86' lang='lat' dir='ltr'><strong>gravius</strong></span> <span class='ocrx_word' id='word_1_502' title='bbox 3350 1876 3405 1923; x_wconf 90' lang='lat' dir='ltr'><strong>et</strong></span> <span class='ocrx_word' id='word_1_503' title='bbox 3448 1866 3739 1922; x_wconf 80' lang='lat' dir='ltr'><strong>morosiusso-</strong></span> 
     </span>
    </p>
   </div>
   <div class='ocr_carea' id='block_1_63' title="bbox 2224 1958 3742 2028">
    <p class='ocr_par' dir='ltr' id='par_1_63' title="bbox 2224 1958 3742 2028">
     <span class='ocr_line' id='line_1_63' title="bbox 2224 1958 3742 2028; baseline -0.004 -12"><span class='ocrx_word' id='word_1_504' title='bbox 2224 1970 2336 2016; x_wconf 89' lang='lat' dir='ltr'><strong>net.</strong></span> <span class='ocrx_word' id='word_1_505' title='bbox 2369 1960 2676 2016; x_wconf 88' lang='lat' dir='ltr'><strong>Secundum</strong></span> <span class='ocrx_word' id='word_1_506' title='bbox 2711 1975 2839 2015; x_wconf 89' lang='lat' dir='ltr'><strong>vero</strong></span> <span class='ocrx_word' id='word_1_507' title='bbox 2891 1969 2976 2016; x_wconf 90' lang='lat' dir='ltr'><strong>est</strong></span> <span class='ocrx_word' id='word_1_508' title='bbox 3017 1961 3056 2014; x_wconf 88' lang='lat' dir='ltr'>E</span> <span class='ocrx_word' id='word_1_509' title='bbox 3099 1960 3139 2013; x_wconf 88' lang='lat' dir='ltr'>F</span> <span class='ocrx_word' id='word_1_510' title='bbox 3169 1959 3216 2014; x_wconf 91' lang='lat' dir='ltr'>G</span> <span class='ocrx_word' id='word_1_511' title='bbox 3257 1960 3324 2012; x_wconf 89' lang='grc'><strong>11.</strong></span> <span class='ocrx_word' id='word_1_512' title='bbox 3361 1959 3502 2028; x_wconf 88' lang='lat' dir='ltr'><strong>quod</strong></span> <span class='ocrx_word' id='word_1_513' title='bbox 3529 1958 3742 2019; x_wconf 73' lang='lat' dir='ltr'><strong>meson,id</strong></span> 
     </span>
    </p>
   </div>
   <div class='ocr_carea' id='block_1_64' title="bbox 2225 2048 3742 2122">
    <p class='ocr_par' dir='ltr' id='par_1_64' title="bbox 2225 2048 3742 2122">
     <span class='ocr_line' id='line_1_64' title="bbox 2225 2048 3742 2122; baseline -0.003 -15"><span class='ocrx_word' id='word_1_514' title='bbox 2225 2063 2327 2119; x_wconf 91' lang='lat' dir='ltr'><strong>est,</strong></span> <span class='ocrx_word' id='word_1_515' title='bbox 2361 2054 2596 2108; x_wconf 89' lang='lat' dir='ltr'><strong>medium</strong></span> <span class='ocrx_word' id='word_1_516' title='bbox 2630 2062 2993 2122; x_wconf 87' lang='lat' dir='ltr'><strong>nuncupatur.</strong></span> <span class='ocrx_word' id='word_1_517' title='bbox 3024 2052 3160 2106; x_wconf 86' lang='lat' dir='ltr'><strong>Nam</strong></span> <span class='ocrx_word' id='word_1_518' title='bbox 3194 2051 3334 2106; x_wconf 82' lang='lat' dir='ltr'><strong>hinc</strong></span> <span class='ocrx_word' id='word_1_519' title='bbox 3366 2050 3464 2115; x_wconf 89' lang='lat' dir='ltr'><strong>illi,</strong></span> <span class='ocrx_word' id='word_1_520' title='bbox 3500 2048 3621 2119; x_wconf 85' lang='lat' dir='ltr'><strong>quod</strong></span> <span class='ocrx_word' id='word_1_521' title='bbox 3637 2050 3742 2119; x_wconf 69' lang='lat' dir='ltr'><strong>hypa-</strong></span> 
     </span>
    </p>
   </div>
   <div class='ocr_carea' id='block_1_65' title="bbox 2228 2140 3743 2215">
    <p class='ocr_par' dir='ltr' id='par_1_65' title="bbox 2228 2140 3743 2215">
     <span class='ocr_line' id='line_1_65' title="bbox 2228 2140 3743 2215; baseline -0.005 -17"><span class='ocrx_word' id='word_1_522' title='bbox 2228 2153 2318 2199; x_wconf 89' lang='lat' dir='ltr'><strong>ton</strong></span> <span class='ocrx_word' id='word_1_523' title='bbox 2382 2144 2646 2211; x_wconf 80' lang='lat' dir='ltr'><strong>diximus,</strong></span> <span class='ocrx_word' id='word_1_524' title='bbox 2709 2143 3086 2215; x_wconf 83' lang='lat' dir='ltr'><strong>eonjungitur;</strong></span> <span class='ocrx_word' id='word_1_525' title='bbox 3154 2144 3291 2198; x_wconf 91' lang='lat' dir='ltr'><strong>hinc</strong></span> <span class='ocrx_word' id='word_1_526' title='bbox 3359 2158 3488 2196; x_wconf 88' lang='lat' dir='ltr'><strong>vero</strong></span> <span class='ocrx_word' id='word_1_527' title='bbox 3536 2140 3615 2204; x_wconf 89' lang='lat' dir='ltr'><strong>illi,</strong></span> <span class='ocrx_word' id='word_1_528' title='bbox 3652 2140 3743 2209; x_wconf 75' lang='lat' dir='ltr'><strong>quot</strong></span> 
     </span>
    </p>
   </div>
   <div class='ocr_carea' id='block_1_66' title="bbox 2226 2230 3740 2307">
    <p class='ocr_par' dir='ltr' id='par_1_66' title="bbox 2226 2230 3740 2307">
     <span class='ocr_line' id='line_1_66' title="bbox 2226 2230 3740 2307; baseline -0.006 -16"><span class='ocrx_word' id='word_1_529' title='bbox 2226 2240 2615 2307; x_wconf 80' lang='lat' dir='ltr'><strong>synemmendn</strong></span> <span class='ocrx_word' id='word_1_530' title='bbox 2642 2235 2862 2304; x_wconf 83' lang='lat' dir='ltr'><strong>dicitur,</strong></span> <span class='ocrx_word' id='word_1_531' title='bbox 2889 2234 3192 2304; x_wconf 85' lang='lat' dir='ltr'><strong>copulatur.</strong></span> <span class='ocrx_word' id='word_1_532' title='bbox 3230 2234 3613 2305; x_wconf 80' lang='lat' dir='ltr'><strong>Synemmeuon</strong></span> <span class='ocrx_word' id='word_1_533' title='bbox 3632 2230 3740 2294; x_wconf 84' lang='lat' dir='ltr'><strong>enim,</strong></span> 
     </span>
    </p>
   </div>
   <div class='ocr_carea' id='block_1_67' title="bbox 2226 2325 3743 2402">
    <p class='ocr_par' dir='ltr' id='par_1_67' title="bbox 2226 2325 3743 2402">
     <span class='ocr_line' id='line_1_67' title="bbox 2226 2325 3743 2402; baseline -0.007 -16"><span class='ocrx_word' id='word_1_534' title='bbox 2226 2331 2281 2386; x_wconf 87' lang='lat' dir='ltr'><strong>id</strong></span> <span class='ocrx_word' id='word_1_535' title='bbox 2306 2341 2411 2396; x_wconf 88' lang='lat' dir='ltr'><strong>est,</strong></span> <span class='ocrx_word' id='word_1_536' title='bbox 2458 2331 2832 2402; x_wconf 72' lang='lat' dir='ltr'><strong>coniunctum,</strong></span> <span class='ocrx_word' id='word_1_537' title='bbox 2882 2330 2981 2386; x_wconf 85' lang='lat' dir='ltr'><strong>sub</strong></span> <span class='ocrx_word' id='word_1_538' title='bbox 3011 2328 3054 2383; x_wconf 88' lang='grc'><strong>11</strong></span> <span class='ocrx_word' id='word_1_539' title='bbox 3086 2328 3108 2383; x_wconf 95' lang='lat' dir='ltr'><strong>l</strong></span> <span class='ocrx_word' id='word_1_540' title='bbox 3138 2328 3185 2382; x_wconf 84' lang='grc' dir='ltr'>Κ</span> <span class='ocrx_word' id='word_1_541' title='bbox 3216 2328 3286 2383; x_wconf 84' lang='lat' dir='ltr'><strong>L.</strong></span> <span class='ocrx_word' id='word_1_542' title='bbox 3312 2325 3743 2391; x_wconf 74' lang='lat' dir='ltr'><strong>continetur:quod</strong></span> 
     </span>
    </p>
   </div>
   <div class='ocr_carea' id='block_1_68' title="bbox 2228 2414 3740 2494">
    <p class='ocr_par' dir='ltr' id='par_1_68' title="bbox 2228 2414 3740 2494">
     <span class='ocr_line' id='line_1_68' title="bbox 2228 2414 3740 2494; baseline -0.007 -15"><span class='ocrx_word' id='word_1_543' title='bbox 2228 2424 2435 2480; x_wconf 89' lang='lat' dir='ltr'><strong>idcirco</strong></span> <span class='ocrx_word' id='word_1_544' title='bbox 2480 2425 2563 2481; x_wconf 85' lang='lat' dir='ltr'><strong>sic</strong></span> <span class='ocrx_word' id='word_1_545' title='bbox 2603 2433 2852 2489; x_wconf 84' lang='lat' dir='ltr'><strong>vocatur,</strong></span> <span class='ocrx_word' id='word_1_546' title='bbox 2898 2423 3044 2494; x_wconf 90' lang='lat' dir='ltr'><strong>quod</strong></span> <span class='ocrx_word' id='word_1_547' title='bbox 3101 2421 3293 2476; x_wconf 83' lang='lat' dir='ltr'><strong>medio</strong></span> <span class='ocrx_word' id='word_1_548' title='bbox 3338 2414 3740 2490; x_wconf 53' lang='lat' dir='ltr'><strong>conjungaturnd</strong></span> 
     </span>
    </p>
   </div>
   <div class='ocr_carea' id='block_1_69' title="bbox 2229 2502 3740 2589">
    <p class='ocr_par' dir='ltr' id='par_1_69' title="bbox 2229 2502 3740 2589">
     <span class='ocr_line' id='line_1_69' title="bbox 2229 2502 3740 2589; baseline -0.007 -17"><span class='ocrx_word' id='word_1_549' title='bbox 2229 2515 2589 2573; x_wconf 71' lang='lat' dir='ltr'><strong>diﬂ‘erentiam</strong></span> <span class='ocrx_word' id='word_1_550' title='bbox 2633 2514 2843 2573; x_wconf 90' lang='lat' dir='ltr'><strong>scilicet</strong></span> <span class='ocrx_word' id='word_1_551' title='bbox 2869 2514 3047 2589; x_wconf 85' lang='lat' dir='ltr'><strong>quarti</strong></span> <span class='ocrx_word' id='word_1_552' title='bbox 3078 2512 3127 2568; x_wconf 79' lang='lat' dir='ltr'><strong>Ill</strong></span> <span class='ocrx_word' id='word_1_553' title='bbox 3160 2502 3204 2567; x_wconf 81' lang='grc' dir='ltr'><strong>Ν</strong></span> <span class='ocrx_word' id='word_1_554' title='bbox 3235 2512 3283 2568; x_wconf 93' lang='grc' dir='ltr'>Ο</span> <span class='ocrx_word' id='word_1_555' title='bbox 3316 2511 3379 2566; x_wconf 87' lang='grc' dir='ltr'><strong>Ρ.</strong></span> <span class='ocrx_word' id='word_1_556' title='bbox 3413 2511 3543 2581; x_wconf 87' lang='lat' dir='ltr'><strong>quod</strong></span> <span class='ocrx_word' id='word_1_557' title='bbox 3569 2510 3740 2574; x_wconf 70' lang='lat' dir='ltr'><strong>diezeug-</strong></span> 
     </span>
    </p>
   </div>
   <div class='ocr_carea' id='block_1_70' title="bbox 2229 2599 3741 2679">
    <p class='ocr_par' dir='ltr' id='par_1_70' title="bbox 2229 2599 3741 2679">
     <span class='ocr_line' id='line_1_70' title="bbox 2229 2599 3741 2679; baseline -0.008 -14"><span class='ocrx_word' id='word_1_558' title='bbox 2229 2627 2447 2676; x_wconf 90' lang='lat' dir='ltr'><strong>menon,</strong></span> <span class='ocrx_word' id='word_1_559' title='bbox 2473 2611 2525 2665; x_wconf 90' lang='lat' dir='ltr'><strong>id</strong></span> <span class='ocrx_word' id='word_1_560' title='bbox 2555 2618 2659 2673; x_wconf 87' lang='lat' dir='ltr'><strong>est,</strong></span> <span class='ocrx_word' id='word_1_561' title='bbox 2704 2610 3038 2679; x_wconf 89' lang='lat' dir='ltr'><strong>disjunctum</strong></span> <span class='ocrx_word' id='word_1_562' title='bbox 3080 2606 3419 2678; x_wconf 86' lang='lat' dir='ltr'><strong>appellatur,</strong></span> <span class='ocrx_word' id='word_1_563' title='bbox 3446 2605 3561 2674; x_wconf 90' lang='lat' dir='ltr'><strong>quia</strong></span> <span class='ocrx_word' id='word_1_564' title='bbox 3582 2611 3676 2655; x_wconf 88' lang='lat' dir='ltr'><strong>tono</strong></span> <span class='ocrx_word' id='word_1_565' title='bbox 3692 2599 3741 2653; x_wconf 81' lang='lat' dir='ltr'><strong>in-</strong></span> 
     </span>
    </p>
   </div>
   <div class='ocr_carea' id='block_1_71' title="bbox 2231 2688 3740 2770">
    <p class='ocr_par' dir='ltr' id='par_1_71' title="bbox 2231 2688 3740 2770">
     <span class='ocr_line' id='line_1_71' title="bbox 2231 2688 3740 2770; baseline -0.01 -15"><span class='ocrx_word' id='word_1_566' title='bbox 2231 2700 2457 2770; x_wconf 86' lang='lat' dir='ltr'><strong>terjeclo</strong></span> <span class='ocrx_word' id='word_1_567' title='bbox 2486 2716 2515 2755; x_wconf 91' lang='lat' dir='ltr'><strong>a</strong></span> <span class='ocrx_word' id='word_1_568' title='bbox 2546 2698 2723 2755; x_wconf 82' lang='lat' dir='ltr'><strong>medio</strong></span> <span class='ocrx_word' id='word_1_569' title='bbox 2755 2701 3087 2769; x_wconf 88' lang='lat' dir='ltr'><strong>disparatur.</strong></span> <span class='ocrx_word' id='word_1_570' title='bbox 3138 2698 3407 2764; x_wconf 85' lang='lat' dir='ltr'><strong>Quintum</strong></span> <span class='ocrx_word' id='word_1_571' title='bbox 3455 2706 3627 2755; x_wconf 85' lang='lat' dir='ltr'><strong>autem,</strong></span> <span class='ocrx_word' id='word_1_572' title='bbox 3650 2688 3740 2758; x_wconf 83' lang='lat' dir='ltr'><strong>quod</strong></span> 
     </span>
    </p>
   </div>
   <div class='ocr_carea' id='block_1_72' title="bbox 2229 2780 3737 2862">
    <p class='ocr_par' dir='ltr' id='par_1_72' title="bbox 2229 2780 3737 2862">
     <span class='ocr_line' id='line_1_72' title="bbox 2229 2780 3737 2862; baseline -0.011 -15"><span class='ocrx_word' id='word_1_573' title='bbox 2229 2802 2313 2847; x_wconf 89' lang='lat' dir='ltr'><strong>est</strong></span> <span class='ocrx_word' id='word_1_574' title='bbox 2340 2792 2380 2847; x_wconf 88' lang='lat' dir='ltr'>P</span> <span class='ocrx_word' id='word_1_575' title='bbox 2406 2791 2450 2859; x_wconf 88' lang='lat' dir='ltr'>Q</span> <span class='ocrx_word' id='word_1_576' title='bbox 2474 2790 2519 2845; x_wconf 77' lang='lat' dir='ltr'><strong>R</strong></span> <span class='ocrx_word' id='word_1_577' title='bbox 2549 2789 2607 2846; x_wconf 90' lang='lat' dir='ltr'><strong>S.</strong></span> <span class='ocrx_word' id='word_1_578' title='bbox 2642 2789 3031 2862; x_wconf 79' lang='lat' dir='ltr'><strong>byperboleon.</strong></span> <span class='ocrx_word' id='word_1_579' title='bbox 3060 2789 3113 2843; x_wconf 84' lang='lat' dir='ltr'><strong>id</strong></span> <span class='ocrx_word' id='word_1_580' title='bbox 3147 2797 3256 2855; x_wconf 88' lang='lat' dir='ltr'><strong>est,</strong></span> <span class='ocrx_word' id='word_1_581' title='bbox 3312 2785 3568 2842; x_wconf 84' lang='lat' dir='ltr'><strong>excellens</strong></span> <span class='ocrx_word' id='word_1_582' title='bbox 3592 2780 3737 2839; x_wconf 84' lang='lat' dir='ltr'><strong>dicitur,</strong></span> 
     </span>
    </p>
   </div>
   <div class='ocr_carea' id='block_1_73' title="bbox 2230 2869 3739 2952">
    <p class='ocr_par' dir='ltr' id='par_1_73' title="bbox 2230 2869 3739 2952">
     <span class='ocr_line' id='line_1_73' title="bbox 2230 2869 3739 2952; baseline -0.01 -17"><span class='ocrx_word' id='word_1_583' title='bbox 2230 2884 2371 2952; x_wconf 91' lang='lat' dir='ltr'><strong>quod</strong></span> <span class='ocrx_word' id='word_1_584' title='bbox 2397 2883 2449 2937; x_wconf 93' lang='lat' dir='ltr'><strong>in</strong></span> <span class='ocrx_word' id='word_1_585' title='bbox 2482 2881 2821 2937; x_wconf 91' lang='lat' dir='ltr'><strong>acutioribus</strong></span> <span class='ocrx_word' id='word_1_586' title='bbox 2849 2890 2905 2937; x_wconf 91' lang='lat' dir='ltr'><strong>et</strong></span> <span class='ocrx_word' id='word_1_587' title='bbox 2930 2880 3136 2935; x_wconf 87' lang='lat' dir='ltr'><strong>idcirco</strong></span> <span class='ocrx_word' id='word_1_588' title='bbox 3173 2869 3739 2933; x_wconf 64' lang='lat' dir='ltr'><strong>excellentioribnsvoci</strong></span> 
     </span>
    </p>
   </div>
   <div class='ocr_carea' id='block_1_74' title="bbox 2230 2958 3739 3041">
    <p class='ocr_par' dir='ltr' id='par_1_74' title="bbox 2230 2958 3739 3041">
     <span class='ocr_line' id='line_1_74' title="bbox 2230 2958 3739 3041; baseline -0.012 -12"><span class='ocrx_word' id='word_1_589' title='bbox 2230 2974 2330 3029; x_wconf 89' lang='lat' dir='ltr'><strong>bus</strong></span> <span class='ocrx_word' id='word_1_590' title='bbox 2375 2972 2706 3027; x_wconf 88' lang='lat' dir='ltr'><strong>inveniatur.</strong></span> <span class='ocrx_word' id='word_1_591' title='bbox 2763 2971 2828 3026; x_wconf 86' lang='lat' dir='ltr'><strong>Et</strong></span> <span class='ocrx_word' id='word_1_592' title='bbox 2886 2971 3002 3028; x_wconf 81' lang='lat' dir='ltr'><strong>haec</strong></span> <span class='ocrx_word' id='word_1_593' title='bbox 3046 2970 3296 3041; x_wconf 89' lang='lat' dir='ltr'><strong>quinque</strong></span> <span class='ocrx_word' id='word_1_594' title='bbox 3344 2963 3645 3023; x_wconf 78' lang='lat' dir='ltr'><strong>tetrachorda</strong></span> <span class='ocrx_word' id='word_1_595' title='bbox 3666 2958 3739 3030; x_wconf 77' lang='lat' dir='ltr'><strong>pari</strong></span> 
     </span>
    </p>
   </div>
   <div class='ocr_carea' id='block_1_75' title="bbox 2233 3060 3602 3131">
    <p class='ocr_par' dir='ltr' id='par_1_75' title="bbox 2233 3060 3602 3131">
     <span class='ocr_line' id='line_1_75' title="bbox 2233 3060 3602 3131; baseline -0.01 -7"><span class='ocrx_word' id='word_1_596' title='bbox 2233 3069 2391 3124; x_wconf 89' lang='lat' dir='ltr'><strong>modo</strong></span> <span class='ocrx_word' id='word_1_597' title='bbox 2430 3067 2718 3123; x_wconf 89' lang='lat' dir='ltr'><strong>semitonio</strong></span> <span class='ocrx_word' id='word_1_598' title='bbox 2738 3076 2793 3121; x_wconf 92' lang='lat' dir='ltr'><strong>et</strong></span> <span class='ocrx_word' id='word_1_599' title='bbox 2817 3065 3027 3120; x_wconf 90' lang='lat' dir='ltr'><strong>duobus</strong></span> <span class='ocrx_word' id='word_1_600' title='bbox 3055 3064 3196 3119; x_wconf 88' lang='lat' dir='ltr'><strong>tonis</strong></span> <span class='ocrx_word' id='word_1_601' title='bbox 3241 3060 3602 3131; x_wconf 89' lang='lat' dir='ltr'><strong>adimplentur.</strong></span> 
     </span>
    </p>
   </div>
   <div class='ocr_carea' id='block_1_76' title="bbox 2300 3146 3739 3228">
    <p class='ocr_par' dir='ltr' id='par_1_76' title="bbox 2300 3146 3739 3228">
     <span class='ocr_line' id='line_1_76' title="bbox 2300 3146 3739 3228; baseline -0.014 -10"><span class='ocrx_word' id='word_1_602' title='bbox 2300 3163 2353 3218; x_wconf 85' lang='lat'><strong>6.</strong></span> <span class='ocrx_word' id='word_1_603' title='bbox 2376 3162 2505 3228; x_wconf 84' lang='lat' dir='ltr'><strong>Sed,</strong></span> <span class='ocrx_word' id='word_1_604' title='bbox 2520 3162 2604 3217; x_wconf 89' lang='lat' dir='ltr'><strong>his</strong></span> <span class='ocrx_word' id='word_1_605' title='bbox 2631 3162 2869 3217; x_wconf 86' lang='lat' dir='ltr'><strong>breviter</strong></span> <span class='ocrx_word' id='word_1_606' title='bbox 2892 3160 3094 3225; x_wconf 80' lang='lat' dir='ltr'><strong>libatis,</strong></span> <span class='ocrx_word' id='word_1_607' title='bbox 3119 3159 3185 3212; x_wconf 88' lang='lat' dir='ltr'><strong>ad</strong></span> <span class='ocrx_word' id='word_1_608' title='bbox 3207 3154 3601 3213; x_wconf 73' lang='lat' dir='ltr'><strong>consonantiam</strong></span> <span class='ocrx_word' id='word_1_609' title='bbox 3621 3146 3739 3201; x_wconf 76' lang='lat' dir='ltr'><strong>venia-</strong></span> 
     </span>
    </p>
   </div>
   <div class='ocr_carea' id='block_1_77' title="bbox 2231 3248 3737 3310">
    <p class='ocr_par' dir='ltr' id='par_1_77' title="bbox 2231 3248 3737 3310">
     <span class='ocr_line' id='line_1_77' title="bbox 2231 3248 3737 3310; baseline -0.015 0"><span class='ocrx_word' id='word_1_610' title='bbox 2231 3254 2371 3310; x_wconf 85' lang='lat' dir='ltr'><strong>mus.</strong></span> <span class='ocrx_word' id='word_1_611' title='bbox 2402 3252 2771 3309; x_wconf 76' lang='lat' dir='ltr'><strong>ConSon’antia</strong></span> <span class='ocrx_word' id='word_1_612' title='bbox 2816 3260 2901 3306; x_wconf 91' lang='lat' dir='ltr'><strong>est</strong></span> <span class='ocrx_word' id='word_1_613' title='bbox 2943 3250 3289 3305; x_wconf 87' lang='lat' dir='ltr'><strong>diversarum</strong></span> <span class='ocrx_word' id='word_1_614' title='bbox 3321 3261 3507 3303; x_wconf 83' lang='lat' dir='ltr'><strong>vocum</strong></span> <span class='ocrx_word' id='word_1_615' title='bbox 3530 3248 3737 3299; x_wconf 81' lang='lat' dir='ltr'><strong>concentus</strong></span> 
     </span>
    </p>
   </div>
   <div class='ocr_carea' id='block_1_78' title="bbox 2233 3328 3735 3401">
    <p class='ocr_par' dir='ltr' id='par_1_78' title="bbox 2233 3328 3735 3401">
     <span class='ocr_line' id='line_1_78' title="bbox 2233 3328 3735 3401; baseline -0.009 -1"><span class='ocrx_word' id='word_1_616' title='bbox 2233 3346 2470 3401; x_wconf 87' lang='lat' dir='ltr'><strong>suaviter</strong></span> <span class='ocrx_word' id='word_1_617' title='bbox 2513 3354 2567 3400; x_wconf 91' lang='lat' dir='ltr'><strong>et</strong></span> <span class='ocrx_word' id='word_1_618' title='bbox 2617 3343 2964 3399; x_wconf 84' lang='lat' dir='ltr'><strong>uniformiler</strong></span> <span class='ocrx_word' id='word_1_619' title='bbox 2995 3342 3257 3397; x_wconf 88' lang='lat' dir='ltr'><strong>accidens</strong></span> <span class='ocrx_word' id='word_1_620' title='bbox 3304 3339 3540 3401; x_wconf 89' lang='lat' dir='ltr'><strong>auribus,</strong></span> <span class='ocrx_word' id='word_1_621' title='bbox 3569 3342 3614 3388; x_wconf 87' lang='lat' dir='ltr'><strong>ut</strong></span> <span class='ocrx_word' id='word_1_622' title='bbox 3647 3331 3677 3385; x_wconf 86' lang='lat' dir='ltr'><strong>si</strong></span> <span class='ocrx_word' id='word_1_623' title='bbox 3704 3328 3735 3380; x_wconf 85' lang='lat' dir='ltr'><strong>in</strong></span> 
     </span>
    </p>
   </div>
   <div class='ocr_carea' id='block_1_79' title="bbox 2234 3425 3734 3507">
    <p class='ocr_par' dir='ltr' id='par_1_79' title="bbox 2234 3425 3734 3507">
     <span class='ocr_line' id='line_1_79' title="bbox 2234 3425 3734 3507; baseline -0.015 -13"><span class='ocrx_word' id='word_1_624' title='bbox 2234 3439 2335 3494; x_wconf 89' lang='lat' dir='ltr'><strong>lira</strong></span> <span class='ocrx_word' id='word_1_625' title='bbox 2366 3438 2451 3493; x_wconf 91' lang='lat' dir='ltr'><strong>vel</strong></span> <span class='ocrx_word' id='word_1_626' title='bbox 2493 3435 2601 3492; x_wconf 91' lang='lat' dir='ltr'><strong>alio</strong></span> <span class='ocrx_word' id='word_1_627' title='bbox 2645 3436 2826 3507; x_wconf 86' lang='lat' dir='ltr'><strong>aliquo</strong></span> <span class='ocrx_word' id='word_1_628' title='bbox 2869 3435 3077 3490; x_wconf 90' lang='lat' dir='ltr'><strong>musico</strong></span> <span class='ocrx_word' id='word_1_629' title='bbox 3130 3434 3494 3488; x_wconf 89' lang='lat' dir='ltr'><strong>instrumento</strong></span> <span class='ocrx_word' id='word_1_630' title='bbox 3536 3425 3734 3492; x_wconf 69' lang='lat' dir='ltr'><strong>diligenter</strong></span> 
     </span>
    </p>
   </div>
   <div class='ocr_carea' id='block_1_80' title="bbox 2236 3526 3734 3597">
    <p class='ocr_par' dir='ltr' id='par_1_80' title="bbox 2236 3526 3734 3597">
     <span class='ocr_line' id='line_1_80' title="bbox 2236 3526 3734 3597; baseline -0.011 -10"><span class='ocrx_word' id='word_1_631' title='bbox 2236 3531 2405 3587; x_wconf 91' lang='lat' dir='ltr'><strong>tensis</strong></span> <span class='ocrx_word' id='word_1_632' title='bbox 2428 3539 2482 3586; x_wconf 91' lang='lat' dir='ltr'><strong>et</strong></span> <span class='ocrx_word' id='word_1_633' title='bbox 2507 3529 2753 3585; x_wconf 88' lang='lat' dir='ltr'><strong>remissis</strong></span> <span class='ocrx_word' id='word_1_634' title='bbox 2795 3528 3001 3593; x_wconf 84' lang='lat' dir='ltr'><strong>nervis,</strong></span> <span class='ocrx_word' id='word_1_635' title='bbox 3036 3526 3271 3597; x_wconf 87' lang='lat' dir='ltr'><strong>primam</strong></span> <span class='ocrx_word' id='word_1_636' title='bbox 3321 3533 3377 3579; x_wconf 89' lang='lat' dir='ltr'><strong>et</strong></span> <span class='ocrx_word' id='word_1_637' title='bbox 3424 3531 3649 3592; x_wconf 84' lang='lat' dir='ltr'><strong>quartam,</strong></span> <span class='ocrx_word' id='word_1_638' title='bbox 3678 3527 3734 3566; x_wconf 72' lang='lat' dir='ltr'><strong>scit</strong></span> 
     </span>
    </p>
   </div>
   <div class='ocr_carea' id='block_1_81' title="bbox 2234 3598 3733 3694">
    <p class='ocr_par' dir='ltr' id='par_1_81' title="bbox 2234 3598 3733 3694">
     <span class='ocr_line' id='line_1_81' title="bbox 2234 3598 3733 3694; baseline -0.016 -16"><span class='ocrx_word' id='word_1_639' title='bbox 2234 3622 2465 3694; x_wconf 89' lang='lat' dir='ltr'><strong>primam</strong></span> <span class='ocrx_word' id='word_1_640' title='bbox 2490 3631 2543 3677; x_wconf 92' lang='lat' dir='ltr'><strong>et</strong></span> <span class='ocrx_word' id='word_1_641' title='bbox 2564 3621 2825 3691; x_wconf 89' lang='lat' dir='ltr'><strong>quintam,</strong></span> <span class='ocrx_word' id='word_1_642' title='bbox 2874 3619 2961 3674; x_wconf 87' lang='lat' dir='ltr'><strong>vel</strong></span> <span class='ocrx_word' id='word_1_643' title='bbox 3008 3618 3242 3688; x_wconf 83' lang='lat' dir='ltr'><strong>primam</strong></span> <span class='ocrx_word' id='word_1_644' title='bbox 3305 3625 3361 3671; x_wconf 90' lang='lat' dir='ltr'><strong>et</strong></span> <span class='ocrx_word' id='word_1_645' title='bbox 3387 3622 3602 3668; x_wconf 80' lang='lat' dir='ltr'><strong>octavam</strong></span> <span class='ocrx_word' id='word_1_646' title='bbox 3632 3598 3733 3658; x_wconf 73' lang='lat' dir='ltr'><strong>simul</strong></span> 
     </span>
    </p>
   </div>
   <div class='ocr_carea' id='block_1_82' title="bbox 2236 3692 3735 3783">
    <p class='ocr_par' dir='ltr' id='par_1_82' title="bbox 2236 3692 3735 3783">
     <span class='ocr_line' id='line_1_82' title="bbox 2236 3692 3735 3783; baseline -0.014 -13"><span class='ocrx_word' id='word_1_647' title='bbox 2236 3714 2402 3771; x_wconf 82' lang='lat' dir='ltr'><strong>ferias</strong></span> <span class='ocrx_word' id='word_1_648' title='bbox 2430 3729 2618 3769; x_wconf 89' lang='lat' dir='ltr'><strong>vocem</strong></span> <span class='ocrx_word' id='word_1_649' title='bbox 2646 3728 2660 3767; x_wconf 92' lang='lat'><strong>:</strong></span> <span class='ocrx_word' id='word_1_650' title='bbox 2698 3727 2927 3783; x_wconf 90' lang='lat' dir='ltr'><strong>quarum</strong></span> <span class='ocrx_word' id='word_1_651' title='bbox 2956 3710 3156 3781; x_wconf 88' lang='lat' dir='ltr'><strong>prima,</strong></span> <span class='ocrx_word' id='word_1_652' title='bbox 3183 3723 3309 3778; x_wconf 61' lang='lat' dir='ltr'><strong>quae</strong></span> <span class='ocrx_word' id='word_1_653' title='bbox 3358 3715 3412 3761; x_wconf 90' lang='lat' dir='ltr'><strong>et</strong></span> <span class='ocrx_word' id='word_1_654' title='bbox 3436 3701 3639 3759; x_wconf 80' lang='lat' dir='ltr'><strong>minima,</strong></span> <span class='ocrx_word' id='word_1_655' title='bbox 3662 3692 3735 3745; x_wconf 66' lang='lat' dir='ltr'><strong>dir</strong></span> 
     </span>
    </p>
   </div>
   <div class='ocr_carea' id='block_1_83' title="bbox 2238 3785 3730 3871">
    <p class='ocr_par' dir='ltr' id='par_1_83' title="bbox 2238 3785 3730 3871">
     <span class='ocr_line' id='line_1_83' title="bbox 2238 3785 3730 3871; baseline -0.011 -9"><span class='ocrx_word' id='word_1_656' title='bbox 2238 3816 2485 3864; x_wconf 89' lang='lat' dir='ltr'><strong>tessaron</strong></span> <span class='ocrx_word' id='word_1_657' title='bbox 2531 3802 2760 3870; x_wconf 88' lang='lat' dir='ltr'><strong>dicitur;</strong></span> <span class='ocrx_word' id='word_1_658' title='bbox 2803 3803 3040 3859; x_wconf 89' lang='lat' dir='ltr'><strong>secunda</strong></span> <span class='ocrx_word' id='word_1_659' title='bbox 3112 3802 3398 3871; x_wconf 87' lang='lat' dir='ltr'><strong>diapente,</strong></span> <span class='ocrx_word' id='word_1_660' title='bbox 3449 3806 3558 3851; x_wconf 92' lang='lat' dir='ltr'><strong>tono</strong></span> <span class='ocrx_word' id='word_1_661' title='bbox 3600 3785 3730 3853; x_wconf 62' lang='lat' dir='ltr'><strong>major;</strong></span> 
     </span>
    </p>
   </div>
   <div class='ocr_carea' id='block_1_84' title="bbox 2239 3885 3733 3963">
    <p class='ocr_par' dir='ltr' id='par_1_84' title="bbox 2239 3885 3733 3963">
     <span class='ocr_line' id='line_1_84' title="bbox 2239 3885 3733 3963; baseline -0.005 -10"><span class='ocrx_word' id='word_1_662' title='bbox 2239 3899 2398 3954; x_wconf 90' lang='lat' dir='ltr'><strong>tertia</strong></span> <span class='ocrx_word' id='word_1_663' title='bbox 2446 3913 2514 3953; x_wconf 82' lang='lat' dir='ltr'><strong>ex</strong></span> <span class='ocrx_word' id='word_1_664' title='bbox 2562 3897 2646 3952; x_wconf 85' lang='lat' dir='ltr'><strong>bis</strong></span> <span class='ocrx_word' id='word_1_665' title='bbox 2689 3895 2900 3951; x_wconf 88' lang='lat' dir='ltr'><strong>duabus</strong></span> <span class='ocrx_word' id='word_1_666' title='bbox 2949 3902 3230 3963; x_wconf 88' lang='lat' dir='ltr'><strong>compacta</strong></span> <span class='ocrx_word' id='word_1_667' title='bbox 3285 3892 3553 3959; x_wconf 73' lang='lat' dir='ltr'><strong>diapason;</strong></span> <span class='ocrx_word' id='word_1_668' title='bbox 3610 3885 3733 3948; x_wconf 68' lang='grc' dir='ltr'><strong>ςυπει</strong></span> 
     </span>
    </p>
   </div>
   <div class='ocr_carea' id='block_1_85' title="bbox 2241 3965 3731 4059">
    <p class='ocr_par' dir='ltr' id='par_1_85' title="bbox 2241 3965 3731 4059">
     <span class='ocr_line' id='line_1_85' title="bbox 2241 3965 3731 4059; baseline -0.017 -12"><span class='ocrx_word' id='word_1_669' title='bbox 2241 3989 2495 4059; x_wconf 86' lang='lat' dir='ltr'><strong>diapason</strong></span> <span class='ocrx_word' id='word_1_670' title='bbox 2529 3998 2585 4043; x_wconf 89' lang='lat' dir='ltr'><strong>et</strong></span> <span class='ocrx_word' id='word_1_671' title='bbox 2609 3986 2888 4055; x_wconf 86' lang='lat' dir='ltr'><strong>diapente;</strong></span> <span class='ocrx_word' id='word_1_672' title='bbox 2933 3986 3121 4056; x_wconf 87' lang='lat' dir='ltr'><strong>quinta</strong></span> <span class='ocrx_word' id='word_1_673' title='bbox 3157 3983 3241 4038; x_wconf 88' lang='lat' dir='ltr'><strong>bis</strong></span> <span class='ocrx_word' id='word_1_674' title='bbox 3300 3983 3558 4050; x_wconf 86' lang='lat' dir='ltr'><strong>diapason,</strong></span> <span class='ocrx_word' id='word_1_675' title='bbox 3584 3965 3731 4059; x_wconf 79' lang='lat' dir='ltr'><strong>vel</strong></span> 
     </span>
    </p>
   </div>
   <div class='ocr_carea' id='block_1_86' title="bbox 2242 4057 3733 4152">
    <p class='ocr_par' dir='ltr' id='par_1_86' title="bbox 2242 4057 3733 4152">
     <span class='ocr_line' id='line_1_86' title="bbox 2242 4057 3733 4152; baseline -0.017 -13"><span class='ocrx_word' id='word_1_676' title='bbox 2242 4057 2520 4152; x_wconf 81' lang='lat' dir='ltr'><strong>diapason.</strong></span> <span class='ocrx_word' id='word_1_677' title='bbox 2553 4079 2758 4148; x_wconf 85' lang='lat' dir='ltr'><strong>Quibus</strong></span> <span class='ocrx_word' id='word_1_678' title='bbox 2789 4079 2833 4134; x_wconf 91' lang='lat' dir='ltr'><strong>si</strong></span> <span class='ocrx_word' id='word_1_679' title='bbox 2859 4078 3156 4135; x_wconf 90' lang='lat' dir='ltr'><strong>secundum</strong></span> <span class='ocrx_word' id='word_1_680' title='bbox 3183 4074 3458 4131; x_wconf 78' lang='lat' dir='ltr'><strong>Ptolomaei</strong></span> <span class='ocrx_word' id='word_1_681' title='bbox 3506 4057 3733 4152; x_wconf 69' lang='lat' dir='ltr'><strong>rationabile</strong></span> 
     </span>
    </p>
   </div>
   <div class='ocr_carea' id='block_1_87' title="bbox 2236 4150 3731 4242">
    <p class='ocr_par' dir='ltr' id='par_1_87' title="bbox 2236 4150 3731 4242">
     <span class='ocr_line' id='line_1_87' title="bbox 2236 4150 3731 4242; baseline -0.01 -14"><span class='ocrx_word' id='word_1_682' title='bbox 2236 4150 2496 4242; x_wconf 87' lang='lat' dir='ltr'><strong>judicium</strong></span> <span class='ocrx_word' id='word_1_683' title='bbox 2528 4173 2786 4241; x_wconf 90' lang='lat' dir='ltr'><strong>diapason</strong></span> <span class='ocrx_word' id='word_1_684' title='bbox 2808 4179 2862 4225; x_wconf 91' lang='lat' dir='ltr'><strong>et</strong></span> <span class='ocrx_word' id='word_1_685' title='bbox 2889 4170 3233 4225; x_wconf 86' lang='lat' dir='ltr'><strong>diatessaron</strong></span> <span class='ocrx_word' id='word_1_686' title='bbox 3253 4164 3501 4238; x_wconf 83' lang='lat' dir='ltr'><strong>adjicias;</strong></span> <span class='ocrx_word' id='word_1_687' title='bbox 3524 4172 3599 4215; x_wconf 77' lang='lat' dir='ltr'><strong>sex</strong></span> <span class='ocrx_word' id='word_1_688' title='bbox 3626 4150 3731 4242; x_wconf 41' lang='lat' dir='ltr'><strong>belli?</strong></span> 
     </span>
    </p>
   </div>
   <div class='ocr_carea' id='block_1_88' title="bbox 2242 4239 3733 4321">
    <p class='ocr_par' dir='ltr' id='par_1_88' title="bbox 2242 4239 3733 4321">
     <span class='ocr_line' id='line_1_88' title="bbox 2242 4239 3733 4321; baseline -0.011 0"><span class='ocrx_word' id='word_1_689' title='bbox 2242 4266 2327 4321; x_wconf 89' lang='lat' dir='ltr'><strong>bis</strong></span> <span class='ocrx_word' id='word_1_690' title='bbox 2356 4265 2757 4320; x_wconf 87' lang='lat' dir='ltr'><strong>consonantias.</strong></span> <span class='ocrx_word' id='word_1_691' title='bbox 2790 4263 2895 4318; x_wconf 89' lang='lat' dir='ltr'><strong>Sed</strong></span> <span class='ocrx_word' id='word_1_692' title='bbox 2924 4278 3049 4318; x_wconf 92' lang='lat' dir='ltr'><strong>cum</strong></span> <span class='ocrx_word' id='word_1_693' title='bbox 3080 4264 3194 4317; x_wconf 72' lang='lat' dir='ltr'><strong>haec</strong></span> <span class='ocrx_word' id='word_1_694' title='bbox 3222 4269 3279 4316; x_wconf 90' lang='lat' dir='ltr'><strong>et</strong></span> <span class='ocrx_word' id='word_1_695' title='bbox 3300 4272 3488 4315; x_wconf 91' lang='lat' dir='ltr'><strong>nomen</strong></span> <span class='ocrx_word' id='word_1_696' title='bbox 3526 4260 3571 4307; x_wconf 89' lang='lat' dir='ltr'><strong>et</strong></span> <span class='ocrx_word' id='word_1_697' title='bbox 3607 4239 3733 4301; x_wconf 68' lang='lat' dir='ltr'><strong>difﬁni‘</strong></span> 
     </span>
    </p>
   </div>
   <div class='ocr_carea' id='block_1_89' title="bbox 2246 4329 3731 4425">
    <p class='ocr_par' dir='ltr' id='par_1_89' title="bbox 2246 4329 3731 4425">
     <span class='ocr_line' id='line_1_89' title="bbox 2246 4329 3731 4425; baseline -0.01 -18"><span class='ocrx_word' id='word_1_698' title='bbox 2246 4355 2447 4410; x_wconf 90' lang='lat' dir='ltr'><strong>tionem</strong></span> <span class='ocrx_word' id='word_1_699' title='bbox 2496 4355 2577 4408; x_wconf 90' lang='lat' dir='ltr'><strong>sui</strong></span> <span class='ocrx_word' id='word_1_700' title='bbox 2624 4354 2839 4425; x_wconf 81' lang='lat' dir='ltr'><strong>generis</strong></span> <span class='ocrx_word' id='word_1_701' title='bbox 2886 4353 3132 4423; x_wconf 89' lang='lat' dir='ltr'><strong>recipiat,</strong></span> <span class='ocrx_word' id='word_1_702' title='bbox 3178 4366 3280 4406; x_wconf 92' lang='lat' dir='ltr'><strong>cur</strong></span> <span class='ocrx_word' id='word_1_703' title='bbox 3328 4344 3620 4403; x_wconf 82' lang='lat' dir='ltr'><strong>excludatur,</strong></span> <span class='ocrx_word' id='word_1_704' title='bbox 3644 4329 3731 4388; x_wconf 62' lang='lat' dir='ltr'><strong>r1150</strong></span> 
     </span>
    </p>
   </div>
   <div class='ocr_carea' id='block_1_90' title="bbox 554 4426 2128 4520">
    <p class='ocr_par' dir='ltr' id='par_1_90' title="bbox 554 4428 2128 4507">
     <span class='ocr_line' id='line_1_90' title="bbox 554 4428 2128 4507; baseline -0.006 -15"><span class='ocrx_word' id='word_1_705' title='bbox 554 4439 681 4492; x_wconf 85' lang='lat' dir='ltr'><strong>trite</strong></span> <span class='ocrx_word' id='word_1_706' title='bbox 728 4450 1140 4507; x_wconf 91' lang='lat' dir='ltr'><strong>synemmenon,</strong></span> <span class='ocrx_word' id='word_1_707' title='bbox 1190 4434 1253 4489; x_wconf 85' lang='lat' dir='ltr'><strong>K.</strong></span> <span class='ocrx_word' id='word_1_708' title='bbox 1318 4442 1577 4503; x_wconf 89' lang='lat' dir='ltr'><strong>paranete</strong></span> <span class='ocrx_word' id='word_1_709' title='bbox 1625 4445 2033 4504; x_wconf 89' lang='lat' dir='ltr'><strong>synemmenon,</strong></span> <span class='ocrx_word' id='word_1_710' title='bbox 2076 4428 2128 4483; x_wconf 69' lang='grc'><strong>1.⁴</strong></span> 
     </span>
    </p>
   </div>
   <div class='ocr_carea' id='block_1_91' title="bbox 2230 4426 3728 4520">
    <p class='ocr_par' dir='ltr' id='par_1_91' title="bbox 2247 4426 3728 4520">
     <span class='ocr_line' id='line_1_91' title="bbox 2247 4426 3728 4520; baseline -0.014 -18"><span class='ocrx_word' id='word_1_711' title='bbox 2247 4463 2352 4503; x_wconf 91' lang='grc' dir='ltr'>ιιοιι</span> <span class='ocrx_word' id='word_1_712' title='bbox 2384 4455 2656 4517; x_wconf 88' lang='lat' dir='ltr'><strong>apportat.</strong></span> <span class='ocrx_word' id='word_1_713' title='bbox 2690 4444 2825 4499; x_wconf 86' lang='lat' dir='ltr'><strong>Nam</strong></span> <span class='ocrx_word' id='word_1_714' title='bbox 2857 4445 2902 4499; x_wconf 89' lang='lat' dir='ltr'><strong>si</strong></span> <span class='ocrx_word' id='word_1_715' title='bbox 2933 4450 3106 4514; x_wconf 89' lang='lat' dir='ltr'><strong>equus</strong></span> <span class='ocrx_word' id='word_1_716' title='bbox 3139 4442 3225 4498; x_wconf 84' lang='lat' dir='ltr'><strong>est</strong></span> <span class='ocrx_word' id='word_1_717' title='bbox 3259 4436 3543 4497; x_wconf 81' lang='lat' dir='ltr'><strong>substantia</strong></span> <span class='ocrx_word' id='word_1_718' title='bbox 3569 4426 3728 4520; x_wconf 40' lang='lat' dir='ltr'><strong>anim-tl!</strong></span> 
     </span>
    </p>
   </div>
   <div class='ocr_carea' id='block_1_92' title="bbox 553 4521 2142 4597">
    <p class='ocr_par' dir='ltr' id='par_1_92' title="bbox 553 4521 2142 4597">
     <span class='ocr_line' id='line_1_92' title="bbox 553 4521 2142 4597; baseline -0.005 -15"><span class='ocrx_word' id='word_1_719' title='bbox 553 4536 677 4582; x_wconf 90' lang='lat' dir='ltr'><strong>nete</strong></span> <span class='ocrx_word' id='word_1_720' title='bbox 714 4540 1126 4597; x_wconf 89' lang='lat' dir='ltr'><strong>synemmenon,</strong></span> <span class='ocrx_word' id='word_1_721' title='bbox 1162 4523 1232 4578; x_wconf 81' lang='grc' dir='ltr'><strong>Μ.</strong></span> <span class='ocrx_word' id='word_1_722' title='bbox 1270 4539 1569 4594; x_wconf 87' lang='lat' dir='ltr'><strong>paramese,</strong></span> <span class='ocrx_word' id='word_1_723' title='bbox 1610 4523 1676 4577; x_wconf 85' lang='lat' dir='ltr'><strong>N.</strong></span> <span class='ocrx_word' id='word_1_724' title='bbox 1728 4522 1853 4577; x_wconf 88' lang='lat' dir='ltr'><strong>trite</strong></span> <span class='ocrx_word' id='word_1_725' title='bbox 1892 4521 2142 4591; x_wconf 85' lang='lat' dir='ltr'><strong>diezeug-</strong></span> 
     </span>
    </p>
   </div>
   <div class='ocr_carea' id='block_1_93' title="bbox 553 4613 2144 4696">
    <p class='ocr_par' dir='ltr' id='par_1_93' title="bbox 553 4613 2144 4696">
     <span class='ocr_line' id='line_1_93' title="bbox 553 4613 2144 4696; baseline -0.003 -22"><span class='ocrx_word' id='word_1_726' title='bbox 553 4636 773 4686; x_wconf 89' lang='lat' dir='ltr'><strong>menon,</strong></span> <span class='ocrx_word' id='word_1_727' title='bbox 830 4618 895 4675; x_wconf 89' lang='grc' dir='ltr'><strong>Ο.</strong></span> <span class='ocrx_word' id='word_1_728' title='bbox 951 4625 1209 4689; x_wconf 88' lang='lat' dir='ltr'><strong>paranete</strong></span> <span class='ocrx_word' id='word_1_729' title='bbox 1264 4617 1710 4696; x_wconf 75' lang='lat' dir='ltr'><strong>diezeugmenop,</strong></span> <span class='ocrx_word' id='word_1_730' title='bbox 1758 4614 1818 4669; x_wconf 86' lang='lat' dir='ltr'><strong>P.</strong></span> <span class='ocrx_word' id='word_1_731' title='bbox 1863 4622 1988 4668; x_wconf 89' lang='lat' dir='ltr'><strong>nete</strong></span> <span class='ocrx_word' id='word_1_732' title='bbox 2030 4613 2144 4669; x_wconf 87' lang='lat' dir='ltr'><strong>die-</strong></span> 
     </span>
    </p>
   </div>
   <div class='ocr_carea' id='block_1_94' title="bbox 554 4703 2144 4780">
    <p class='ocr_par' dir='ltr' id='par_1_94' title="bbox 554 4703 2144 4780">
     <span class='ocr_line' id='line_1_94' title="bbox 554 4703 2144 4780; baseline -0.006 -16"><span class='ocrx_word' id='word_1_733' title='bbox 554 4725 912 4780; x_wconf 77' lang='lat' dir='ltr'><strong>zeugmenon,</strong></span> <span class='ocrx_word' id='word_1_734' title='bbox 945 4707 1009 4776; x_wconf 87' lang='lat' dir='ltr'><strong>Q.</strong></span> <span class='ocrx_word' id='word_1_735' title='bbox 1039 4709 1163 4763; x_wconf 87' lang='lat' dir='ltr'><strong>trite</strong></span> <span class='ocrx_word' id='word_1_736' title='bbox 1190 4706 1582 4780; x_wconf 84' lang='lat' dir='ltr'><strong>ltyperboleon,</strong></span> <span class='ocrx_word' id='word_1_737' title='bbox 1631 4704 1695 4759; x_wconf 83' lang='lat' dir='ltr'><strong>R.</strong></span> <span class='ocrx_word' id='word_1_738' title='bbox 1742 4712 1999 4775; x_wconf 90' lang='lat' dir='ltr'><strong>paranete</strong></span> <span class='ocrx_word' id='word_1_739' title='bbox 2045 4703 2144 4774; x_wconf 86' lang='lat' dir='ltr'><strong>hy-</strong></span> 
     </span>
    </p>
   </div>
   <div class='ocr_carea' id='block_1_95' title="bbox 552 4795 2144 4870">
    <p class='ocr_par' dir='ltr' id='par_1_95' title="bbox 552 4795 2144 4870">
     <span class='ocr_line' id='line_1_95' title="bbox 552 4795 2144 4870; baseline -0.005 -17"><span class='ocrx_word' id='word_1_740' title='bbox 552 4799 865 4870; x_wconf 88' lang='lat' dir='ltr'><strong>perboleon,</strong></span> <span class='ocrx_word' id='word_1_741' title='bbox 891 4796 949 4852; x_wconf 91' lang='lat' dir='ltr'><strong>S.</strong></span> <span class='ocrx_word' id='word_1_742' title='bbox 980 4808 1104 4853; x_wconf 89' lang='lat' dir='ltr'><strong>nete</strong></span> <span class='ocrx_word' id='word_1_743' title='bbox 1126 4796 1511 4869; x_wconf 90' lang='lat' dir='ltr'><strong>byperboleon.</strong></span> <span class='ocrx_word' id='word_1_744' title='bbox 1552 4795 1617 4850; x_wconf 87' lang='lat' dir='ltr'><strong>Et</strong></span> <span class='ocrx_word' id='word_1_745' title='bbox 1642 4796 1755 4850; x_wconf 79' lang='lat' dir='ltr'><strong>haec</strong></span> <span class='ocrx_word' id='word_1_746' title='bbox 1784 4802 1911 4849; x_wconf 92' lang='lat' dir='ltr'><strong>sunt</strong></span> <span class='ocrx_word' id='word_1_747' title='bbox 1956 4807 2144 4847; x_wconf 88' lang='lat' dir='ltr'><strong>earum</strong></span> 
     </span>
    </p>
   </div>
   <div class='ocr_carea' id='block_1_96' title="bbox 555 4884 2144 4959">
    <p class='ocr_par' dir='ltr' id='par_1_96' title="bbox 555 4884 2144 4959">
     <span class='ocr_line' id='line_1_96' title="bbox 555 4884 2144 4959; baseline -0.005 -14"><span class='ocrx_word' id='word_1_748' title='bbox 555 4891 1044 4959; x_wconf 88' lang='lat' dir='ltr'><strong>nomina,quarum</strong></span> <span class='ocrx_word' id='word_1_749' title='bbox 1062 4888 1388 4943; x_wconf 89' lang='lat' dir='ltr'><strong>inventionis</strong></span> <span class='ocrx_word' id='word_1_750' title='bbox 1407 4886 1651 4943; x_wconf 90' lang='lat' dir='ltr'><strong>ordinem</strong></span> <span class='ocrx_word' id='word_1_751' title='bbox 1679 4894 1734 4941; x_wconf 91' lang='lat' dir='ltr'><strong>et</strong></span> <span class='ocrx_word' id='word_1_752' title='bbox 1762 4884 2144 4940; x_wconf 88' lang='lat' dir='ltr'><strong>vocabulorum</strong></span> 
     </span>
    </p>
   </div>
   <div class='ocr_carea' id='block_1_97' title="bbox 560 4976 2141 5047">
    <p class='ocr_par' dir='ltr' id='par_1_97' title="bbox 560 4976 2141 5047">
     <span class='ocr_line' id='line_1_97' title="bbox 560 4976 2141 5047; baseline -0.006 -10"><span class='ocrx_word' id='word_1_753' title='bbox 560 4983 825 5039; x_wconf 88' lang='lat' dir='ltr'><strong>rationem</strong></span> <span class='ocrx_word' id='word_1_754' title='bbox 854 4991 908 5035; x_wconf 91' lang='lat' dir='ltr'><strong>et</strong></span> <span class='ocrx_word' id='word_1_755' title='bbox 940 4981 1155 5036; x_wconf 86' lang='lat' dir='ltr'><strong>Boetius</strong></span> <span class='ocrx_word' id='word_1_756' title='bbox 1184 4980 1237 5034; x_wconf 90' lang='lat' dir='ltr'><strong>in</strong></span> <span class='ocrx_word' id='word_1_757' title='bbox 1274 4979 1476 5033; x_wconf 81' lang='lat' dir='ltr'><strong>Musica</strong></span> <span class='ocrx_word' id='word_1_758' title='bbox 1508 4976 1816 5047; x_wconf 90' lang='lat' dir='ltr'><strong>plenissime</strong></span> <span class='ocrx_word' id='word_1_759' title='bbox 1837 4976 2141 5045; x_wconf 82' lang='lat' dir='ltr'><strong>exequitur.</strong></span> 
     </span>
    </p>
   </div>
   <div class='ocr_carea' id='block_1_98' title="bbox 560 5054 2145 5142">
    <p class='ocr_par' dir='ltr' id='par_1_98' title="bbox 560 5054 2145 5142">
     <span class='ocr_line' id='line_1_98' title="bbox 560 5054 2145 5142; baseline -0.003 -18"><span class='ocrx_word' id='word_1_760' title='bbox 560 5072 691 5138; x_wconf 68' lang='lat' dir='ltr'><strong>Quae</strong></span> <span class='ocrx_word' id='word_1_761' title='bbox 742 5066 921 5137; x_wconf 83' lang='lat' dir='ltr'><strong>nobis,</strong></span> <span class='ocrx_word' id='word_1_762' title='bbox 946 5072 1201 5142; x_wconf 89' lang='lat' dir='ltr'><strong>quoniam</strong></span> <span class='ocrx_word' id='word_1_763' title='bbox 1231 5068 1481 5124; x_wconf 88' lang='lat' dir='ltr'><strong>brevitati</strong></span> <span class='ocrx_word' id='word_1_764' title='bbox 1513 5068 1809 5131; x_wconf 84' lang='lat' dir='ltr'><strong>studemus,</strong></span> <span class='ocrx_word' id='word_1_765' title='bbox 1860 5054 1914 5121; x_wconf 87' lang='lat' dir='ltr'><strong>et</strong></span> <span class='ocrx_word' id='word_1_766' title='bbox 1954 5079 2145 5136; x_wconf 89' lang='lat' dir='ltr'><strong>parum</strong></span> 
     </span>
    </p>
   </div>
   <div class='ocr_carea' id='block_1_99' title="bbox 561 5157 2142 5232">
    <p class='ocr_par' dir='ltr' id='par_1_99' title="bbox 561 5157 2142 5232">
     <span class='ocr_line' id='line_1_99' title="bbox 561 5157 2142 5232; baseline -0.004 -16"><span class='ocrx_word' id='word_1_767' title='bbox 561 5173 657 5218; x_wconf 87' lang='lat' dir='ltr'><strong>aut</strong></span> <span class='ocrx_word' id='word_1_768' title='bbox 684 5163 1077 5219; x_wconf 78' lang='lat' dir='ltr'><strong>nihilutilitatis</strong></span> <span class='ocrx_word' id='word_1_769' title='bbox 1108 5162 1358 5227; x_wconf 61' lang='lat' dir='ltr'><strong>alterunt,</strong></span> <span class='ocrx_word' id='word_1_770' title='bbox 1388 5159 1845 5232; x_wconf 67' lang='lat' dir='ltr'><strong>praetermittenda</strong></span> <span class='ocrx_word' id='word_1_771' title='bbox 1869 5157 2142 5225; x_wconf 89' lang='lat' dir='ltr'><strong>videntur,</strong></span> 
     </span>
    </p>
   </div>
   <div class='ocr_carea' id='block_1_100' title="bbox 562 5248 2147 5317">
    <p class='ocr_par' dir='ltr' id='par_1_100' title="bbox 562 5248 2147 5317">
     <span class='ocr_line' id='line_1_100' title="bbox 562 5248 2147 5317; baseline -0.004 -8"><span class='ocrx_word' id='word_1_772' title='bbox 562 5262 625 5309; x_wconf 92' lang='lat' dir='ltr'><strong>ut</strong></span> <span class='ocrx_word' id='word_1_773' title='bbox 651 5268 837 5308; x_wconf 89' lang='lat' dir='ltr'><strong>eorum</strong></span> <span class='ocrx_word' id='word_1_774' title='bbox 870 5254 986 5310; x_wconf 87' lang='lat' dir='ltr'><strong>loco</strong></span> <span class='ocrx_word' id='word_1_775' title='bbox 1017 5255 1264 5310; x_wconf 89' lang='lat' dir='ltr'><strong>dicantur</strong></span> <span class='ocrx_word' id='word_1_776' title='bbox 1290 5252 1531 5308; x_wconf 88' lang='lat' dir='ltr'><strong>utiliora.</strong></span> <span class='ocrx_word' id='word_1_777' title='bbox 1565 5251 1835 5317; x_wconf 86' lang='lat' dir='ltr'><strong>Quantum</strong></span> <span class='ocrx_word' id='word_1_778' title='bbox 1893 5248 2037 5303; x_wconf 90' lang='lat' dir='ltr'><strong>enim</strong></span> <span class='ocrx_word' id='word_1_779' title='bbox 2078 5248 2147 5303; x_wconf 90' lang='lat' dir='ltr'><strong>ad</strong></span> 
     </span>
    </p>
   </div>
   <div class='ocr_carea' id='block_1_101' title="bbox 563 5340 2147 5415">
    <p class='ocr_par' dir='ltr' id='par_1_101' title="bbox 563 5340 2147 5415">
     <span class='ocr_line' id='line_1_101' title="bbox 563 5340 2147 5415; baseline -0.003 -16"><span class='ocrx_word' id='word_1_780' title='bbox 563 5345 850 5399; x_wconf 86' lang='lat' dir='ltr'><strong>utilitatem</strong></span> <span class='ocrx_word' id='word_1_781' title='bbox 869 5346 1079 5411; x_wconf 89' lang='lat' dir='ltr'><strong>attinet,</strong></span> <span class='ocrx_word' id='word_1_782' title='bbox 1118 5345 1162 5399; x_wconf 89' lang='lat' dir='ltr'><strong>si</strong></span> <span class='ocrx_word' id='word_1_783' title='bbox 1198 5345 1428 5415; x_wconf 88' lang='lat' dir='ltr'><strong>primum</strong></span> <span class='ocrx_word' id='word_1_784' title='bbox 1474 5357 1700 5397; x_wconf 89' lang='lat' dir='ltr'><strong>nervum</strong></span> <span class='ocrx_word' id='word_1_785' title='bbox 1741 5340 2147 5411; x_wconf 88' lang='lat' dir='ltr'><strong>proslambano-</strong></span> 
     </span>
    </p>
   </div>
   <div class='ocr_carea' id='block_1_102' title="bbox 564 5432 2145 5501">
    <p class='ocr_par' dir='ltr' id='par_1_102' title="bbox 564 5432 2145 5501">
     <span class='ocr_line' id='line_1_102' title="bbox 564 5432 2145 5501; baseline -0.004 -9"><span class='ocrx_word' id='word_1_786' title='bbox 564 5451 753 5492; x_wconf 86' lang='lat' dir='ltr'><strong>tnenos</strong></span> <span class='ocrx_word' id='word_1_787' title='bbox 778 5436 1002 5501; x_wconf 80' lang='lat' dir='ltr'><strong>dixeris,</strong></span> <span class='ocrx_word' id='word_1_788' title='bbox 1023 5445 1227 5490; x_wconf 90' lang='lat' dir='ltr'><strong>tantum</strong></span> <span class='ocrx_word' id='word_1_789' title='bbox 1242 5436 1285 5491; x_wconf 91' lang='lat' dir='ltr'><strong>si</strong></span> <span class='ocrx_word' id='word_1_790' title='bbox 1311 5451 1435 5491; x_wconf 90' lang='lat' dir='ltr'><strong>eum</strong></span> <span class='ocrx_word' id='word_1_791' title='bbox 1457 5434 1522 5489; x_wconf 84' lang='lat' dir='ltr'><strong>A.</strong></span> <span class='ocrx_word' id='word_1_792' title='bbox 1543 5433 1928 5490; x_wconf 87' lang='lat' dir='ltr'><strong>nominaveris.</strong></span> <span class='ocrx_word' id='word_1_793' title='bbox 1946 5432 2145 5499; x_wconf 85' lang='lat' dir='ltr'><strong>Quare,</strong></span> 
     </span>
    </p>
   </div>
   <div class='ocr_carea' id='block_1_103' title="bbox 564 5525 1417 5612">
    <p class='ocr_par' dir='ltr' id='par_1_103' title="bbox 564 5525 1417 5612">
     <span class='ocr_line' id='line_1_103' title="bbox 564 5525 1417 5612; baseline -0.001 -30"><span class='ocrx_word' id='word_1_794' title='bbox 564 5527 653 5582; x_wconf 89' lang='lat' dir='ltr'><strong>his</strong></span> <span class='ocrx_word' id='word_1_795' title='bbox 673 5525 909 5612; x_wconf 70' lang='lat' dir='ltr'><strong>omissis,</strong></span> <span class='ocrx_word' id='word_1_796' title='bbox 943 5525 1046 5579; x_wconf 89' lang='lat' dir='ltr'><strong>alia</strong></span> <span class='ocrx_word' id='word_1_797' title='bbox 1070 5525 1364 5583; x_wconf 85' lang='lat' dir='ltr'><strong>videamus.</strong></span> <span class='ocrx_word' id='word_1_798' title='bbox 1416 5560 1417 5563; x_wconf 60' lang='grc' dir='ltr'><strong>η</strong></span> 
     </span>
    </p>
   </div>
   <div class='ocr_carea' id='block_1_104' title="bbox 638 5616 2149 5690">
    <p class='ocr_par' dir='ltr' id='par_1_104' title="bbox 638 5616 2149 5690">
     <span class='ocr_line' id='line_1_104' title="bbox 638 5616 2149 5690; baseline -0.004 -15"><span class='ocrx_word' id='word_1_799' title='bbox 638 5621 693 5676; x_wconf 88' lang='lat'><strong>5.</strong></span> <span class='ocrx_word' id='word_1_800' title='bbox 723 5620 968 5690; x_wconf 88' lang='lat' dir='ltr'><strong>Quinque</strong></span> <span class='ocrx_word' id='word_1_801' title='bbox 985 5619 1325 5675; x_wconf 86' lang='lat' dir='ltr'><strong>tetrachorda</strong></span> <span class='ocrx_word' id='word_1_802' title='bbox 1350 5620 1405 5674; x_wconf 89' lang='lat' dir='ltr'><strong>in</strong></span> <span class='ocrx_word' id='word_1_803' title='bbox 1435 5618 1785 5676; x_wconf 83' lang='lat' dir='ltr'><strong>monoeltordi</strong></span> <span class='ocrx_word' id='word_1_804' title='bbox 1812 5616 2149 5673; x_wconf 89' lang='lat' dir='ltr'><strong>dimensione</strong></span> 
     </span>
    </p>
   </div>
   <div class='ocr_carea' id='block_1_105' title="bbox 568 5712 2146 5789">
    <p class='ocr_par' dir='ltr' id='par_1_105' title="bbox 568 5712 2146 5789">
     <span class='ocr_line' id='line_1_105' title="bbox 568 5712 2146 5789; baseline -0.006 -14"><span class='ocrx_word' id='word_1_805' title='bbox 568 5718 937 5787; x_wconf 89' lang='lat' dir='ltr'><strong>inveniuntur,</strong></span> <span class='ocrx_word' id='word_1_806' title='bbox 963 5732 1080 5789; x_wconf 69' lang='lat' dir='ltr'><strong>qute</strong></span> <span class='ocrx_word' id='word_1_807' title='bbox 1113 5714 1229 5786; x_wconf 91' lang='lat' dir='ltr'><strong>pari</strong></span> <span class='ocrx_word' id='word_1_808' title='bbox 1278 5715 1435 5772; x_wconf 86' lang='lat' dir='ltr'><strong>modo</strong></span> <span class='ocrx_word' id='word_1_809' title='bbox 1478 5713 1785 5783; x_wconf 82' lang='lat' dir='ltr'><strong>semitonio,</strong></span> <span class='ocrx_word' id='word_1_810' title='bbox 1818 5712 1873 5768; x_wconf 85' lang='lat' dir='ltr'><strong>id</strong></span> <span class='ocrx_word' id='word_1_811' title='bbox 1903 5719 2007 5779; x_wconf 86' lang='lat' dir='ltr'><strong>est,</strong></span> <span class='ocrx_word' id='word_1_812' title='bbox 2040 5725 2146 5768; x_wconf 89' lang='lat' dir='ltr'><strong>non</strong></span> 
     </span>
    </p>
   </div>
   <div class='ocr_carea' id='block_1_106' title="bbox 2246 4510 3728 4607">
    <p class='ocr_par' dir='ltr' id='par_1_106' title="bbox 2246 4510 3728 4607">
     <span class='ocr_line' id='line_1_106' title="bbox 2246 4510 3728 4607; baseline -0.018 -14"><span class='ocrx_word' id='word_1_813' title='bbox 2246 4510 2549 4603; x_wconf 73' lang='lat' dir='ltr'><strong>sensibilis,</strong></span> <span class='ocrx_word' id='word_1_814' title='bbox 2603 4544 2701 4607; x_wconf 84' lang='lat' dir='ltr'><strong>pro</strong></span> <span class='ocrx_word' id='word_1_815' title='bbox 2756 4544 2905 4591; x_wconf 89' lang='lat' dir='ltr'><strong>certo</strong></span> <span class='ocrx_word' id='word_1_816' title='bbox 2941 4510 3227 4603; x_wconf 79' lang='lat' dir='ltr'><strong>speciebus</strong></span> <span class='ocrx_word' id='word_1_817' title='bbox 3277 4526 3510 4586; x_wconf 81' lang='lat' dir='ltr'><strong>intererit</strong></span> <span class='ocrx_word' id='word_1_818' title='bbox 3531 4510 3728 4576; x_wconf 72' lang='lat' dir='ltr'><strong>animalis:</strong></span> 
     </span>
    </p>
   </div>
   <div class='ocr_carea' id='block_1_107' title="bbox 2246 4611 3725 4698">
    <p class='ocr_par' dir='ltr' id='par_1_107' title="bbox 2246 4611 3725 4698">
     <span class='ocr_line' id='line_1_107' title="bbox 2246 4611 3725 4698; baseline -0.014 -17"><span class='ocrx_word' id='word_1_819' title='bbox 2246 4627 2390 4698; x_wconf 92' lang='lat' dir='ltr'><strong>quod</strong></span> <span class='ocrx_word' id='word_1_820' title='bbox 2426 4627 2472 4682; x_wconf 87' lang='lat' dir='ltr'><strong>si</strong></span> <span class='ocrx_word' id='word_1_821' title='bbox 2503 4626 2763 4695; x_wconf 88' lang='lat' dir='ltr'><strong>diapason</strong></span> <span class='ocrx_word' id='word_1_822' title='bbox 2790 4631 2844 4679; x_wconf 93' lang='lat' dir='ltr'><strong>et</strong></span> <span class='ocrx_word' id='word_1_823' title='bbox 2870 4623 3211 4678; x_wconf 89' lang='lat' dir='ltr'><strong>diatessaron</strong></span> <span class='ocrx_word' id='word_1_824' title='bbox 3260 4628 3344 4675; x_wconf 89' lang='lat' dir='ltr'><strong>est</strong></span> <span class='ocrx_word' id='word_1_825' title='bbox 3370 4611 3725 4698; x_wconf 54' lang='lat' dir='ltr'><strong>diversaruntftr</strong></span> 
     </span>
    </p>
   </div>
   <div class='ocr_carea' id='block_1_108' title="bbox 2247 4691 3726 4772">
    <p class='ocr_par' dir='ltr' id='par_1_108' title="bbox 2247 4691 3726 4772">
     <span class='ocr_line' id='line_1_108' title="bbox 2247 4691 3726 4772; baseline -0.018 0"><span class='ocrx_word' id='word_1_826' title='bbox 2247 4732 2369 4772; x_wconf 92' lang='lat' dir='ltr'><strong>cum</strong></span> <span class='ocrx_word' id='word_1_827' title='bbox 2415 4724 2710 4771; x_wconf 89' lang='lat' dir='ltr'><strong>concentus</strong></span> <span class='ocrx_word' id='word_1_828' title='bbox 2757 4716 2997 4771; x_wconf 88' lang='lat' dir='ltr'><strong>suaviter</strong></span> <span class='ocrx_word' id='word_1_829' title='bbox 3061 4721 3116 4769; x_wconf 90' lang='lat' dir='ltr'><strong>et</strong></span> <span class='ocrx_word' id='word_1_830' title='bbox 3171 4703 3503 4767; x_wconf 83' lang='lat' dir='ltr'><strong>uniformiter</strong></span> <span class='ocrx_word' id='word_1_831' title='bbox 3557 4691 3726 4753; x_wconf 71' lang='lat' dir='ltr'><strong>accidens</strong></span> 
     </span>
    </p>
   </div>
   <div class='ocr_carea' id='block_1_109' title="bbox 2246 4782 3721 4878">
    <p class='ocr_par' dir='ltr' id='par_1_109' title="bbox 2246 4782 3721 4878">
     <span class='ocr_line' id='line_1_109' title="bbox 2246 4782 3721 4878; baseline -0.018 -16"><span class='ocrx_word' id='word_1_832' title='bbox 2246 4807 2490 4873; x_wconf 89' lang='lat' dir='ltr'><strong>auribus,</strong></span> <span class='ocrx_word' id='word_1_833' title='bbox 2524 4808 2646 4878; x_wconf 88' lang='lat' dir='ltr'><strong>jure</strong></span> <span class='ocrx_word' id='word_1_834' title='bbox 2692 4807 3066 4876; x_wconf 88' lang='lat' dir='ltr'><strong>interponetnr</strong></span> <span class='ocrx_word' id='word_1_835' title='bbox 3103 4799 3462 4859; x_wconf 78' lang='lat' dir='ltr'><strong>consonantia:</strong></span> <span class='ocrx_word' id='word_1_836' title='bbox 3503 4782 3721 4862; x_wconf 75' lang='lat' dir='ltr'><strong>speciebus;</strong></span> 
     </span>
    </p>
   </div>
   <div class='ocr_carea' id='block_1_110' title="bbox 2247 4884 3723 4967">
    <p class='ocr_par' dir='ltr' id='par_1_110' title="bbox 2247 4884 3723 4967">
     <span class='ocr_line' id='line_1_110' title="bbox 2247 4884 3723 4967; baseline -0.02 -11"><span class='ocrx_word' id='word_1_837' title='bbox 2247 4900 2340 4956; x_wconf 86' lang='lat' dir='ltr'><strong>sed</strong></span> <span class='ocrx_word' id='word_1_838' title='bbox 2387 4915 2507 4955; x_wconf 90' lang='lat' dir='ltr'><strong>eam</strong></span> <span class='ocrx_word' id='word_1_839' title='bbox 2542 4902 2645 4955; x_wconf 91' lang='lat' dir='ltr'><strong>hoc</strong></span> <span class='ocrx_word' id='word_1_840' title='bbox 2670 4914 2789 4955; x_wconf 89' lang='lat' dir='ltr'><strong>esse</strong></span> <span class='ocrx_word' id='word_1_841' title='bbox 2817 4913 2977 4953; x_wconf 87' lang='lat' dir='ltr'><strong>nemo</strong></span> <span class='ocrx_word' id='word_1_842' title='bbox 3000 4910 3202 4967; x_wconf 79' lang='lat' dir='ltr'><strong>negare</strong></span> <span class='ocrx_word' id='word_1_843' title='bbox 3227 4892 3452 4966; x_wconf 88' lang='lat' dir='ltr'><strong>poterit;</strong></span> <span class='ocrx_word' id='word_1_844' title='bbox 3481 4884 3615 4955; x_wconf 78' lang='lat' dir='ltr'><strong>igitur</strong></span> <span class='ocrx_word' id='word_1_845' title='bbox 3646 4884 3723 4927; x_wconf 77' lang='lat' dir='ltr'><strong>con-</strong></span> 
     </span>
    </p>
   </div>
   <div class='ocr_carea' id='block_1_111' title="bbox 2248 4974 3718 5059">
    <p class='ocr_par' dir='ltr' id='par_1_111' title="bbox 2248 4974 3718 5059">
     <span class='ocr_line' id='line_1_111' title="bbox 2248 4974 3718 5059; baseline -0.016 -10"><span class='ocrx_word' id='word_1_846' title='bbox 2248 4994 2515 5049; x_wconf 87' lang='lat' dir='ltr'><strong>sonantiis</strong></span> <span class='ocrx_word' id='word_1_847' title='bbox 2552 4995 2819 5049; x_wconf 91' lang='lat' dir='ltr'><strong>intererit.</strong></span> <span class='ocrx_word' id='word_1_848' title='bbox 2872 4991 3054 5047; x_wconf 87' lang='lat' dir='ltr'><strong>Prima</strong></span> <span class='ocrx_word' id='word_1_849' title='bbox 3087 5003 3241 5059; x_wconf 83' lang='lat' dir='ltr'><strong>ergo,</strong></span> <span class='ocrx_word' id='word_1_850' title='bbox 3289 4999 3442 5057; x_wconf 90' lang='lat' dir='ltr'><strong>quam</strong></span> <span class='ocrx_word' id='word_1_851' title='bbox 3479 4974 3718 5057; x_wconf 59' lang='lat' dir='ltr'><strong>diatessaml</strong></span> 
     </span>
    </p>
   </div>
   <div class='ocr_carea' id='block_1_112' title="bbox 2249 5062 3720 5156">
    <p class='ocr_par' dir='ltr' id='par_1_112' title="bbox 2249 5062 3720 5156">
     <span class='ocr_line' id='line_1_112' title="bbox 2249 5062 3720 5156; baseline -0.024 -14"><span class='ocrx_word' id='word_1_852' title='bbox 2249 5074 2504 5151; x_wconf 79' lang='lat' dir='ltr'><strong>diximus,</strong></span> <span class='ocrx_word' id='word_1_853' title='bbox 2537 5085 2588 5139; x_wconf 93' lang='lat' dir='ltr'><strong>in</strong></span> <span class='ocrx_word' id='word_1_854' title='bbox 2619 5084 2962 5156; x_wconf 87' lang='lat' dir='ltr'><strong>sesquitertia</strong></span> <span class='ocrx_word' id='word_1_855' title='bbox 2998 5080 3344 5154; x_wconf 87' lang='lat' dir='ltr'><strong>proportione</strong></span> <span class='ocrx_word' id='word_1_856' title='bbox 3373 5065 3611 5129; x_wconf 82' lang='lat' dir='ltr'><strong>consistit:</strong></span> <span class='ocrx_word' id='word_1_857' title='bbox 3632 5062 3720 5156; x_wconf 85' lang='lat' dir='ltr'><strong>ut</strong></span> 
     </span>
    </p>
   </div>
   <div class='ocr_carea' id='block_1_113' title="bbox 2250 5155 3715 5248">
    <p class='ocr_par' dir='ltr' id='par_1_113' title="bbox 2250 5155 3715 5248">
     <span class='ocr_line' id='line_1_113' title="bbox 2250 5155 3715 5248; baseline -0.018 -11"><span class='ocrx_word' id='word_1_858' title='bbox 2250 5178 2489 5237; x_wconf 89' lang='lat' dir='ltr'><strong>ternario</strong></span> <span class='ocrx_word' id='word_1_859' title='bbox 2526 5155 2841 5234; x_wconf 85' lang='lat' dir='ltr'><strong>conferatur</strong></span> <span class='ocrx_word' id='word_1_860' title='bbox 2869 5173 3268 5245; x_wconf 88' lang='lat' dir='ltr'><strong>quaternarius.</strong></span> <span class='ocrx_word' id='word_1_861' title='bbox 3314 5167 3546 5237; x_wconf 87' lang='lat' dir='ltr'><strong>Diapente</strong></span> <span class='ocrx_word' id='word_1_862' title='bbox 3579 5155 3715 5248; x_wconf 52' lang='lat' dir='ltr'><strong>Wﬁlin</strong></span> 
     </span>
    </p>
   </div>
   <div class='ocr_carea' id='block_1_114' title="bbox 2249 5247 3712 5341">
    <p class='ocr_par' dir='ltr' id='par_1_114' title="bbox 2249 5247 3712 5341">
     <span class='ocr_line' id='line_1_114' title="bbox 2249 5247 3712 5341; baseline -0.014 -12"><span class='ocrx_word' id='word_1_863' title='bbox 2249 5271 2603 5341; x_wconf 88' lang='lat' dir='ltr'><strong>sesquialtera</strong></span> <span class='ocrx_word' id='word_1_864' title='bbox 2632 5284 2646 5323; x_wconf 92' lang='lat'><strong>:</strong></span> <span class='ocrx_word' id='word_1_865' title='bbox 2680 5277 2737 5323; x_wconf 95' lang='lat' dir='ltr'><strong>ut</strong></span> <span class='ocrx_word' id='word_1_866' title='bbox 2770 5268 2816 5323; x_wconf 86' lang='lat' dir='ltr'><strong>si</strong></span> <span class='ocrx_word' id='word_1_867' title='bbox 2845 5265 3195 5337; x_wconf 90' lang='lat' dir='ltr'><strong>quaternario</strong></span> <span class='ocrx_word' id='word_1_868' title='bbox 3221 5260 3516 5318; x_wconf 80' lang='lat' dir='ltr'><strong>conferatur</strong></span> 
     </span>
    </p>
   </div>
   <div class='ocr_carea' id='block_1_115' title="bbox 2249 5328 3710 5432">
    <p class='ocr_par' dir='ltr' id='par_1_115' title="bbox 2249 5328 3710 5432">
     <span class='ocr_line' id='line_1_115' title="bbox 2249 5328 3710 5432; baseline -0.009 -15"><span class='ocrx_word' id='word_1_869' title='bbox 2249 5328 2517 5432; x_wconf 78' lang='lat' dir='ltr'><strong>Diapason</strong></span> <span class='ocrx_word' id='word_1_870' title='bbox 2565 5362 2617 5415; x_wconf 90' lang='lat' dir='ltr'><strong>in</strong></span> <span class='ocrx_word' id='word_1_871' title='bbox 2665 5359 2822 5429; x_wconf 89' lang='lat' dir='ltr'><strong>dupla</strong></span> <span class='ocrx_word' id='word_1_872' title='bbox 2852 5328 2958 5412; x_wconf 30' lang='lat' dir='ltr'><strong>:nut</strong></span> <span class='ocrx_word' id='word_1_873' title='bbox 3004 5356 3050 5411; x_wconf 90' lang='lat' dir='ltr'><strong>si</strong></span> <span class='ocrx_word' id='word_1_874' title='bbox 3106 5354 3362 5426; x_wconf 75' lang='lat' dir='ltr'><strong>praedicto</strong></span> <span class='ocrx_word' id='word_1_875' title='bbox 3404 5328 3710 5432; x_wconf 60' lang='grc' dir='ltr'>ιειιιθιξίο</span> 
     </span>
    </p>
   </div>
   <div class='ocr_carea' id='block_1_116' title="bbox 2249 5427 3712 5520">
    <p class='ocr_par' dir='ltr' id='par_1_116' title="bbox 2249 5427 3712 5520">
     <span class='ocr_line' id='line_1_116' title="bbox 2249 5427 3712 5520; baseline -0.005 -15"><span class='ocrx_word' id='word_1_876' title='bbox 2249 5427 2516 5509; x_wconf 74' lang='lat' dir='ltr'><strong>senarius.</strong></span> <span class='ocrx_word' id='word_1_877' title='bbox 2541 5427 2806 5520; x_wconf 82' lang='lat' dir='ltr'><strong>Diapason</strong></span> <span class='ocrx_word' id='word_1_878' title='bbox 2851 5455 2907 5501; x_wconf 87' lang='lat' dir='ltr'><strong>et</strong></span> <span class='ocrx_word' id='word_1_879' title='bbox 2955 5447 3287 5501; x_wconf 90' lang='lat' dir='ltr'><strong>diatessaron</strong></span> <span class='ocrx_word' id='word_1_880' title='bbox 3319 5443 3371 5495; x_wconf 91' lang='lat' dir='ltr'><strong>in</strong></span> <span class='ocrx_word' id='word_1_881' title='bbox 3397 5427 3712 5520; x_wconf 40' lang='lat' dir='ltr'><strong>dupli§i_5°5‘l‘jf</strong></span> 
     </span>
    </p>
   </div>
   <div class='ocr_carea' id='block_1_117' title="bbox 2252 5513 3706 5607">
    <p class='ocr_par' dir='ltr' id='par_1_117' title="bbox 2252 5513 3706 5607">
     <span class='ocr_line' id='line_1_117' title="bbox 2252 5513 3706 5607; baseline -0.016 -10"><span class='ocrx_word' id='word_1_882' title='bbox 2252 5541 2440 5607; x_wconf 89' lang='lat' dir='ltr'><strong>tertia;</strong></span> <span class='ocrx_word' id='word_1_883' title='bbox 2470 5540 2590 5595; x_wconf 88' lang='lat' dir='ltr'><strong>utsi</strong></span> <span class='ocrx_word' id='word_1_884' title='bbox 2615 5513 2789 5593; x_wconf 78' lang='lat' dir='ltr'><strong>eidem</strong></span> <span class='ocrx_word' id='word_1_885' title='bbox 2831 5537 3046 5593; x_wconf 88' lang='lat' dir='ltr'><strong>senario</strong></span> <span class='ocrx_word' id='word_1_886' title='bbox 3088 5528 3492 5605; x_wconf 87' lang='lat' dir='ltr'><strong>quatuordecim.</strong></span> <span class='ocrx_word' id='word_1_887' title='bbox 3532 5513 3706 5607; x_wconf 51' lang='lat' dir='ltr'><strong>Dialia”:l</strong></span> 
     </span>
    </p>
   </div>
   <div class='ocr_carea' id='block_1_118' title="bbox 2249 5603 3707 5705">
    <p class='ocr_par' dir='ltr' id='par_1_118' title="bbox 2249 5603 3707 5705">
     <span class='ocr_line' id='line_1_118' title="bbox 2249 5603 3707 5705; baseline -0.008 -13"><span class='ocrx_word' id='word_1_888' title='bbox 2249 5633 2305 5692; x_wconf 74' lang='lat' dir='ltr'><strong>et</strong></span> <span class='ocrx_word' id='word_1_889' title='bbox 2326 5603 2581 5705; x_wconf 88' lang='lat' dir='ltr'><strong>diapente</strong></span> <span class='ocrx_word' id='word_1_890' title='bbox 2610 5632 2662 5687; x_wconf 89' lang='lat' dir='ltr'><strong>in</strong></span> <span class='ocrx_word' id='word_1_891' title='bbox 2687 5630 2884 5700; x_wconf 86' lang='lat' dir='ltr'><strong>tripla:</strong></span> <span class='ocrx_word' id='word_1_892' title='bbox 2920 5636 2979 5683; x_wconf 90' lang='lat' dir='ltr'><strong>ut</strong></span> <span class='ocrx_word' id='word_1_893' title='bbox 3008 5628 3053 5684; x_wconf 90' lang='lat' dir='ltr'><strong>si</strong></span> <span class='ocrx_word' id='word_1_894' title='bbox 3079 5603 3366 5695; x_wconf 58' lang='lat' dir='ltr'><strong>saepedicto</strong></span> <span class='ocrx_word' id='word_1_895' title='bbox 3389 5603 3707 5705; x_wconf 33' lang='lat' dir='ltr'><strong>senario-dif?</strong></span> 
     </span>
    </p>
   </div>
   <div class='ocr_carea' id='block_1_119' title="bbox 2251 5686 3703 5805">
    <p class='ocr_par' dir='ltr' id='par_1_119' title="bbox 2251 5686 3703 5805">
     <span class='ocr_line' id='line_1_119' title="bbox 2251 5686 3703 5805; baseline -0.023 -17"><span class='ocrx_word' id='word_1_896' title='bbox 2251 5737 2306 5805; x_wconf 86' lang='lat' dir='ltr'><strong>et</strong></span> <span class='ocrx_word' id='word_1_897' title='bbox 2332 5686 2546 5785; x_wconf 58' lang='lat' dir='ltr'><strong>novem.</strong></span> <span class='ocrx_word' id='word_1_898' title='bbox 2576 5725 2667 5783; x_wconf 90' lang='lat' dir='ltr'><strong>Bis</strong></span> <span class='ocrx_word' id='word_1_899' title='bbox 2707 5686 2966 5794; x_wconf 67' lang='lat' dir='ltr'><strong>diapason</strong></span> <span class='ocrx_word' id='word_1_900' title='bbox 3022 5719 3078 5776; x_wconf 90' lang='lat' dir='ltr'><strong>in</strong></span> <span class='ocrx_word' id='word_1_901' title='bbox 3125 5716 3409 5789; x_wconf 88' lang='lat' dir='ltr'><strong>quadrupla</strong></span> <span class='ocrx_word' id='word_1_902' title='bbox 3439 5730 3449 5765; x_wconf 89' lang='lat'><strong>:</strong></span> <span class='ocrx_word' id='word_1_903' title='bbox 3480 5713 3526 5762; x_wconf 86' lang='lat' dir='ltr'><strong>ut</strong></span> <span class='ocrx_word' id='word_1_904' title='bbox 3546 5686 3703 5754; x_wconf 65' lang='grc' dir='ltr'><strong>ςίείδθα</strong></span> 
     </span>
    </p>
   </div>
  </div>
