3900 6322
1302 176 1335 195 α

63 340 182 395 677

52 454 290 509 senario
316 452 612 509 contuleris
642 467 788 507 sxw.
837 447 943 506 Sed
980 463 1079 505 nos
1131 462 1317 504 earum
1349 447 1513 502 alium
1547 462 1655 503 non

50 544 367 612 querimus
396 544 661 607 ordinem,
691 542 795 597 nisi
826 541 1120 597 secundum
1142 539 1493 593 monochordi
1529 553 1662 592 exa-

50 634 377 703 rationem,
432 643 488 692 et
529 632 913 706 simpliciorem
966 644 1286 688 numerum.
1334 629 1484 684 verbi
1524 642 1650 699 gra-s

1374 1563 1386 1811 ὶ

1546 1439 1564 1844 \

1268 1563 1282 1848 ἱ

1369 1976 1387 2278 l

1269 1989 1279 2278 Ι

1119 2287 1443 2299 .______————

1384 2524 1606 2535 ...ι-

834 1055 887 1113 Α
1256 1049 1307 1108 D

479 1294 618 1431 ⁵³1,
1251 1294 1697 1431 ΙὲκΓ-ὶπ

653 1456 1699 1544 εΕδΟυιΑιλίἘιιέ

1287 1604 1454 1653 ωιι
1550 1604 1704 1653 11-

480 1645 1216 1740 ΟΓἿῖῦ-ΠῙ-Ι
1270 1645 1384 1740 lani
1446 1645 1539 1740 Ιπ

542 1658 1094 1858 im"
1206 1658 1216 1849 ι
1446 1658 1707 1848 ΓΗ»

627 1884 704 1942 VI
771 1930 775 1935 .
1071 1878 1155 1937 III
1608 1875 1724 1934 IIII

642 1981 1689 2171 ii'm—égllillsllz

494 2147 1217 2256 c’l--—:—‘—:——“'
1270 2147 1385 2256 |>l
1447 2147 1559 2256 Ιε-ηΙ
1613 2147 1692 2256 Io

664 2305 1690 2381 DYAPENH:

1307 2407 1386 2535 ει
1615 2407 1692 2535 ι..

1351 2544 1627 2601 ESS

1369 330 1551 390 ANON
1563 329 1678 388 YMI
1718 332 1739 387 I
1779 329 2054 388 MUSICA.

1250 1194 1332 1378 Ι..
1392 1215 1441 1272 Τ
1520 1215 1564 1272 E

1274 1297 1697 1378 ῬΓ-ὶπ

3248 334 3349 393 678
3380 414 3382 417 _

1772 444 1846 499 tia
1898 443 2265 499 collationem.
2326 457 2471 514 unus
2518 446 2595 502 rei
2647 446 2805 503 talem
2867 445 3070 506 habeas
3113 448 3353 504 subscri-

1766 535 2028 607 ptionem.

1920 1564 1978 1639 ετξ
2086 1601 2142 1649 ι

1902 1564 2185 1849 ιξιινι
2278 1564 2396 1851 ΙΞΙ
2523 1564 2530 1850 1

1922 1772 2017 1841 ει.
2088 1773 2144 1807 τ*
2316 1766 2373 1842 ’Ξ

1929 1876 2009 1933 VI
2214 1877 2530 1941 ΧυιιΧν

1940 2013 1979 2053 ξε
2101 2009 2157 2060 t:
2313 1985 2353 2059 ἕ

1940 2199 1980 2233 ’τ’
2101 2218 2150 2258 ’τ
2310 2184 2352 2255 ἔὲ

1941 2257 2350 2357 ἰ’δοΝθῐιηιῗ

2065 2400 2157 2542 |>

1918 1498 1976 1559 κ

1920 1564 1978 1639 “3

1901 1467 1981 1843 Ιὲἓ

1922 1772 1979 1823 ε.

1903 1981 1913 2326 ι

2175 1562 2185 1842 ι

2062 1564 2076 1849 ὶ

2060 1982 2072 2261 l

2164 1983 2177 2261 ὶ

1752 1027 2946 1125 Π--ῖΓέ-’έΓἿ

2864 1290 2921 1333 τ.

1918 1498 1976 1559 κ
2017 1456 2289 1528 SESQUI

1920 1555 2185 1682 ΞΙιιΙ
2278 1555 2372 1682 ΙΞ

1929 1876 2009 1933 VI
2214 1877 2395 1937 XIIII
2428 1882 2639 1941 XVIII
2676 1884 2916 1946 XXIIII

1940 1985 2177 2120 °|l°|
2273 1985 2390 2120 lg!
2516 1985 2627 2120 1⁵³1
2823 1986 2833 2120 Ι

1940 2072 1981 2113 ’4
2099 2089 2154 2107 -
2314 2068 2352 2120 Ε
2536 2088 2593 2120 ς..
2844 2070 2904 2120 Ζ

1940 2088 1981 2113 ’ς
2099 2089 2154 2107 -
2313 2088 2352 2140 :
2536 2088 2593 2135 5-:

1940 2088 2177 2233 ζΙΙΞΙ
2272 2088 2389 2233 lal
2516 2088 2593 2233 lz

1941 2218 2387 2296 .ILLELJEI
2517 2218 2593 2296 In:

1983 2317 2095 2357 sou
2133 2306 2188 2357 et
2227 2316 2331 2355 DIA
2378 2306 2387 2360 Ι
2517 2306 2625 2360 l:.|
2822 2306 2901 2360 lo

2538 2387 2592 2444 τε

2165 2514 2625 2606 mai
2820 2514 2901 2606 Ιω

1270 2590 1731 2640 ,μυ-ι,
2068 2590 2626 2646 ...υνυι
2822 2590 2830 2712 Ι

448 2590 573 2812 U
710 2717 857 2775 ‘S
1258 2712 1309 2769 D
1675 2708 1729 2767 Y
1978 2710 2025 2766 A
2275 2710 2319 2767 Ρ
2682 2719 2729 2775 Α

120 3150 307 3217 Nemo
329 3165 508 3214 autem
539 3163 817 3212 existimet
842 3162 981 3210 idem
1008 3167 1128 3208 esse
1154 3152 1505 3208 diatessaron
1534 3165 1645 3218 quo

42 3249 495 3323 sesquitertium,
518 3249 770 3318 diapente
795 3245 937 3315 quod
959 3244 1369 3314 sequialterum,
1394 3242 1650 3311 diapason

43 3345 204 3415 quod
251 3341 492 3413 duplum.
526 3339 661 3393 Nam
692 3338 835 3409 quod
873 3335 1199 3391 arithmetici
1250 3333 1649 3403 sesquitcrtium

44 3440 274 3498 ὼειιηι,
303 3431 493 3487 musici
533 3432 890 3493 diatessaron,
921 3429 1063 3499 quod
1094 3437 1251 3483 sonat
1279 3429 1342 3481 de
1381 3437 1607 3497 quatuor
1629 3439 1648 3478 :

45 3524 209 3593 quod
238 3521 341 3576 sub
372 3519 653 3591 quaternis
681 3518 886 3574 voculis
923 3518 1043 3572 talis
1069 3518 1344 3587 proportio
1373 3517 1654 3570 continea-

45 3617 188 3667 tur.‘
218 3611 480 3680 Diapente
517 3610 580 3663 de
628 3604 875 3680 quinque,
921 3608 1062 3677 quod
1092 3607 1191 3661 sub
1230 3607 1449 3662 totidem
1480 3606 1651 3661 conti-

43 3712 277 3759 neatur.
310 3702 574 3771 Diapason
605 3699 668 3753 de
697 3698 971 3765 omnibus;
999 3696 1084 3751 vel
1112 3697 1256 3767 quod
1288 3697 1482 3750 barum
1519 3696 1650 3751 dua-

46 3810 182 3851 rum
222 3810 412 3849 omnes
436 3807 597 3848 voces
637 3793 929 3858 contineat,
955 3792 1060 3859 vel,
1093 3793 1235 3862 quod
1268 3774 1458 3846 melius
1500 3802 1649 3863 puto,

46 3885 312 3940 omnium
352 3897 545 3945 vocum
596 3880 909 3936 discrimina
962 3881 1015 3935 in
1065 3896 1124 3935 se
1167 3880 1473 3936 concludat.
1519 3880 1653 3935 Nam

44 3981 273 4043 septem
324 3971 588 4025 duntaxat
635 3978 762 4025 sunt
816 3985 1007 4025 vocum
1068 3962 1357 4035 diSlanlite,
1404 3969 1656 4024 videlicet

44 4063 97 4116 Α
134 4060 176 4114 Β
199 4060 242 4115 C
265 4060 307 4113 D
333 4059 375 4114 Ε
404 4060 442 4114 F
466 4060 528 4114 G.
562 4059 704 4128 quod
730 4059 774 4114 si
821 4069 1065 4114 octavam
1085 4100 1098 4124 ,
1130 4074 1249 4129 qua:
1296 4069 1378 4113 est
1428 4059 1492 4125 ll,
1535 4059 1656 4113 leti-

46 4152 231 4222 geris,
267 4152 512 4206 eamdem
552 4150 795 4205 invenies
819 4145 1025 4218 primm.
1058 4150 1211 4206 Unde
1253 4150 1456 4206 nullius
1481 4151 1655 4207 scicn-

47 4244 149 4298 tia:
180 4242 404 4313 ignarus
432 4240 606 4310 inquit
635 4240 893 4309 Virgilius
911 4245 931 4294 ἰ
1025 4314 1042 4335 ν

131 4351 451 4418 Obloquitur
477 4352 705 4404 numeris
742 4359 931 4421 septem
964 4350 1270 4404 discrimina
1298 4366 1499 4405 vocum.

125 4443 380 4497 Aliarum
428 4451 609 4497 autem
656 4441 875 4497 nomina
910 4442 1025 4496 haec
1064 4441 1255 4496 scienti
1301 4450 1426 4497 sunt
1472 4441 1647 4496 mani-

43 4534 201 4591 festa

130 4647 184 4698 7.
218 4644 370 4700 hunc
419 4645 506 4700 bis
548 4644 881 4714 prmtaxatis,
933 4645 1142 4713 species
1179 4660 1366 4700 earum
1398 4647 1650 4702 ostenda-

44 4751 203 4792 mus.
261 4734 624 4798 Diatessaron,
677 4749 795 4803 qua:
840 4735 1062 4788 minima
1113 4744 1215 4802 est,
1272 4745 1381 4790 tres
1443 4745 1649 4791 tzmtum

45 4826 229 4882 habet
276 4824 506 4893 species,
555 4839 659 4877 una
707 4824 885 4878 minus
928 4833 1162 4894 quatuor
1191 4840 1384 4879 voces:
1420 4841 1647 4895 quarum

41 4918 240 4990 prima
269 4924 485 4971 constat
518 4924 643 4970 tono
673 4917 963 4970 semitonio
1001 4925 1055 4969 et
1099 4926 1246 4981 tono,
1276 4933 1396 4986 qua:
1424 4928 1509 4972 est
1537 4918 1581 4971 Α
1608 4918 1649 4972 Β

44 5010 93 5064 C
122 5008 188 5062 D.
235 5008 471 5062 secunda
502 5005 672 5060 forma
711 5018 796 5061 est
824 5006 865 5059 Β
897 5006 938 5062 C
966 5008 1006 5060 D
1033 5008 1096 5060 E.
1127 5008 1269 5077 quod
1307 5020 1390 5063 est
1427 5010 1650 5064 semito-

42 5102 212 5156 nium
259 5108 314 5154 et
352 5100 617 5153 ditonum.
670 5098 853 5153 Tertia
885 5100 925 5154 C
954 5100 994 5153 Ι)
1024 5101 1065 5154 Ε
1093 5101 1153 5155 F.
1185 5102 1329 5171 quod
1378 5112 1462 5157 est
1510 5103 1650 5158 dilo-

44 5205 187 5247 num
216 5198 272 5244 et
294 5190 676 5255 semitonium;
705 5200 759 5244 et
785 5191 865 5245 sic
882 5206 977 5260 per
996 5200 1291 5263 quaternas
1316 5208 1412 5263 per
1433 5209 1647 5249 omnem

44 5284 383 5338 chordarum
417 5282 611 5337 seriem
652 5283 1035 5351 computando,
1065 5295 1297 5355 excepto
1345 5290 1489 5341 inter
1526 5285 1563 5340 F
1594 5297 1650 5342 et

42 5364 128 5430 LI,
160 5373 217 5419 et
242 5365 262 5418 ι
292 5375 347 5419 et
372 5364 433 5419 P.
465 5366 562 5420 has
592 5364 901 5420 alternatim
935 5376 1044 5423 tres
1072 5367 1273 5424 formas
1309 5380 1359 5426 te
1397 5371 1543 5427 scias
1568 5372 1649 5428 in—

42 5466 368 5513 venturum.
407 5456 663 5526 Diapente
702 5472 853 5523 vero,
896 5473 1016 5528 qua:
1056 5476 1218 5515 unam
1267 5462 1385 5531 plus
1434 5478 1644 5531 vocem,

47 5564 223 5603 unam
270 5548 390 5617 plus
439 5548 604 5602 habet
662 5555 718 5601 et
764 5549 1001 5617 speciem
1033 5564 1047 5603 :
1077 5565 1303 5618 quarum
1351 5554 1523 5622 prima
1567 5564 1648 5609 est

48 5640 97 5694 D
123 5636 294 5693 EFG
318 5637 382 5691 II.
417 5636 666 5692 Secunda
697 5637 864 5693 EFG
891 5637 935 5693 II
976 5639 1047 5695 Μ.
1079 5640 1260 5698 Tertia
1293 5640 1334 5696 F
1363 5641 1406 5699 G
1436 5644 1476 5699 II
1502 5645 1550 5699 Μ
1578 5644 1643 5701 Ν.

50 5730 260 5799 Quarta
293 5728 338 5786 (ἰ
371 5728 417 5784 Η
453 5727 501 5785 Μ
525 5728 567 5784 Ν
594 5728 657 5789 0.
692 5728 799 5788 Has
828 5731 872 5789 si
904 5731 1187 5806 diligenter
1225 5735 1478 5807 inspicias
1501 5781 1514 5807 ,
1561 5748 1644 5798 to—

1755 3170 1951 3210 norum
1998 3165 2054 3212 et
2099 3159 2509 3215 semitoniorum
2558 3164 2858 3234 positiones
2895 3167 3133 3227 invenies
3172 3172 3351 3230 diver-

1753 3261 1891 3313 sas,
1940 3258 1997 3303 et
2048 3265 2145 3319 per
2169 3267 2365 3308 seriem
2426 3270 2619 3309 vocum
2676 3258 2982 3315 alternatim
3040 3263 3346 3333 dispositas,

1756 3338 2000 3407 exceptis
2032 3340 2203 3394 tribus
2243 3340 2414 3395 locis:
2448 3342 2699 3399 videlicet
2746 3346 2886 3403 inter
2924 3348 2986 3404 B.
3018 3359 3071 3404 et
3101 3352 3163 3407 F.
3198 3362 3251 3408 et
3281 3354 3345 3408 E.

1754 3434 1809 3481 et
1839 3425 1879 3480 Ι.
1905 3426 2055 3481 etM.
2081 3435 2133 3481 et
2164 3429 2229 3495 Q.
2261 3429 2531 3500 Diapason
2576 3445 2776 3500 autem,
2808 3438 3060 3504 quoniam
3104 3441 3187 3495 his
3217 3443 3349 3496 dua-

1756 3516 1859 3572 bus
1913 3520 2284 3574 consonantiis
2338 3521 2673 3591 completur,
2727 3534 2803 3579 tot
2851 3528 3069 3583 habebit
3122 3529 3344 3599 formas,

1758 3617 1890 3678 quot
1928 3608 2028 3662 sub
2070 3609 2155 3663 his
2202 3610 2615 3678 amplectuntur.
2660 3614 2874 3685 Septem
2908 3617 3069 3687 igitur
3109 3622 3349 3677 continet

1759 3701 1990 3769 species,
2019 3716 2118 3771 pro
2140 3702 2394 3772 diapente
2422 3714 2675 3773 quatuor,
2703 3722 2803 3776 pro
2830 3709 3165 3767 diatessaron
3198 3722 3344 3781 tres;

1760 3804 1988 3858 quarum
2022 3791 2193 3859 prima
2226 3792 2365 3846 inter
2393 3794 2459 3848 A.
2490 3804 2559 3859 et,
2582 3795 2647 3849 II.
2677 3798 3004 3854 continetur.
3035 3802 3280 3858 Secunda
3315 3823 3342 3860 ι

1758 3878 1799 3933 Β
1822 3880 1888 3933 ad
1916 3880 1983 3934 Μ.
2004 3882 2321 3952 porrigitur.
2339 3882 2517 3939 Tertia
2545 3886 2584 3940 C
2610 3896 2663 3941 et
2685 3887 2748 3941 Ν.
2773 3892 3115 3946 terminatur.
3141 3893 3344 3961 Quarta

1758 3985 1787 4023 a
1828 3969 1871 4022 D
1914 3971 1982 4024 ad
2033 3971 2102 4027 Ο.
2129 3976 2485 4041 protenditur.
2516 3976 2711 4044 Quinta
2762 3980 2804 4034 Ε
2849 3990 2902 4036 et
2944 3983 3004 4037 P.
3058 3985 3341 4042 limitatur.

1759 4058 1919 4114 Sevta
1954 4061 2022 4115 ab
2059 4061 2100 4115 F
2133 4065 2199 4118 ad
2229 4063 2293 4132 Q.
2328 4065 2644 4125 intenditur.
2686 4069 2927 4140 Septima
2974 4075 3042 4128 ab
3086 4075 3129 4128 [ἰ
3175 4076 3242 4130 ad
3272 4077 3340 4132 G.

1758 4152 2074 4208 remittitur.
2109 4163 2255 4222 Quas
2296 4172 2504 4224 omnes,
2557 4159 2601 4214 si
2652 4152 2897 4217 tonorum
2930 4174 2982 4218 et
3026 4167 3344 4222 semitonio-

1758 4258 1875 4297 rum
1904 4245 2066 4300 situm
2099 4247 2467 4316 inspexeris,a
2489 4266 2547 4305 se
2572 4251 2797 4306 invicem
2821 4254 3083 4310 distantes
3110 4256 3338 4312 videbis.

1686 4312 1729 4367 Β
1758 4332 1910 4401 Quod
1938 4335 1982 4389 si
2015 4312 2262 4391 octavam
2286 4338 2351 4392 ad
2376 4312 2418 4392 II
2443 4355 2539 4409 per
2568 4340 2615 4393 Μ
2645 4351 2697 4395 et
2726 4341 2789 4394 Ν.
2824 4342 3149 4399 intendendo
3175 4346 3239 4399 ad
3278 4345 3337 4400 S.

1757 4424 2044 4493 adieceris,
2076 4441 2104 4479 a
2138 4427 2310 4496 prima
2344 4443 2447 4483 non
2503 4431 2793 4485 dissentire
2839 4433 3063 4488 videbis.
3106 4435 3255 4502 Quod
3292 4438 3338 4491 si

1754 4516 1823 4569 ab
1851 4515 1917 4567 II.
1945 4531 2041 4584 per
2075 4516 2168 4570 Iet
2200 4516 2264 4570 K.
2302 4519 2367 4572 ad
2417 4520 2472 4573 S.
2500 4523 2828 4587 ascenderis,
2861 4525 3100 4580 eamdem
3137 4527 3340 4600 quinta:

1751 4605 1987 4658 notabis.
2031 4604 2123 4660 Sic
2175 4622 2305 4677 ergo
2337 4608 2593 4680 diapason
2642 4623 2847 4683 septem
2896 4616 3057 4671 habet
3106 4619 3337 4687 species,

1753 4709 1913 4748 unam
1944 4696 2123 4752 minus
2157 4713 2320 4767 quam
2360 4716 2542 4768 voces,
2588 4704 2639 4757 in
2691 4707 2885 4773 quibus
2919 4717 3120 4776 septem
3153 4711 3338 4765 modo-

1754 4801 1876 4839 rum
1923 4787 2134 4865 diversa
2194 4791 2265 4844 sit
2319 4793 2552 4863 positio,
2612 4797 2753 4866 quod
2803 4814 3036 4868 sequens
3087 4803 3338 4872 expediet

1754 4878 1892 4931 ratio

1821 5004 1876 5058 8.
1914 5005 2130 5076 Septem
2185 5018 2414 5075 tantum,
2468 5001 2759 5070 secundum
2807 5019 3061 5089 diapason
3102 5025 3333 5093 species,

1750 5097 1939 5151 modos
1998 5115 2229 5168 pruuum
2286 5102 2473 5171 fuisse,
2533 5108 2625 5161 sed
2675 5108 3026 5167 Ptolomaeum
3081 5125 3334 5173 octavum

1750 5190 2205 5261 superaddidisse,
2230 5193 2475 5251 Boctium
2517 5198 2569 5252 in
2605 5198 2822 5256 Musicis
2858 5204 3143 5263 tradidisse
3182 5192 3332 5264 novi?

1750 5296 1917 5336 mus:
1961 5298 2189 5353 quorum
2235 5288 2449 5343 nomina
2508 5289 3023 5365 diversitatemque,
3079 5300 3329 5369 quoniam

1747 5374 2065 5430 brevitatem
2093 5385 2147 5430 et
2184 5379 2585 5448 simplicitatem
2628 5387 2993 5457 promisimus,
3034 5394 3329 5447 secundum

1748 5466 2174 5523 ecclesiasticum
2227 5485 2382 5525 usum
2426 5476 2793 5544 expediamus.
2837 5480 2972 5536 Octo
3018 5486 3328 5541 cantionum

1749 5555 1944 5621 modis,
1974 5573 2108 5628 quos
2133 5558 2352 5617 abusive
2380 5571 2531 5621 tonos
2564 5550 2736 5634 voea't,
2764 5572 3165 5632 ecclesiasticus
3195 5567 3329 5632 ordo

1750 5647 1937 5714 utitur,
1967 5664 2197 5719 quorum
2240 5664 2472 5723 quatuor
2518 5656 2925 5720 excellentiores
2952 5664 3110 5722 voces
3142 5682 3331 5723 mono-

1748 5738 1933 5796 chordi
1985 5742 2198 5814 sortiti,
2247 5746 2324 5802 sic
2374 5758 2678 5808 vocantur:
2707 5752 2972 5814 Autcutus
3020 5767 3230 5828 protus,
3274 5757 3329 5813 id
