3900 6322
487 323 592 382 679

1300 315 1476 371 ΒᾹΞΟ.
1508 313 1576 368 XI
1618 312 1823 368 AUCT.
1863 302 2137 364 INCERTI
2175 303 2333 358 ANNl
2377 303 2461 357 ET
2498 299 2765 357 SCRlPT.
2811 307 3014 355 Aaszu.

2527 147 2560 166 ο

489 449 596 510 est,
638 440 846 511 primus
899 435 1154 507 magister
1185 451 1198 488 :
1238 440 1493 486 autentus
1539 430 1815 492 deuterus,
1870 426 1922 479 id
1974 430 2078 486 est,
2111 429 2215 486 A.a
2239 419 2306 486 Q.
2335 420 2633 489 deponatur
2671 418 2737 471 ad
2775 415 2838 469 Β.
2866 422 3095 484 quartus
3131 425 3265 466 vero
3299 410 3386 464 ab
3440 407 3488 463 Ν
3533 408 3600 462 ad
3635 410 3756 464 idem

493 531 761 588 secundus
797 529 1093 598 magister:
1135 533 1386 580 autentus
1436 522 1619 591 tritus,
1659 521 1710 576 id
1759 527 1861 581 est,
1895 516 2085 572 tertius

495 622 794 692 magister:
824 625 1077 672 auteulus
1121 615 1413 679 tetrardus,
1463 613 1516 667 id
1559 619 1661 678 est,
1693 625 1918 680 quartus
1965 623 2081 663 ma-

491 716 680 786 gister.
707 710 970 765 Autentos
1001 708 1147 763 enim
1175 705 1348 761 Graeci
1377 704 1664 772 magistros
1691 703 1897 763 dicunt,
1930 697 2082 768 quasi

490 812 826 868 auctoratos,
878 803 933 858 id
971 810 1076 867 est,
1127 799 1454 855 auctoritate
1491 796 1784 866 prmditos,
1832 793 2085 847 videlicet

491 912 720 965 quorum
758 894 1056 950 auctoritas
1085 890 1370 963 prmcellit.
1421 887 1574 943 Unde
1615 902 1645 940 a
1681 883 2085 954 comparatione

492 990 706 1044 altioris
745 987 945 1058 gradus
969 989 1072 1040 hos
1102 985 1289 1039 modos
1325 983 1397 1036 ita
1425 981 1610 1036 vocari
1655 978 1890 1034 obtinuit
1931 989 2079 1030 usus.

491 1081 595 1136 Alii
630 1096 760 1136 vero
789 1090 1025 1149 quatuor
1068 1076 1326 1132 inferiora
1360 1075 1477 1131 loca
1509 1073 1848 1143 possidentes
1881 1070 1961 1126 sic
1992 1086 2087 1125 vo-

494 1183 731 1229 cantur:
760 1171 942 1244 Plagis
989 1170 1153 1242 proti,
1203 1168 1255 1224 id
1293 1176 1395 1235 est,
1439 1165 1684 1222 lateralis
1734 1163 1917 1236 primi,
1953 1163 2085 1218 sub-

495 1267 715 1322 auditur
741 1265 968 1330 auteuti,
999 1263 1152 1334 quasi
1187 1263 1286 1316 sub
1311 1260 1479 1316 latere
1503 1261 1620 1330 ejus
1647 1259 2010 1319 contineatur,
2034 1263 2090 1309 et

495 1359 721 1416 inferior
764 1359 835 1414 sit
875 1375 888 1412 :
937 1357 1097 1413 simili
1143 1356 1354 1412 ratione
1397 1354 1578 1423 Plagis
1625 1351 1856 1417 deuteri,
1909 1350 2090 1420 Plagis

495 1451 634 1516 triti,
669 1450 848 1520 Plagis
878 1448 1123 1504 tetrardi.
1159 1447 1265 1502 Sed
1292 1461 1391 1501 nos
1418 1461 1605 1501 eorum
1631 1443 1845 1516 regulas
1873 1443 2086 1509 dantes,

495 1541 680 1596 latinis
705 1548 922 1595 utamur
952 1539 1283 1604 nominibus,
1324 1546 1378 1592 et
1415 1537 1745 1593 excelsiores
1781 1535 2089 1604 magistros,

497 1633 786 1690 inferiores
811 1647 940 1689 vero
969 1630 1266 1701 discipulos
1294 1630 1645 1701 appellemus.

2186 510 2492 564 remittatur
2519 507 2580 560 Β.
2625 517 2838 572 cautus,
2869 504 2960 574 qui
2997 503 3135 556 intra
3166 500 3240 554 Μ.
3270 509 3330 554 et
3367 498 3435 551 Β.
3457 500 3760 566 campana

2184 610 2289 665 est,
2341 601 2524 654 linitur
2553 598 2630 668 (ε)
2661 596 2815 665 cujus
2862 594 3040 664 potius
3087 594 3324 648 duorum
3377 591 3476 654 sit,
3525 589 3760 644 idem:

2185 693 2436 747 habetur.
2469 691 2612 746 Idem
2646 689 2908 758 contingit
2936 689 2988 740 iu
3014 686 3232 741 ueteris
3262 702 3275 736 :
3310 683 3384 737 ad
3413 697 3590 754 quam
3617 683 3760 736 incer-

2187 786 2470 840 titudiuem
2533 781 2950 852 propulsandam
3012 779 3299 833 Juniorum
3365 776 3763 844 comprobatus:

2188 876 2448 947 regulam,
2487 875 2640 941 cujus
2686 873 2941 943 quoniam
2979 881 3063 925 cst
3111 869 3462 940 probabilior
3511 879 3764 932 tractatus,

2188 969 2285 1022 ﬁat
2314 968 2643 1038 diligentior.

2258 1105 2498 1170 Finales,
2542 1103 2618 1158 uti
2671 1101 3043 1173 priedixituus,
3091 1108 3415 1154 serventur.
3455 1096 3768 1152 lntcnsiones

2188 1214 2322 1254 vero
2343 1208 2395 1250 et
2423 1195 2773 1250 remissiones
2809 1191 3202 1261 aliquantulum
3235 1189 3560 1243 varientur.
3587 1187 3767 1241 Primus

2189 1290 2382 1345 modus
2412 1285 2710 1343 intenditur
2739 1284 2804 1336 ad
2832 1281 2894 1338 0.
2930 1296 3054 1336 raro
3088 1289 3275 1334 autem
3318 1278 3392 1333 ad
3422 1277 3488 1331 P.
3523 1280 3766 1333 descendit

2191 1386 2258 1438 ad
2303 1383 2363 1437 C.
2413 1383 2698 1436 continens
2746 1383 2996 1446 quartam
3051 1372 3192 1426 inter
3249 1371 3294 1425 D
3345 1380 3403 1426 et
3449 1367 3500 1424 Ο
3547 1371 3768 1438 diapason

2195 1475 2443 1541 formam,
2493 1488 2654 1541 supra
2701 1485 2833 1524 vero
2875 1477 2930 1522 et
2983 1465 3122 1521 intra
3151 1463 3464 1532 chordam.
3522 1460 3768 1516 Secundus

2193 1566 2386 1622 modus
2411 1565 2658 1620 ascendit
2703 1563 2770 1614 ad
2824 1557 2888 1611 ll.
2933 1573 3060 1611 raro
3093 1566 3279 1610 autem
3310 1554 3386 1607 ad
3429 1552 3506 1605 Μ.
3537 1552 3620 1606 vel
3647 1553 3684 1604 ι.
3709 1568 3766 1605 re-

2194 1660 2429 1715 mittitur
2477 1655 2541 1710 ad
2592 1656 2657 1708 A.
2714 1653 2998 1723 possidens
3043 1662 3281 1718 primam
3326 1645 3486 1698 inter
3533 1644 3604 1696 Α.
3631 1651 3680 1694 et
3720 1640 3770 1693 Β.

569 1765 676 1822 Sed
700 1775 987 1836 antequam
1019 1780 1206 1821 eorum
1247 1763 1577 1819 inteusiones
1597 1760 1681 1817 vel
1711 1760 2086 1816 remissionem
2115 1777 2164 1839 Β
2196 1755 2452 1822 diapason
2495 1749 2755 1818 speciem,
2799 1760 2961 1815 supra
3000 1757 3130 1797 vero
3180 1747 3449 1794 rarenter
3493 1751 3678 1789 vocem
3701 1752 3714 1786 :
3735 1746 3774 1787 et

498 1858 854 1927 incipiamus,
911 1856 1100 1911 ﬁnales
1156 1855 1397 1912 omnium
1463 1868 1660 1909 nervos
1715 1851 2085 1908 ostendamus.

497 1948 739 2017 Quatuor
771 1955 898 2002 sunt
934 1962 1117 2013 voces,
1145 1962 1264 2018 quae
1309 1954 1569 2000 vocantur
1604 1942 1814 2008 ﬁnales,
1858 1941 2002 2012 quod
2033 1941 2088 1996 in

496 2041 848 2112 uuaqualibet
877 2039 1152 2110 regulares
1192 2039 1450 2095 liniantur
1476 2037 1780 2102 cautiones,
1809 2035 1851 2088 D
1883 2034 1922 2088 E
1949 2033 1989 2088 F
2019 2032 2086 2089 (ἶ.

497 2132 553 2189 id
583 2141 686 2200 est,
716 2131 974 2203 lychauos
1013 2132 1272 2202 hypaton,
1314 2129 1515 2201 hypate
1549 2142 1762 2194 meson,
1791 2128 2090 2198 parhypate

499 2236 707 2287 meson,
738 2221 994 2293 lychanos
1042 2235 1262 2284 meson;
1316 2235 1437 2288 quae
1473 2218 1676 2273 idcirco
1720 2233 1787 2274 ex
1836 2216 2089 2272 omnibus

500 2311 686 2367 electa:
711 2320 836 2365 sunt
873 2310 1085 2373 ﬁnalcs,
1116 2308 1258 2378 quod
1310 2308 1451 2363 inter
1496 2317 1703 2378 septem
1747 2321 1942 2364 vocum
1976 2306 2089 2362 dis-

502 2402 730 2456 crimina
783 2401 1125 2456 inveniantur
1172 2399 1484 2455 sonoriores
1510 2417 1523 2453 ε
1554 2408 1708 2454 extra
1735 2414 1872 2471 quas
1912 2398 1957 2453 si
2007 2397 2089 2453 vel

501 2500 658 2550 vetus
685 2491 768 2546 vel
789 2506 927 2547 nova
952 2491 1130 2547 cantio
1154 2491 1267 2556 tiat,
1296 2489 1608 2562 irregularis
1631 2489 1748 2546 sine
1769 2489 1932 2544 dubio
1949 2487 2094 2558 judi-

503 2591 676 2638 cetur.
715 2581 920 2638 Cantus
947 2581 1111 2654 igitur
1132 2580 1292 2652 primi
1319 2581 1561 2652 magistri
1588 2581 1813 2652 ejusque
1842 2579 2092 2650 discipuli

493 2673 568 2732 Ι).
599 2671 783 2727 ﬁnitur
811 2689 825 2726 :
857 2670 1080 2728 secundi
1121 2670 1344 2742 ejusque
1384 2669 1632 2741 discipuli
1661 2670 1741 2725 E:
1774 2669 1918 2725 tertii
1947 2667 2093 2736 ejus-

494 2780 608 2836 que
655 2764 901 2836 discipuli
932 2765 972 2818 F
1002 2781 1016 2821 :
1050 2763 1232 2834 quarti
1281 2762 1506 2834 ejusque
1557 2762 1804 2832 discipuli
1833 2763 1875 2817 E
1901 2780 1914 2815 ε
1946 2761 2093 2816 tertii

493 2860 731 2929 ejusque
761 2858 1007 2930 discipuli
1032 2858 1074 2912 F
1101 2875 1115 2911 :
1147 2857 1326 2928 quarti
1376 2857 1600 2928 ejusque
1645 2854 1891 2925 discipuli
1930 2854 1995 2910 Ο.
2025 2853 2094 2908 Ει

494 2953 740 3023 primum
789 2951 1108 3022 magistrum
1157 2951 1391 3021 primum
1444 2949 1664 3005 modum
1720 2948 2089 3020 appellamus,

495 3040 625 3110 ejus
665 3041 984 3112 discipulum
1041 3042 1384 3098 secundum:
1430 3042 1725 3097 secundum
1771 3040 2091 3111 magistrum

2193 1846 2248 1900 hi
2284 1851 2412 1899 sunt
2448 1841 2656 1912 primus
2694 1837 2949 1906 magister
2987 1833 3212 1904 ejusque
3256 1826 3600 1897 discipulus.
3639 1824 3773 1895 Magi—

2190 1937 2291 1993 stri
2321 1946 2500 1990 autem
2521 1941 2715 1988 cautus
2737 1928 2992 1999 incipitur
3010 1941 3104 1981 sex
3135 1926 3350 1991 nervis,
3380 1925 3603 1979 scilicet
3631 1921 3668 1976 C
3693 1921 3726 1974 D
3745 1920 3776 1973 Ε

2193 2030 2230 2085 F
2267 2029 2310 2084 G
2343 2027 2410 2081 ll.
2437 2026 2602 2080 habet
2625 2037 2750 2078 vero
2771 2019 2889 2075 cola
2913 2027 2968 2074 et
2991 2027 3292 2083 commata,
3329 2017 3389 2070 id
3422 2024 3538 2080 est,
3569 2014 3773 2068 membra

2191 2133 2242 2180 et
2277 2122 2589 2184 incisiones,
2613 2133 2748 2188 quas
2779 2114 3159 2171 distinctiones
3201 2120 3412 2167 cautus
3451 2108 3776 2178 appellamus

2191 2216 2246 2271 in
2279 2214 2501 2270 eisdem.
2545 2209 2749 2265 Cantus
2784 2205 3031 2276 discipuli
3064 2203 3231 2257 habet
3279 2199 3575 2272 principia
3623 2194 3776 2264 legali:

2192 2319 2446 2384 quatuor,
2485 2309 2530 2361 A
2568 2306 2610 2360 Β
2639 2304 2680 2360 C
2732 2303 2795 2357 D.
2846 2317 2880 2356 a
2929 2298 3112 2354 multis
3157 2311 3293 2351 vero
3341 2293 3562 2347 usitata
3611 2288 3777 2350 sex,ia

2192 2380 2389 2474 quibus
2417 2400 2583 2456 etiam
2611 2395 2726 2451 cola
2749 2403 2804 2449 et
2829 2399 3119 2474 commata,
3153 2388 3196 2441 Α
3222 2387 3265 2440 Β
3288 2385 3335 2441 C.
3364 2384 3414 2438 D
3446 2383 3494 2436 Ε

2190 2473 2354 2568 primi
2389 2500 2584 2548 cantus
2613 2487 2654 2541 C
2682 2485 2766 2542 vel
2799 2484 2840 2538 D
2872 2482 2956 2538 vel
3001 2473 3045 2535 Ε
3093 2478 3180 2534 vel
3231 2477 3299 2533 F.
3354 2473 3657 2568 inceperis,

2195 2561 2378 2642 minus
2425 2597 2586 2654 quam
2633 2580 2702 2634 ad
2749 2576 2796 2632 Η
2837 2574 3126 2637 intendas,
3185 2577 3252 2624 ut
3300 2567 3473 2635 cujus
3525 2565 3600 2619 sit
3641 2561 3777 2618 medi.

2194 2651 2538 2737 ascendendo
2566 2674 2866 2730 disceruas.
2917 2666 2974 2723 Si
3027 2679 3159 2720 vero
3206 2659 3446 2718 secundi
3495 2664 3708 2712 cantu
3739 2651 3779 2705 in

2192 2771 2397 2829 eisdem
2440 2766 2729 2838 iuceperis,
2759 2778 2867 2818 non
2895 2760 3074 2816 minus
3117 2770 3285 2826 quam
3337 2752 3416 2806 ad
3457 2749 3526 2804 Β.

2193 2873 2277 2931 ut,
2313 2860 2469 2932 cujus
2517 2837 2610 2925 sit,-
2641 2851 2974 2911 demitteudo
3010 2847 3294 2904 ostendas.
3342 2842 3462 2897 Sed
3513 2841 3569 2894 in
3600 2854 3663 2894 eo
3689 2837 3780 2905 qui-

2195 2957 2317 3012 dem
2361 2930 2566 3023 judicio
2617 2956 2852 3018 quatuor
2905 2951 3114 2998 tantum
3165 2935 3452 3009 principia
3519 2930 3779 2996 unicuique

2195 3049 2470 3106 dabuntur
2499 3041 2787 3112 discipulo.

507 3135 746 3198 tertium,
795 3135 911 3204 ejus
954 3133 1275 3205 discipulum
1322 3141 1574 3204 quartum
1607 3149 1622 3186 :
1662 3132 1878 3188 tertium
1925 3130 2094 3203 magis
2121 3147 2169 3213 ο
2269 3161 2488 3220 Tertius
2517 3159 2709 3215 modus
2743 3153 3040 3211 intenditur
3061 3149 3128 3205 ad
3163 3139 3253 3213 pq
3279 3155 3417 3200 ram
3444 3152 3633 3198 πιαιι
3657 3137 3780 3203 κιρ.

505 3235 681 3291 strqu
715 3227 962 3296 quintum
993 3243 1006 3281 :
1038 3225 1158 3295 ejus
1208 3225 1530 3297 discipulum
1557 3231 1809 3280 sextum:
1841 3232 2095 3294 quartum

506 3319 826 3391 magistrum
856 3318 1168 3390 septimum,
1192 3317 1310 3389 ejus
1333 3317 1657 3389 discipulum
1678 3325 1953 3373 octavum.

579 3478 686 3533 Sed
714 3478 969 3549 quoniam
1017 3476 1237 3534 nomina
1287 3487 1344 3533 et
1385 3475 1574 3532 liuales
1618 3491 1804 3532 eorum
1843 3475 2098 3541 diximus,

508 3570 830 3625 iuteusionis
862 3578 918 3625 et
949 3568 1286 3624 remissionis
1309 3567 1508 3623 limites
1535 3567 1863 3637 aperiamus.
1889 3565 2102 3622 Primus

513 3662 770 3730 magister
794 3661 1036 3716 ascendit
1065 3661 1131 3715 ad
1156 3661 1218 3715 P.
1251 3670 1307 3716 et
1329 3660 1611 3716 descendit
1638 3659 1704 3714 ad
1733 3659 1797 3714 A.
1831 3657 1947 3728 ejus
1974 3675 2102 3714 vero

514 3750 810 3833 discipulus
857 3751 1153 3806 intenditur
1199 3751 1264 3805 ad
1315 3751 1359 3805 ll
1405 3751 1487 3807 vel
1524 3750 1596 3805 Μ.
1623 3761 1678 3805 et
1703 3749 1998 3805 remittitur
2035 3748 2104 3804 ad

517 3842 660 3896 idem
679 3841 744 3894 Λ.
767 3841 1050 3896 Secundus
1081 3842 1339 3912 magister
1357 3842 1604 3900 ascendit
1625 3841 1690 3896 ad
1714 3840 1778 3908 ρ.
1801 3850 1857 3895 et
1881 3840 2104 3895 descen-

521 3932 601 3985 dit
629 3931 694 3984 ad
734 3931 794 3985 Β.
818 3931 946 4000 Ejus
973 3933 1270 4003 discipulus
1311 3935 1606 3990 intenditur
1631 3934 1698 3988 ad
1743 3934 1809 4000 Q.
1833 3942 1887 3988 et
1916 3933 2104 3988 remit-

523 4021 654 4077 titur
685 4022 750 4077 ad
790 4022 930 4078 idem
961 4023 1021 4077 Β.
1044 4022 1261 4079 Tertius
1293 4025 1548 4094 magister
1574 4025 1817 4080 ascendit
1847 4023 1915 4079 ad
1951 4023 2016 4077 R.
2052 4033 2108 4076 et

525 4115 820 4172 remittitur
857 4117 925 4171 ad
953 4116 1015 4172 C.
1048 4117 1203 4187 cujus
1249 4117 1546 4188 distipulus
1596 4117 1895 4172 intenditur
1933 4116 1999 4171 ad
2039 4115 2105 4172 Ο.

521 4218 578 4278 et
601 4210 882 4266 descendit
904 4211 968 4265 ad
999 4210 1141 4265 idem
1173 4209 1232 4264 C.
1260 4209 1494 4277 Quartus
1520 4209 1775 4278 magister
1810 4209 2110 4264 intenditur

523 4303 594 4358 ad
626 4302 682 4358 S.
707 4312 762 4358 et
791 4303 1070 4358 descendit
1092 4302 1158 4356 ad
1203 4302 1264 4357 D.
1288 4300 1440 4368 cujus
1478 4300 1772 4372 discipulus
1813 4299 2110 4354 intenditur

525 4396 593 4451 ad
631 4395 691 4450 P.
716 4403 770 4451 et
801 4395 1095 4456 remittitur
1117 4397 1183 4449 ad
1206 4395 1348 4451 idem
1401 4395 1461 4448 Ι).
1489 4393 1613 4448 "the
1649 4401 1729 4448 est
1763 4393 1906 4449 enim
1934 4392 2110 4447 inten-

523 4487 693 4543 sionis
706 4502 896 4543 eorum
913 4488 1137 4556 antiqua
1159 4486 1343 4557 regula
1370 4499 1425 4540 et
1440 4484 1799 4552 remissionis,
1815 4486 1957 4554 quod
1982 4501 2108 4554 pro—

525 4581 643 4637 bari
676 4589 855 4652 potest
876 4581 929 4636 in
953 4580 1138 4635 multis
1163 4579 1467 4634 cantilenis.
1507 4576 1564 4634 Si
1603 4586 1783 4632 autem
1817 4591 2003 4630 susum
2025 4575 2112 4631 vel

522 4671 703 4746 jusmu
735 4675 834 4730 hos
873 4674 1074 4730 limites
1116 4673 1401 4738 excedant,
1433 4685 1590 4726 nemo
1625 4669 1938 4735 contendat,
1969 4668 2110 4738 quod

528 4765 806 4820 emendari
857 4764 1257 4832 uongdebeant.
1315 4761 1421 4816 Sed
1455 4760 1706 4815 Juniores
1761 4757 2011 4813 subtilius
2061 4766 2114 4812 et

531 4859 744 4914 acutius
774 4858 1156 4927 dijudicautes,
1187 4865 1242 4913 et
1267 4854 1467 4912 certius
1487 4853 1822 4922 legaliusqne
1844 4851 2115 4906 discrimi-

532 4960 746 5015 nautes,
787 4965 893 5004 non
919 4965 983 5005 ex
1015 4960 1127 5005 toto
1151 4947 1516 5011 consentiunt,
1543 4961 1642 5001 nec
1669 4961 1733 5001 ex
1769 4954 1881 4999 toto
1908 4944 2117 4998 dissen-

535 5041 674 5094 tiunt
701 5058 714 5094 :
748 5041 901 5096 aiunt
933 5041 1102 5107 enim,
1134 5040 1276 5095 inter
1306 5039 1494 5094 modos
1521 5052 1640 5093 esse
1668 5049 1846 5092 certas
1867 5045 2117 5106 oportere

535 5130 887 5201 dill‘erentias,
919 5141 999 5198 ut,
1036 5131 1422 5202 cujuscumque
1460 5127 1588 5194 sint,
1623 5140 1950 5197 cognoscere
1989 5138 2116 5194 pose

538 5222 708 5278 simus
753 5225 1072 5280 cantilenas.
1114 5223 1220 5278 Sed
1250 5223 1293 5278 si
1322 5221 1527 5293 primus
1576 5219 1766 5274 modus
1812 5216 2120 5272 remittatur

541 5315 606 5368 ad
631 5315 698 5369 Α.
731 5317 998 5372 secundus
1026 5333 1152 5372 vero
1180 5317 1246 5371 ab
1280 5313 1349 5369 Μ.
1383 5313 1450 5367 ad
1489 5312 1627 5368 idem
1659 5308 1952 5364 descendat
1977 5308 2043 5362 A.
2073 5307 2119 5361 si

541 5406 682 5460 inter
711 5405 774 5460 ll.
808 5416 862 5461 et
887 5411 950 5462 Δ.
975 5420 1164 5465 cautus
1199 5427 1304 5464 non
1351 5404 1622 5466 excedens
1669 5409 2041 5470 componatur,
2069 5408 2121 5454 et

541 5500 595 5554 iu
630 5501 690 5554 Β.
721 5500 862 5554 ﬁnali
893 5501 1169 5574 utriusque
1208 5501 1528 5574 regulariter
1576 5493 1917 5556 terminetnr,
1948 5490 2125 5545 incer-

545 5603 656 5651 tum
692 5602 796 5663 est,
824 5592 909 5648 cui
935 5593 1114 5664 potius
1140 5594 1441 5665 deputetur.
1481 5585 1616 5660 Pari
1650 5583 1831 5654 modo,
1856 5582 1900 5638 si
1935 5581 2124 5638 tertius

615 5800 692 5872 ('2)
727 5795 946 5870 Supple,
978 5795 1031 5848 in
1059 5790 1128 5849 Ε.
1157 5800 1226 5845 et.

2199 3253 2480 3314 deSceudit
2501 3252 2567 3306 ad
2598 3249 2686 3318 0.,
2717 3248 2880 3304 habet
2907 3242 3169 3318 principia
3193 3249 3404 3295 cantus
3426 3245 3488 3291 et
3509 3232 3780 3291 distinctio-

2199 3363 2299 3404 nes
2328 3361 2448 3413 sex,
2476 3345 2520 3398 D
2544 3343 2586 3398 E
2611 3342 2652 3396 F
2680 3340 2725 3396 G
2747 3339 2793 3394 Η
2815 3338 2866 3393 Μ
2893 3335 3180 3408 possidens
3211 3332 3474 3403 quintam
3507 3329 3652 3382 inter
3675 3323 3712 3378 Ε
3741 3332 3782 3375 et

2199 3441 2263 3499 P.
2306 3441 2562 3510 diapason
2613 3433 2874 3506 speciem,
2918 3445 3080 3500 supra
3121 3442 3256 3482 vero
3290 3435 3351 3481 et
3407 3424 3559 3480 infra
3603 3435 3779 3477 mn.

2203 3537 2441 3604 Quartus
2486 3532 2680 3586 modus
2727 3524 2969 3582 ascendit
3010 3522 3076 3576 ad
3112 3519 3183 3575 Μ.
3227 3534 3364 3574 raro
3398 3527 3592 3572 autem
3636 3516 3696 3568 ad
3731 3512 3780 3564 Ν.

2203 3603 2492 3684 dimittitur
2519 3624 2585 3678 ad
2615 3621 2677 3676 B.
2719 3619 2999 3675 continens
3049 3613 3349 3670 secundam
3392 3611 3546 3665 inter
3569 3609 3630 3663 Β.
3657 3615 3705 3661 et
3725 3603 3778 3657 l.

2205 3719 2462 3789 diapason
2485 3713 2739 3776 formam,
2765 3722 2928 3779 supra
2949 3719 3080 3760 vero
3100 3701 3370 3760 chordam
3397 3715 3412 3755 :
3443 3698 3606 3765 cujus
3623 3704 3779 3753 causa

2206 3807 2501 3865 secundum
2529 3801 2729 3857 multos
2755 3813 2848 3855 sex
2877 3795 3060 3852 nervis
3086 3791 3369 3862 incipitur,
3402 3789 3658 3858 legaﬁter
3680 3798 3776 3839 vta:

2206 3909 2438 3972 quatuor
2461 3896 2503 3950 Β
2528 3896 2569 3951 C
2601 3895 2643 3950 ἰ)
2671 3893 2735 3948 Ε.
2785 3900 2841 3948 et
2887 3905 2982 3944 sex
3038 3883 3400 3956 distinguitur
3426 3881 3473 3936 Β
3503 3883 3548 3937 C
3573 3880 3616 3934 Β
3637 3876 3729 3972 sur

2207 3966 2388 4047 vel-ll.
2419 3991 2484 4045 Et
2517 3987 2574 4043 lii
2608 3993 2737 4042 sunt
2774 3980 3043 4039 secundus
3076 3977 3361 4046 magister,
3395 3974 3630 4043 ejusque
3652 3966 3776 4023 disci-

2207 4089 2385 4161 pulus.
2422 4084 2575 4153 Quod
2600 4082 2644 4138 si
2671 4075 2912 4149 magistri
2950 4081 3170 4131 cautum
3206 4071 3252 4124 D
3279 4069 3372 4123 vel
3405 4067 3472 4122 E.
3524 4061 3776 4161 increpui.

2211 4148 2315 4235 non
2363 4148 2538 4231 minor
2584 4187 2745 4244 quam
2769 4148 2858 4224 au
2899 4165 2965 4222 0.
3005 4164 3077 4219 sit
3112 4160 3306 4217 modus
3353 4155 3700 4213 inteusiouis.
3733 4148 3778 4202 Si

2209 4271 2480 4342 discipuli,
2497 4283 2602 4323 nou
2628 4266 2804 4320 minor
2819 4276 2979 4332 quam
3001 4259 3069 4313 ad
3088 4256 3150 4312 C.
3176 4252 3567 4322 depositionis,
3581 4258 3640 4303 ut
3657 4245 3779 4312 cuitu

2211 4367 2355 4424 modi
2388 4367 2479 4429 sit,
2511 4359 2837 4416 intendendo
2864 4354 2947 4410 vel
2975 4348 3304 4409 remittendo
3335 4345 3643 4402 discernes.

2141 4498 2188 4556 υ
2285 4460 2516 4528 Quintus
2545 4443 3065 4509 modusiuteuditur
3094 4446 3162 4501 ab
3192 4445 3236 4500 Ε
3268 4442 3337 4498 ad
3369 4442 3439 4510 Q.
3475 4455 3601 4494 raro
3627 4445 3776 4491 autat

2180 4536 2186 4596 ί
2215 4555 2280 4608 ad
2311 4552 2379 4606 Β.
2407 4549 2690 4606 continens
2723 4552 2930 4600 sextam
2973 4542 3114 4596 inter
3140 4538 3182 4593 F
3212 4545 3270 4592 et
3298 4536 3370 4591 0.
3399 4536 3659 4603 diapason
3682 4541 3776 4597 spe-

2213 4647 2372 4710 ciem,
2405 4657 2567 4713 supra
2593 4654 2724 4694 vero
2753 4644 2806 4690 et
2833 4633 2975 4689 infra
2997 4647 3184 4686 vocem
3208 4645 3226 4685 :
3256 4628 3418 4698 cujus
3442 4635 3638 4681 cantus
3659 4620 3775 4691 prin-

2214 4739 2352 4808 cipia
2379 4744 2433 4791 et
2459 4731 2831 4790 distinctiones
2852 4735 2977 4782 sunt
2999 4739 3116 4786 sex.
3149 4723 3189 4777 E
3217 4720 3260 4775 F
3288 4719 3332 4775 (ἶ
3366 4719 3414 4774 ll
3443 4719 3496 4772 ιι
3523 4717 3592 4771 Ν.
3619 4715 3775 4808 Senes

2215 4807 2407 4883 modus
2436 4824 2677 4880 ascendit
2708 4837 2738 4876 a
2766 4819 2826 4876 C.
2868 4821 2933 4872 ad
2969 4815 3033 4870 N.
3072 4822 3324 4869 rarenter
3345 4827 3484 4866 vero
3506 4810 3576 4864 ad
3601 4807 3664 4863 0.
3683 4818 3774 4874 με·

2216 4923 2402 4978 sideus
2429 4917 2643 4974 tertiam
2674 4915 2816 4968 inter
2842 4911 2884 4967 C
2918 4918 2973 4965 et
3000 4908 3044 4962 N
3075 4907 3338 4976 diapason
3369 4903 3628 4960 fortnam,
3652 4908 3774 4964 sarn

2216 5028 2347 5068 vero
2374 5010 2630 5065 chordam
2657 5021 2671 5060 :
2701 5002 2855 5072 cujus
2901 5009 3091 5058 cantus
3134 4995 3330 5068 legalia
3375 4992 3644 5064 principia
3681 4991 3775 5042 sua!

2218 5115 2452 5177 quatuor
2482 5101 2522 5157 C
2549 5101 2591 5156 ι)
2613 5099 2656 5153 Ε
2685 5097 2746 5152 F.
2778 5092 3152 5151 distinctiones
3181 5104 3281 5144 sex
3305 5086 3350 5142 C
3377 5087 3422 5140 Β
3445 5085 3489 5139 Ε
3518 5084 3563 5138 F
3585 5082 3628 5138 Ε
3651 5073 3774 5177 5J3

2221 5164 2273 5256 lii
2336 5205 2461 5254 sunt
2520 5194 2709 5248 tertius
2777 5189 3036 5259 magister
3099 5181 3324 5252 ejusque
3382 5164 3772 5259 discipulus

2223 5288 2465 5361 magistri
2498 5293 2715 5341 cautum
2745 5281 2788 5336 E
2812 5254 2895 5335 vel
2920 5278 2984 5333 F.
3027 5275 3092 5328 ad
3122 5274 3188 5326 Β.
3219 5279 3479 5326 rarenter
3521 5275 3690 5321 autem
3721 5254 3771 5308 ιδ

2224 5387 2282 5440 P.
2317 5356 2488 5454 (ὃγεῑι
2511 5377 2766 5433 minimus
2798 5371 2989 5426 modus
3011 5363 3334 5422 iutensionis
3360 5376 3379 5416 :
3410 5356 3654 5428 discipuli
3667 5360 3770 5454 Συ

2225 5480 2291 5533 ad
2409 5467 2762 5531 remissionis,
2802 5473 2862 5518 ut
2889 5461 2975 5517 cui
3004 5455 3260 5530 imputari
3287 5452 3508 5517 debeat,
3541 5447 3632 5503 uti
3653 5435 3768 5498 ἂι-

2227 5567 2398 5625 rentia
2429 5562 2667 5637 pateﬁat.

2301 5775 2377 5845 (3)
2403 5767 2600 5841 Supple
2627 5779 2694 5822 ex
2722 5755 3128 5833 superioribus:
3161 5744 3440 5817 inceperit.
