3900 6322
569 286 678 341 683

1311 283 1480 339 SzﬁC.
1510 283 1577 338 XI
1618 282 1824 339 AUCT.
1862 278 2137 337 INCERTI
2165 276 2326 333 ΔΝΜ
2366 278 2452 333 h’l‘
2493 281 2760 338 SCRIPI'.
2803 284 3020 341 ‘AAtim.
3671 296 3738 349 tu

569 399 921 457 inferioribus
946 398 1011 455 ad
1051 399 1333 469 superiora
1381 399 1714 453 intendatur.
1745 397 1949 451 Deinde.
1989 405 2145 450 sexto
2172 406 2221 466 Α
2252 403 2360 450 tres
2416 403 2570 450 tonos
2613 398 2899 453 continuos
2948 409 3005 453 et
3056 398 3428 463 semitouium,
3472 403 3551 454 sed
3584 408 3740 475 λάβῃ.

567 489 689 548 loco
712 493 929 563 ponitur
962 489 1258 561 parhypate
1297 504 1508 555 meson,
1553 504 1653 543 nec
1685 489 1736 541 in
1780 497 1949 543 totum
1978 486 2147 541 mobi-

568 572 659 649 lis,
698 597 797 636 nec
824 582 877 635 in
911 589 1078 635 totum
1112 580 1429 643 immobilis,
1462 580 1603 634 sicut
1633 588 1685 633 et
1713 580 2009 650 parhypate
2054 578 2150 648 by-

566 680 771 741 paton;
804 678 859 725 et
904 670 1015 739 ipsa
1041 685 1256 739 quoque
1302 669 1592 725 semitonio
1620 667 1801 722 ditl‘ert
1848 668 1918 721 ab
1950 668 2148 738 hypate

566 742 777 828 meson.
810 762 916 819 Sed
956 763 1023 817 ad
1050 764 1357 835 parhypate
1400 763 1635 832 hypaton
1663 761 1870 817 obtinet
1897 760 2151 831 sympho-

566 840 711 911 niam
755 856 1094 911 diatessaron
1143 856 1409 911 intensam
1450 854 1531 908 vel
1564 854 1863 908 remissam.
1904 854 2149 923 Septimo

560 924 799 1016 denique
828 946 1018 1001 ordine
1044 946 1288 1001 succedit
1314 944 1574 1013 lychanos
1604 959 1819 1007 meson,
1842 959 1938 1013 per
1968 942 2147 997 omnia

563 1024 806 1107 mobilis,
855 1039 997 1093 sicut
1035 1046 1090 1093 et
1133 1038 1394 1110 lychanos
1423 1038 1694 1110 hypaton;
1744 1052 1863 1107 qme
1897 1052 1923 1089 a
1954 1034 2149 1107 parhy-

565 1140 693 1200 pate
720 1145 908 1186 meson
935 1129 1154 1199 quidem
1186 1138 1314 1183 tono
1345 1129 1533 1192 distat,
1564 1128 1631 1182 ad
1674 1126 1937 1198 lychanos
1977 1128 2144 1196 hypa-

563 1233 657 1276 ton
680 1230 860 1277 autem
884 1222 1220 1276 diatessaron
1246 1230 1484 1286 resonat,
1505 1220 1571 1274 ad
1591 1220 1887 1290 parhypate
1912 1220 2146 1288 hypaton

564 1332 697 1371 vero
729 1319 980 1387 diapente
1006 1316 1559 1387 concrepat.'0ct:wo
1590 1316 1845 1385 deinceps
1893 1315 2009 1369 loco
2041 1315 2148 1369 col-

565 1411 777 1465 locatur
809 1424 975 1472 mese.
1005 1424 1124 1478 qua:
1156 1418 1239 1462 est
1268 1408 1442 1464 media
1473 1407 1815 1477 superiorum
1848 1415 1902 1459 et
1930 1404 2147 1458 inferio-

564 1516 711 1567 rum,
741 1499 1032 1556 immobilis
1059 1508 1113 1555 et
1145 1500 1258 1569 ipsa
1291 1499 1431 1554 sicut
1458 1508 1512 1554 et
1544 1497 2145 1569 proslambanomenos;

558 1596 693 1665 quia
756 1609 857 1649 nec
916 1608 946 1647 a
1005 1593 1376 1664 superioribus
1444 1592 1673 1647 vocibus
1735 1593 1801 1644 ad
1864 1590 2149 1653 inferiores

562 1687 785 1757 pervius
820 1686 1139 1753 descensus,
1174 1701 1272 1741 nec
1318 1686 1388 1740 ab
1432 1686 1782 1740 inferioribus
1808 1684 1874 1738 ad
1905 1685 2150 1754 superio-

2254 485 2455 555 hypate
2519 501 2704 541 meson
2760 504 2864 541 non
2922 488 3065 543 valet
3120 489 3398 543 rcuitlet'e
3450 492 3740 561 diatessaron

2251 575 2393 629 unde
2436 584 2491 631 et
2544 587 2749 630 remota
2808 579 3020 632 videtur
3065 594 3095 631 a
3138 579 3473 634 tetrachordo
3514 599 3676 650 meson,
3706 601 3740 644 ει

2251 654 2580 722 omnimodis
2616 678 2699 723 est
2724 673 3001 724 contraria
3054 674 3179 726 trite
3209 688 3265 742 sy
3280 688 3599 745 ucmmenou,
3636 682 3740 739 ιιιιι,

2250 768 2311 812 ιιι
2362 759 2403 812 si
2450 760 2705 813 utralihet
2760 762 2946 814 harmu
3001 764 3053 816 in
3087 772 3248 818 cantu
3297 762 3600 832 proferatur,
3629 770 3741 821 altera

2252 849 2555 903 nullatenus
2605 850 2885 906 inferatur.
2926 853 3007 906 Alt
3049 855 3235 908 eadem
3286 870 3554 923 paramese
3597 860 3747 912 intem

2251 939 2538 998 semitouio
2564 946 2912 1013 consequitur
2931 946 3136 1000 decima
3165 949 3326 1001 tertia
3353 948 3473 1001 trite
3494 950 3744 1019 diezeugme-

2253 1051 2379 1100 non,
2411 1051 2509 1091 nec
2552 1038 2601 1090 iu
2637 1046 2813 1091 totum
2850 1038 3061 1092 mobilis
3086 1055 3183 1093 nec
3230 1040 3285 1093 in
3327 1050 3493 1094 totum
3520 1043 3745 1105 sumat...

2252 1127 2390 1185 sicut
2415 1137 2469 1183 et
2496 1129 2791 1199 parhypate
2826 1129 3081 1200 hypaton,
3116 1131 3181 1184 ad
3213 1146 3379 1200 quam
3418 1132 3521 1185 hzee
3550 1133 3635 1201 ipsi
3662 1141 3744 1188 iarit

2252 1221 2661 1274 consonantiam
2721 1222 2999 1290 diapason.
3046 1223 3109 1275 Et
3160 1232 3245 1277 est
3300 1240 3365 1277 ea
3423 1225 3527 1293 ipsa
3577 1244 3744 1280 cuan

2251 1322 2509 1378 paranete
2554 1328 2959 1381 synemmeuon,
3010 1315 3230 1368 nomine
3277 1324 3484 1368 tantum
3515 1318 3744 1387 discrepans

2252 1405 2319 1455 ab
2350 1418 2435 1465 ea,
2484 1414 2538 1459 et
2578 1406 2718 1473 quod
2770 1421 2801 1457 a
2844 1421 2989 1459 mese
3036 1408 3102 1459 ad
3158 1408 3300 1460 hanc
3361 1409 3417 1461 fit
3462 1409 3656 1460 itttcnsio
3689 1427 3747 1476 μετ

2253 1500 2437 1547 tonum
2470 1505 2521 1548 et
2545 1496 2914 1558 semitouium,
2944 1500 3009 1550 ad
3041 1498 3182 1551 illam
3207 1514 3345 1551 vero
3377 1515 3470 1568 per
3495 1500 3748 1554 semitouinm

2251 1592 2306 1638 et
2342 1594 2546 1656 tonum.
2590 1587 2671 1639 Ab
2701 1601 2766 1639 eo
2816 1603 3006 1641 rursus
3040 1588 3254 1642 intonso
3304 1597 3433 1641 tono
3458 1602 3665 1642 occurret
3692 1592 3748 1641 dt-

2252 1676 2393 1730 cima
2441 1688 2634 1746 quarta
2689 1687 2950 1747 paranete
2997 1680 3432 1751 diezeugmenon
3484 1681 3659 1734 mobilis
3688 1698 3749 1750 per

566 1791 655 1831 res
691 1777 811 1831 sine
851 1776 953 1830 hac
996 1774 1173 1829 facilis
1199 1783 1347 1843 patet
1392 1790 1671 1828 ascensus.
1706 1773 1773 1826 Et
1819 1774 1933 1829 lucc
1962 1788 2150 1828 rursus
2187 1771 2223 1824 Β
2250 1772 2454 1836 omnia,
2508 1774 2649 1827 sicut
2697 1784 2750 1827 et
2788 1774 3052 1844 lychanos
3094 1775 3363 1845 hypaton,
3413 1776 3476 1828 ad
3511 1792 3643 1844 rptatu
3676 1778 3747 1844 ira

562 1886 594 1924 a
629 1867 887 1937 lychanos
926 1881 1110 1921 mesen
1167 1867 1373 1920 distans
1428 1877 1574 1931 tono,
1606 1866 1672 1918 ad
1717 1865 1916 1936 hypate
1957 1880 2145 1919 meson

560 1974 693 2015 vero
729 1957 859 2013 facit
907 1958 1320 2014 consonantiam
1362 1957 1725 2020 diatessaron,
1773 1957 1839 2011 ad
1890 1956 2147 2027 lychanos

561 2053 801 2124 hypaton
862 2061 1041 2107 autem
1101 2051 1378 2120 diapente,
1440 2051 1505 2103 ad
1567 2049 2144 2119 proslambanomenos

563 2158 777 2215 quoque
803 2152 1020 2197 resonat
1048 2142 1329 2213 diapason.
1369 2141 1465 2196 Ubi
1495 2153 1679 2212 aperte
1708 2142 1869 2195 datur
1899 2142 1991 2196 int.
2014 2141 2142 2209 lini,

560 2233 707 2304 quod
754 2233 1125 2302 supradictum
1158 2241 1262 2298 est,
1309 2234 1646 2287 di..tessaron
1692 2241 1747 2285 et
1784 2232 2037 2302 diapente
2090 2234 2142 2286 in

560 2325 823 2393 diapason
856 2324 1143 2379 contineri.
1187 2323 1319 2377 Nam
1350 2340 1380 2377 a
1426 2338 1571 2378 mese
1621 2324 1674 2377 in
1724 2324 1922 2393 hypate
1955 2339 2143 2378 meson

563 2413 838 2471 invenitur
880 2413 1045 2467 missa
1091 2412 1450 2477 diatessaron,
1495 2422 1551 2466 et
1596 2414 1664 2466 ab
1716 2412 1913 2482 hypate
1956 2429 2142 2467 meson

563 2506 616 2561 in
667 2502 1242 2572 proslambanomenos
1290 2503 1544 2573 diapente
1602 2503 1870 2557 remissa:
1908 2504 2145 2575 itemque

561 2594 817 2663 diapente
842 2593 1066 2647 remissa
1096 2608 1127 2645 a
1158 2608 1302 2647 mese
1332 2594 1382 2645 in
1417 2592 1674 2663 lychanos
1702 2592 1967 2662 hypaton,
1994 2604 2047 2647 et
2077 2592 2144 2646 ab

557 2689 750 2745 eadem
798 2688 849 2743 in
894 2687 1469 2759 proslambanomenos
1508 2688 1732 2741 remissa
1762 2688 2144 2753 diatessaron;

559 2781 975 2851 conversimque
1044 2796 1074 2835 a
1121 2781 1703 2851 proslambanomenos
1757 2780 1808 2835 in
1884 2781 2145 2852 lychanos

564 2877 803 2945 hypaton
854 2876 1068 2929 intensa
1112 2876 1473 2939 diatessaron,
1503 2884 1557 2929 et
1584 2876 1653 2929 ab
1679 2877 1866 2930 eadem
1909 2878 1960 2930 in
1996 2893 2144 2931 mese

560 2968 770 3020 intensa
812 2966 1096 3036 diapente;
1145 2982 1442 3036 rursusque
1488 2982 1515 3019 a
1566 2967 2145 3035 proslambanomenos

562 3058 614 3112 in
656 3058 855 3129 hypate
883 3072 1069 3112 meson
1113 3058 1321 3113 inteusa
1346 3058 1621 3126 diapente,
1664 3068 1719 3112 et
1758 3060 1827 3112 ab
1853 3061 2041 3114 eadem
2087 3062 2139 3115 in

560 3164 709 3204 mese
732 3149 943 3208 intensa
974 3150 1340 3206 diatessaron.
1365 3152 1408 3205 A
1440 3166 1587 3206 mese
1611 3151 1775 3221 igitur
1797 3152 1850 3206 in
1880 3153 2137 3222 proslam-

559 3247 898 3301 banomenos
928 3238 1153 3301 remissa
1178 3247 1460 3316 diapason.

631 3337 831 3393 Deinde
856 3350 1160 3411 sequuntur
1193 3339 1299 3392 duo
1328 3339 1671 3393 tetrachorda
1700 3340 1893 3409 partim
1928 3354 2144 3409 synemq

559 3443 755 3482 menon
818 3430 1015 3498 partim
1068 3431 1526 3499 diezeugmenon;
1596 3431 1690 3484 sed
1753 3446 2141 3501 synemmenon

557 3522 962 3576 tetrachordum
986 3522 1329 3592 coniungitur
1345 3538 1465 3576 cum
1493 3537 1639 3577 mese
1662 3537 1757 3591 per
1769 3522 2138 3587 semitouimn,

554 3612 699 3681 quod
725 3620 809 3667 est
839 3614 977 3667 inter
1000 3630 1147 3667 mese
1176 3623 1231 3667 et
1272 3615 1398 3669 trite
1426 3628 1815 3685 synemmenon
1848 3631 1863 3664 :
1893 3614 2143 3683 diezeug-

559 3718 759 3757 menon
798 3714 975 3759 autem
1007 3707 1410 3760 tetrachordum
1440 3707 1767 3777 disjuugitur
1792 3721 1820 3758 a
1868 3722 2015 3761 mese
2047 3724 2141 3777 per

560 3802 771 3853 tonum.
803 3793 893 3862 qui
936 3804 1021 3847 est
1066 3795 1210 3847 inter
1255 3811 1401 3850 mese
1448 3804 1504 3850 et
1542 3809 1844 3865 paramese.
1904 3796 2055 3851 Unde
2086 3804 2141 3851 et

558 3882 687 3939 illud
719 3884 1018 3952 appellatur
1040 3900 1446 3955 synemmeuon,
1478 3887 1527 3941 id
1556 3899 1660 3956 est,
1693 3890 2135 3960 conjunctarum;

559 3973 702 4028 istud
734 3988 862 4028 vero
892 3975 1338 4045 diezeugmenon,
1389 3978 1441 4038 id
1472 3988 1576 4045 est,
1615 3980 2025 4049 disjunctarum.
2080 3978 2138 4033 Si

559 4065 724 4135 igitur
749 4080 779 4117 a
813 4080 980 4129 mese,
997 4082 1115 4135 qua:
1137 4075 1223 4121 est
1250 4076 1466 4134 octava,
1494 4069 1744 4126 intendas
1769 4071 2136 4136 semitouium,

556 4165 807 4212 orcurret
834 4172 974 4212 nona
1007 4157 1135 4213 trite
1161 4173 1576 4228 synemmeuon,
1611 4176 1709 4217 nec
1739 4163 1791 4217 in
1829 4172 1997 4217 totum
2026 4178 2139 4218 mo-

555 4249 701 4315 bilis,
732 4264 833 4305 nec
870 4250 924 4304 in
952 4258 1123 4304 totum
1154 4250 1470 4317 immobilis,
1507 4251 1714 4310 faciens
1744 4255 1810 4309 ad
1844 4255 2139 4325 parhypate

557 4355 743 4397 tneson
775 4340 1192 4395 consonantian'i
1237 4342 1598 4399 diatessaron.
1648 4345 1824 4415 Aqua
1860 4346 1906 4400 si
1952 4360 2138 4400 rursus

556 4431 865 4486 intendatur
904 4440 1084 4497 tonus,
1112 4442 1364 4487 occurret
1387 4433 1618 4501 decima,
1642 4436 1900 4504 parabete
1921 4451 2138 4506 syuetu-

554 4535 776 4585 menon,
822 4521 1038 4576 mobilis
1068 4539 1165 4591 per
1211 4524 1420 4589 omnia,
1457 4532 1511 4577 et
1541 4524 1671 4579 facit
1700 4525 2038 4581 diatessaron
2068 4528 2135 4581 ad

553 4611 816 4685 lychanos
844 4628 1029 4668 meson
1060 4629 1159 4683 per
1209 4624 1391 4669 tonum
1424 4617 1771 4672 semitouiunt
1812 4628 1868 4672 et
1905 4628 2087 4673 tonum
2119 4636 2135 4685 ;

553 4703 622 4757 ad
670 4705 973 4775 parhypate
1042 4720 1228 4759 meson
1279 4721 1406 4760 vero
1460 4717 1678 4762 resonat
1725 4712 2137 4766 consonantiam

553 4794 827 4864 diapente.
873 4794 1001 4850 Post
1045 4796 1183 4849 hanc
1226 4811 1441 4866 quoque
1485 4796 1700 4855 intenso
1728 4807 1854 4853 tono
1895 4802 2141 4869 sequitur

554 4895 680 4940 uete
724 4900 1116 4957 synemmeuou
1153 4888 1459 4955 undet-ima,
1519 4904 1639 4959 qua:
1674 4890 1741 4943 ad
1789 4905 1971 4946 mesen
2021 4892 2139 4961 qui-

556 4977 679 5033 dem
711 4987 922 5032 resonat
951 4978 1360 5032 consonantiam
1391 4981 1847 5057 diatessaron,'ad
1880 4982 2140 5052 lychanos

561 5084 688 5142 yero
718 5084 903 5124 meson
934 5072 1201 5141 diapente.
1249 5071 1304 5126 Si
1346 5082 1525 5128 autem
1553 5089 1584 5128 a
1625 5090 1771 5130 mese
1800 5078 1921 5145 quis
1960 5077 2138 5131 inter.-

559 5160 654 5212 dat
684 5168 890 5233 tonum,
933 5170 1185 5219 occurret
1224 5178 1531 5233 paramese,
1576 5180 1698 5235 qua:
1743 5167 1932 5222 relicto
1970 5178 2138 5223 te:ra-

560 5250 765 5314 chordo
793 5267 1183 5322 synemmenon
1224 5257 1381 5325 quasi
1414 5269 1536 5327 post
1570 5274 1750 5313 mesen
1781 5275 1808 5311 v
1834 5260 1991 5314 detur
2019 5277 2141 5316 esse

560 5356 729 5409 nona,
758 5346 849 5397 sed
875 5346 975 5399 hoc
1014 5356 1199 5416 aptato
1233 5353 1619 5419 comprobatur
1640 5366 1760 5406 esse
1802 5352 2138 5407 duodecima.

562 5432 660 5488 Est
691 5441 873 5487 autem
896 5436 1208 5491 immobilis
1240 5448 1295 5492 et
1332 5440 1441 5508 ipsa
1484 5442 1625 5496 sicut
1660 5452 1713 5496 et
1742 5443 1939 5513 hypate
1970 5443 2141 5514 hypa-

558 5533 685 5590 ton,
738 5524 806 5578 ad
858 5538 1021 5603 quam
1070 5527 1319 5584 videlicet
1366 5531 1479 5601 ipsa
1539 5531 1669 5587 facit
1730 5537 2139 5590 consonantiam

559 5615 840 5684 diapason.
877 5613 1002 5670 llmc
1042 5619 1232 5671 eadem
1284 5637 1498 5691 quoque
1524 5637 1816 5693 paramese
1846 5627 1912 5680 ad
1947 5628 2141 5698 hypate

558 5709 989 5789 meson.quidem
1032 5712 1262 5779 remittit
1308 5700 1719 5773 consonantiam
1753 5698 2007 5790 diapente
2044 5736 2141 5791 per

2251 1862 2378 1917 facit
2406 1863 2814 1918 consonattaiant
2862 1865 3141 1934 diapason.
3181 1865 3308 1919 llmc
3336 1865 3520 1919 eodem
3549 1881 3628 1918 suo
3661 1881 3752 1919 sum

2249 1970 2617 2024 souornmqne
2644 1957 2997 2026 proportione
3026 1958 3333 2026 aaptiparat
3365 1969 3485 2012 nete
3524 1974 3747 2028 syrm-

2250 2062 2379 2099 nou.
2412 2045 2545 2100 Nam
2572 2047 2711 2101 sicut
2735 2064 2763 2100 a
2800 2064 2945 2102 mese
2971 2048 3036 2100 ad
3066 2049 3212 2101 illam
3246 2048 3541 2103 intenditur
3564 2051 3749 2101 diatessa-

2250 2154 2344 2190 ron
2369 2153 2466 2208 per
2492 2139 2833 2192 semitouium
2870 2148 3053 2192 tonum
3074 2148 3129 2192 et
3154 2149 3371 2203 tonum,
3400 2141 3475 2194 sic
3498 2150 3547 2192 et
3573 2140 3626 2191 ad
3646 2140 3747 2191 istaut

2249 2245 2343 2300 per
2372 2241 2553 2284 tonum
2577 2231 2922 2285 semitonimn
2944 2240 2995 2284 et
3029 2240 3239 2285 totum}.
3273 2232 3510 2286 Retnittit
3536 2232 3750 2285 luenti»:

2248 2324 2393 2377 sicut
2438 2332 2489 2376 et
2544 2324 2657 2386 illa,
2702 2324 3115 2377 consonantiam
3148 2325 3408 2394 diapente
3458 2326 3517 2377 ad
3566 2325 3749 2394 lychanos

2250 2432 2457 2471 meson.
2521 2417 2649 2469 Item
2710 2416 2778 2468 ab
2832 2418 3019 2469 eadem
3081 2428 3345 2486 paranete
3414 2418 3749 2485 tlit’lettgmenoa

2250 2510 2464 2563 intonso
2490 2518 2614 2561 tono
2638 2509 2884 2577 sequitur
2904 2510 3112 2562 decima
3136 2511 3333 2579 quinta
3358 2511 3747 2575 nctedit-zeugme-

2249 2599 2721 2667 non,,immobilis
2768 2600 2909 2653 sicut
2966 2610 3019 2653 et
3073 2600 3273 2670 hypate
3323 2617 3523 2657 meStm.
3566 2602 3749 2664 adquam

2251 2693 2365 2761 ipsa
2407 2692 2581 2746 reddit
2615 2692 3027 2747 consonantiam
3065 2692 3358 2761 diapason.
3398 2693 3745 2746 ltesonatautea

2249 2784 2349 2838 hoc
2385 2784 2787 2838 tetracltordum
2818 2800 2847 2836 a
2892 2799 3175 2853 paramese
3216 2786 3550 2845 inchoatmu,
3581 2783 3685 2834 sicut
3713 2790 3747 2830 t'l

2250 2877 2482 2945 reliqua,
2511 2877 2928 2929 consonantiam
2957 2878 3331 2932 diatessaron.
3360 2877 3454 2932 Cui
3484 2876 3634 2929 addito
3656 2883 3742 2925 tor»

2246 2970 2466 3039 quidem
2524 2970 2667 3022 inter
2732 2985 2880 3024 mese
2931 2980 2979 3025 et
3033 2986 3325 3039 paramese
3383 2971 3437 3024 fit
3479 2966 3745 3022 consonantia

2247 3062 2521 3130 diapente.
2558 3061 2693 3114 Iluic
2720 3071 2939 3131 aptatur
2969 3065 3383 3117 tetrachordum
3422 3059 3739 3132 hyperboleon:

2250 3155 2464 3208 iutenso
2501 3156 2646 3208 enim
2701 3155 2991 3209 semitonio
3026 3172 3055 3208 a
3095 3166 3221 3209 nete
3276 3156 3657 3225 diezeugmenon
3684 3166 3745 3200 na-

2248 3246 2420 3300 scitur
2446 3246 2656 3301 decima
2684 3258 2833 3302 sexta
2868 3247 2994 3301 trite
3023 3247 3419 3317 hyperboleon,
3456 3262 3542 3299 nec
3567 3245 3607 3297 in
3632 3250 3743 3295 totum

2248 3335 2480 3399 mobilis,
2526 3352 2627 3389 nec
2658 3337 2708 3389 in
2746 3345 2916 3389 totum
2944 3336 3261 3401 immobilis,
3295 3337 3436 3391 sicut
3457 3345 3505 3388 et
3530 3334 3743 3403 parliygatc

2247 3440 2452 3487 meson,
2484 3428 2558 3480 ad
2591 3440 2753 3494 quam
2784 3426 2901 3495 ipsa
2948 3437 3169 3480 resonat
3201 3426 3595 3481 consonantiam
3619 3424 3742 3488 diapa-

2246 3531 2366 3570 son.
2400 3517 2482 3570 Ah
2532 3533 2594 3571 ea
2635 3531 2851 3586 quoque
2904 3518 3115 3572 intenso
3167 3530 3299 3573 tono
3350 3518 3569 3574 succedit
3599 3516 3738 3565 dctum

2245 3605 2473 3673 septima
2518 3617 2777 3673 paranete
2821 3606 3183 3676 hyperboleon
3222 3606 3456 3663 mobilis
3497 3622 3580 3675 per
3603 3602 3739 3659 ωιιηίδν

2245 3696 2388 3751 sicut
2423 3707 2479 3751 et
2523 3697 2782 3768 lychanos
2833 3714 3045 3763 meson,
3087 3702 3151 3753 ad
3183 3716 3350 3769 quam
3407 3701 3510 3770 ipsa
3538 3697 3637 3750 facit
3657 3709 3738 3745 ωηο

2244 3789 2549 3844 sonantiam
2591 3791 2877 3860 diapason.
2927 3790 2971 3842 A
3027 3807 3134 3861 qua
3196 3808 3389 3845 rursus
3448 3793 3626 3842 interno
3660 3792 3740 3835 ων

2243 3878 2591 3949 subsequitur
2637 3881 2845 3936 decima
2886 3890 3079 3936 octava
3110 3891 3233 3936 nete
3273 3892 3397 3936 nete
3441 3877 3737 3951 hyperbolico

2244 3972 2536 4028 immobilis
2562 3973 2703 4029 sicut
2742 3983 2797 4030 et
2826 3990 2996 4041 mese,
3028 3976 3095 4030 ad
3123 3991 3289 4045 quam
3316 3977 3430 4046 ipsa
3459 3974 3607 4027 reddit
3626 3964 3737 4035 dupli;

2242 4079 2358 4120 cem
2389 4080 2600 4121 sonum.
2635 4064 3101 4133 Quemadmodum
3137 4068 3286 4123 enim
3336 4065 3736 4138 proslambanom-

2242 4172 2343 4213 nos
2378 4159 2445 4212 ad
2477 4173 2664 4214 mesen
2721 4160 2954 4215 intendit
2980 4160 3265 4231 diapason,
3313 4161 3389 4215 ita
3419 4172 3552 4213 mese
3585 4153 3636 4206 ad
3657 4159 3736 4201 ncte

2242 4251 2624 4322 lll’l‘et'boleon.
2684 4249 2835 4307 Unde
2860 4261 2916 4306 et
2968 4252 3535 4323 proslambanomenos
3572 4249 3622 4299 ιι
3654 4252 3734 4294 acte

2242 4342 2605 4413 hyperboleon
2652 4342 2781 4397 facit
2837 4343 3207 4413 bisdiapason,
3251 4359 3374 4414 qua:
3420 4351 3471 4396 et
3521 4328 3731 4406 ιιιιθάτυῐιίι

2244 4445 2602 4506 nuncupatur.
2660 4433 2765 4489 Sed
2827 4436 2957 4498 haec,
3020 4445 3080 4490 ut
3129 4436 3334 4491 dictum
3389 4445 3485 4498 cst,
3517 4433 3561 4485 in
3598 4422 3731 4480 nostris

2244 4528 2530 4584 cantilenis
2563 4544 2666 4581 non
2700 4528 3010 4583 adhibetur.

2314 4624 2391 4678 Ex
2437 4624 2762 4694 supradictis
2809 4625 2973 4696 igitur
3012 4626 3297 4695 speciebus
3346 4622 3723 4680 consonznniarum

2318 4727 2533 4737 n-.....--..
2592 4727 2666 4737 --ι
2695 4734 2703 4737 -
2769 4734 2849 4737 ____
2880 4718 2910 4737 I3
2957 4718 3061 4737 s9“-
3104 4719 3239 4737 ..A-,A,’
3310 4734 3398 4737 “4,,
3454 4729 3563 4737 Au..-
3610 4716 3727 4737 n-ul‘

2241 4727 2534 4769 nascentur
2585 4727 2709 4770 octo
2769 4718 2911 4771 modi
2954 4718 3067 4773 sive
3104 4719 3267 4788 tropi,
3309 4734 3402 4788 per
3448 4729 3565 4785 quos
3609 4704 3727 4761 uuas

2242 4817 2433 4861 cantas
2475 4810 2809 4862 moderatur.
2843 4810 3043 4865 llorum
3087 4812 3295 4881 primus
3325 4820 3377 4864 et
3419 4819 3618 4863 υίιιιιηυιιι
3646 4813 3723 4867 κη’

2244 4898 2501 4951 vissimus
2533 4910 2758 4951 vocatur
2792 4876 3147 4970 hypodoriu‘s,
3194 4900 3459 4955 secundus
3502 4889 3724 4965 hypoPl'fl'
3824 4876 3827 5055 Α

2244 4989 2382 5055 gius,
2439 4992 2631 5044 tertius
2695 4992 3039 5055 hypolydius,
3094 5004 3319 5055 quartus
3357 4992 3540 5052 dor-ius,
3572 4982 3718 5053 quintus

2242 4989 2382 5058 gius,
2439 4992 2631 5044 tertius
2695 4992 3039 5062 hypolydins,
3094 5004 3319 5064 quartus
3357 4992 3540 5052 dorius,
3572 4982 3718 5053 quinm"

2238 5081 2526 5151 phrygius,
2565 5091 2753 5137 sextus
2810 5084 3004 5154 lydius,
3059 5086 3319 5154 septimus
3363 5076 3635 5149 mixolydius
3668 5063 3719 5116 *(⁵

2243 5175 2620 5244 hyperdorius,
2659 5187 2883 5231 octavus
2933 5178 3440 5251 hypermixolydius.
3488 5174 3539 5227 Et
3577 5166 3715 5237 primus

2240 5266 2458 5334 quidem
2491 5276 2779 5335 superatur
2805 5283 2833 5320 a
2860 5269 3100 5324 secundo
3128 5270 3180 5324 in
3215 5268 3484 5323 cacumine
3507 5273 3606 5316 tono
3632 5264 3715 5305 εει·

2241 5356 2453 5411 cundus
2488 5364 2668 5411 autem
2703 5373 2730 5409 a
2766 5359 2927 5414 tertio
2958 5367 3086 5416 tono
3124 5378 3138 5415 :
3179 5361 3367 5416 tertius
3401 5371 3515 5411 vero
3538 5368 3562 5405 I
3583 5350 3711 5416 0W”

2242 5450 2530 5504 semitonio
2571 5468 2584 5502 :
2618 5461 2848 5517 quartus
2888 5468 3102 5524 quoque
3133 5470 3161 5508 a
3202 5455 3385 5524 quinto
3426 5462 3534 5506 tono
3569 5462 3580 5497 ε
3610 5434 3710 5508 tibi”

2244 5549 2331 5594 tus
2361 5551 2539 5595 autem
2568 5557 2598 5595 a
2629 5552 2784 5598 sexto
2815 5553 2941 5599 tono
2971 5560 2985 5598 :
3019 5557 3206 5600 sextus
3233 5562 3358 5601 vero
3394 5560 3419 5597 a
3450 5538 3628 5611 septimo
3652 5537 3707 5578 ξδ’

2244 5630 2469 5686 mitonio
2496 5649 2507 5684 :
2542 5633 2805 5701 septimus
2839 5644 3021 5688 autem
3049 5636 3118 5695 ab
3145 5644 3336 5690 octavo
3374 5644 3485 5688 tono
3513 5647 3525 5682 ;
3550 5619 3650 5693 quod

2246 5728 2598 5781 monochordi
2658 5726 2947 5797 partitione
2989 5728 3040 5782 in
3090 5738 3335 5799 promptu
3364 5738 3437 5781 est
3473 5722 3619 5777 videre.
3648 5706 3701 5759 ιν
