3900 6322
202 321 319 382 Gss
1205 345 1209 349 ν
1279 385 1283 388 ν
1484 314 1742 371 auom

1936 313 2186 368 Μυδιω
2198 350 2211 365 .
3358 320 3461 375 ὃθεν

194 452 294 498 ea,
318 452 440 507 qua:
469 442 553 490 est
581 448 729 489 mese
754 430 1063 505 hypodorii,
1088 430 1388 501 aequiparat
1421 430 1473 484 in
1505 430 1585 483 sui
1613 429 1789 499 dispo-
1818 435 1865 490 Α
1917 504 1923 507 4
1963 426 2119 481 l'rius
2169 425 2457 482 dividenda
2497 435 2585 486 est
2610 434 2720 482 tota
2760 426 2899 483 linea
2937 426 3259 499 itt‘qnatttor
3298 436 3469 502 parti-

191 504 406 585 sitione
453 527 713 599 lychanos
750 504 937 581 meson
966 522 1347 595 hypophrygii,
1396 531 1453 578 et
1498 520 1793 592 perhypate
1894 504 1995 591 lius
2028 530 2122 586 per
2154 516 2254 571 tria
2294 524 2494 586 puncta
2524 531 2738 589 semper
2761 534 2791 572 a
2822 517 3046 574 dextero
3080 519 3246 575 latere
3275 538 3473 593 proce¢

189 636 399 676 meson
459 617 755 691 hypolydii,
802 632 904 671 nec
958 631 1070 670 non
1142 615 1338 685 hypate
1397 627 1580 667 meson
1629 609 1788 665 dorii.
1891 609 2046 675 dens,
2086 610 2141 666 id
2189 618 2291 677 est,
2344 625 2374 665 a
2419 611 2607 666 dextra
2657 614 2904 684 magada.
2941 613 2999 668 In
3049 616 3228 684 primo
3268 627 3473 687 puncto

193 712 360 769 Siese
399 722 579 767 autem
633 708 992 781 hypophrygii
1020 715 1102 761 est
1133 718 1415 777 paramese
1457 703 1735 775 hypodorii
1772 718 1788 756 :
1891 716 2032 770 pone
2070 701 2130 757 P.
2163 717 2283 771 qua:
2327 703 2529 757 chorda
2562 711 2788 757 vocatur
2817 713 2939 760 nete
2968 705 3360 776 ltyperboleon.
3407 709 3470 766 In

188 822 360 862 mese
422 820 639 875 quoque
702 802 977 874 hypolydii
1035 808 1121 856 est
1175 798 1306 853 trite
1368 797 1790 865 diezeugmenon
1891 794 2128 865 secundo
2161 807 2297 862 pone
2340 792 2403 847 11.
2430 802 2485 847 et
2512 805 2738 848 vocatur
2788 811 2955 851 mese.
3010 797 3069 851 In
3121 799 3280 854 tertio
3318 798 3381 853 D.
3415 809 3472 856 et

184 896 451 967 ejusdem
498 895 781 965 hypodorii
814 912 828 947 :
861 894 1098 961 itemque
1138 902 1286 945 mese
1333 888 1471 944 dorii
1510 895 1591 942 est
1634 901 1791 956 para-
1890 892 2115 938 vocatur
2144 883 2404 953 lychanos
2438 884 2696 954 hypaton.
2728 884 2784 937 ln
2811 893 3005 953 quarto
3033 894 3210 941 autem
3235 903 3373 957 pone
3399 889 3467 944 A.

191 998 337 1042 nete
389 987 816 1057 diezeugmenon
855 982 1094 1053 ejusdem
1146 978 1467 1051 hypodorii;
1502 977 1666 1032 distat
1694 975 1792 1046 igi-
1893 976 1975 1030 vel
2006 976 2058 1030 in
2090 975 2308 1030 sinistra
2340 977 2588 1046 magada,
2627 975 2781 1044 cujus
2825 978 3028 1033 chorda
3056 980 3470 1049 proslambano-

190 1096 301 1134 tur
330 1094 479 1145 mese
512 1078 650 1133 dorii
680 1077 1021 1131 diatessaron
1071 1070 1430 1128 consonantia
1456 1068 1558 1140 (1).
1592 1068 1791 1137 Sicque
1893 1083 2100 1123 menos.
2135 1068 2338 1124 Deinde
2366 1070 2548 1125 divide
2596 1085 2692 1140 per
2720 1080 2843 1126 octo
2870 1082 3052 1140 partes
3102 1091 3272 1144 usque
3304 1077 3369 1131 ad
3406 1076 3466 1130 Ρ.

186 1177 499 1238 sequentes
558 1165 696 1236 tropi
751 1180 870 1221 sese
920 1163 1239 1219 alterutrum
1272 1162 1324 1216 in
1389 1160 1638 1214 acumine
1696 1174 1788 1212 su-
1888 1168 1944 1212 et
1990 1174 2133 1228 pone
2188 1174 2379 1214 novem
2414 1176 2584 1230 usque
2627 1161 2692 1213 ad
2726 1160 2792 1216 Ο.
2843 1170 2897 1216 et
2924 1164 3030 1217 erit
3089 1172 3269 1232 tonus,
3315 1165 3471 1234 cujus

184 1268 426 1330 perant,
470 1268 528 1313 ut
570 1269 695 1313 nete
723 1256 1091 1329 hyperboleon
1143 1253 1425 1325 hypodorii
1459 1250 1785 1314 inveniatur,
1890 1250 2095 1304 chorda
2144 1259 2364 1304 vocatur
2411 1251 2537 1305 trite
2563 1252 2927 1322 hyperboleou
2959 1271 2974 1307 :
3004 1264 3059 1308 et
3106 1255 3306 1310 iterum
3336 1266 3470 1327 octo

184 1366 359 1406 mese
400 1348 885 1421 hypermixolydii;
938 1347 1174 1416 facitque
1213 1345 1403 1400 eadem
1445 1340 1791 1414 hypermixo-
1890 1350 2073 1408 partes
2110 1358 2278 1411 usque
2312 1343 2378 1397 ad
2402 1341 2466 1399 Ο.
2508 1352 2562 1398 et
2608 1358 2801 1399 novem
2846 1359 3017 1415 usque
3045 1346 3111 1399 ad
3159 1346 3223 1401 N.
3262 1356 3321 1402 et
3347 1350 3473 1415 exit

180 1442 338 1513 lydii
390 1443 459 1495 ad
507 1443 643 1498 dorii
710 1455 897 1495 mesen
932 1437 1344 1494 consonantiam
1396 1434 1667 1505 diapente,
1721 1432 1788 1487 ad
1893 1446 2085 1503 tonus;
2138 1436 2339 1492 chorda
2378 1435 2496 1504 ejus
2542 1446 2769 1492 vocatur
2798 1437 2925 1492 trite
2970 1438 3362 1509 hyperboleon.
3406 1442 3473 1495 Et

181 1548 393 1590 mesen
423 1548 552 1589 vero
579 1532 860 1604 hypodorii
894 1540 1113 1588 resonat
1139 1527 1548 1584 consonantiam
1604 1524 1803 1595 diapa-r
1892 1527 2011 1599 haec
2047 1537 2174 1600 sunt
2202 1528 2592 1598 sesquioctavae
2623 1530 3021 1600 proportiones.
3059 1531 3264 1587 Deinde
3286 1532 3475 1587 divide

179 1641 303 1681 son
334 1642 350 1692 ;
403 1625 669 1695 siquidem
714 1641 775 1678 ea
810 1624 947 1693 ipsa,
982 1636 1102 1691 quae
1131 1631 1214 1675 est
1259 1618 1435 1674 media
1476 1616 1658 1688 primi,
1707 1622 1791 1670 est
1892 1632 2064 1687 usque
2092 1619 2159 1674 ad
2195 1617 2259 1672 P.
2297 1618 2351 1673 in
2386 1628 2498 1674 tres
2522 1627 2731 1689 partes,
2763 1628 2818 1674 et
2842 1620 2894 1673 in
2922 1629 3117 1689 quarta
3157 1636 3298 1691 pone
3325 1622 3397 1677 Μ.
3420 1633 3476 1677 et

172 1722 256 1769 et
304 1715 481 1785 prima
508 1714 708 1769 octavi.
767 1714 1031 1780 Quocirca
1058 1712 1380 1783 plerumque
1406 1710 1698 1778 contingit,
1729 1715 1789 1760 ut
1888 1722 1996 1765 erit
2048 1710 2370 1781 symphonia
2410 1710 2789 1776 diatessaron;
2838 1711 3040 1781 chorda
3084 1710 3203 1780 ejus
3248 1723 3475 1768 vocatur

171 1820 398 1863 cantus
430 1807 861 1864 eminentiorum.
882 1814 1159 1876 troporum
1187 1821 1217 1859 a
1246 1805 1328 1859 sui
1362 1812 1537 1859 status
1565 1802 1786 1857 rectitu-
1818 1818 1864 1873 Β
1891 1804 2021 1859 trite
2046 1803 2493 1875 diezeugmenon.
2544 1803 2733 1858 Divide
2767 1804 2961 1858 iterum
3014 1802 3074 1857 in
3124 1803 3266 1858 duas
3289 1816 3475 1874 partes

169 1900 328 1955 dine
377 1899 718 1955 resolvantur
747 1900 801 1953 in
833 1898 1070 1954 chordas
1104 1898 1414 1953 inferiores.
1467 1896 1547 1950 Ex
1576 1895 1662 1951 his
1689 1896 1788 1950 ita-
1891 1910 2066 1965 usque
2089 1896 2157 1951 ad
2205 1895 2267 1949 Ρ.
2290 1904 2346 1951 et
2392 1896 2446 1950 in
2476 1895 2636 1950 tertia
2660 1910 2805 1965 pone
2826 1894 2869 1949 ι.
2908 1904 2968 1950 et
3001 1895 3107 1949 erit
3142 1895 3464 1966 symphonia

171 2006 310 2061 que
375 1999 611 2067 quatuor
664 1990 919 2069 dicuntur
948 1988 1268 2054 authentici,
1313 1988 1364 2042 id
1393 1995 1500 2053 est,
1542 1986 1791 2055 magistri
1893 1985 2176 2057 diapente;
2210 1987 2414 2042 chorda
2459 1984 2577 2053 ejus
2600 1996 2833 2040 vocatur
2855 1999 3161 2055 paramese.
3193 1984 3363 2040 Porro
3388 1985 3473 2043 dio

171 2083 284 2137 vel
336 2080 666 2153 principales
700 2101 715 2137 :
744 2083 933 2154 eisque
985 2081 1230 2137 vicissim
1282 2089 1656 2151 supponuntur
1700 2078 1791 2135 alii
1890 2079 2019 2135 vide
2050 2078 2118 2133 ab
2144 2077 2186 2132 l.
2218 2092 2389 2147 usque
2432 2076 2501 2130 ad
2545 2076 2610 2129 ll.
2641 2085 2697 2130 et
2733 2075 2786 2131 in
2826 2075 3023 2130 horum
3068 2074 3246 2130 medio
3282 2089 3477 2145 super-

174 2185 459 2245 quatuor,
500 2176 592 2248 qui
642 2185 911 2231 vocantur
948 2172 1119 2245 plagi,
1173 2173 1228 2229 id
1253 2180 1361 2240 est,
1408 2171 1663 2227 laterales
1708 2169 1791 2225 vel
1890 2184 2033 2242 pone
2048 2168 2277 2240 ﬁguram
2306 2167 2448 2231 trite,
2474 2166 2626 2236 cujus
2645 2163 3085 2220 chordavocatur
3108 2165 3237 2219 trite
3255 2178 3474 2234 synem-

165 2266 562 2336 particulares
592 2266 693 2336 (2).
1897 2277 2117 2319 menon.
2157 2261 2287 2315 Item
2318 2257 2497 2314 divide
2544 2272 2716 2327 usque
2742 2256 2811 2311 ad
2850 2256 2893 2312 l.
2921 2257 2971 2311 in
3022 2257 3157 2312 duas
3184 2263 3390 2326 partes,
3410 2262 3476 2309 et

1894 2354 1950 2408 in
1980 2353 2136 2408 tertia
2168 2366 2308 2422 pone
2332 2350 2397 2407 G.
2422 2358 2477 2406 et
2501 2350 2696 2404 iterum
2722 2349 2824 2403 erit
2852 2347 3170 2419 symphonia
3196 2347 3472 2417 diapente.

1892 2442 2048 2513 cujus
2083 2441 2288 2499 chorda
2329 2448 2556 2496 vocatur
2585 2439 2847 2511 lychanos
2892 2452 3100 2493 meson.
3147 2436 3338 2491 Divide
3368 2435 3499 2501 iter

1896 2553 2017 2592 rum
2051 2536 2105 2591 in
2137 2536 2271 2590 duas
2293 2541 2482 2605 partes
2506 2546 2677 2601 usque
2699 2531 2765 2585 ad
2797 2530 2863 2584 Η.
2892 2539 2948 2584 et
2977 2530 3029 2583 in
3063 2529 3220 2584 tertia
3240 2542 3383 2599 pone
3401 2525 3471 2582 Γ.

1896 2628 2063 2697 cujus,
2134 2627 2340 2682 chorda
2417 2633 2641 2680 vocatur
2704 2623 3213 2693 parhypatemcson.
3288 2620 3479 2677 Dividc

1896 2722 2091 2777 iterum
2148 2722 2203 2775 in
2261 2720 2395 2774 duas
2445 2726 2630 2788 partes
2678 2731 2851 2785 usque
2904 2719 2970 2769 ad
3017 2714 3063 2769 Ι.
3117 2723 3174 2769 et
3218 2714 3273 2768 in
3318 2712 3477 2768 tertia

1888 2827 2033 2882 pone
2065 2812 2126 2865 E.
2157 2809 2314 2877 cujus
2346 2809 2549 2863 chorda
2578 2816 2802 2862 vocatur
2837 2807 3036 2877 hypate
3086 2819 3296 2860 meson.
3327 2803 3475 2859 Item

1895 2901 2075 2956 divide
2104 2914 2273 2969 nsque
2302 2905 2369 2953 ad
2401 2898 2461 2951 ιθ.
2492 2898 2544 2951 in
2577 2906 2687 2953 tres
2709 2906 2915 2966 partes,
2951 2904 3006 2950 et
3036 2895 3090 2948 in
3115 2902 3314 2965 quarta
3332 2907 3477 2964 pone

1895 2992 1959 3047 C.
1987 3001 2043 3048 et
2064 2992 2169 3047 erit
2217 2990 2537 3063 symphonia
2572 2989 2928 3065 diatessaron,
2957 2986 3111 3056 cujus
3150 2986 3355 3042 chorda
3382 3001 3477 3040 vo.

1895 3090 2051 3155 catur
2084 3083 2383 3155 parhypate
2413 3083 2671 3153 hypaton.
2698 3078 2891 3133 Divide
2933 3080 3063 3134 item
3099 3094 3271 3149 usque
3306 3076 3373 3131 ad
3406 3077 3474 3132 Ε.

1806 3179 1857 3242 C
1885 3172 1942 3229 in
1974 3182 2087 3230 tres
2135 3183 2338 3244 partes,
2392 3182 2448 3229 et
2479 3174 2531 3228 in
2568 3182 2762 3244 quarta
2794 3187 2948 3245 pone
2989 3171 3055 3225 Β.
3086 3168 3241 3239 cujus
3264 3168 3478 3225 chorda

1887 3271 2115 3337 vocatur
2144 3265 2340 3335 hypate
2374 3263 2609 3335 hypaton
2642 3263 2748 3333 (5).

305 2380 515 2436 Iudicis
544 2398 578 2435 a
604 2398 808 2435 summa
843 2381 1051 2451 capiens
1073 2380 1292 2435 exordia
1320 2380 1518 2449 primus

310 2472 381 2525 In
423 2474 624 2527 minimi
649 2474 816 2542 primo
843 2474 983 2544 ﬂexu
1018 2484 1276 2542 postrema
1312 2474 1531 2542 reponit,

304 2566 447 2628 Quae
474 2566 620 2618 sedes
645 2575 746 2618 stut
772 2564 1087 2634 principium
1115 2565 1340 2633 ﬁnisque
1373 2562 1610 2624 secundi,

306 2656 517 2712 Tertius
546 2676 577 2711 a
604 2674 808 2711 summo
839 2673 1045 2710 rursum
1078 2657 1217 2726 cupit
1244 2654 1436 2710 indicis
1471 2666 1663 2708 ortum.

304 2749 378 2804 In
405 2767 608 2803 summo
636 2751 792 2818 ﬁnem
816 2750 1141 2818 distinguens
1170 2747 1505 2801 auricularis.

309 2843 415 2896 Hic
446 2855 600 2912 caput
626 2854 681 2896 et
707 2844 829 2911 ﬁnis
859 2842 1034 2913 quarti
1060 2841 1354 2894 dinoscitur
1375 2856 1505 2894 esse.

304 2932 511 2987 Iudicis
544 2933 597 2985 in
638 2933 813 2989 medio,
834 2930 1046 3002 quintus
1072 2932 1230 2984 sumit
1256 2941 1415 3001 caput
1436 2941 1643 2995 artum,

307 3024 379 3080 Et
414 3025 569 3079 medii
604 3025 760 3093 ﬁnem
794 3025 1167 3079 modulaminis
1196 3034 1342 3094 aptat
1370 3025 1424 3078 in
1450 3040 1620 3095 unque
1652 3040 1670 3078 :

307 3115 420 3181 Qui
441 3117 585 3170 locus
613 3126 851 3169 exortum
878 3116 1009 3170 sexti
1035 3117 1295 3186 ﬁnemque
1321 3126 1515 3171 tuetur.

306 3206 512 3261 Indicis
538 3206 660 3261 hinc
686 3209 841 3261 rudia:
878 3208 1071 3279 septeni
1106 3208 1307 3277 perﬁcit
1337 3217 1529 3262 ortum.

301 3299 560 3352 Summus
599 3315 731 3369 apex
753 3299 909 3353 medii
940 3299 1091 3369 cujus
1116 3309 1378 3369 postrema
1404 3298 1642 3365 resumit,

309 3385 540 3441 Octavus
566 3387 665 3442 hac
694 3388 813 3442 sede
839 3398 994 3456 caput
1023 3388 1282 3460 ﬁnemque
1310 3390 1531 3460 reponit.

266 3608 354 3688 ζ
394 3607 594 3688 _S_npple
626 3627 639 3663 :
666 3608 883 3688 _A_Vuese
906 3611 1202 3688 hypodarii.
1884 3614 2115 3688 pergit:
2152 3616 2374 3679 Indicis,
2405 3625 2515 3673 etc.
2790 3660 2793 3663 .
2929 3682 2941 3688 Δ
2969 3683 2979 3688 _
3211 3677 3250 3688 η
3364 3673 3380 3686 ,

272 3676 355 3749 (2)
399 3676 753 3755 lla'heturhic
780 3683 832 3755 in
875 3676 985 3736 ms;
1022 3683 1270 3755 tonarins
1310 3696 1413 3755 per
1446 3696 1635 3755 omnes
1663 3692 1787 3740 octo
1887 3676 1907 3688 ’
1957 3676 2037 3755 (3)
2078 3687 2203 3743 "th
2262 3689 2313 3743 in
2354 3676 2459 3745 tiuc
2504 3701 2693 3741 manca
2748 3698 2867 3740 esse
2895 3682 3164 3755 videntur.
3210 3676 3471 3755 Sequitur

187 3754 419 3811 niodos,
448 3751 863 3824 antiquisguotis
898 3752 1119 3807 musicis
1150 3750 1505 3823 perscriptus,
1553 3754 1623 3824 ob
1654 3770 1785 3823 qua-
1884 3750 2030 3813 inde
2071 3759 2136 3811 de
2187 3766 2311 3813 octo
2374 3758 2516 3813 tonis
2540 3797 2556 3821 ,
2606 3767 2678 3809 nt
2734 3770 2893 3824 supra
2916 3787 2960 3824 ,γ
2992 3753 3052 3824 in
3111 3750 3372 3813 Accumo,
3409 3752 3474 3797 et

186 3834 324 3873 mm
368 3831 561 3896 “me”
586 3820 897 3896 defectum.
950 3831 1009 3874 υι
1066 3834 1228 3896 διξωα
1261 3820 1565 3896 έηοῖιὶιωιι,
1609 3820 1785 3894 ipsum
1886 3828 1941 3882 in
1976 3829 2289 3884 Aoueumo
2328 3820 2589 3893 habetur;
2632 3841 2772 3896 qum,
2801 3820 2879 3880 'ne
2906 3823 3094 3877 itidem
3134 3825 3473 3889 repetantur.

184 3890 473 3945 lunarium
513 3892 765 3946 omittere
800 3906 1081 3947 necessum
1108 3890 1228 3945 fuit.
1254 3891 1454 3948 Postea
1483 3895 1590 3971 hoc
1630 3890 1789 3949 modo
1888 3899 2194 3953 omisimus.
2451 3928 2462 3935 -

457 4132 1127 4249 ANONYMI
1210 4134 1380 4249 IIl
1465 4053 2458 4253 FRAGMENTUM
2508 4059 3197 4252 .MUSICFS.

301 3985 3464 4024 Μ

277 4515 355 4569 Αο
387 4517 527 4599 omni
548 4508 1024 4593 superparnc‘ulari
1051 4512 1096 4569 si
1125 4523 1426 4568 contmnam
1450 4530 1494 4567 ei
1516 4528 1789 4582 super-par.
1824 4496 1872 4554 ί)
1893 4521 2114 4581 quarta,
2145 4522 2390 4568 remanet
2418 4511 2614 4580 diesis,
2651 4510 2703 4570 id
2751 4520 2858 4581 est,
2904 4523 3103 4587 quarta
3148 4531 3277 4585 pars
3318 4512 3427 4572 toni
3460 4534 3472 4571 :

195 4596 482 4661 sicularem
501 4607 617 4676 quis
643 4606 849 4677 auferat
871 4604 1259 4678 proportionem
1288 4614 1387 4657 etc.
1408 4604 1487 4656 Ae
1536 4603 1580 4656 si
1626 4602 1795 4656 dixis-
1894 4617 2017 4655 nam
2046 4596 2416 4674 sesqniquinta
2448 4613 2657 4661 constat
2694 4622 2761 4661 ex
2791 4617 2936 4672 tono,
2986 4618 3040 4664 et
3087 4608 3372 4664 semitonio
3423 4615 3479 4661 et

194 4705 294 4752 set
321 4714 335 4750 :
366 4696 420 4752 Si
455 4699 630 4753 minor
652 4686 931 4769 proportio
964 4697 1031 4752 de
1071 4694 1279 4764 majore
1323 4694 1642 4748 detrahatur
1670 4708 1791 4762 pro-
1896 4694 2050 4748 diesi.
2080 4695 2252 4750 Dlesis
2275 4707 2457 4752 autem
2485 4700 2870 4772 quadrnplata,
2906 4702 3037 4771 quia
3092 4700 3476 4771 sesqniquarta

192 4789 458 4861 portione
484 4830 498 4853 ,
556 4790 608 4845 id
637 4829 653 4857 ,
704 4792 848 4861 quod
903 4788 1247 4860 relinquitur,
1304 4787 1633 4858 geminatum
1684 4800 1789 4841 non
1892 4794 1996 4850 est,
2032 4796 2214 4840 tonum
2240 4786 2507 4859 integrum
2539 4788 2720 4857 efficit,
2755 4800 2810 4847 et
2851 4801 3097 4853 remanet
3127 4792 3473 4848 semitonium

195 4877 374 4935 cl'llcit
400 4879 761 4950 integritatem
792 4882 1018 4936 minoris
1050 4879 1434 4951 proportionis,
1465 4894 1587 4948 qum
1613 4877 1793 4932 aufer-
1824 4948 1827 4951 ‘
1892 4884 1953 4931 et
1974 4876 2160 4943 diesis,
2192 4877 2279 4933 vel
2302 4878 2553 4935 ulterius.
2580 4881 2686 4937 Sed
2718 4892 2895 4937 tamen
2927 4880 2971 4937 si
3030 4884 3131 4939 hoc
3190 4882 3390 4938 feceris
3420 4883 3475 4939 in

198 4981 321 5027 tur.
362 4970 522 5026 Verbi
579 4971 794 5043 gratia:
828 4971 979 5026 Tolle
1033 4972 1394 5035 diatessaron,
1427 4968 1493 5023 de
1522 4968 1790 5037 diapente,
1895 4969 2254 5024 arithmeticis
2301 4974 2761 5041 propartionilms,
2814 4986 2985 5043 usque
3056 4973 3124 5028 ad
3201 4973 3472 5027 inﬁnitum

205 5066 266 5121 id
293 5076 398 5131 est,
434 5065 570 5120 duos
601 5075 758 5120 tonos
779 5072 833 5120 et
858 5064 1210 5119 semitonium
1237 5062 1304 5116 de
1340 5061 1514 5115 tribus
1558 5059 1698 5114 tonis
1741 5067 1796 5113 et
1888 5061 2259 5129 progreditur.
2293 5058 2424 5113 Nam
2454 5062 2495 5112 si
2538 5063 2943 5131 sesqnitertium
3000 5064 3069 5118 de
3114 5063 3472 5133 sesquialtcro

200 5160 519 5223 seruilonio,
572 5169 627 5213 et
673 5166 919 5214 remanet
980 5153 1288 5223 tonuszqui
1337 5151 1639 5222 geminatus
1687 5165 1793 5203 non
1895 5148 2074 5214 tollas,
2116 5151 2257 5219 quod
2291 5150 2635 5209 remanserit.
2659 5151 2703 5204 si
2736 5150 3128 5220 duplicaveris,
3170 5153 3241 5207 ad
3263 5154 3473 5221 sesqui-

200 5252 376 5307 cllicit
402 5252 669 5322 integrum
702 5253 1334 5313 diatessaron,remanet
1375 5245 1521 5299 enim
1572 5242 1797 5299 semiloo
1893 5238 2112 5291 tertiam
2177 5254 2349 5308 usque
2397 5238 2807 5309 proportionem
2866 5241 3155 5310 pervenire
3203 5240 3468 5309 nequihit,

206 5343 610 5399 ninm.lterum
637 5344 1013 5414 sesquiqnarta
1035 5340 1314 5395 auferatur
1335 5340 1402 5394 de
1428 5336 1792 5408 sesquitertia,
1888 5330 2149 5399 quoniam
2204 5330 2581 5400 δεεαυίυοιθντι
2632 5330 2932 5399 ΡΓοΡονιίον
2984 5346 3105 5400 (1³³(ιὲ
3183 5339 3463 5394 nam“;

203 5442 460 5489 remanet
507 5416 854 5489 semitoninm
905 5452 923 5488 :
980 5448 1107 5487 nam
1153 5430 1529 5500 sesqniquarta
1580 5426 1791 5483 duobus
1896 5420 2169 5490 duplicata
2236 5418 2604 5490 integritatem
2672 5419 3061 5488 sesquitertiae.
3099 5419 3323 5490 implere
3363 5434 3466 5472 non

205 5527 356 5580 tonis
384 5535 615 5581 constat.
650 5527 771 5596 lpso
798 5524 1087 5580 setnitonio
1117 5522 1387 5593 triplicato
1439 5519 1786 5590 sesquitertia
1893 5515 2114 5586 poterit.
2144 5512 2298 5582 Quod
2328 5511 2543 5583 probari
2574 5521 2754 5583 potest
2782 5512 2945 5566 etiam
2975 5510 3032 5567 in
3081 5510 3465 5581 seSquiquarta

204 5633 319 5671 non
349 5618 594 5688 pervenit
621 5619 689 5674 ad
731 5616 1099 5690 integritatem
1152 5614 1571 5693 scsquiquartce.
1620 5611 1788 5681 idque
1888 5618 1951 5664 et
1988 5608 2376 5678 sesquiquinta.
2766 5654 2767 5657 η

203 5708 265 5762 in
293 5708 527 5775 caeteris,
549 5710 653 5764 hoc
681 5717 783 5775 est,
808 5705 1176 5776 sesqniquinta
1211 5700 1427 5759 tollatur
1453 5700 1518 5760 de
1568 5701 1782 5771 sesqui-
1962 5698 2041 5750 Ab
2078 5698 2222 5752 omni
2249 5695 2723 5768 superpnm'cnlavi
2740 5695 2813 5756 ﬁ
2842 5699 3149 5753 cursim»
3197 5698 3246 5751 ei
3282 5711 3467 5765 super-
