3900 6322
558 397 662 457 σεε

1328 403 1501 461 δᾹΞΟ.
1541 405 1611 460 Xl
1649 404 1851 465 AUCT.
1892 405 2163 465 INCERTI
2194 408 2353 466 ANNI
2380 411 2466 472 ET
2508 409 2766 472 SCRIPT.
2811 414 3032 476 Ἄμπῃ.
3608 426 3675 485 593

552 526 609 571 et
632 516 711 571 sic
734 516 786 571 in
813 515 1063 572 omnibus
1090 518 1452 575 tetracliordis
1487 520 1743 577 diatonici
1777 520 1989 592 generis
2022 520 2127 573 duo
2155 527 2203 583 Α
2233 523 2450 591 quintus
2480 523 2531 576 in
2566 538 2617 577 ει.
2647 525 2919 593 superius,
2947 532 3133 577 sextus
3160 524 3213 578 in
3256 526 3289 581 ιι
3338 530 3551 598 sentimus
3586 534 3673 594 ina.

550 606 665 665 Matr
680 600 876 681 genera
903 609 1094 664 metire

676 682 679 687 γ
746 744 749 745 ν
808 730 809 733 η
864 716 994 754 ITEM
1034 718 1101 760 AD
1140 718 1532 760 NONOCIIORDL'I
1579 722 1806 763 REGULA.

616 788 899 860 Organalis
928 807 1179 847 mensura
1209 796 1310 848 hoc
1340 796 1533 863 exigit,
1561 805 1615 849 ut
1648 796 1786 851 infra
1828 797 2014 852 ﬁuales
2047 808 2125 853 Io-

542 898 648 939 nus
662 885 753 948 sit,
772 900 935 955 supra
953 886 1190 951 ditonus,
1210 887 1262 942 id
1279 897 1361 943 est
1373 889 1439 942 ab
1452 890 1491 941 A
1504 931 1516 941 .
1536 889 1587 942 in
1604 889 1671 947 ϐ.-
1684 906 1802 961 quae
1820 889 2123 961 hujusmodi

541 974 864 1044 disponitur.
905 975 1148 1032 lnscribo
1176 977 1242 1032 A.
1278 978 1329 1032 in
1369 994 1711 1051 quocumque
1739 980 1860 1051 loco
1878 979 2120 1045 voluero,

540 1064 594 1121 in
623 1064 801 1120 t'route
828 1067 909 1121 vel
951 1069 1002 1122 in
1056 1070 1233 1131 medio
1278 1072 1647 1136 monocbordi,
1700 1072 1793 1127 sed
1835 1074 2027 1130 melius
2069 1074 2121 1128 in

542 1148 1102 1231 interlietategraviunt
1129 1170 1185 1215 et
1213 1172 1516 1231 acutarum,
1550 1173 1604 1219 et
1631 1166 1697 1218 ab
1721 1168 1910 1222 eodem
1938 1169 2006 1221 A.
2035 1167 2120 1222 ia-

518 1248 624 1309 ,cio
646 1259 883 1320 quatuor
911 1267 1103 1321 passus
1131 1254 1198 1307 ad
1227 1253 1512 1310 dexteram
1539 1255 1593 1310 in
1623 1256 1810 1322 ﬁnem,
1834 1268 1886 1312 et
1913 1260 2121 1328 primus

536 1355 730 1410 passus
763 1344 1077 1407 terminabit
1123 1345 1176 1400 in
1225 1345 1285 1410 Ι).
1334 1346 1525 1418 reliqui
1561 1358 1775 1406 vacant.
1802 1350 1998 1405 lterum
2050 1354 2114 1406 alt

536 1434 725 1488 eodem
750 1435 817 1489 A.
852 1435 1074 1492 intendo
1094 1437 1160 1492 ad
1190 1438 1350 1492 ﬁnem
1381 1447 1489 1495 tres
1511 1454 1721 1509 passus,
1753 1456 1984 1511 quorum
2009 1442 2121 1512 pri»

535 1541 660 1581 mus
688 1527 1001 1583 terminabit
1032 1528 1089 1583 in
1113 1529 1176 1585 E.
1207 1529 1403 1600 reliqui
1433 1542 1647 1585 vacant.
1674 1530 1910 1593 Remitto
1936 1549 1967 1589 a
2011 1534 2118 1589 ﬁne

533 1616 590 1672 in
614 1619 856 1674 eamdem
887 1620 1087 1678 E..trcs
1135 1637 1349 1692 passus,
1391 1633 1642 1693 quartum
1692 1626 1746 1680 in
1794 1616 1855 1679 B.
1896 1626 2112 1693 intendo

533 1708 601 1763 ab
631 1708 819 1766 eadem
841 1711 901 1767 Β.
932 1712 985 1766 in
1020 1713 1179 1767 ﬁnem
1209 1724 1318 1770 tres
1345 1729 1559 1785 passus,
1584 1725 1637 1771 et
1668 1717 1872 1786 primus
1899 1716 2015 1779 ﬁnit
2060 1718 2111 1772 in

532 1795 597 1851 Ε.
623 1797 1064 1868 reliquivacant.
1118 1800 1357 1865 Remitto
1397 1819 1426 1857 a
1466 1803 1573 1863 ﬁne
1612 1806 1664 1859 in
1716 1806 1860 1861 idem
1905 1807 1967 1867 Γ.
2003 1818 2112 1864 tres

2229 613 2419 683 reliqui
2461 621 2672 667 vacant.

2297 704 2428 763 ltcm
2456 718 2579 759 cum
2609 701 2679 759 ab
2704 702 2771 763 At.
2804 704 2869 757 ad
2894 704 3057 764 ﬁnem
3091 707 3349 761 novennis
3382 711 3577 778 partiris,
3610 720 3679 785 ντί.

2226 810 2347 849 mus
2368 810 2557 865 passus
2586 795 2966 849 terminabitur
2996 795 3047 848 in
3080 794 3141 856 Β.
3178 798 3429 853 secundus
3462 813 3597 864 vacat,
3616 817 3682 859 Ier-

2229 889 2332 942 tius
2368 888 2420 940 in
2478 886 2541 942 Ε.
2580 896 2803 955 quartus
2850 892 3027 966 vacat.
3072 886 3300 954 Quintus
3341 889 3391 942 in
3428 886 3679 966 quadmtn'q.

2227 977 2424 1031 Sextus
2457 977 2509 1030 in
2541 992 2590 1030 e.
2623 976 2881 1045 septimus
2906 976 2959 1030 in
3083 976 3271 1048 reliqui
3295 989 3485 1035 vacant.

2296 1068 2445 1124 Tune
2474 1086 2501 1121 τι
2531 1068 2595 1123 G.
2624 1069 2688 1123 ad
2718 1069 2877 1123 ﬁnem
2905 1068 3185 1139 quaternis
3231 1070 3444 1135 dividas,
3481 1081 3524 1126 et
3548 1075 3686 1142 primus

2225 1159 2601 1213 trrminabitur
2619 1159 2669 1212 in
2693 1158 2753 1214 C.
2782 1159 3052 1215 secundus
3079 1158 3134 1214 in
3156 1159 3223 1215 ϐ.
3253 1160 3432 1215 tertius
3458 1162 3502 1215 in
3525 1178 3565 1233 ε.
3582 1180 3689 1234 quar-

2224 1263 2307 1306 tus
2337 1252 2473 1305 ﬁuit.
2962 1322 2967 1325 1

2294 1345 2557 1399 Similiter
2605 1360 2632 1398 a
2665 1344 2725 1400 C.
2752 1352 3140 1415 quaternorum
3187 1359 3431 1415 passuum
3472 1345 3527 1399 ad
3569 1346 3691 1415 linea,

2220 1437 2428 1507 primus
2453 1436 2835 1492 terminabitur
2863 1436 2916 1492 in
2946 1437 3009 1491 F.
3039 1443 3310 1491 secundus
3343 1436 3394 1490 in
3426 1450 3471 1491 c.
3501 1437 3691 1493 tertittsitt

2219 1546 2269 1585 e.
2304 1540 2532 1599 quartus
2556 1529 2697 1586 ﬁnit.

2289 1621 2369 1674 Ab
2409 1619 2470 1673 F.
2529 1629 2712 1676 autem
2764 1629 3152 1691 quaternorum
3202 1638 3446 1692 passuum
3475 1623 3530 1678 ad
3569 1624 3693 1686 ﬁnem.

2216 1710 2423 1780 primus
2463 1711 2844 1766 terminabitur
2874 1711 2925 1765 in
2974 1710 3027 1766 ι).
3071 1713 3383 1781 rotundum,
3426 1711 3692 1770 secundum

2214 1802 2463 1871 superius
2494 1801 2531 1856 Γ.
2560 1801 2756 1871 reliqui
2782 1810 3001 1856 vacant.

531 1902 741 1971 passus,
770 1899 1023 1960 quartum
1064 1892 1119 1947 in
1151 1892 1209 1947 C.
1248 1893 1468 1949 Intentio
1502 1910 1531 1948 a
1561 1895 1622 1950 C.
1672 1896 1725 1950 in
1778 1897 1938 1952 ﬁnem
2001 1908 2095 1955 tres

2285 1892 2349 1943 A.
2391 1890 2445 1944 b.
2484 1890 2714 1947 rotundo
2740 1890 2807 1943 ad
2854 1890 3016 1944 ﬁnem
3059 1888 3296 1944 duorum
3341 1903 3563 1959 passuum
3600 1889 3697 1959 prior

510 1988 822 2049 passus,“
845 1982 1053 2052 primus
1074 1983 1192 2038 ﬁnit
1220 1985 1274 2039 in
1306 1984 1369 2040 C.
1398 1985 1627 2043 lntendo
1657 2004 1686 2041 a
1718 1989 1780 2043 D.
1834 1990 1887 2044 in
1942 1991 2105 2047 ﬁnem

529 2080 756 2140 quatuor
785 2088 1002 2143 passus,
1026 2083 1080 2130 et
1108 2077 1328 2146 primus
1358 2079 1670 2143 terminabit
1705 2082 1759 2141 in
1789 2081 1846 2137 S.
1886 2099 2105 2157 synem-

531 2174 753 2230 menon,
781 2172 835 2218 et
859 2164 1007 2222 ﬁnita
1037 2176 1121 2227 est
1143 2185 1417 2228 mensura.

1043 2295 1286 2335 IENSURA
1324 2298 1572 2339 ευιιδοκιε

724 2366 960 2424 Επιϐοιι.
990 2370 1515 2431 Benedicto-Duratio
1541 2394 1662 2432 swc.
1692 2396 1787 2434 xu.
1820 2382 1927 2451 (5):

594 2457 729 2514 Cum
754 2462 987 2531 primum
1008 2480 1037 2519 a
1061 2465 1125 2522 ϐ.
1167 2468 1233 2522 ad
1272 2468 1431 2524 ﬁnem
1488 2486 1678 2526 novem
1702 2463 1952 2542 passibus
1992 2490 2106 2530 mo-

520 2550 859 2607 nocltordum
889 2555 1130 2623 partiris,
1160 2557 1371 2627 primus
1395 2575 1588 2629 passus
1618 2562 1997 2618 terminabitur
2047 2565 2101 2620 in

2198 1980 2599 2037 .trrminabitur
2625 1981 2677 2034 in
2699 1979 2969 2035 excellens
3008 1980 3304 2039 rotundum
3336 1980 3389 2035 b.
3430 1980 3491 2037 A.
3523 1979 3566 2033 d.
3594 1993 3697 2049 supe-

2192 2071 2347 2127 -riori
2375 2071 2425 2125 in
2455 2070 2616 2128 ﬁnem
2648 2070 2877 2128 duorum
2911 2084 3169 2140 passuum
3196 2069 3350 2140 prior
3397 2068 3621 2125 excellens
3660 2082 3695 2120 a.

2216 2161 2319 2215 vel.
2352 2162 2405 2215 b.

2190 2310 2200 2317 ,
2286 2249 2435 2306 'l‘unc
2465 2251 2677 2306 demum
2707 2252 2790 2308 l'ac
2814 2266 2843 2306 a
2866 2250 2973 2307 ﬁne
2998 2266 3163 2305 unum
3178 2266 3395 2321 passum
3422 2250 3468 2304 in
3492 2250 3698 2305 rotundum

2212 2346 2458 2410 superius
2490 2345 2542 2400 b.
2565 2346 2872 2409 Secundum
2899 2363 3115 2418 passum
3142 2358 3293 2404 retro
3318 2349 3372 2403 in
3403 2362 3547 2419 grave
3569 2346 3615 2401 Τ.
3641 2362 3697 2415 ςι-

2196 2453 2555 2504 nenuneuun,
2589 2437 2729 2507 quod
2761 2439 3190 2510 subiungendum
3222 2450 3309 2499 est
3347 2441 3479 2500 inter
3509 2449 3632 2512 grate
3658 2437 3698 2489 Α.

2215 2538 2270 2584 et
2295 2544 2460 2599 grave
2479 2528 2541 2583 Β.
2574 2537 2628 2584 et
2655 2528 2806 2589 ﬁnita
2834 2538 2941 2589 est.
3294 2526 3314 2573 ν’

518 2640 583 2698 Α.
634 2643 902 2698 secundus
953 2656 1128 2713 vacat,
1180 2649 1372 2705 tertius
1414 2650 1469 2705 in
1525 2650 1591 2705 D.
1643 2662 1869 2722 quartus
1892 2663 2097 2711 vacat;
2190 2692 2199 2700 υ

586 2754 662 2822 (l)
698 2755 816 2811 Vid.
848 2758 972 2813 Pez.
998 2768 1036 2815 t.
1071 2761 1133 2816 v.
1158 2763 1388 2827 Anecd.,
1423 2778 1477 2833 p.
1509 2763 1637 2819 225.

517 2875 3706 2923 Μ

974 2974 1737 3145 "unum
1835 2964 3308 3173 RATISBONENSIS

1727 3237 2040 3296 MONAClll
2079 3242 2353 3305 ASTATIS
2381 3241 2706 3299 INCERTAE

830 3338 2813 3607 MENSUBAéQUiDnIranTtm
2898 3424 3617 3607 FlGUR/E/

1521 3597 1628 3673 Ea:
1663 3596 1807 3671 cod.
1842 3597 2461 3660 Benedicto-Burano
2494 3621 2628 3663 swc.
2665 3622 2780 3669 xu.

581 3794 809 3867 Quidam
834 3798 1247 3863 Ratisbonensis
1272 3805 1570 3867 monachus
1599 3805 1820 3863 nomine
1854 3805 2090 3864 Otkerus
2124 3800 2169 3859 C
2205 3806 2393 3860 timam
2446 3813 2655 3876 partem
2704 3806 2902 3877 deputa
2950 3808 3184 3862 Deutero
3224 3814 3274 3863 et
3330 3802 3460 3879 ejus'
3492 3800 3707 3874 subjugilt.

2194 3897 2296 3952 hoc
2324 3904 2407 3952 est
2440 3898 2597 3952 tertio
2626 3908 2754 3953 tono
2782 3905 2838 3953 et
2861 3906 3078 3969 quarto.
3102 3897 3387 3963 Ultimam,
3420 3898 3468 3953 id
3486 3906 3575 3961 est,
3594 3895 3706 3949 imam
3804 3900 3805 3951 Ξ

2192 3996 2402 4059 partem
2451 3988 2519 4043 da
2561 3987 2741 4053 Protze
2783 3998 2840 4044 et
2899 3986 3014 4058 ejus
3058 3982 3301 4055 'laterali,
3357 3989 3410 4044 id
3463 3995 3539 4043 est
3585 3982 3707 4055 primo
3804 3994 3805 4055 ξ

2195 4090 2320 4135 tono
2348 4088 2402 4134 et
2436 4079 2698 4135 secundo.
2763 4077 3004 4134 Summae
3028 4080 3191 4148 parti,
3236 4094 3359 4148 quze
3405 4087 3485 4134 est
3525 4070 3702 4131 Tetranﬁ

2192 4173 2258 4226 da
2285 4185 2480 4224 nomen
2521 4169 2633 4223 TE.
2662 4179 2791 4224 ante
2818 4168 3129 4242 penultiinae
3156 4170 3299 4245 parti
3330 4168 3400 4223 da
3430 4180 3600 4223 nomen
3628 4158 3703 4214 ΤΒ.
3804 4158 3805 4213 ;

2190 4261 2506 4335 Ρθηηιιῖιηεε
2538 4261 2678 4339 parti
2709 4261 2779 4316 da
2809 4275 3009 4316 nomen
3042 4260 3155 4322 DE.
3185 4261 3395 4319 ultimae
3424 4259 3549 4334 parti
3577 4259 3706 4310 (Illio-

509 3884 791 3948 adinvenit
838 3887 981 3944 hanc
1017 3905 1326 3952 mensuram
1372 3893 1845 3967 quadripertitam,
1897 3907 1951 3952 et
1995 3913 2089 3951 no-

491 3977 734 4041 ,tninavit
757 3993 879 4033 eam
913 3980 1199 4048 Theorema
1236 3995 1538 4059 troporum,
1564 3988 1707 4056 quod
1742 3988 1923 4044 dicere
1965 4004 2090 4060 pos—

504 4083 693 4127 sumus
718 4072 947 4136 cribrum
984 4071 1346 4133 Manachordi.
1364 4075 1499 4143 Nam
1528 4077 1580 4131 in
1605 4092 1667 4135 ea
1698 4078 1849 4134 vides
1881 4090 2086 4157 aperte,

501 4162 774 4235 quomodo
815 4164 1151 4223 conveniunt
1182 4182 1373 4227 omnes
1412 4184 1608 4239 graves
1646 4180 1698 4226 et
1734 4185 1924 4226 omnes
1954 4172 2089 4239 ﬁna-

500 4252 608 4321 lcs,
632 4263 688 4318 et
719 4269 913 4321 omnes
944 4256 1282 4329 superiores,
1325 4273 1392 4317 ac
1419 4274 1609 4315 omnes
1636 4260 1965 4323 excellentes
1995 4281 2007 4315 :
2034 4271 2090 4329 et

501 4344 663 4405 simul
688 4347 840 4410 vides
861 4333 1053 4404 omnes
1075 4350 1288 4427 species
1302 4350 1641 4409 diatessaron
1667 4360 1723 4407 et
1753 4367 1943 4410 omnes
1968 4368 2088 4427 spe-

500 4435 614 4503 cies
640 4436 915 4507 diapente,
956 4446 1011 4493 et
1046 4424 1309 4517 quorsum
1340 4457 1536 4498 cursus
1566 4443 1637 4499 sit
1674 4443 1939 4519 cujusque
1970 4424 2085 4499 toni

499 4544 687 4595 susum
705 4529 788 4585 vel
816 4528 1026 4600 jusum.
1052 4530 1225 4611 Quam
1256 4548 1568 4591 mensuram
1601 4534 1685 4600 sic
1713 4536 1879 4592 debes
1907 4537 2086 4606 dispo-

498 4635 655 4687 nere.
2006 4611 2012 4619 ’

568 4713 786 4779 Partito
808 4731 974 4770 unum
1028 4715 1174 4781 latus
1206 4717 1564 4785 monocliordi
1608 4719 1661 4772 in
1691 4726 1927 4792 quatuor
1954 4734 2083 4787 par-

498 4815 599 4869 tes,
629 4808 813 4876 spacio
839 4823 1005 4878 supra
1028 4808 1113 4861 vel
1155 4809 1294 4862 infra
1317 4809 1385 4865 ad
1426 4809 1570 4865 latus
1598 4811 1757 4866 unius
1785 4810 1969 4873 culmi,
2004 4825 2086 4863 re-

499 4897 654 4965 lic-to,
681 4898 732 4953 in
758 4914 865 4977 quo
893 4899 1154 4975 utrinque
1185 4899 1400 4956 litteras
1422 4914 1693 4956 mensura:
1730 4900 1907 4982 possis
1953 4900 2085 4955 scri-

497 4988 645 5049 bere.
680 4988 745 5043 Et
772 4990 844 5043 ita
876 5006 984 5044 uno
1010 4989 1179 5046 latere
1200 4989 1591 5064 quadrifariam
1624 4991 1800 5058 diviso
1830 5005 2082 5057 mensura

498 5079 643 5141 latus
677 5082 1001 5148 Gnidonicc,
1041 5092 1098 5143 et
1140 5084 1363 5154 punctis
1400 5083 1456 5138 in
1510 5098 1721 5137 summa
1769 5082 1909 5136 linea
1960 5098 2082 5136 cum

2191 4369 2313 4411 men
2336 4353 2451 4415 PR.

2266 4413 2516 4505 Mensura
2548 4440 2850 4496 Guidonice
2882 4439 3049 4504 facta,
3093 4448 3149 4496 et
3185 4442 3408 4511 punctis
3444 4447 3637 4506 superne
3666 4436 3703 4481 et

2190 4529 2329 4584 infra
2357 4545 2477 4584 cum
2507 4530 2705 4591 litteris
2732 4529 2946 4603 positis,
2982 4539 3111 4585 tunc
3136 4544 3277 4600 pone
3309 4529 3539 4600 regulam
3583 4532 3706 4575 trans-

2188 4625 2387 4690 versim
2437 4640 2468 4678 a
2510 4631 2713 4693 puncto
2747 4624 2804 4677 in
2832 4632 3095 4695 punctum
3118 4631 3175 4678 et
3201 4624 3495 4680 secundum
3520 4620 3705 4671 lla?ch

2189 4731 2501 4791 nogramma
2520 4714 2697 4770 incide
2727 4715 3001 4790 incipiens
3029 4731 3061 4769 a
3089 4715 3159 4776 (ἰ.
3181 4723 3236 4770 et
3259 4729 3421 4789 quam
3446 4719 3622 4781 partem
3641 4702 3704 4754 de-

2189 4810 2317 4863 beas
2343 4790 2605 4871 incidere,
2628 4807 2789 4862 docet
2819 4816 2870 4861 te
2901 4807 2989 4861 hic
3019 4817 3214 4861 cantus
3235 4806 3349 4860 TE.
3375 4803 3483 4861 TR.
3516 4800 3605 4853 TE.
3628 4791 3703 4888 Tll-

2190 4900 2298 4961 SY.
2332 4901 2382 4955 id
2412 4912 2514 4963 est,
2548 4914 2970 4971 synemmenon.
2996 4898 3103 4954 TE.
3138 4898 3245 4952 DE.
3277 4896 3386 4961 SE.
3414 4896 3461 4949 id
3487 4902 3578 4953 est,
3598 4897 3706 4941 semi-

2192 4993 2418 5047 touium.
2446 4991 2556 5046 TE.
2587 4990 2699 5044 TR.
2727 4990 2836 5045 TE.
2882 4991 2988 5044 DE.
3035 4990 3147 5046 PR.
3177 4989 3285 5044 TE.
3340 4988 3451 5043 TR.
3498 4984 3588 5038 DE.
3630 4974 3701 5030 Pli-

2190 5081 2296 5149 ΤΕ.
2330 5082 2444 5137 TR.
2477 5080 2590 5135 PR.
2622 5079 2732 5141 TE.
2766 5081 2874 5134 DE.
2896 5079 3010 5140 PR.
3034 5080 3146 5134 TE.
3170 5079 3282 5133 TR.
3320 5079 3429 5134 DE.
3480 5074 3576 5129 PR.
3627 5064 3698 5117 τεο

498 5168 725 5239 litteris,
758 5182 813 5227 et
851 5145 913 5228 in
957 5145 1065 5229 una
1110 5145 1255 5231 tt...
1293 5174 1497 5241 eisdem
1538 5175 1753 5248 punctis
1793 5181 1847 5229 et
1886 5172 2082 5231 litteris
2116 5145 2162 5203 ί)
2191 5146 2304 5228 Tn.
2335 5173 2447 5234 ινδ.
2481 5171 2590 5227 sv.
2623 5172 2728 5226 TE.
2761 5172 2870 5237 ne.
2902 5171 3010 5226 ru.
3051 5171 3157 5226 se.
3199 5170 3327 5224 re.
3369 5168 3479 5223 TR.
3518 5162 3605 5217 τε.
3630 5150 3701 5248 st-

500 5260 729 5328 notatis,
752 5262 819 5316 da
842 5263 1083 5335 singulas
1106 5276 1291 5339 partes
1321 5264 1551 5337 singulis
1582 5263 1912 5325 autltenticis
1940 5262 2084 5326 tonis

499 5365 555 5408 et
576 5354 689 5416 suis
718 5356 1038 5427 plagalibus,
1068 5359 1280 5418 scilicet
1310 5375 1578 5423 summam
1622 5368 1833 5437 partem
1877 5356 1945 5411 da
1980 5355 2083 5411 Tc-

498 5443 686 5512 trardo
724 5454 781 5502 ct
805 5447 922 5522 ejus
948 5448 1144 5519 plagis,
1176 5452 1281 5513 hoc
1326 5460 1412 5505 est
1439 5451 1673 5522 septimo
1716 5459 1845 5513 tono
1897 5460 1953 5504 et
1978 5465 2073 5505 oc-

497 5547 642 5593 tavo.
683 5538 823 5595 Ante
852 5521 1209 5609 penultimam
1258 5552 1464 5613 partem
1496 5521 1561 5596 da
1603 5544 1733 5597 trito
1762 5544 2078 5598 authentico

495 5640 547 5690 et
573 5630 692 5706 eius
719 5631 1005 5710 discipulo,
1036 5633 1089 5687 id
1119 5645 1222 5699 est,
1242 5636 1432 5705 quinto
1461 5644 1588 5691 tono
1612 5646 1666 5689 et
1689 5626 2073 5690 sexto.'Peuul-

2193 5264 2305 5319 TR.
2342 5265 2452 5319 DE.
2476 5263 2589 5318 PR.
2622 5263 2726 5319 SE.
2753 5263 2867 5317 TR.
2918 5263 3022 5317 SE.
3054 5262 3162 5317 DE.
3194 5260 3302 5316 PR.
3345 5260 3453 5313 TE.
3504 5253 3595 5308 Tli.
3630 5244 3698 5298 SE.

2193 5358 2304 5414 PR.
2339 5358 2448 5413 TE.
2488 5357 2599 5414 DE.
2625 5357 2735 5422 PR.
2761 5356 2872 5412 TE.
2921 5356 3035 5412 TR.
3075 5356 3184 5411 DE.
3222 5353 3334 5409 PR.
3366 5351 3470 5407 TE.
3500 5346 3591 5403 TR.
3628 5336 3701 5395 ΡΠ»

2192 5451 2294 5506 SE.
2329 5451 2437 5505 PR.
2470 5450 2584 5507 TR.
2626 5450 2737 5505 DE.
2766 5448 2877 5506 PR.
2906 5447 3021 5506 PR.

2168 5534 2342 5597 Tunc
2374 5543 2565 5597 metire
2587 5544 2655 5596 ab
2680 5541 2830 5608 gravi
2862 5541 2926 5597 Α.
2962 5539 3098 5595 Triti
3133 5540 3202 5594 ad
3226 5538 3390 5592 ﬁnem
3421 5545 3589 5589 novem
3614 5536 3694 5594 μευ

2164 5628 2169 5695 ί
2191 5650 2304 5700 sus,
2339 5643 2393 5687 et
2424 5634 2629 5704 primus
2657 5648 2849 5702 passus
2871 5648 2925 5702 y.
2950 5647 3004 5701 y.
3030 5631 3106 5699 (Ι)

567 5771 645 5842 (ι)
673 5770 878 5842 (λείπει
912 5772 1131 5838 desunt,
1170 5786 1287 5840 qua
1354 5774 1535 5833 omnia
1596 5774 1901 5833 distinctius
1975 5772 2333 5842 explanantur
2385 5773 2441 5831 in
2487 5772 2688 5832 Musiea
2739 5772 2794 5823 S.
2842 5770 3119 5835 \‘Vdirelmi
3158 5762 3540 5839 llirsaugiensis
3584 5760 3696 5824 liml

495 5838 639 5904 inita
665 5841 937 5905 dabimus.
