3900 6322
157 536 474 547 ..-..-.--

940 402 945 407 υ
981 388 1157 448 cms
1183 384 1536 448 SPIItENSlS
1566 390 1900 448 EPISTOLA
1932 394 2024 448 an
2056 372 2522 456 nantnemun.

3246 409 3353 464 σοι

480 534 3329 567 _.___.._____________________,_________________

836 677 1776 772 MONOCHOBDUM
1848 681 2658 773 ENCHERIADIS

254 855 447 925 (Edidit
474 855 532 910 D.
568 816 885 920 Rsvsissosv,
919 852 1177 924 Rapports
1198 870 1291 908 sur
1318 854 1392 909 les
1422 854 1791 926 bibliotht‘ques
1824 856 1914 909 des
1940 856 2319 926 déparlemeuls
2348 859 2411 911 de
2435 856 2653 921 I‘Ouest,
2688 852 2951 930 Appen«l..
2980 877 3031 932 p.
3064 864 3211 931 570.)

1544 994 1641 1009 ἢ

1776 992 1881 1009 -

195 1145 597 1201 Monoehordnm
626 1146 977 1201 Encheriadis
1019 1158 1233 1203 constat
1276 1149 1327 1203 in
1374 1149 1421 1202 Χ
1463 1159 1517 1203 et
1564 1148 1673 1204 Vill
1707 1131 1754 1190 Α
1782 1147 2003 1217 ipsoque
2057 1147 2357 1201 meditullio
2396 1152 2616 1205 tcrciam
2657 1152 2888 1206 mediam
2913 1152 3209 1204 constitue.
3252 1151 3356 1205 Dc-

130 1240 319 1305 eonlis,
359 1256 423 1293 ex
469 1249 698 1308 quatuor
762 1240 1010 1294 videlicet
1055 1241 1306 1310 gravibus
1347 1250 1401 1295 et
1444 1250 1679 1313 quatuor

132 1330 353 1385 ﬁnalibus
408 1344 747 1399 quatuorque
772 1330 963 1385 mediis
992 1346 1056 1386 ac
1097 1332 1318 1385 totidem
1358 1333 1679 1387 excellenti-

128 1428 237 1485 n:s,
270 1419 531 1489 adjunctis
570 1421 783 1478 duabus
843 1421 1427 1491 superexeellentibus;
1461 1438 1680 1493 compo-

129 1522 311 1567 nuntur
333 1529 394 1569 ex
414 1522 540 1583 tono
558 1522 617 1568 et
638 1513 928 1569 semitonio
956 1514 1273 1582 duobusque
1300 1515 1442 1571 tonis
1457 1551 1474 1571 .
1511 1514 1679 1584 Hujus

125 1612 283 1657 autem
305 1603 617 1659 monooordi
650 1603 879 1674 particio
900 1605 980 1659 sic
1003 1604 1328 1673 disponitur.
1664 1669 1669 1673 _

186 1694 405 1748 Primum
433 1702 604 1750 totam
632 1695 869 1749 tabulam
899 1710 995 1765 per
1014 1706 1251 1765 quatuor
1275 1697 1455 1751 divide
1484 1697 1681 1752 sectio-

126 1799 227 1846 nes,
254 1798 472 1853 quarum
505 1786 683 1855 prima
710 1786 761 1839 in
790 1788 1011 1841 sinistra
1035 1789 1262 1857 magoda
1288 1789 1475 1857 primm
1498 1790 1680 1860 gravis

129 1873 319 1928 nomine
347 1873 614 1929 titulatnr.
646 1875 894 1930 Secunda
924 1888 1112 1945 quarta
1138 1879 1319 1949 gravis
1344 1880 1676 1935 nominatur.

129 1960 292 2017 Tercia
343 1974 525 2018 autem
564 1974 754 2033 quarta
799 1966 976 2020 finalis
1005 1967 1222 2022 dicitur.
1254 1969 1319 2023 Et
1346 1979 1536 2039 quarta
1572 1980 1681 2025 ter-

129 2052 211 2109 cia?
234 2054 543 2111 excellentis
572 2057 833 2112 vocabulo
860 2058 1039 2128 pollet.
1072 2060 1272 2115 lterum
1308 2062 1552 2116 eamdem
1599 2071 1677 2115 ta-

126 2145 285 2202 bulam
314 2147 366 2202 in
397 2163 593 2204 novem
623 2150 822 2216 divide,
859 2166 1167 2221 nonamque
1197 2164 1409 2223 partem
1441 2154 1493 2208 in
1544 2154 1678 2208 sini-

122 2241 459 2303 straprotono
507 2236 798 2290 constitue.
835 2238 1013 2307 Atque
1051 2237 1165 2307 ipsa
1214 2239 1377 2293 corda
1430 2242 1672 2296 secunda

126 2324 283 2389 gravis
328 2335 575 2381 vocatur.
625 2327 830 2382 Deinde
890 2344 918 2381 a
977 2330 1165 2383 dextra
1215 2330 1442 2401 magoda
1501 2348 1672 2403 usque

126 2424 344 2483 quartam
374 2434 597 2494 gravem
639 2420 691 2473 in
742 2419 847 2475 νιξι
886 2423 1092 2485 divide,
1136 2440 1439 2494 nonamque
1486 2427 1671 2481 inante

124 2518 399 2573 porrectam
436 2493 540 2579 pro
585 2512 751 2565 tercia
788 2513 938 2582 gravi
979 2514 1183 2583 arripe.
1242 2514 1369 2568 Item
1412 2532 1579 2585 usque
1609 2519 1675 2571 ad
1709 2486 1765 2547 Β·

125 2601 338 2655 eundem
377 2613 633 2671 qnarmm
665 2620 882 2674 gravem
913 2622 1007 2677 per
1036 2608 1104 2662 IX
1146 2610 1403 2665 metieris.
1433 2613 1493 2666 Et
1533 2630 1673 2667 nona

124 2702 231 2755 pars
258 2692 355 2747 erit
379 2695 567 2761 prima
591 2697 758 2750 corda
790 2698 989 2763 ﬁnalis,
1035 2716 1203 2769 usque
1240 2703 1410 2771 ipsam
1461 2706 1673 2760 finalem

122 2795 202 2847 per
221 2782 280 2834 ΙΧ
308 2784 605 2839 metiendo.
649 2785 926 2845 Faciendo
953 2790 1117 2847 faciet
1149 2810 1290 2847 nona
1317 2812 1443 2864 pars
1472 2795 1512 2850 ll
1541 2797 1676 2851 lina-

108 2868 208 2933 lem
255 2872 302 2924 in
328 2877 640 2933 semitonio.
670 2876 800 2933 Inde
828 2895 1001 2950 usque
1028 2884 1393 2952 supradictam
1419 2896 1670 2954 quartam

123 2961 306 3015 finalem
342 2967 442 3021 Vill
473 2977 665 3037 partes
692 2970 1010 3040 disponens,
1036 2990 1173 3027 nona
1195 2975 1245 3027 in
1270 2985 1394 3029 ante
1421 2990 1673 3045 protensa

123 3055 409 3111 ostenditlll
449 3058 693 3113 liualem.
742 3059 863 3114 Mox
889 3062 1054 3115 etiam
1091 3063 1158 3116 ad
1207 3063 1377 3132 ipsam
1420 3077 1671 3134 quartam

125 3140 308 3198 limilem
344 3161 436 3214 per
486 3148 560 3202 IX
623 3151 903 3219 partieris,
966 3168 1216 3220 nonaque
1268 3170 1395 3222 pars
1446 3157 1703 3224 primanr

124 3234 325 3289 mediam
349 3238 770 3296 demonstrabit.
804 3243 940 3297 Hinc
965 3260 1134 3312 usque
1165 3247 1396 3313 primam
1445 3250 1678 3304 mediam

123 3323 284 3386 ΙιυνΙΧ
312 3328 515 3391 divide,
548 3340 605 3385 et
635 3348 773 3386 nona
813 3349 940 3403 pars
992 3334 1192 3403 pandet
1230 3339 1525 3392 secundam
1570 3356 1681 3396 me-

125 3410 248 3466 diam
280 3416 329 3470 in
357 3423 676 3480 semitonio.
711 3424 878 3479 Retro
916 3440 945 3478 a
978 3436 1172 3495 quarta
1202 3430 1346 3484 finali
1378 3446 1545 3499 nsque
1573 3443 1682 3487 ter-

130 3502 241 3557 tiam
263 3507 365 3573 jam
389 3513 595 3568 dictam
619 3516 971 3575 excellentem
1000 3539 1099 3593 per
1131 3526 1362 3581 medium
1396 3525 1595 3590 divide,
1622 3525 1673 3578 in
1706 3521 1749 3582 C

1783 1240 1909 1294 hinc
1939 1254 2108 1306 usque
2135 1238 2201 1291 ad
2234 1238 2405 1307 ipsam
2426 1244 2648 1296 tcrciam
2664 1243 2895 1297 mediam
2923 1258 3018 1309 per
3047 1243 3113 1295 lX
3144 1242 3354 1306 metire,

1782 1348 2089 1403 nouamque
2116 1345 2327 1405 partem
2355 1350 2452 1404 pro
2484 1344 2677 1402 quarta
2714 1335 2887 1387 media
2918 1350 3075 1403 pone.
3106 1343 3158 1387 et
3189 1348 3359 1400 usque

1782 1436 2036 1497 quartam
2065 1427 2296 1481 mediam
2327 1443 2422 1494 per
2458 1425 2524 1478 IX
2559 1426 2871 1491 dividendo,
2913 1427 2965 1478 in
3023 1440 3163 1478 noua
3208 1432 3360 1493 parte

1781 1519 2011 1595 primam
2040 1519 2393 1575 excellentem
2429 1519 2766 1572 constituito.
2793 1518 3014 1587 Insuper
3043 1518 3211 1586 ipsam
3249 1514 3358 1585 pri-

1782 1626 1925 1665 mam
1963 1611 2315 1667 excellentem
2344 1627 2439 1681 per
2480 1609 2550 1664 IX
2598 1610 2871 1680 particris,
2914 1610 2967 1662 in
3020 1618 3173 1677 parte
3219 1621 3359 1661 nona

1782 1699 2129 1755 fietsecunda
2168 1699 2462 1772 excellens.
2502 1698 2686 1769 Usque
2723 1698 2948 1752 tcrciam
2996 1712 3124 1749 vero
3173 1709 3361 1764 supra-

1780 1793 1980 1849 dictam
2009 1808 2108 1863 per
2134 1790 2203 1846 IX
2226 1792 2474 1855 metiens,
2504 1807 2642 1845 nona
2691 1807 2815 1859 pars
2847 1788 3169 1843 monstrabit
3198 1801 3360 1856 quar-

1783 1894 1897 1939 tam
1932 1884 2311 1939 excellentem.
2369 1882 2473 1936 Per
2520 1898 2709 1936 novem
2740 1879 2824 1933 bis
2860 1878 3179 1946 multiplica,
3215 1885 3268 1929 ct
3306 1876 3360 1929 ia

1779 1976 1885 2031 fine
1917 1976 2135 2031 ultimos
2188 1973 2514 2029 excellentes
2560 1971 2900 2042 multiplica:
2937 1970 3110 2041 prima
3156 1968 3361 2039 gravis,

1783 2067 2019 2121 secunda
2047 2064 2250 2135 gravis,
2276 2064 2444 2117 tercia
2467 2062 2667 2132 gravis,
2703 2070 2897 2131 quarta
2932 2058 3150 2129 gravis;
3187 2054 3360 2125 prima

1778 2154 1975 2216 finalis,
2004 2155 2239 2209 SPCIIIIda
2266 2154 2463 2218 iiualis,
2501 2153 2667 2207 tercia
2694 2151 2892 2215 linalis,
2919 2159 3114 2219 quarta
3145 2147 3356 2207 finalis‘;

1776 2247 1946 2317 prima
1964 2246 2158 2307 media,
2175 2245 2408 2300 secunda
2425 2244 2621 2306 media,
2651 2243 2813 2297 tercia
2835 2241 3031 2306 media,
3047 2248 3238 2309 quarta
3258 2253 3364 2291 me-

1775 2340 1895 2404 dia;
1917 2340 2088 2408 prima
2112 2338 2405 2399 excellens,
2431 2336 2665 2391 secunda
2690 2334 2985 2398 excellens,
3003 2332 3167 2386 tercia
3184 2330 3363 2384 excet-

1777 2435 1913 2492 lcns,
1950 2441 2142 2501 quarta
2172 2429 2463 2494 excellens,
2487 2425 2979 2497 superexcellentcs
3012 2425 3148 2477 dua).
3181 2421 3358 2476 Prima

1783 2523 1956 2576 linalis
1971 2522 2223 2574 inclinum
2244 2519 2303 2574 S.
2318 2519 2384 2572 ad
2397 2526 2557 2587 caput
2572 2517 2642 2570 ita
2658 2514 2718 2581 S;
2736 2515 2980 2570 Secunda
2996 2512 3169 2566 iinalis
3188 2512 3227 2565 E
3241 2526 3362 2563 vcr-

1782 2630 1899 2666 sum
1928 2614 1993 2666 ad
2021 2612 2266 2683 capntita
2285 2609 2355 2674 E;
2377 2609 2541 2664 tercia
2566 2608 2674 2663 iota
2691 2606 2918 2676 simplex
2946 2604 3271 2659 etinclinum
3291 2602 3361 2655 ita

1762 2702 1850 2765 ,1,-
1885 2711 2077 2771 quarta
2113 2700 2287 2754 linalis
2309 2700 2350 2753 E
2373 2697 2655 2753 dimidium
2688 2695 2755 2750 ad
2785 2704 2945 2765 caput
2965 2695 3039 2747 ita
3065 2689 3130 2745 Ε.
3158 2691 3364 2745 Graves

1782 2794 2071 2848 retroversi
2087 2792 2272 2846 linales
2288 2789 2803 2859 ita.....Snperiores
2813 2785 3032 2841 demissi
3045 2784 3220 2853 capita
3238 2784 3344 2837 lina

1782 2885 1858 2941 les
1879 2887 2086 2939 ita......
2113 2884 2450 2938 Excellentes
2477 2881 2694 2936 demissi
2709 2879 2884 2949 capita
2910 2892 3103 2948 graves
3127 2877 3363 2936 ita......,

1783 2982 2011 3042 excepto
2043 2973 2170 3025 trito
2193 2971 2283 3041 qui
2319 2971 2369 3024 in
2405 2971 2657 3040 gravibus
2689 2977 2870 3022 notam
2902 2966 3061 3021 habet
3092 2964 3159 3028 ll,
3207 2962 3364 3016 incli-

1786 3078 1939 3115 unm.
1970 3061 2027 3115 in
2058 3059 2492 3130 superioribus"
2523 3074 2739 3113 versum
2775 3067 2827 3111 el
2861 3057 3278 3110 inclinnm.......
3307 3053 3361 3106 in

1784 3154 2171 3209 excellentibus
2234 3153 2343 3207 iota
2408 3152 2669 3221 perlixnm
2706 3152 2745 3219 1-
2788 3150 2901 3204 Duo
2948 3147 3148 3201 residui
3206 3146 3359 3214 signa

1787 3245 1987 3299 habent
2008 3244 2235 3315 jacentis
2256 3244 2394 3312 proli
2417 3252 2471 3297 et
2501 3242 2731 3296 dcuteri.
2764 3241 2901 3294 Sunt
2920 3254 3108 3293 omnes
3130 3235 3360 3297 XXVIII,

1790 3349 1898 3403 quo
1939 3333 2190 3387 videlicet
2221 3332 2416 3400 singuli
2458 3340 2760 3385 extremam
2789 3344 2941 3382 suam
2980 3325 3363 3397 symphoniam

1785 3425 2073 3494 attingant,
2098 3423 2152 3477 id
2185 3433 2270 3477 est
2291 3421 2379 3475 XV
2406 3436 2620 3477 sonum.

142 3648 3364 3699 Ἦ

1535 3805 1719 3849 CIRCA
1761 3808 1866 3849 ΔΝ.
1918 3808 1989 3850 M.

846 3968 1033 4076 Α.
1099 3965 1591 4082 cxvxs
1650 3966 2609 4084 SPIBENSIS

1386 4200 2072 4317 EPISTOLA

747 4419 855 4483 ΑΙ)
897 4418 1419 4483 HERIBERTUM
1461 4417 2026 4481 COLONIENSEM
2066 4419 2763 4489 ARCHIEPISCOPUM
3070 4440 3081 4487 ξ
3117 4422 3154 4470 λεί

934 4587 1247 4649 Adversus
1271 4604 1718 4667 praepropcras
1744 4598 2149 4668 peccatorum
2196 4587 2641 4653 absolutiones.

1085 4749 1289 4821 (Edidit
1324 4752 1575 4807 Mauras.
1620 4754 1797 4824 Ampl.
1832 4752 2052 4809 Collect.
2091 4751 2133 4821 l,
2170 4752 2319 4825 557.)

180 5037 532 5097 Nobilissimze
553 5042 697 5099 sedis
718 5042 1123 5112 archiepiscopo
1150 5042 1397 5098 nobiliori
1422 5042 1489 5098 ll.
1514 5045 1576 5099 A.
1604 5045 1687 5099 in-
1718 5041 1765 5099 ἰ)
1795 5047 1966 5102 linere
2008 5045 2345 5117 intelligunt,
2371 5059 2562 5103 manus
2594 5021 2809 5100 sursum
2841 5040 3020 5099 levare
3057 5049 3111 5097 et
3146 5049 3365 5112 peccata

116 5128 341 5194 q-iilinus
399 5132 537 5188 civis
585 5148 653 5189 ex
705 5135 837 5190 urbe
873 5134 1045 5205 Spirae
1092 5149 1360 5190 summam
1413 5134 1686 5190 fclicitatis

116 5228 315 5275 aeternae
336 5224 433 5294 (1).

186 5312 306 5367 Novi
341 5292 603 5387 quosdam
638 5318 799 5374 vestri
829 5318 1056 5385 ordinis,
1081 5320 1368 5391 etquidem
1401 5292 1531 5374 satis
1560 5335 1686 5390 pro-

117 5403 209 5461 bos
262 5420 423 5479 atque
476 5413 735 5478 eruditos,
782 5413 873 5483 qui
921 5415 1135 5482 quoties
1182 5415 1233 5469 i‘n
1285 5413 1527 5470 ecclesiis
1576 5415 1688 5470 suis

120 5498 303 5566 populo
339 5500 435 5556 Dei
490 5504 723 5559 triticum
761 5500 1037 5574 spirituale
1078 5504 1432 5566 distribuunt,
1463 5506 1690 5576 expletis

121 5590 357 5649 omnibus
383 5609 503 5664 qua:
541 5595 605 5649 ad
650 5593 881 5649 fructum
914 5605 1115 5651 sancta:
1153 5595 1527 5652 tedificationis
1561 5611 1687 5667 per-

150 5769 160 5778 .
186 5701 258 5769 (l)
288 5702 438 5759 Hanc
463 5708 740 5778 epistolam
775 5709 825 5762 in
849 5709 1215 5764 vetustissimo
1239 5708 1424 5765 codice
1446 5707 1685 5764 Tuitien-

124 5777 201 5825 iis
220 5777 524 5830 monaterii
551 5795 713 5847 prope
736 5778 1015 5834 Coloniam
1050 5780 1346 5849 reperimus
1379 5781 1447 5835 ad
1478 5779 1690 5835 calcem

1795 5153 1888 5192 sua
1932 5137 2177 5192 conﬁteri
2214 5136 2431 5206 jubent,
2471 5152 2578 5207 quo
2614 5131 2778 5203 facto,
2819 5132 3102 5189 confestim
3146 5132 3364 5188 absolu-

1796 5229 1997 5284 tionem
2030 5238 2084 5283 et
2114 5228 2485 5284 remissionem
2515 5243 2700 5282 eorum
2728 5225 2967 5282 omnium
2992 5224 3098 5280 illis
3126 5224 3365 5279 tribuunt

1797 5332 1943 5377 tanta
1980 5321 2257 5387 facilitate,
2292 5329 2495 5391 quanta
2534 5319 2764 5375 forsitan
2792 5318 2860 5374 de
2887 5319 3111 5389 pecunia
3151 5315 3365 5387 propria

1795 5414 1981 5470 obolos
2009 5424 2121 5469 tres
2159 5413 2361 5467 nollent
2385 5412 2579 5481 cuique
2606 5409 2867 5465 relaxare.
2899 5409 3012 5465 lloc
3050 5410 3230 5479 itaque
3270 5420 3363 5458 an~

1796 5506 2028 5570 dientes,
2078 5503 2317 5559 nonnulli
2366 5501 2621 5570 fratrum,
2665 5502 2757 5571 qui
2804 5516 2871 5556 ex
2917 5502 3101 5556 divino
3145 5505 3366 5553 mamere

1794 5595 2127 5664 aliquantam
2168 5608 2337 5649 sacrm
2381 5591 2674 5661 Scriptura:
2702 5590 3008 5645 facultatem
3051 5590 3282 5652 habent,
3312 5594 3364 5641 et

1793 5708 1926 5791 Viue
1974 5707 2030 5761 S.
2069 5707 2357 5775 lleribcrti,
2393 5706 2477 5763 cni
2523 5705 2745 5777 proinde
2789 5704 3044 5775 scriptam
3090 5700 3369 5755 existima-

1792 5794 1981 5834 γηιιυδ.
