3900 6322
548 370 750 432 ’699

1431 367 1602 425 δᾹΞΟ.
1646 367 1713 423 XI
1752 365 1957 423 AUCT.
2000 361 2269 420 INCEttTt
2311 361 2469 418 ANNI
2512 363 2599 420 ET
2641 360 3153 420 SCltiP‘l‘.‘AAt-:2n.
3680 379 3729 435 τω
3798 412 3799 447 ἰ

651 489 770 542 dire
798 476 1003 542 nolens,
1028 493 1179 540 extra
1223 484 1355 539 fines
1386 495 1599 540 nostros
1637 486 1787 554 sequi
1825 501 1885 540 se
1914 498 2012 538 nos
2056 482 2242 537 admo-
2270 483 2307 539 Α
2345 480 2397 534 in
2442 480 2633 535 alienis
2680 478 2924 549 partibus
2974 476 3265 531 affuturum
3315 475 3616 547 invitavit;iu
3635 498 3732 549 tam

652 581 798 643 nuit,
841 576 1029 630 dicens
1071 590 1129 629 se
1185 577 1554 630 narrationem
1611 586 1853 631 nostram
1914 576 2225 631 auditurum

650 666 946 731 Vindocino
975 664 1057 719 vel
1088 665 1229 734 apud
1254 665 1578 721 Carnotum.
1625 666 1862 736 Uterque
1892 666 2042 721 locus
2071 667 2227 721 nobis

645 756 871 810 nimium
912 756 1239 811 contrarius.
1296 755 1435 811 Hine
1481 744 1624 825 quod
1669 757 1903 826 undique
1942 756 2229 810 imminen-

645 848 790 903 tibus
817 847 1030 902 insidiis
1063 847 1316 911 hostium,
1347 856 1456 902 tam
1484 863 1769 903 numerum
1792 862 1950 917 quam
1974 862 2226 918 persona-

641 939 884 994 rum-tali
914 938 1199 1008 quaestioni
1222 939 1664 1009 congruentium,
1695 937 1905 1007 cepiam
1939 938 2065 992 illuc
2090 952 2224 992 eon-

642 1028 838 1083 ducere
868 1030 1024 1084 nobis
1052 1028 1495 1102 vel‘impossibile
1517 1030 1695 1084 stabat
1723 1027 1807 1083 vel
1833 1025 2220 1083 difﬁcillimum.

640 1119 768 1176 inde
788 1120 933 1190 quod
961 1120 1291 1176 adversariis
1316 1121 1504 1176 aderat
1530 1119 1782 1186 facultas,
1807 1118 1966 1174 sicuti
1990 1118 2223 1173 dominis

639 1213 756 1268 sive
786 1213 1103 1269 domesticis
1131 1212 1275 1268 illius
1302 1212 1561 1283 regionis,
1595 1222 1702 1267 tam
1735 1212 1976 1282 pecuniae
2008 1212 2074 1265 ad
2102 1211 2221 1264 ani-

638 1318 757 1358 mos
797 1303 1041 1374 judicum
1087 1306 1546 1374 eorrumpendos,
1592 1318 1752 1372 quam
1809 1303 2104 1358 amicorum
2155 1302 2221 1356 ad

637 1395 808 1463 ipsam
835 1396 1105 1463 justitiam
1140 1397 1310 1465 magis
1351 1397 1672 1466 garrulitate
1704 1394 2021 1465 impudenti,
2058 1410 2219 1465 quam

638 1480 888 1536 facundia
942 1482 1197 1538 laudabili
1245 1484 1659 1553 pervertendam
1711 1493 2038 1541 astutorum.
2082 1479 2219 1551 Quid

635 1572 798 1643 ergo?
818 1571 914 1627 Vix
940 1587 1063 1627 cum
1082 1574 1272 1645 paucis
1292 1573 1587 1644 suffragiis,
1603 1574 1903 1630 Vindocino
1922 1574 2221 1646 praeterito,

635 1660 928 1716 Carnutum
976 1664 1236 1734 ingressi,
1277 1665 1332 1721 in
1369 1666 1520 1721 curia
1558 1665 1831 1735 pontificis
1863 1666 1927 1721 A.
1965 1664 2216 1740 [Artaldi]

634 1753 1115 1812 Viudocinensium
1144 1757 1418 1828 quondam
1452 1758 1703 1813 monachi
1745 1757 1927 1812 multis
1973 1757 2218 1828 personis

2337 570 2481 639 quod
2533 568 2577 622 si
2630 583 2730 622 nec
2778 566 2852 620 illi
2906 568 3136 635 quaestio
3180 566 3429 632 finiretur,
3474 568 3637 629 Romam
3668 582 3733 637 ita

2331 669 2717 729 repetercmus.
2752 655 3153 724 [inpedimentis
3180 671 3280 710 nos
3314 672 3409 710 non
3434 673 3557 727 me
3578 669 3737 724 nam
3798 722 3799 725 η

2329 753 2586 807 domadas
2607 751 2721 820 jam
2751 766 2934 807 secum
2964 750 3217 805 demotos
3246 748 3471 819 pluribus
3491 752 3735 824 pahmom.

2326 842 2419 906 sis,
2450 843 2700 913 excipere
2729 843 3103 898 necessitatem
3138 840 3330 896 noluit.

2372 934 2538 1002 Quid
2587 934 2778 1006 plura?
2833 934 3102 991 Gaudium
3152 935 3222 989 ab
3274 935 3531 1004 apostolica
3576 940 3740 1009 maiestas

2325 1034 2507 1082 vestra
2555 1027 2809 1096 adeptum
2854 1026 3189 1098 benignitate
3232 1026 3449 1082 venitur
3476 1028 3519 1083 in
3555 1045 3738 1089 mtuam.

2282 1161 2286 1164 .
2324 1117 2500 1184 Quam
2530 1132 2750 1186 aspere,
2780 1118 2887 1172 imo
2933 1133 3096 1187 quam
3142 1117 3430 1173 crudeliter
3466 1133 3545 1174 nos
3570 1120 3739 1187 deiet-ruit,

2323 1216 2698 1282 exasperavit,
2729 1228 2850 1265 cum
2880 1209 3217 1280 'qnibusdam
3253 1210 3451 1279 publice
3473 1214 3740 1284 CODlBﬂtlii,t§r

2323 1305 2600 1374 probrium
2650 1304 2797 1365 fecit.
2829 1314 2885 1359 et
2926 1305 2979 1359 in
3015 1305 3288 1358 absconso
3314 1318 3447 1373 saepe
3478 1302 3549 1372 jus
3574 1305 3739 1369 factum,

2323 1396 2366 1451 si
2402 1396 2697 1450 Romanam
2726 1396 2990 1467 synodum
3019 1404 3417 1465 expeteremus,
3439 1397 3640 1465 promisit.
3653 1398 3741 1466 οι).

2323 1487 2606 1542 inhoneste
2663 1487 3057 1543 Frotmundum
3132 1485 3276 1542 bene
3336 1486 3478 1542 vobis
3530 1496 3679 1549 notum.
3711 1506 3740 1543 ex

2292 1578 2561 1647 ‘IIOSpiliO
2606 1593 2705 1632 suo
2750 1578 2865 1648 ipse
2915 1577 3181 1646 pulsando
3233 1577 3471 1631 manibus
3505 1578 3590 1631 suis
3615 1582 3742 1647 curata?

2319 1668 2618 1725 Fastidium
2656 1668 2808 1723 vobis
2858 1669 2972 1724 fieri
3005 1678 3335 1737 metuentes,
3363 1669 3535 1739 quippe
3560 1669 3689 1724 homii
3714 1676 3741 1721 ,τε

2320 1763 2511 1818 tantis
2545 1763 2709 1818 rebus
2772 1762 3025 1817 tractanti
3081 1774 3191 1815 uon
3242 1760 3435 1817 fuimus
3477 1761 3590 1824 ausi,
3625 1764 3741 1828 limitis

632 1854 742 1898 tam
774 1847 878 1901 sub
912 1848 1257 1914 monachali,
1286 1864 1448 1918 quam
1495 1849 1597 1904 sub
1634 1847 1869 1904 clericali
1909 1848 2093 1902 habitu
2125 1849 2216 1903 de-
2250 1860 2294 1921 Β
2320 1857 2679 1927 adipiscenda:
2725 1872 2941 1910 onmem
3004 1870 3155 1923 spem
3224 1868 3442 1925 prorsus
3491 1854 3663 1908 alscitﬁt.
3694 1854 3743 1907 Na

631 1937 905 2005 gentibus,
935 1936 1051 2007 ipso
1071 1937 1139 1993 G.
1170 1938 1535 1993 narrationem
1561 1953 1682 1993 cum
1710 1938 1999 1994 contrariis
2020 1938 2219 1997 nullius

628 2028 872 2099 opposita
920 2028 1303 2100 objicientibus
1348 2032 1605 2103 ponderis
1644 2033 1969 2099 habuimus,
1999 2048 2100 2103 qua
2136 2034 2218 2089 bis

627 2128 720 2172 aut
751 2121 983 2190 amplius
1013 2122 1149 2177 duos
1188 2123 1307 2179 dies
1336 2123 1727 2180 dilucidissime
1756 2134 2007 2194 perorata
2030 2168 2044 2194 ,
2085 2141 2218 2181 cun-

626 2209 728 2263 riis
755 2219 951 2279 prater
975 2227 1162 2266 eorum
1193 2211 1432 2268 fautores
1455 2216 1885 2279 susurrantibus,
1909 2232 2001 2270 seu
2030 2226 2218 2287 aperte

626 2301 1019 2360 allii-montibus
1048 2305 1103 2360 S.
1120 2307 1373 2361 Albinum
1398 2323 1618 2362 causam
1642 2307 2215 2379 haberejustissimam

628 2403 682 2445 et
717 2392 1153 2451 honestissimam
1194 2416 1205 2450 :
1254 2397 1374 2451 illos
1417 2412 1545 2452 vero
1580 2415 1609 2452 e
1652 2398 1946 2454 contrario.
1986 2398 2094 2455 Nos
2123 2415 2215 2455 ex-

627 2494 938 2565 spectantes
981 2488 1545 2557 sententiasjudieum
1587 2506 1652 2546 ex
1695 2491 2018 2547 auctoritate
2049 2506 2213 2547 cano-

628 2593 758 2631 num
786 2587 842 2633 et
886 2580 1179 2636 cardinalis
1220 2581 1586 2636 deﬁnitionem
1624 2582 1779 2653 juxta
1814 2598 1969 2653 papa:
2012 2597 2215 2653 praece-

626 2677 797 2737 ptum,
839 2669 983 2725 nulla
1013 2686 1134 2725 eum
1186 2672 1514 2742 impediente
1555 2674 1907 2745 repugnantia
1935 2713 1951 2741 ,
1987 2682 2215 2742 excepto

623 2759 1040 2818 Carnotensium
1083 2764 1367 2834 episcopo,
1400 2765 1639 2832 homine,
1687 2776 1743 2821 ut
1793 2766 1999 2835 dicunt,
2030 2782 2214 2823 versu-

624 2850 822 2908 tiarum
875 2856 1173 2925 magistro;
1224 2872 1292 2912 ex
1344 2869 1612 2913 conventu
1655 2859 1772 2929 ipse
1823 2858 2116 2915 cardinalis
2161 2866 2216 2914 et

624 2947 915 3012 praedictus
959 2949 1026 3002 Α.
1075 2949 1128 3003 in
1172 2950 1443 3018 quoddam
1485 2951 1842 3007 diversorium
1894 2950 2215 3011 consulendi

623 3048 794 3108 grana
822 3040 1217 3095 conduxerunt.
1252 3040 1417 3096 Nobis
1462 3051 1642 3097 autem
1689 3043 2085 3116 possessionem
2121 3059 2215 3099 ec-

624 3127 806 3182 clesia:
830 3128 952 3197 jure
1000 3129 1346 3185 haereditario
1389 3132 1637 3188 stabilem
1670 3141 1893 3203 propter
1928 3135 2212 3204 pecuniam

2322 1948 2489 2019 igitur
2537 1948 2756 2004 tristitia
2806 1948 3132 2001 constrictos
3184 1946 3466 2001 redeuntes
3496 1946 3741 2014 episcopnsl
3798 1962 3799 1975 ι

2321 2039 2589 2109 arripiens
2618 2039 2735 2094 duc.
2758 2048 2880 2093 ntas
2911 2038 3075 2093 libras
3122 2048 3348 2108 propter
3388 2038 3616 2092 ecclesiam
3646 2048 3741 2089 contra

2321 2145 2589 2184 canonum
2623 2129 2912 2184 interdicta
2949 2128 3135 2183 multis
3182 2127 3431 2198 precibus
3464 2126 3741 2195 persuasitlia

2321 2223 2503 2275 tristes
2548 2223 2600 2275 in
2646 2220 2901 2291 eapitolio
2963 2235 3062 2274 suo
3112 2219 3241 2290 fuga
3290 2218 3495 2286 justitize
3532 2216 3743 2284 compellsse

2323 2317 2641 2369 annuimus,
2672 2313 2897 2384 insuper
2932 2312 2998 2366 ab
3030 2311 3226 2367 abbate
3258 2320 3437 2366 nostro
3463 2311 3743 2376 cxtorsit.qnol
3798 2311 3799 2375 ξ

2321 2405 2467 2460 illam
2499 2403 2913 2459 conventionem
2948 2403 3000 2456 in
3051 2401 3292 2472 capitulo
3331 2416 3423 2455 suo
3458 2400 3745 2453 Audecarism

2317 2496 2507 2550 nachis
2536 2494 2651 2549 suis
2695 2494 2901 2548 faceret
2946 2491 3263 2546 confirmari
3296 2508 3308 2544 :
3343 2506 3438 2560 qua
3464 2490 3518 2543 de
3553 2488 3741 2542 tenendus

2315 2603 2585 2645 consensu
2628 2586 3063 2657 congregationis
3094 2586 3152 2639 S.
3194 2584 3376 2637 Albini
3411 2579 3744 2644 audil0,cluma

2316 2689 2506 2736 contra
2537 2679 2979 2734 consuetudinem
3011 2677 3127 2732 fieri
3152 2676 3388 2732 Caruoto
3411 2674 3623 2745 pmcepit.
3643 2670 3744 2725 Noster

2278 2772 2481 2842 “igitur
2499 2770 2688 2837 abbas,
2711 2770 2893 2843 priore
2918 2768 3017 2825 suo
3037 2764 3288 2834 absente,
3315 2783 3408 2822 nec
3430 2762 3741 2821 vocatisderaais

2316 2880 2418 2920 nec
2459 2866 2591 2920 viris
2623 2862 2844 2935 majoris
2885 2861 3259 2933 intelligentia:
3302 2869 3354 2915 et
3398 2858 3563 2920 aetatis,
3594 2855 3741 2909 minus”;

2315 2963 2553 3027 partem,
2583 2970 2705 3027 quae
2731 2969 2971 3027 praesens
3000 2954 3177 3009 inerat
3218 2953 3273 3007 in
3306 2950 3535 3021 capitulo,
3564 2961 3632 3001 suo
3658 2957 3741 2997 suis

2314 3048 2400 3104 vel
2427 3057 2586 3105 aetate
2612 3045 3244 3119 puerilem‘conventioni
3283 3056 3502 3098 annuere
3524 3039 3666 3108 coegit,
3684 3050 3742 3101 qm.

2315 3142 2539 3198 busdam
2573 3149 2757 3211 aperte
2788 3138 3234 3210 repugnantibus,
3268 3135 3465 3192 cnnetis
3486 3146 3592 3202 pene
3610 3128 3744 3182 clam-

624 3229 961 3274 nmneratam
991 3222 1345 3277 renuentibus
1371 3238 1435 3277 ex
1463 3225 1725 3294 petitione
1747 3239 1932 3279 eorum
1956 3224 2202 3293 alienari,
2234 3225 2281 3288 C
2314 3236 2476 3299 tibus,
2508 3249 2568 3289 se
2594 3232 2790 3287 invitos
2809 3274 2823 3297 ,
2852 3247 2909 3287 se
2935 3238 3187 3297 coactos,
3232 3228 3323 3284 tali
3361 3224 3628 3282 concordare
3648 3227 3742 3289 pacm

626 3310 862 3365 asseruit
890 3311 1180 3367 cardinalis
1205 3329 1265 3368 se
1294 3314 1428 3368 nihil
1465 3330 1644 3371 causa:
1668 3316 2044 3385 impositurum
2075 3316 2209 3373 deti-

622 3401 847 3457 nitionis
876 3403 929 3457 in
977 3404 1217 3460 sessione
1255 3408 1545 3476 praesenti,
1578 3408 1773 3479 jubens
1811 3423 1991 3465 secum
2022 3411 2100 3464 ire
2139 3410 2209 3465 ad

620 3511 631 3544 ς
656 3493 762 3547 liud
790 3494 1075 3550 concilium
1100 3495 1342 3554 Parisius
1364 3508 1485 3569 post
1510 3486 1713 3571 paucos
1735 3501 1851 3557 dies
1872 3500 2204 3555 adfuturum.

620 3581 727 3637 Nos
758 3599 885 3640 vero
914 3586 965 3640 in
991 3588 1107 3657 ipso
1138 3588 1335 3645 itinere
1364 3590 1651 3662 arripiens,
1679 3592 1876 3663 cuique
1897 3592 2206 3662 singulatim

620 3690 815 3743 capere
845 3694 1094 3734 nummos
1130 3681 1441 3748 suadendo,
1467 3693 1729 3752 quantum
1756 3698 1998 3754 precum,
2034 3698 2210 3754 quan-

622 3771 737 3815 tum
788 3763 1090 3834 minarum,
1126 3782 1270 3824 nunc
1315 3768 1670 3837 blandiendo,
1702 3788 1849 3827 nunc
1882 3770 2207 3829 deterrendo

619 3856 976 3924 consumpsit,
1006 3856 1060 3911 in
1097 3858 1323 3926 epistola
1361 3861 1527 3915 scribi
1558 3878 1663 3916 non
1701 3864 1875 3932 potuit
1908 3882 1920 3917 :
1956 3861 2051 3919 Vel
2082 3862 2209 3919 inde

620 3943 710 3997 lux
761 3944 961 4002 clarius
1009 3951 1259 4019 apparuit
1303 3966 1429 4005 eum
1496 3954 1667 4023 magis
1724 3964 1973 4023 paratum
2023 3964 2207 4026 partes

618 4051 809 4090 eorum
858 4038 1168 4108 specialiter
1219 4041 1550 4108 defendere,
1610 4058 1772 4113 quam
1825 4045 1967 4100 inter
2026 4054 2208 4117 partes

616 4129 995 4199 aequanimiter
1031 4130 1301 4201 judicare,
1351 4148 1472 4188 eum
1518 4134 1661 4205 leges
1700 4136 1987 4192 saeculares
2026 4138 2209 4205 prohi-

614 4218 744 4273 bent
779 4234 942 4288 quem
969 4220 1311 4277 defcnsorem
1341 4222 1502 4278 simul
1530 4238 1652 4279 esse
1685 4234 1740 4280 et
1767 4224 2025 4295 judicem.
2058 4223 2210 4280 Pari-

614 4309 730 4364 sius
756 4309 921 4365 etiam
963 4312 1193 4367 multum
1237 4324 1293 4368 et
1328 4331 1357 4368 a
1396 4316 1696 4372 multis.....
1729 4327 1890 4372 xatus
1928 4333 2204 4377 coram....

615 4401 994 4470 epist-opisque
1044 4402 1290 4472 pluribus
1327 4406 1415 4475 qui
1448 4408 1692 4471 aderant,
1724 4418 1780 4462 ut
1821 4408 1981 4462 finem
2034 4407 2205 4464 labori

613 4504 807 4548 nostro
838 4495 1024 4563 daret,
1057 4498 1286 4553 testibus
1337 4501 1540 4555 nostris
1576 4502 1960 4571 praesentibus,
1985 4502 2076 4572 jus
2106 4517 2205 4557 no-

2313 3328 2468 3384 Unde
2499 3328 2637 3382 inter
2664 3341 2761 3381 nos
2792 3324 2995 3379 exarsit
3035 3322 3318 3378 contentio
3350 3320 3490 3392 pejor
3511 3330 3629 3387 quam
3649 3308 3743 3363 civilis

2310 3417 2537 3483 seditio,
2569 3433 2633 3472 ac
2680 3424 2900 3486 propter
2945 3413 3048 3483 hoc
3094 3425 3339 3482 praesens
3387 3407 3556 3462 malum
3595 3394 3744 3455 ποτεήῶ

2311 3509 2439 3565 hinc
2469 3507 2774 3580 germinare
2804 3520 2907 3559 non
2940 3517 3163 3574 parvum
3209 3500 3454 3555 Ecclesia:
3478 3486 3742 3550 inanteadnn
3798 3486 3799 3549 ξ

2310 3610 2573 3657 mentum.
2607 3598 2740 3653 Nam
2772 3596 2903 3653 nulli
2950 3595 3197 3652 ecclesiae
3247 3590 3469 3648 ministri
3506 3580 3742 3641 auctoritatei

2310 3707 2378 3748 ex
2406 3690 2702 3762 apostolico
2747 3689 2927 3760 legato
2958 3687 3283 3751 retinentes,
3315 3681 3524 3738 vendere
3544 3683 3611 3730 aut
3636 3672 3742 3767 door!

2310 3784 2542 3855 amplius
2618 3782 2987 3847 verebuntur,
3051 3777 3493 3851 parvipendcntes
3542 3766 3741 3824 Cﬂlllﬂlﬂlm

2307 3887 2603 3943 paupenun
2636 3871 2705 3925 ab
2738 3870 3054 3925 hmreditate
3092 3867 3453 3925 ecclesiastica
3474 3862 3623 3929 stipem
3644 3862 3744 3915 ﬂii“

2310 3961 2593 4017 ctantium.
2626 3961 2691 4015 Et
2720 3960 2823 4016 hoc
2850 3975 2949 4030 pro
2978 3969 3131 4015 certo
3156 3958 3370 4023 sciatis,
3392 3944 3742 4010 nullnmdeintfrl

2311 4052 2496 4107 audito
2533 4066 2713 4106 causa:
2739 4061 2938 4106 nostrae
2974 4050 3101 4117 fine,
3131 4049 3360 4105 Romam
3398 4045 3634 4118 petiturum
3657 4044 3743 4086 σιω

2302 4140 2545 4212 iustitiae.
2580 4142 2637 4195 lu
2666 4156 2761 4196 ore
2783 4142 2929 4198 enim
2962 4141 3205 4196 omnium
3247 4140 3474 4195 volvitur
3504 4128 3600 4188 illud
3618 4132 3743 4198 prover-

2308 4232 2457 4288 bium
2478 4230 2824 4301 Jugurtinum
2849 4249 2866 4298 ;
2897 4230 3126 4286 Romam
3155 4230 3398 4285 venalem
3428 4240 3551 4291 esse,
3574 4221 3607 4275 si
3628 4221 3743 4279 Wm’

2310 4337 2427 4376 rem
2462 4321 2750 4387 invenerit,
2787 4329 2842 4376 et
2865 4334 3056 4375 omnes
3085 4320 3260 4374 Roma
3302 4304 3743 4399 diseedentesﬁufrt‘v

2307 4413 2392 4467 vir
2424 4413 2861 4484 prudentissime,
2898 4413 3032 4466 tanti
3061 4414 3234 4467 morbi
3264 4404 3568 4483 pnllulationi

2309 4525 2377 4565 ne
2402 4514 2826 4578 rataremaucat
2854 4504 3152 4559 elaborate.
3174 4502 3286 4557 Hoc
3304 4494 3553 4571 apostolici
3571 4485 3743 4557 vigila“

611 4594 784 4642 atrum
819 4588 1088 4645 affirmare
1119 4591 1345 4661 paratis,
1375 4608 1498 4647 cum
1540 4594 1707 4649 nimia
1740 4595 1818 4649 ira
1859 4595 1992 4649 nihil
2020 4595 2197 4665 profu-
2236 4573 2283 4633 ί)
2312 4574 2609 4674 suggerite,
2639 4609 2699 4654 ut
2724 4598 2792 4654 ad
2825 4597 3052 4653 nihilum
3080 4598 3375 4668 redigatur.

612 4686 764 4733 turos
795 4684 1156 4750 respondens,
1187 4682 1253 4737 ad
1301 4683 1433 4739 illud
1481 4685 1667 4741 nescio
1719 4685 1863 4756 quod
1909 4674 2197 4741 consilium

3174 4792 3729 4833 Α

803 4807 808 4812 .
2592 4807 3732 4838 ____________,_.,-

1179 4946 2063 5063 ANONYMI
2133 4934 3448 5060 FISGANNENSIS

2003 5148 2511 5229 LIBELLUS
2952 5256 2955 5259 _

830 5301 913 5355 DE
953 5303 1457 5373 ltEVEl.ATI()NE,
1491 5304 1995 5365 AZDIFICATIONE
2019 5305 2107 5362 ET
2141 5303 2633 5362 AUCTORITATE
2663 5297 3159 5358 FISCANNENSIS
3190 5286 3583 5354 MONASTEBll.

1252 5432 1339 5498 (ll.
1372 5433 1433 5490 P.
1460 5436 1582 5492 Art.
1612 5452 1683 5493 nu
1722 5436 2027 5507 MONSTIER,
2060 5434 2313 5492 Nerustria
2345 5436 2470 5505 Pia,
2503 5436 2851 5506 Rotbomagi,
2885 5428 3042 5521 i665,
3077 5432 3301 5503 p.195.)

2154 5554 2474 5570 .n_

1486 5659 2297 5776 ADMONITIO
2383 5654 3005 5773 PRAZVIA.

682 5829 913 5900 Quidam
943 5831 1147 5902 opinati
1173 5841 1298 5887 sunt
1327 5833 1591 5891 abbatiam
1623 5835 2038 5895 l'iseannensem
2061 5854 2125 5893 ex
2161 5837 2550 5895 recentioribus
2578 5851 2697 5892 esse
2727 5850 2846 5905 quae
2871 5833 2967 5889 sub
2994 5834 3154 5888 tinent
3188 5826 3417 5893 secundae
3438 5813 3575 5887 stirpi!
3596 5804 3701 5872 ³3⁸⁸³
