3900 6322
67 358 147 413 701
1263 359 1647 421 ANONYMUS
1685 361 2194 425 FISCANNENSIS.
2551 372 2571 407 ’ί
3237 374 3340 428 762

67 472 388 529 Francorum
426 474 661 554 initium
694 476 1001 554 sumpsere;
1036 491 1093 554 at
1120 496 1279 552 quam
1312 481 1469 554 longe
1497 480 1900 554 aberraverint_,
1931 481 2053 554 inde
2077 480 2275 554 clarius
2297 479 2667 554 patcltitquod
2700 476 2886 554 eadem
2910 480 3125 537 abhatia
3148 524 3162 547 ,
3192 485 3342 554 prius

68 548 636 625 essetnttonasterium
674 548 1196 625 sattctimonialimit,
1229 548 1825 625 con_str'tt_i_ctepttu_u___a
1863 551 1933 625 li.
1956 549 2261 625 ’Wattingo,
2299 548 2435 625 ’viro‘
2468 548 2828 625 illustrissimo
2859 562 3109 625 tempore
3134 548 3206 608 Sf
3231 557 3343 612 Au-

68 614 203 691 Ltoetti
256 614 735 691 Rotltomagensis
760 614 1191 691 archiepiscopi,
1237 634 1291 676 et
1318 622 1379 676 D.
1416 614 1825 691 Wattd'rcgisili,
1861 614 2292 675 Fontattelleitsis
2319 623 2557 689 abbatis,
2597 623 2740 677 circa
2765 614 3185 678 annum'Christi
3215 624 3340 683 662.

67 687 247 740 Verum
296 694 358 739 ut
411 686 649 744 debitus
696 691 857 755 ordo,
900 686 961 745 itt'
995 686 1362 762 compluribus
1398 691 1619 762 hujusce
1657 686 1881 762 inclyta:
1907 692 2139 746 abbatis:
2188 686 2688 762 monimentis'mox
2719 692 2747 745 it
2778 694 2932 747 nobis
2960 694 3338 762 produreudis,

67 764 323 833 terretur,
347 769 548 833 operte
578 762 817 833 pretium
842 771 923 815 est
946 760 1273 832 dignumque
1303 762 1354 815 in
1376 760 1953 833 primis]udicavimus.
1980 761 2296 831 opusculum
2326 766 2604 817 vetus'ms.
2634 760 3336 833 venerattdzeantiquitatis,

67 825 202 901 timui
226 834 279 878 et
305 825 604 882 historici:
654 832 898 884 veritatis
930 825 1259 886 scliediasina
1309 825 1668 901 pel-optimum
1694 872 1708 894 ,
1749 832 1800 884 in
1828 831 1999 885 lucem
2017 825 2178 886 'uune
2200 833 2464 886 edendum
2507 842 2562 886 et
2586 832 2809 887 scholiis
2840 825 3160 900 quibusdam
3188 825 3334 889 illus;

79 897 332 975 randum,
373 913 490 965 quo
517 908 639 975 to_t_a
673 902 746 956 rei
779 902 1263 975 historicae_s_eries_
1307 897 1756 975 comprobaretur
1779 917 1842 955 ac
1886 900 2201 975 fulciretur,
2232 902 2555 975 animusque
2581 903 2804 975 Bettigui
2837 897 3052 975 lectoris
3082 905 3219 958 ltaud
3248 922 3339 975 pa.

79 919 332 975 multum",
373 919 490 965 quo
517 919 639 954 tota
673 919 746 956 ret
779 919 1049 956 lllStOl‘lCtB
1091 919 1261 956 series
1307 919 1750 969 comprobaretur
1779 919 1842 955 ac
1886 919 2201 966 Iutctretur,
2232 919 2555 970 amotusque
2581 919 2804 1027 υθιιιὶιιι
2837 919 3052 957 lectoris
3082 919 3219 958 nano
3248 922 3335 975 pa-

71 979 525 1091 'lllltl’llliaél'llllltlll'ewr.
567 970 771 1028 Exstat
822 982 1003 1028 autem
1051 972 1268 1028 Fiscani
1318 973 1459 1043 apud
1512 972 1576 1027 D.
1609 970 1887 1063 Nicolaum
1931 973 1996 1027 de
2027 971 2374 1036 Mal‘aseillcs,
2410 973 2636 1043 hujusce
2688 988 2717 1025 a
2760 973 2917 1027 batia:
2947 972 3335 1043 intirma‘riunt,

74 1051 390 1093 ttottaenum.
1704 1060 1707 1063 “
2650 1070 2653 1071 ⁷

1206 1193 1611 1273 INCIPIT
1668 1151 2216 1271 PROLOGUS

67 1365 268 1452 Incipit
302 1365 587 1452 libellus
628 1371 710 1434 de
746 1373 1139 1437 revelatione
1167 1371 2092 1452 etauctoritateFiseannensis
2124 1371 2532 1452 monasterii;
2560 1372 2627 1433 in
2653 1388 2782 1451 quo
2821 1372 3082 1452 quidem
3114 1375 3332 1435 linello

126 1445 418 1533 invenire
453 1456 678 1533 potes,
712 1453 764 1514 si
797 1453 1027 1515 sedulo
1059 1455 1252 1531 legas.
1285 1454 1563 1533 qualiter
1593 1452 1900 1533 aediﬁcata
1938 1461 2003 1515 et
2031 1450 2321 1514 dedicata
2350 1449 2495 1524 fuit,
2540 1445 2704 1514 dicta
2750 1445 3201 1514 Fiécannensis
3234 1470 3335 1516 ec-

126 1525 335 1599 clesia,
373 1525 763 1595 in‘nomine
790 1541 1026 1596 sancta;
1049 1525 1488 1597 etindiv'iduaa
1522 1532 1877 1595 Trinitatis.

117 1695 367 1752 Libellum
405 1697 478 1756 de
505 1700 885 1765 revelatione,
908 1703 1269 1759 :edillcatione
1290 1746 1304 1771 ,
1329 1714 1384 1759 et
1411 1702 1647 1758 auctori-
1676 1678 1724 1736 Α
1750 1698 1963 1769 quentis
1980 1741 1993 1764 ,
2032 1698 2231 1767 agresti
2254 1708 2305 1754 et
2336 1696 2556 1769 ignobili
2580 1695 2748 1767 stylo’,
2773 1697 2957 1766 aperui
2984 1704 3037 1748 et
3070 1697 3331 1766 exposui:

77 1799 151 1841 ate
173 1787 573 1846 Fiscannensis
591 1794 935 1860 monasterii,
951 1794 1113 1850 Pater
1130 1794 1649 1866 inclyteGuillelme,

68 1880 341 1947 :ontposui,
374 1890 431 1937 et
485 1885 861 1953 compositum
920 1893 1024 1941 tute
1076 1886 1382 1942 dilectionis
1433 1888 1647 1943 sincero

68 1971 264 2040 ,ttdicio",
298 1973 701 2044 corrigendum
750 1985 806 2030 et
854 1977 1291 2033 confirmandum
1341 1979 1642 2044 destinavi,

68 2048 301 2128 quatéttus
380 2074 494 2119 tua:
560 2065 908 2139 celsitudinis
961 2084 1247 2132 assensus,
1300 2080 1352 2125 et
1405 2070 1642 2125 libelluttt

68 2154 201 2207 edere
230 2156 514 2225 praecipiat
540 2197 556 2222 ,
594 2168 661 2213 et
681 2160 829 2214 edito
859 2159 1041 2215 libello
1086 2162 1294 2239 pondus
1318 2171 1370 2215 et
1408 2163 1643 2239 auctori-

67 2253 207 2299 tatem
255 2249 548 2303 concedat.
582 2249 703 2319 Ego
746 2251 963 2322 quidem
988 2292 1002 2316 ,
1027 2252 1188 2309 Pater
1223 2238 1453 2325 inclyte,
1487 2258 1641 2325 igno-

67 2336 266 2392 rantiam
295 2354 475 2395 meam
493 2342 821 2420 maluissem
849 2353 997 2400 tanto
1019 2345 1234 2401 silentio
1250 2357 1459 2417 tegere,
1480 2364 1641 2417 quam

67 2424 266 2494 alicuius
312 2429 614 2500 scripturae
668 2435 1017 2505 prmsuntenti
1068 2436 1277 2508 judicio
1324 2438 1635 2509 publicare;

68 2516 167 2576 sed,
203 2517 432 2575 fratrum
466 2532 793 2579 nostrorum
837 2525 1083 2597 jussione
1110 2528 1329 2582 instanti
1357 2538 1409 2583 et
1438 2530 1640 2583 instan-

68 2608 126 2659 tia
162 2607 396 2677 iubenti,
455 2616 812 2686 compellitur
862 2628 1045 2674 noster
1092 2620 1306 2676 animus
1373 2622 1640 2691 possibili-

68 2706 207 2753 tatem
228 2703 518 2771 excedere,
541 2721 813 2776 suamque
836 2709 1102 2777 justitiam
1148 2710 1439 2764 multorttut
1481 2726 1637 2780 aspe-

68 2790 217 2846 ctibus
262 2793 545 2852 hominum
599 2798 929 2868 improvisus
982 2800 1213 2870 aperire.
1243 2800 1636 2871 Compellitur,

68 2880 278 2951 inquam,
308 2895 494 2943 uoster
522 2889 748 2946 animus
789 2906 943 2946 suam
973 2892 1222 2963 ignorare
1247 2892 1631 2963 ignorantiam,

68 2983 110 3025 ct
134 2984 426 3033 nostrorum
458 2980 699 3035 fratrum
732 2985 940 3053 roganti
972 2986 1198 3054 imperio
1224 2987 1480 3043 exhibere
1505 2989 1639 3042 ohe-

67 3065 323 3136 dientiam;
352 3073 439 3127 cui
470 3075 822 3141 exhibenda-,
851 3086 900 3132 et
936 3079 1132 3133 mentis
1154 3078 1412 3148 judicium
1460 3081 1633 3135 nulla-

69 3164 198 3213 trttus
238 3162 579 3235 acquiescit,
629 3176 681 3222 et
732 3170 991 3239 propositi
1037 3172 1362 3227 verecundia
1407 3162 1632 3229 omnino

67 3251 375 3315 “’"ll‘m'icit.
405 3255 647 3322 Verum,
692 3275 815 3315 eum
837 3250 1142 3317 obedientia
1172 3272 1393 3329 sancta,
1426 3263 1627 3320 nullum

68 3348 179 3403 opus
199 3339 404 3399 dillicile
446 3346 529 3400 vel
570 3348 906 3419 impossibile
935 3360 1189 3420 excuset,
1228 3362 1321 3407 aut
1366 3369 1629 3410 excusare

68 3422 231 3481 debeat
256 3471 270 3495 ,
302 3434 391 3488 diu
439 3448 715 3495 eunctans
744 3440 1147 3514 multarumque
1177 3428 1627 3516 procrastinatio-

69 3529 174 3571 ttum
205 3520 437 3582 inducias
472 3530 690 3600 fingens
712 3572 728 3597 ,
762 3544 987 3604 urgente
1036 3536 1289 3592 fraterna:
1320 3538 1629 3595 dilectionis

69 3609 283 3699 continua
310 3613 398 3683 jus
416 3620 562 3675 sione
585 3661 599 3683 ,
627 3638 763 3681 onus
792 3624 1007 3679 tandem
1037 3626 1357 3696 imperatum
1383 3630 1626 3699 suscepi,

68 3696 495 3764 Cll‘iscannensis
542 3713 862 3767 monasterii
923 3716 1173 3781 exordia,
1224 3717 1384 3771 libelli
1438 3696 1629 3773 subse-

1750 1791 1804 1845 itt
1853 1805 1959 1861 quo
2015 1790 2194 1845 libello
2231 1791 2376 1845 nulla
2424 1789 2554 1845 falsa
2588 1789 2848 1844 fallaciter
2885 1789 3204 1859 interposui,
3233 1804 3327 1843 ve-

1748 1898 1869 1937 rum
1920 1896 2104 1936 sacras
2165 1882 2451 1945 historias,
2509 1881 2854 1951 antiquorum
2907 1880 3146 1935 virorum
3182 1879 3327 1935 ﬁdeli

1699 1973 1710 1979 ’
1747 1973 2057 2028 narratione
2082 1974 2366 2044 cognitas‘,
2398 1986 2727 2040 suorumque
2750 1980 3091 2041 posterorum
3124 1972 3327 2025 tenacis

1747 2063 2023 2118 memorize
2052 2063 2169 2117 sinu
2200 2063 2501 2118 custoditas
2534 2070 2588 2115 ct
2611 2061 2809 2116 nostris
2840 2060 3169 2129 temporibus
3197 2076 3321 2116 suc-

1745 2155 2050 2210 cedentium
2073 2155 2313 2209 virorum
2343 2154 2585 2225 diligenti
2614 2153 2875 2208 relatione
2905 2153 3084 2208 illatas
3106 2153 3323 2224 scripsi,

1745 2254 1800 2301 et
1828 2246 2078 2315 scriptas,
2128 2245 2196 2301 ad
2231 2245 2609 2301 auctoritatem
2656 2244 3038 2297 Fiseannensis
3082 2244 3325 2299 ecclesiae

1700 2348 1703 2355 ‘
1744 2344 1798 2390 et
1818 2335 1885 2388 ad
1909 2334 2195 2389 utilitatem
2218 2334 2503 2406 legentium
2527 2333 2755 2386 fratrum
2779 2332 2942 2387 edidi.
2972 2331 3139 2400 Hujus
3161 2332 3326 2402 igitur

1742 2424 1907 2480 libelli
1961 2426 2324 2495 principium,
2372 2441 2478 2480 non
2525 2425 2797 2490 omnium,
2851 2423 2943 2479 sed
2992 2439 3319 2493 paucorum,

1744 2516 2145 2571 rationabilium
2182 2516 2472 2570 relatorum
2498 2514 2877 2569 auctoritatem
2906 2513 3325 2574 secutus.mira-

1740 2606 1918 2662 culum
1968 2606 2035 2660 de
2082 2622 2243 2661 cervo
2300 2605 2580 2675 preposui,
2641 2615 2695 2660 et
2741 2604 3322 2673 jttxtacltronicarum

1739 2697 2067 2767 exquisitam
2116 2697 2485 2768 diligentiam,
2559 2697 2711 2751 ducis
2782 2696 3029 2767 Ansegisi
3089 2696 3319 2765 primam

1698 2784 1904 2841 fuisse
1952 2787 2335 2843 rct'elationettt
2388 2788 2665 2842 constitui.
2724 2786 2875 2853 Quod
2930 2802 3057 2840 vero
3107 2787 3175 2841 ab
3206 2787 3322 2857 ipso

1738 2878 1964 2948 antiquo
2015 2874 2276 2945 exordio,
2322 2895 2425 2933 non
2480 2881 2729 2950 gloriosm
2774 2889 2828 2934 et
2882 2880 3320 2935 incontaminatze

1735 2970 1963 3041 virginis
1998 2969 2219 3036 Mariae,
2264 2980 2323 3025 ttt
2375 2972 2593 3041 quidam
2644 2972 2857 3034 volunt,
2902 2973 2994 3027 sed
3040 2981 3241 3027 sanctae
3266 2981 3321 3027 et

1744 3060 2035 3116 individua:
2082 3061 2364 3118 Trinitatis
2421 3064 2612 3129 titulo,
2671 3064 2977 3135 insignitam
3008 3064 3172 3118 fuisse
3200 3063 3320 3118 Fis-

1742 3168 2068 3210 cannensem
2117 3153 2401 3209 ecclesiam
2454 3164 2770 3224 prosecutus
2810 3170 2950 3209 sum.
3012 3152 3170 3209 Ratio
3221 3154 3321 3209 fttit

1698 3276 1699 3279 η
1741 3254 2009 3313 quatenus
2040 3259 2151 3298 rem
2189 3244 2537 3315 ambiguam,
2574 3243 2625 3297 in
2664 3244 2806 3297 illam
2840 3244 3164 3299 declinarem
3196 3261 3319 3300 sen-

1692 3354 1693 3357 ‘
1740 3336 1995 3403 tentiam,
2027 3351 2146 3406 qua:
2191 3336 2388 3391 nullius
2439 3336 2689 3389 falsitatis
2716 3347 3137 3404 consequeretur
3167 3337 3319 3408 igno-

1694 3460 1699 3465 -
1740 3426 1982 3480 miltiam.
2014 3426 2202 3481 Omnis
2230 3427 2374 3480 enim
2397 3425 2624 3480 ecclesia
2645 3466 2660 3488 ,
2689 3424 3016 3490 licetillius,
3051 3425 3132 3478 vel
3159 3426 3318 3480 istius

1732 3518 2098 3587 distinguatur
2151 3516 2306 3572 titulo
2350 3517 2556 3581 sancti,
2604 3516 2971 3584 principaliter
3021 3515 3313 3582 fundatur,

1732 3607 2107 3670 constituitur,
2161 3606 2475 3669 dedicatur,
2524 3605 2625 3660 sub
2664 3605 2879 3661 nomine
2928 3616 2981 3661 et
3016 3607 3317 3674 patrocinio

1733 3708 1931 3753 sanctz‘e
1956 3707 2012 3752 et
2037 3698 2323 3753 ittdividute
2351 3698 2652 3754 Trinitatis.

1416 3831 1642 3901 Expliu'l
1669 3832 1937 3903 prologue.

76 3973 1280 4015 .._________,______“

1171 4099 1579 4230 INCIPIT
1656 4082 2273 4183 TRACTATUS

129 4336 395 4438 Postquam
449 4368 678 4407 summa:
727 4354 947 4410 deitatis
1006 4357 1295 4413 iuell‘abilis
1351 4359 1621 4429 Trinitas,
1650 4351 1692 4407 Ο
1730 4363 2056 4419 humilitatis
2084 4371 2337 4437 exemplo
2363 4409 2379 4432 ,
2402 4378 2680 4423 creaturas
2707 4368 3055 4431 informarct,
3080 4370 3313 4438 qualiter

75 4437 164 4523 51m:
199 4432 486 4495 clementiae
516 4458 722 4515 arcano
746 4446 973 4499 consilio
994 4488 1008 4511 ,
1041 4447 1335 4503 humanam
1367 4461 1621 4507 naturam

76 4514 305 4593 .tberare,
338 4535 548 4605 antiqui
599 4538 869 4607 serpentis
902 4538 1199 4594 virulentas
1240 4544 1624 4610 persuasiones

77 4615 315 4707 publicare
380 4627 675 4700 disposuit,
755 4631 1037 4699 cujusdam
1095 4634 1321 4706 virginis
1380 4640 1625 4707 corporis

78 4714 442 4776 Incontaminati
466 4733 677 4793 partem
702 4724 1209 4796 incontaminatam,
1233 4731 1455 4787 excluso
1478 4730 1620 4786 virili

78 4805 238 4865 Opere,
265 4807 694 4871 inenarrabiliter
723 4817 843 4871 tttlit
862 4858 876 4883 ,
910 4834 1071 4891 quam
1091 4860 1105 4886 ,
1140 4822 1391 4878 humana:
1420 4810 1619 4894 speciei

80 4897 356 4982 compagine
398 4905 659 4963 divinitus
690 4910 1105 4979 couformatam,
1137 4914 1383 4969 rationali
1416 4917 1620 4982 anima,

82 4978 288 5073 ubertate
309 4986 465 5051 totius
494 4997 731 5053 caelestis
762 5002 948 5069 gratia:
985 4978 1270 5058 fecundata
1317 4978 1618 5070 vivificaris,

84 5079 126 5168 ξξι
145 5076 359 5168 .Derfecti
388 5084 619 5143 hominis
642 5089 1001 5147 substantiam
1032 5096 1335 5165 composuit
1369 5106 1423 5151 et
1449 5111 1619 5165 espo-

84 5152 199 5257 livit.
237 5164 388 5227 Istum
435 5192 595 5247 ergo,
645 5196 712 5235 ex
760 5181 1086 5255 incorruptae
1132 5185 1371 5257 Virginis
1424 5198 1615 5253 utero.

82 5242 315 5315 hominem
360 5267 473 5325 sine
519 5271 772 5341 homine,
812 5282 924 5329 tota
962 5277 1178 5346 quidem
1232 5288 1420 5334 sancta
1452 5290 1507 5335 et
1532 5280 1619 5335 in-

88 5350 436 5437 commutabilis
464 5361 701 5421 Trinitas
726 5369 1059 5437 composuit,
1091 5370 1485 5436 sanctiflcavit;
1529 5386 1623 5427 ve-

91 5440 184 5532 rum
210 5436 352 5500 Verbi
379 5453 540 5512 solius
562 5436 890 5525 sublimitas,
919 5474 1030 5514 sua:
1053 5460 1401 5530 proprietatis
1436 5477 1621 5532 perso-

93 5530 193 5624 '9'.“
219 5542 543 5624 personaliter
569 5548 799 5603 sociavit
827 5558 882 5602 et
912 5546 1305 5618 conjunxit“).
1322 5530 1621 5618 Oportebat

98 5622 219 5669 enim
262 5623 451 5689 duabus
512 5640 761 5708 personis
810 5641 1031 5696 obedire
1087 5656 1284 5705 unam,
1341 5657 1459 5711 quae
1509 5656 1619 5694 sua:

154 5727 213 5793 (1)
238 5729 381 5794 Caute
416 5744 521 5804 haec
561 5748 804 5829 legenda.

1731 4450 2015 4506 inferiores
2041 4472 2140 4510 suo
2183 4457 2425 4511 Creatori
2474 4458 2786 4521 obedireut,
2836 4474 2957 4511 cum
2992 4457 3060 4511 ab
3085 4459 3308 4527 :equali,

1726 4546 2024 4612 aequalibus
2078 4557 2240 4602 tantae
2290 4549 2652 4604 obedientiam
2694 4550 3013 4605 humilitatis
3062 4551 3310 4605 exhiberi

1725 4648 2135 4707 cognoscerent.
2188 4640 2358 4710 llujus
2416 4650 2595 4696 autem
2651 4642 2967 4696 humilitatis
3033 4640 3303 4707 ndicium,

1726 4730 1881 4797 quasi
1939 4730 2218 4799 cujusdam
2265 4733 2574 4788 dilectionis
2642 4733 2949 4803 privilegio,
3000 4734 3168 4788 Filius
3216 4734 3314 4790 Dei

1724 4819 1975 4889 exigebat
2012 4822 2153 4890 Deo,
2187 4832 2453 4893 quatenus
2487 4823 2866 4878 reconciliaret
2892 4824 3174 4889 homines,
3200 4824 3315 4880 fac.

1727 4921 1811 4966 tus
1858 4912 2018 4967 homo
2042 4954 2057 4978 ,
2090 4931 2227 4985 quos
2266 4932 2364 4969 sua
2403 4924 2460 4992 et
2494 4915 2693 4969 virtute
2723 4923 2776 4968 et
2822 4914 3083 4983 sapientia
3149 4908 3275 4970 crea

1723 5018 1874 5061 verat
1908 5023 1975 5062 ex
2029 5008 2218 5063 nihilo.
2265 5008 2387 5062 Siue
2422 5008 2584 5078 igitur
2612 5007 2921 5061 dilectionis
2970 5005 3309 5061 dulcedinem

1724 5096 2023 5152 dulcedinis
2048 5099 2455 5152 exuberantiattt
2473 5142 2486 5164 ,
2502 5098 2869 5152 exuberantia:
2889 5098 3299 5166 magnitudine".

1726 5187 2151 5242 misericorditer
2184 5188 2494 5242 hominibus
2523 5185 2898 5250 manifestam,
2938 5186 3031 5242 Dei
3065 5187 3304 5242 Verbum

1722 5272 1955 5328 eﬂicitur
1987 5290 2147 5341 caro,
2179 5276 2481 5345 concipitur
2504 5290 2570 5329 ex
2603 5274 2821 5329 illibatae
2846 5274 3077 5346 virginis
3108 5284 3265 5330 utero
3290 5315 3307 5339 ,

1731 5364 2078 5434 progreditur
2109 5368 2174 5418 de
2206 5379 2305 5419 suo
2336 5365 2570 5419 thalamo
2591 5406 2606 5429 ,
2640 5380 2745 5419 non
2778 5368 2945 5419 Deum
2985 5372 3308 5419 convertens

1726 5454 1778 5509 in
1812 5456 2116 5521 hominem,
2139 5472 2329 5511 verum
2356 5457 2783 5512 incotntnulahili
2815 5457 2920 5511 Deo
2949 5457 3308 5527 personaliter

1724 5546 2058 5615 conjungens
2104 5547 2409 5615 hominem,
2467 5549 2557 5602 Dei
2606 5558 2660 5603 ct
2710 5549 2985 5602 hominum
3013 5548 3305 5617 benignum

1725 5639 2081 5695 constituens.
2137 5639 2278 5709 Ergo
2327 5640 2612 5705 Christus,
2659 5640 2928 5708 perlectus
2974 5639 3164 5704 ltouto,
3193 5649 3309 5691 sua:
