3900 6322
665 278 772 332 707.

1352 268 1527 329 SIEC.
1573 266 1641 327 XI
1676 264 1882 325 Al'CT.
1925 257 2196 321 INCERTI
2230 262 2393 318 ANNI
2426 265 2514 321 ET
2558 264 2821 334 SCIHPT.
2863 266 3085 325 ‘AAEZII.
3721 275 3777 327 τις

663 393 791 448 facti
834 392 1045 456 ordine,
1082 392 1257 447 eidem
1292 390 1412 444 duci
1456 388 1720 457 Ansegiso
1762 397 2128 458 apparentem,
2162 381 2234 436 nil
2263 386 2321 449 Α»
2342 381 2484 436 tinus
2513 381 2674 437 ardor
2704 381 2929 446 invasit;
2973 380 3091 450 qui,
3123 379 3285 433 totius
3321 382 3542 453 corporis
3572 396 3778 454 comma;

661 463 954 524 insolitum.
983 478 1078 516 ure
1106 477 1320 526 novum,
1349 475 1468 512 cum
1499 455 1615 513 BB.‘
1638 455 1945 521 Eustachi0,
1975 455 2231 518 Huberto,

660 544 791 599 etc.,
835 533 1137 597 simillima,
1193 533 1300 585 imo
1349 543 1404 584 et
1444 529 1598 598 longe
1636 529 1891 599 ampliora
1932 526 2231 599 evenerint.

661 595 790 669 om
810 604 1013 670 erudite
1030 595 1249 657 discutit
1268 616 1329 656 ac
1353 595 1618 670 percurrit
1642 595 1875 667 Joannes
1901 596 2119 670 Roberti
2133 595 2232 670 (ὅ),

660 665 780 797 post
832 674 888 727 S.
932 669 1192 727 Joannem
1236 665 1657 736 Daniascenum,
1705 670 1796 724 lib.
1836 686 1894 724 ιιι
1934 668 2008 723 De
2049 665 2236 737 imagi-

660 760 712 797 ιιι
754 757 837 797 us.
1730 760 1733 761 ν

659 757 837 797 "IDUS.
1730 760 1733 761 '

657 886 784 941 CAP.
819 881 882 937 ν.
913 913 983 924 -—
1012 884 1089 939 De
1118 881 1181 935 Β.
1228 880 1459 948 γαιιὶηῃο
1504 890 1549 932 et
1595 880 1853 947 quomodo
1891 876 1993 946 fuit
2029 894 2060 928 a
2097 876 2237 944 febre

1309 964 1505 1018 mrrep:
1516 968 1593 1004 us.
1726 1014 1729 1017 λ
2122 998 2125 1001 .

728 1069 1015 1123 Munitorum
1056 1066 1220 1137 igitur
1264 1064 1626 1134 produxerant
1674 1072 1972 1131 temporum
2016 1060 2152 1123 dies,
2183 1068 2237 1113 et

655 1161 850 1235 dignus
880 1157 1249 1212 inveniebatur
1282 1155 1457 1208 nullus
1486 1154 1574 1223 qui
1608 1162 1699 1206 aut
1729 1152 2085 1222 signiﬁcatum
2116 1166 2255 1213 ora-7

655 1254 834 1309 culum
867 1252 1179 1317 aadiﬁcaret,
1208 1258 1301 1303 aut
1329 1248 1414 1302 cui
1457 1260 1684 1313 summa:
1715 1243 2012 1299 clementiae
2048 1239 2257 1297 ineffa-

655 1346 781 1411 bilis
822 1344 1063 1400 Trinitas
1106 1340 1404 1397 aediﬁcandi
1436 1337 1882 1409 signiﬁcationem
1917 1334 2233 1390 declararet.

656 1438 1020 1509 Exspectabat
1053 1434 1195 1491 enim
1237 1432 1431 1488 divina:
1468 1429 1824 1500 providentiae
1865 1427 2125 1485 celsitudo
2156 1426 2237 1480 vi-

656 1548 806 1597 rum,
863 1545 1056 1601 quem,
1108 1525 1342 1584 carnalis
1395 1522 1646 1579 desiderii
1699 1535 1919 1578 carcere
1975 1519 2255 1581 liberum,

654 1634 841 1687 sancto
886 1619 1108 1693 Spiritui
1157 1627 1496 1674 consecraret
1539 1625 1595 1670 et
1640 1614 1933 1669 custodiret
1980 1610 2235 1680 templum

654 1715 987 1773 delectabile.
1036 1710 1330 1784 Oportebat
1366 1708 1562 1778 quippe
1608 1706 1911 1769 hominem,
1957 1701 2237 1773 Spirituale

652 1809 907 1881 templum
942 1806 1057 1871 Dei,
1088 1803 1353 1860 aediﬁcare
1383 1800 1493 1854 Deo
1522 1796 1802 1868 corporale
1833 1795 2109 1866 templum,
2143 1792 2235 1863 qui

652 1902 733 1961 sui
764 1898 1036 1959 interioris
1067 1893 1409 1952 considerata
1452 1891 1687 1961 imagine
1719 1887 2027 1957 conciperet
2062 1885 2235 1956 quali-

653 2006 733 2051 ter
766 1994 1005 2048 evterius
1049 2004 1226 2045 rerum
1274 1986 1645 2049 universarum
1683 1981 1924 2038 Creatori
1980 1977 2140 2049 temjl
2182 1996 2234 2034 m

646 2080 903 2144 ordinare
950 2094 1004 2140 et
1051 2082 1321 2138 tediﬁcare
1365 2078 1606 2133 deberet.
1682 2075 1946 2141 Quocirca
2018 2072 2234 2127 tandem

651 2188 816 2233 tantae
858 2173 1264 2231 deliberationis
1302 2168 1617 2225 aediﬁcando
1662 2166 1882 2242 oraculo
1927 2174 2147 2219 sanctus
2182 2172 2238 2218 ct

650 2267 916 2339 gloriosus
962 2262 1243 2319 confessor
1288 2260 1561 2329 Vauingus
1615 2257 1864 2325 eligitur,
1923 2254 2234 2323 electusque

650 2367 921 2412 monetur.
951 2353 1116 2422 Cujus
1148 2352 1405 2408 nobilium
1447 2359 1665 2403 actuum
1695 2346 2067 2402 excellentiam
2095 2344 2233 2400 Galli

650 2466 905 2520 proceres
933 2447 1360 2512 admirabantur,
1390 2452 1443 2497 ct
1474 2441 1777 2497 cwlestium
1808 2454 2017 2495 morum
2047 2437 2236 2508 gratia:

652 2542 890 2598 caalesﬁs
910 2540 1057 2596 curia
1082 2536 1572 2607 congratulabatur.
1592 2530 1907 2588 Possidebat
1926 2529 2070 2585 enim
2092 2528 2233 2598 quod

651 2650 757 2690 non
799 2633 972 2699 multi,
999 2647 1185 2687 verum
1219 2629 1414 2684 divites
1454 2626 1609 2696 pauci
1649 2624 1926 2696 possidere
1955 2623 2151 2688 solent,
2180 2632 2235 2677 et

650 2742 975 2783 mtcrnorum
1022 2726 1347 2781 desiderium
1389 2733 1445 2777 et
1486 2720 1814 2775 afﬂuentiam
1859 2717 2232 2788 temporalium

653 2820 943 2884 bonorum;
974 2831 1201 2885 quorum
1226 2813 1473 2869 clementi
1499 2827 1735 2883 expensa
1763 2809 2031 2865 nullorum
2063 2808 2233 2878 respi-

650 2911 849 2973 ciebat,
877 2919 969 2963 aut
1010 2909 1270 2972 favorem,
1307 2916 1399 2958 aut
1448 2903 1857 2958 retributionem
1898 2900 2229 2955 mortalium.

653 3002 861 3057 Talium
908 3001 1072 3072 igitur
1109 3001 1422 3054 meritorum
1461 2984 1738 3065 gratiaget
1782 2994 1890 3049 Deo
1924 2993 2150 3055 amicus,
2179 3001 2234 3046 ct

651 3094 852 3149 mumlo
881 3092 1058 3148 clarus
1096 3100 1148 3145 et
1181 3088 1291 3157 regi
1323 3088 1574 3147 Lothario
1616 3086 1913 3141 habebatur
1952 3083 2230 3137 familiaris
2260 3108 2309 3165 Cr

649 3194 705 3239 et
735 3192 1099 3239 secretaneus.
1127 3178 1414 3233 Lotbarius
1437 3178 1579 3231 enim
1606 3191 1697 3231 rex
1725 3176 1781 3230 Β.
1812 3174 2052 3243 \‘aniugo
2082 3174 2230 3243 regni

650 3276 731 3331 sui
764 3285 972 3345 partem
1012 3271 1304 3327 maximam
1335 3267 1834 3331 commendaverat;
1881 3264 2232 3319 nihilominus

648 3365 836 3429 etiam,
866 3364 918 3425 in
951 3363 1113 3418 totius
1153 3374 1365 3415 summa
1406 3356 1704 3412 ordinanda
1736 3356 1820 3410 vel
1850 3355 2235 3410 administran-

649 3458 737 3523 da,
767 3455 829 3509 Β.
865 3454 962 3509 viri
994 3452 1230 3524 prudens
1262 3450 1546 3506 consilium
1591 3448 1921 3519 sequebatur
1952 3455 2006 3501 et
2044 3445 2228 3499 audie-

648 3548 761 3607 hat.
804 3545 1309 3605 Comiueudmcrat,
1354 3542 1594 3613 inquam,
1629 3539 1688 3593 Β.
1724 3537 1966 3607 Vaningo
2015 3552 2106 3591 rex
2136 3535 2235 3589 Lo-

653 3638 862 3692 tharius
895 3635 1225 3705 provinciam
1260 3632 1661 3687 Calciaccnsem
1682 3672 1697 3696 ,
1728 3645 1868 3699 quze,
1894 3627 1963 3682 ob
1987 3627 2236 3696 antiqua-

652 3741 773 3789 rum
816 3725 1069 3778 silvarum
1103 3722 1501 3783 abundantiam
1530 3728 1585 3775 ct
1620 3719 1864 3773 ferarum
1896 3717 2253 3771 diversarum.

653 3816 989 3870 venationem
1034 3813 1366 3884 jucundam,
1414 3812 1578 3865 valles
1640 3810 1895 3879 diligebat
1946 3806 2229 3875 nullisque,

653 3906 759 3962 nisi
791 3904 1039 3965 familiari
1081 3914 1136 3958 et
1177 3902 1315 3957 ﬁdeli
1356 3903 1696 3956 couunittere
1725 3898 2120 3954 rationabiliter
2147 3897 2235 3966 ju-

652 3999 891 4054 dicabat.
923 3996 1254 4052 Commissas
1284 3994 1446 4071 igitur
1476 3994 1641 4048 silvas
1672 3991 1898 4047 ﬁdeliter
1928 3990 2251 4053 custodiens.

651 4090 714 4145 B.
755 4087 1050 4158 Vaniugus,
1094 4085 1405 4155 frequenter
1436 4082 1719 4158 .visitabat,
1752 4081 2018 4138 visitando
2055 4078 2253 4150 pellas

652 4180 892 4243 strabat;
935 4194 1039 4235 non
1092 4186 1301 4233 tantum
1347 4174 1727 4246 capiendarum
1764 4173 1889 4230 ludo
1922 4181 2015 4227 aut
2053 4180 2236 4242 capta-

653 4289 773 4327 rum
834 4270 1071 4326 ferarum
1120 4270 1273 4329 lucro
1324 4270 1562 4340 gaudens
1617 4276 1874 4336 quantum
1933 4264 2233 4322 carnalium

653 4365 979 4420 tumultuuin
1010 4363 1493 4434 refrigerationem,
1521 4362 1708 4416 umbra
1740 4360 2017 4435 silvarum,
2046 4359 2233 4415 solitu-

650 4459 778 4513 dine
805 4472 1077 4526 quacrens.
1113 4455 1228 4509 Tali
1273 4456 1451 4524 itaque
1482 4454 1659 4508 studio
1692 4453 2095 4523 commodiores,
2118 4452 2235 4506 Fis-
2266 4452 2310 4507 D

652 4563 953 4604 cannenses
991 4549 1159 4603 saltus
1183 4546 1793 4616 judicabat,judicaudo
1830 4544 2231 4614 frequentabat,

652 4643 907 4713 ignorans
951 4641 1107 4696 ducis
1146 4638 1390 4708 Ansegisi
1444 4636 1824 4692 revelationem
1874 4636 2229 4705 prmteritam,

652 4735 828 4791 sancti
872 4733 973 4789 loci
1023 4731 1512 4787 manifestatiouem
1556 4739 1612 4783 et
1644 4729 1805 4783 futuri
1836 4728 2039 4784 oraculi
2079 4741 2233 4782 reve-

651 4830 883 4884 rentiam
915 4825 1337 4881 observandam-
1367 4824 1509 4877 Loco
1545 4823 1688 4877 enim
1726 4833 1914 4893 sancto
1944 4822 2003 4876 8.
2034 4820 2233 4875 Vanis;-

654 4938 753 4993 gus
792 4920 1151 4983 reverentiam
1198 4917 1398 4972 nullam
1437 4916 1746 4984 exhibebat,
1777 4930 1964 4970 verum
2002 4915 2079 4987 ibi
2122 4913 2230 4968 fre-

648 5024 881 5085 quentes
925 5028 1089 5069 canes
1133 5009 1452 5081 copulabat,
1509 5020 1602 5064 aut
1632 5010 1767 5065 retia
1817 5010 2099 5076 tendebat,
2144 5010 2227 5065 vel

651 5105 893 5177 agitabat
940 5105 1207 5175 fugientes
1247 5101 1410 5165 feras,
1448 5100 1532 5155 vel
1577 5099 1692 5155 suis
1732 5100 1979 5170 privabat
2020 5101 2230 5156 exuviis

651 5205 860 5263 captas.
885 5194 1055 5261 Quam
1082 5192 1582 5264 praevaricationem
1611 5191 1790 5246 nimia:
1812 5190 1952 5259 juris
1979 5192 2230 5262 ignorau-

652 5288 743 5341 tim
763 5287 1132 5355 corrigendam
1156 5287 1333 5341 divina
1358 5284 1657 5340 sublimitat-
1684 5284 1958 5345 miserata,
1981 5296 2227 5339 sanctum
2250 5320 2253 5321 ν

653 5376 918 5445 corripuit
943 5378 1137 5444 virum,
1166 5388 1218 5432 et
1248 5374 1548 5446 complendi
1595 5375 1840 5429 miraculi
1885 5374 2228 5429 manifestum

650 5466 801 5522 dedit
828 5465 1103 5521 indicium.

717 5555 1022 5629 lugentium
1044 5556 1246 5627 quippe
1290 5555 1519 5610 febrium
1554 5556 1726 5611 virum
1758 5568 2006 5612 sanetum
2040 5572 2228 5628 repen-

724 5691 800 5761 t3)
844 5690 898 5745 ln
924 5688 1162 5747 Historia
1192 5662 1246 5742 S.
1276 5688 1497 5743 lluberti
1525 5700 1664 5758 part.
1698 5708 1778 5757 ιιι,
1807 5704 1993 5761 quaest.
2028 5696 2081 5747 5.

2340 472 2670 527 labefaCtans
2715 462 3035 541 cunctisque
3086 468 3289 523 viribus
3332 468 3550 523 membra
3582 472 3711 526 omni:
3738 476 3781 530 ia-

2339 562 2635 617 clemcnter
2668 561 2913 631 privans,
2939 558 3156 614 auferre
3184 559 3347 613 vitam
3384 566 3438 613 et
3471 571 3654 614 mortem
3680 566 3781 618 nam.

2337 658 2499 712 batur
2526 656 2780 710 inducere
2820 664 3163 726 praesentem.
3205 654 3587 725 Ingravescente
3609 671 3702 723 ergo
3720 676 3780 711 ne

2340 747 2522 812 lestia,
2563 747 2778 817 penitus
2825 747 2974 817 vigor
3015 743 3193 813 vitalis
3228 743 3567 807 concluditur,
3602 748 3781 801 omdaétt

2338 836 2728 905 exstinguitur;
2760 844 2923 904 atque
2954 841 3274 901 consumpto
3300 833 3783 896 exteriori,siiuslzow

2341 925 2564 979 interior
2611 925 2663 979 in
2703 923 2979 992 cujusdam
3024 922 3255 979 e:stasis
3294 922 3609 977 translatione
3642 928 3780 979 nmina

2338 1015 2650 1071 extenditur
2674 1025 2725 1069 et
2758 1014 3063 1069 imlucitur.-
3086 1005 3413 1078 Deducitur,
3432 1014 3545 1083 inqu
3561 1031 3634 1079 nn,
3656 1030 3783 1069 saxea

2342 1108 2616 1179 Vaningus
2641 1108 2704 1161 ad
2733 1106 2835 1161 BB.
2863 1107 3102 1162 virorum
3134 1095 3371 1177 gloriosa
3398 1104 3524 1168 lcca,
3544 1115 3590 1159 et
3613 1106 3783 1161 hominm

2339 1199 2660 1253 miserorum
2684 1196 2925 1253 crudelia
2951 1205 3248 1261 tormenta;
3286 1195 3377 1251 ubi
3400 1205 3620 1265 quantas,
3638 1199 3786 1265 etjnstr»

2340 1288 2719 1344 rum'corouas
2743 1297 2799 1343 et
2822 1288 3176 1359 reproborum
3207 1300 3422 1358 poenas.
3451 1300 3661 1341 reversus
3681 1304 3785 1340 nm

2340 1380 2437 1444 vit,
2467 1393 2798 1448 suorumque
2827 1387 3047 1433 actuum
3078 1377 3355 1433 evidentia
3380 1386 3602 1448 patenter
3622 1382 3783 1446 expiauit.

2340 1469 2484 1525 Visis
2508 1485 2637 1541 ergo
2656 1469 3009 1524 beatitudinis
3021 1477 3076 1524 et
3091 1470 3329 1524 miseria:
3349 1469 3597 1539 perpetuis
3620 1470 3782 1523 domitas.

2333 1563 2501 1634 judici
2548 1562 2763 1618 cuidam
2804 1562 2863 1616 S.
2905 1560 3181 1633 Vauingus
3220 1572 3787 1632 praesentaturntqmn-

2340 1653 2487 1710 celso
2529 1668 2639 1707 suae
2693 1651 2995 1719 majestatis
3036 1652 3235 1708 throno
3282 1653 3557 1723 deponitur
3589 1661 3632 1705 et
3656 1653 3789 1704 ωιιοςμ

2271 1756 2313 1810 Β
2343 1756 2449 1801 tur.
2482 1744 2683 1801 Verum
2747 1759 2871 1798 eum
2906 1752 2963 1798 et
3006 1743 3152 1799 sedis
3196 1742 3789 1813 incircumscriptumld,»

2338 1850 2452 1892 rem
2478 1844 2533 1891 et
2558 1834 2796 1890 sedentis
2815 1842 3092 1906 aspectqu
3118 1834 3423 1890 terribilem
3443 1834 3790 1889 εἱιιαιιιισιιιιιὲυιι

2337 1942 2443 1997 que
2491 1926 2829 1981 innumeram
2876 1923 3283 1981 multitudinem
3354 1925 3788 1994 contemplaretur.u

2337 2018 2707 2088 contemplans
2738 2024 3059 2083 terreretur,
3082 2017 3298 2072 corruit
3317 2034 3331 2081 ;
3350 2025 3405 2071 et
3428 2024 3531 2070 toto
3542 2029 3711 2085 corpore
3722 2029 3786 2081 pn-

2336 2119 2561 2175 stratus,
2602 2124 2785 2164 coram
2805 2107 3021 2164 .Judieis
3052 2110 3350 2180 pnesentia
3388 2106 3528 2163 velut
3554 2107 3740 2160 exanimis
3762 2116 3786 2157 ct

2336 2203 2692 2258 conturbatus
2721 2201 2911 2272 jacuit.
2942 2200 3094 2256 Tunc
3132 2201 3306 2271 judex
3352 2218 3366 2254 :
3403 2200 3661 2267 Quomodo,
3681 2198 3786 2265 aqua

2340 2294 2603 2365 Vaninge,
2629 2293 3055 2349 Fiscaunensem
3089 2293 3289 2347 vallem
3337 2293 3529 2347 nomini
3564 2307 3657 2346 meo
3681 2306 3787 2344 rrqu

2338 2384 2658 2439 secrandam
2704 2384 2944 2454 ignoras,
2988 2394 3044 2439 et
3092 2383 3399 2453 ignorando
3437 2380 3785 2443 exbononsion

2339 2477 2546 2531 ratione
2584 2476 3014 2531 consecrationis
3061 2489 3193 2530 mea:
3244 2475 3424 2531 locum
3466 2488 3783 2543 nequaquam:-

2339 2570 2596 2632 teudens,
2658 2569 3033 2624 contaminare
3083 2568 3469 2623 exhorrescis?
3520 2565 3629 2620 Num
3675 2574 3785 2615 rem
3826 2628 3827 2631 η

2339 2661 2616 2716 incurrere
2646 2661 2784 2715 iram
2817 2676 3018 2727 meam,
3051 2658 3205 2728 cujus
3239 2660 3471 2715 ﬁdeliter
3495 2656 3706 2729 cognoscis
3722 2670 3784 2705 ea
3826 2698 3827 2713 η

2337 2756 2668 2825 nipotentem
2698 2754 3069 2810 voluntatem?
3101 2754 3347 2818 Dixerat,
3373 2763 3428 2810 et
3454 2751 3783 2810 circumstantias

2336 2848 2536 2902 chorus
2565 2846 2840 2901 seniorum
2880 2848 2964 2901 sui
3002 2846 3359 2916 imperatoris
3398 2846 3666 2902 sententiam
3684 2843 3782 2911 gmi-

2337 2940 2466 2993 tatis
2503 2954 2696 2994 severo
2726 2937 2872 2992 vultu
2907 2938 3287 2993 conﬁrmabat.
3323 2939 3544 2993 Sanctus
3578 2944 3705 2990 autem
3731 2930 3783 2978 V2-

2335 3031 2529 3101 ningus
2581 3030 2734 3084 valde
2784 3030 3125 3100 perterritus,
3166 3030 3472 3087 nullatenus
3512 3044 3589 3084 ora
3624 3025 3779 3080 solvebat.

2337 3135 2429 3178 aut
2457 3132 2621 3194 caput
2660 3124 2773 3179 solo
2812 3125 3022 3194 erigere
3058 3126 3454 3194 prccsumebat;
3494 3124 3572 3177 sed
3605 3120 3663 3174 sui
3692 3116 3781 3169 auiis

2336 3216 2570 3286 puritate
2602 3224 2657 3268 et
2687 3213 2960 3268 fatebatur
2988 3214 3220 3284 culpam,
3256 3226 3316 3269 et
3346 3212 3612 3285 postulabat
3643 3204 3780 3262 vatiam.

2336 3317 2392 3362 et
2449 3305 2819 3383 praetendebat
2881 3294 3202 3375 ignorantiae
3262 3304 3629 3360 excusationem
3672 3298 3782 3351 solm-

2339 3400 2635 3456 Silentibus
2673 3398 2839 3470 igitur
2867 3396 3080 3453 cunctis
3102 3399 3444 3461 astantibus,
3474 3407 3640 3463 suoque
3659 3386 3781 3444 silenta

2337 3501 2391 3549 et
2422 3490 2756 3547 inferendam
2786 3487 3130 3559 disciplinam
3160 3496 3215 3542 et
3247 3485 3584 3543 exhibendam
3612 3478 3781 3545 ἱιιιινιςω·

2338 3585 2467 3637 tiam
2507 3581 2975 3645 contestantibus;
3008 3578 3124 3634 sola
3160 3590 3355 3634 sancta
3383 3580 3523 3648 virgo
3548 3572 3696 3630 Eulalia
3717 3578 3779 3620 ssr-

2338 3676 2499 3741 rexit,
2524 3686 2579 3730 et
2599 3673 2834 3743 jacentis
2860 3688 3082 3729 causam
3116 3673 3440 3743 suscipiens,
3468 3666 3687 3726 clementis
3704 3660 3777 3728 lmlr

2337 3770 2417 3825 cis
2458 3768 2802 3824 severitatem
2835 3766 3098 3831 delinivit,
3137 3765 3513 3838 indulgendam
3549 3752 3776 3831 ignorantia!

2336 3860 2607 3926 exoravit,
2635 3860 2827 3929 suique
2853 3857 3135 3914 familiaris
3155 3867 3209 3912 et
3234 3858 3394 3913 amici
3421 3856 3476 3912 8.
3503 3850 3775 3929 Vauingbyrr

2336 3962 2547 4008 sentem
2590 3951 2757 4006 vitam
2806 3949 2998 4021 viginti
3046 3965 3316 4004 annorum
3357 3946 3659 4019 protelatimie
3686 3924 3777 3989 inter

2337 4053 2499 4099 ventu
2540 4057 2639 4097 suo
2680 4040 3040 4111 prolongavit.
3078 4039 3246 4110 Virgo
3288 4040 3468 4110 itaque
3495 4035 3545 4090 S.
3572 4029 3711 4088 Eulalia
3728 4038 3775 4075 u-

2336 4134 2574 4199 auditur,
2607 4132 2768 4203 eique
2807 4129 3078 4186 exaudita:
3118 4140 3344 4185 sanctus
3379 4112 3777 4185 commendatorii-

2336 4224 2565 4294 uingus,
2623 4231 2893 4292 quatenus
2928 4238 3052 4278 eum
3101 4222 3341 4292 perfecte
3388 4222 3613 4279 instruat,
3639 4208 3775 4281 qualiter

2335 4326 2580 4372 sanctum
2611 4315 2890 4369 oraculum
2930 4313 3245 4380 constituat,
3280 4313 3647 4369 constitutumvc
3664 4297 3775 4371 quibi“

2336 4408 2583 4477 personis
2596 4422 2714 4461 com
2724 4407 3164 4461 mitteredebeat.
3182 4405 3278 4461 Cui
3300 4406 3477 4473 virgo:
3496 4421 3511 4453 ι
3526 4392 3771 4455 Canalem

2338 4500 2530 4568 inquit.
2569 4498 2844 4568 Vaniuge,
2896 4506 2951 4552 et
2998 4498 3178 4562 vives,
3233 4497 3441 4567 tuisque
3480 4482 3771 4565 possessiOIib“

2335 4589 2665 4655 restitueris,
2694 4589 2759 4642 ad
2792 4587 3213 4643 Fiscannensem
3251 4588 3459 4643 vallem.
3495 4585 3552 4639 At
3584 4582 3622 4635 in
3646 4574 3768 4630 Fiswr

2333 4681 2486 4737 nensi
2523 4678 2682 4747 valle,
2723 4680 2843 4735 duci
2893 4679 3156 4750 Ansegiso
3197 4678 3570 4735 manifestatum
3601 4670 3713 4724 locum
3736 4658 3765 4709 δῖ

2334 4771 2526 4827 incolis
2564 4771 2853 4840 diligenter
2880 4772 3128 4842 exquire,
3160 4779 3214 4826 et
3246 4771 3507 4825 inventum
3541 4762 3765 4820 festina"?

2332 4864 2451 4920 cole
2502 4865 2575 4920 ibi
2623 4880 2850 4919 summa:
2892 4875 2948 4919 et
2983 4864 3275 4920 individua
3311 4861 3565 4919 Trinitatis
3586 4860 3765 4920 ωηιηιυει

2338 4958 2595 5028 templum
2629 4957 2861 5011 ﬁdeliter
2888 4966 3167 5012 construe.
3192 4958 3510 5029 Completum
3540 4958 3670 5005 autem
3688 4952 3762 5029 ιφ·

2332 5026 2478 5119 plum
2518 5049 2724 5103 sanctis
2754 5048 3057 5118 virginibus
3089 5026 3501 5110 commendabis,
3523 5041 3667 5112 quibus
3684 5026 3750 5084 Cl?”

2332 5140 2705 5203 demarcham,
2744 5138 3198 5210 Burdcgalensem
3231 5141 3495 5211 virginem,
3520 5130 3621 5189 inibi
3652 5122 3761 5180 mult"

2333 5246 2451 5285 rum
2480 5229 2747 5302 virginum
2777 5237 3030 5298 matrem,
3060 5228 3313 5301 inclytam
3347 5224 3623 5284 abbatissam
3643 5222 3759 5285 FW"

2329 5335 2462 5376 nere
2489 5323 2721 5377 curabis.
2753 5340 2771 5373 ι

2328 5411 2458 5468 CAP.
2490 5412 2578 5468 Vl.
2608 5445 2679 5455 —
2705 5415 2780 5470 De
2804 5415 3151 5471 Fiscannemi
3175 5414 3387 5469 ecclesia
3410 5410 3556 5480 prim
3570 5417 3637 5480 Ρεΐ

2393 5482 2703 5538 Lotharinm
2734 5485 2992 5555 fundata,
3025 5495 3073 5539 et
3111 5487 3377 5539 ditissimis
3402 5474 3579 5551 pra-dii:
3595 5474 3721 5555 Ναξία

2400 5573 2595 5631 Finitis
2649 5553 2862 5632 domum
2920 5586 3079 5631 tanta:
3135 5572 3463 5631 revelationis
3504 5553 3751 5623 κτωοπίων
3826 5642 3827 5645 η

2626 5798 2672 5809 υ
