3900 6322
72 319 167 375 709

1200 296 1592 358 ANONYMUS
1632 293 1822 350 FISCA
1836 293 2143 352 NNENSIS.

3222 278 3338 350 na

77 450 182 492 cum
209 440 315 486 vita
344 422 686 498 sospitatem,
714 431 763 477 et
796 435 917 477 cum
952 419 1213 491 sospitate
1241 418 1405 471 vitam
1432 415 1490 471 S.
1526 412 1619 469 Va-
1662 410 1715 471 Α
1744 410 1911 465 mittit
1934 419 1991 465 et
2020 418 2292 481 praeparat
2333 411 2504 467 beata:
2547 408 2923 467 retributionis
2965 408 3327 466 immaroessi-

81 530 257 596 ningus
296 518 529 589 suscepit
564 514 954 585 :equaliterque
993 512 1106 566 suis
1142 509 1352 565 cunctis
1386 506 1657 563 convale-.

80 615 338 672 scentibus
364 608 644 671 membris,
681 618 859 675 regem
893 601 1209 657 Lotharium
1249 598 1495 667 expetiit,
1526 611 1636 650 sua:

82 704 410 765 revelationis
473 700 666 756 seriem
727 706 891 751 totam
947 694 1225 765 explicuit.
1283 690 1487 757 Quibus
1543 703 1633 742 rex

79 797 346 855 Lotharius
373 800 728 862 compunctus
783 799 836 843 et
873 786 1236 857 perterritus:
1286 802 1302 834 t
1350 780 1635 844 Festinus,

80 889 251 959 inquit,
284 878 356 939 fili
389 883 676 952 Wauinge,
712 879 1020 948 regredere,
1047 884 1102 931 et
1141 882 1388 930 sanctum
1437 871 1634 935 locum,

78 993 208 1059 juxta
254 977 537 1034 relationis
584 984 689 1029 tua:
740 972 1058 1036 veritatem,
1090 968 1374 1039 diligenter
1402 965 1635 1036 inquire,

81 1075 328 1143 rebusque
353 1070 511 1129 meis.
539 1075 593 1122 et
617 1066 745 1129 tuis,
763 1063 959 1119 summi
987 1060 1329 1133 Imperatoris
1357 1058 1637 1129 palatium,

80 1184 223 1240 quam
242 1164 507 1222 maturius
520 1160 876 1233 gloriosiusve
896 1157 1149 1222 volueris,
1173 1150 1639 1218 construe.»Quod

81 1265 185 1317 laeto
228 1258 454 1314 audiens
488 1256 690 1320 animo,
718 1253 778 1307 B.
808 1250 1102 1321 Vaningus,
1144 1248 1210 1303 ad
1239 1245 1638 1303 Calciacensem

82 1353 414 1426 provinciam,
462 1348 719 1404 continuo
763 1343 1055 1402 remeavit;
1113 1340 1495 1409 ingressusque
1546 1335 1641 1390 Fi-

82 1458 411 1500 scannensem
463 1440 689 1503 silvam,
723 1434 1171 1506 prtenominatum
1226 1429 1403 1484 locum
1447 1426 1642 1496 exqui-

83 1539 222 1598 sivit,
266 1534 506 1605 invenit,
558 1529 816 1585 excoluit.
861 1525 1132 1581 Adhibitis
1170 1537 1302 1595 ergo
1345 1520 1640 1591 operariis,

83 1642 275 1683 annosa:
321 1638 560 1695 quercus
603 1621 883 1676 cmdnntur
923 1628 975 1671 et
1022 1622 1457 1687 prosternuntur,
1485 1610 1642 1665 vimi-

85 1733 199 1773 nave
224 1725 275 1772 et
299 1729 494 1784 vepres
517 1714 891 1781 exslirpantut‘
914 1718 967 1763 et
995 1705 1404 1770 comburuntur,
1425 1712 1480 1758 et
1502 1702 1644 1755 anti-

84 1824 183 1877 qua:
230 1804 535 1861 solitudinis
580 1803 757 1857 dumis
809 1809 865 1857 et
916 1798 1161 1856 sentibus
1209 1796 1360 1851 locus
1403 1794 1644 1850 cmlestis

86 1898 346 1956 habitaculi
392 1906 657 1968 purgatur
694 1904 750 1951 et
800 1894 1081 1948 liberatur.
1118 1889 1405 1946 Ponuntur
1443 1886 1643 1942 funda-

87 2003 271 2057 menta,
304 2001 359 2047 et
394 1990 655 2046 ineffabili
706 1987 984 2044 celeritate
1029 1994 1365 2053 consurgunt
1406 1982 1642 2049 parietes

88 2084 238 2149 sacri;
267 2091 341 2147 et,
370 2080 521 2135 velut
559 2079 754 2134 divinae
796 2077 1010 2131 virtutis
1055 2073 1410 2145 omnipotenti
1451 2088 1644 2142 opera-

91 2177 245 2239 tione,
295 2171 638 2227 collocantur
701 2178 875 2232 tecta,
921 2165 1367 2236 complenturque
1417 2162 1643 2219 aedilicia

88 2265 347 2336 praemissa:
378 2263 747 2317 revelationis.
776 2260 1160 2317 Consummato
1191 2258 1374 2327 igitur,
1405 2254 1661 2324 compIe-q

92 2368 225 2426 toque
268 2355 521 2417 aedificio,
569 2352 863 2407 Galliarum
902 2366 995 2405 rex
1036 2349 1326 2405 Lmharius
1362 2348 1621 2402 invitatur

89 2448 342 2501 multarum
373 2446 596 2502 urbium
622 2444 794 2500 sancti
823 2442 1015 2497 Patres
1035 2448 1405 2496 convocantur
1436 2447 1491 2494 et
1518 2454 1647 2494 con-

92 2547 370 2610 gregantur.
414 2546 471 2592 et
518 2552 699 2592 rerum
730 2535 969 2589 omnimn
1005 2533 1278 2588 Creatoris
1324 2540 1381 2586 et
1419 2531 1647 2586 admini-

91 2629 311 2685 stratoris
338 2627 499 2683 titulo
534 2626 733 2681 factum
759 2624 1037 2680 oraculum
1069 2624 1357 2694 insignitur
1376 2631 1429 2678 et
1458 2637 1648 2677 consc-

92 2733 278 2789 cratur;
316 2730 805 2789 consecratumque
852 2716 1122 2788 regalibus
1163 2716 1312 2787 gazis
1348 2723 1403 2769 et
1431 2714 1647 2785 prretli's

93 2813 353 2869 liberaliter
374 2813 620 2876 dotatur,
642 2821 695 2867 et
716 2810 1024 2865 divitiarum
1049 2806 1263 2863 cumulo
1290 2804 1651 2861 abundantius

95 2909 269 2961 ditatur
299 2916 349 2962 et
378 2906 696 2973 ampliatur.

97 3038 203 3093 Cir.
234 3039 336 3094 VII.
371 3072 440 3081 --
482 3039 763 3105 Quomodo
805 3055 895 3094 rex.
936 3037 1221 3092 Lat/larius
1262 3036 1424 3106 ipsius
1474 3034 1651 3106 templi

82 3150 115 3171 ρ
154 3129 314 3165 curam
354 3110 740 3166 Cltildemnrrtv
796 3121 841 3165 et
893 3108 1133 3181 pluribus
1175 3107 1457 3181 virginibus
1507 3124 1650 3181 cont-
1680 3119 1726 3181 ρ

158 3184 306 3249 ιιιὶιὶι,
344 3182 841 3235 administrantibus
882 3179 980 3235 SS.
1016 3176 1270 3233 Attdoeno
1304 3191 1359 3233 et
1392 3176 1654 3232 Wundre-

158 3253 335 3319 grtillo.

160 3368 363 3439 Imperat
408 3386 506 3424 rex
542 3368 835 3423 Lotharins
881 3377 1098 3423 sanctas
1141 3368 1381 3438 Virgines
1427 3381 1654 3437 congre-

105 3462 233 3528 gari,
280 3472 329 3517 et
374 3462 720 3532 congregatis
769 3460 1069 3530 virginibus
1110 3459 1263 3530 juxta
1325 3459 1385 3512 Β.
1436 3458 1657 3513 Eulaliae

102 3552 380 3618 jussionem,
411 3554 876 3619 Cltildemarcam,
906 3566 1127 3605 summa.-
1164 3550 1466 3605 sanctitatis
1496 3549 1658 3619 virgi-

108 3658 205 3695 nem
244 3646 512 3715 prmponi,
556 3646 824 3713 totiusque
867 3642 1121 3697 Ecclesite
1164 3656 1435 3696 summam
1486 3642 1657 3695 admi-

108 3732 445 3789 nistrationem
506 3732 709 3788 sanctis
762 3742 816 3787 et
866 3730 1195 3803 beatissimis
1257 3730 1658 3786 confessoribus

108 3824 351 3887 Audocno,
375 3839 428 3881 et
450 3824 891 3896 Wandrcgesillo
932 3823 1224 3879 committit
1253 3831 1309 3877 et
1335 3821 1585 3893 injungit.

109 3935 212 4014 Cito.
241 3939 361 4014 \_‘l|l.
397 3972 465 4014 τά
505 3938 778 4014 Quomodo
824 3938 885 3993 Β.
928 3939 1248 4014 Leodegorio
1294 3938 1525 4014 linguam
1568 3937 1661 4014 nb-

114 4009 371 4071 ‘tcimierat
402 4011 692 4076 Ebroiuus,
723 4022 769 4065 et
798 4023 974 4082 postea
1001 4011 1251 4064 divinitus
1284 4009 1622 4079 recuperavit.

170 4102 364 4160 Devotze
412 4107 585 4177 igitur
628 4106 866 4174 Virgines
908 4119 1077 4160 sacra:
1124 4104 1486 4169 conveniunt,
1536 4118 1661 4174 pro-

112 4195 263 4271 missrc
301 4199 635 4269 virginitatis
673 4198 881 4254 cmlesti
926 4212 1125 4267 sponso
1169 4195 1527 4268 chirographa
1561 4196 1663 4251 im-

113 4278 301 4344 mobilia
329 4292 711 4355 conscribunt;
739 4304 958 4360 sumque
990 4288 1415 4344 conversationis
1446 4274 1661 4342 aroma-

116 4378 215 4433 ticis
265 4382 468 4438 cunctis
529 4380 787 4437 odoribus
852 4377 1303 4448 circumjacentes
1356 4378 1661 4447 provincias

112 4468 463 4540 cunctipotenti
502 4472 749 4527 famulari
781 4472 890 4527 Deo
921 4471 1234 4534 admonent,
1260 4481 1316 4524 et
1342 4470 1659 4523 accendunt.
1691 4467 1741 4527 ο

116 4550 505 4630 lietigratulatur
535 4563 592 4618 Β.
634 4564 903 4628 Trinitas,
935 4560 1393 4617 incommutabilis
1420 4559 1581 4625 Dens,
1611 4568 1665 4613 ct

117 4653 351 4721 templeto
380 4657 601 4726 templo,
635 4666 687 4710 et
720 4654 1154 4711 convenientium
1199 4652 1462 4722 virginum
1491 4651 1664 4706 fatuu-

118 4739 228 4796 1ιῑιιί
280 4757 481 4812 cmsto;
535 4763 761 4817 quarum
814 4754 1179 4800 trecentarum
1234 4742 1511 4812 sexaginta
1568 4757 1661 4795 sex

121 4832 311 4891 diurnas
352 4850 709 4893 uocturnasve
745 4839 1027 4894 continuas
1051 4835 1426 4905 contemplans
1456 4834 1662 4901 laudes,

120 4914 167 4974 et
202 4929 375 4983 mortis
410 4930 781 4987 liberationem
817 4939 871 4983 et
904 4929 958 4983 in
997 4944 1246 4984 mansura
1282 4928 1497 4982 civitate
1538 4940 1663 4996 pro-

127 5148 136 5158 .
184 5082 577 5205 (iz'Sige’bertus
603 5102 694 5142 an.
727 5086 862 5169 662οξ
887 5085 1080 5141 Petrus
1103 5085 1366 5167 [lavet-ius
1396 5086 1615 5139 adnotat
1647 5100 1663 5139 t

127 5164 171 5202 In
215 5150 487 5205 ltstortam
550 5167 884 5205 monasterii.
946 5155 1004 5205 S.
1062 5155 1287 5205 Joannis
1338 5155 1660 5205 Reomaens.

124 5150 171 5202 in
215 5150 487 5212 Historiam
550 5158 884 5214 monasterii.
946 5155 1004 5210 S.
1062 5155 1287 5210 Joannis
1338 5155 1660 5211 Reomaens.

130 5235 202 5291 an.
225 5224 344 5287 660;
371 5227 617 5283 Nicolaus
642 5228 852 5290 Gillius,
882 5228 933 5281 in
958 5226 1159 5280 llistor.
1188 5226 1384 5281 Franc.
1409 5242 1495 5280 an.
1530 5225 1662 5291 662;

126 5289 397 5370 ﬁttrion._in
427 5299 703 5360 Chronic.,
734 5308 787 5352 et
816 5289 1173 5370 Corroz_etns,
1212 5296 1305 5370 lib.
1354 5312 1368 5350 l
1403 5289 1665 5370 Thesauri

133 5356 306 5434 llistor.
330 5365 540 5434 Franc.,
567 5356 706 5425 titul.
740 5370 789 5433 I,
814 5384 901 5422 an.
934 5367 1066 5433 663;
1094 5356 1355 5422 Baronius
1394 5376 1523 5422 tom.
1560 5366 1667 5421 VIII

129 5431 299 5485 Annal.
324 5431 534 5493 Eccles.
550 5456 618 5493 an
648 5440 771 5494 σω.

156 5500 260 5578 ,(5)
282 5503 564 5578 ρι’άοι-ἰοιιε
617 5512 710 5565 lib.
741 5526 798 5564 ιιι
833 5510 1035 5563 Ilistor.
1070 5507 1277 5563 Ercles.
1311 5508 1379 5563 ad
1411 5523 1499 5563 an.
1527 5510 1662 5575 678;

133 5568 340 5648 (uenalis
372 5578 421 5631 in
452 5580 505 5633 S.
538 5582 795 5636 Audoeuo
815 5580 1233 5648 arcltiepiscop.;
1275 5578 1528 5635 Nicolaus
1556 5568 1669 5634 Gil;

130 5636 322 5765 minax.
345 5648 469 5714 698;
500 5650 811 5709 Charronus
839 5665 955 5721 cap.
984 5636 1085 5704 1'03
1126 5636 1327 5705 I'I'is'tor.
1363 5649 1666 5707 UniverSaI.

1712 4890 1723 4901 ι
1770 4878 1891 4918 inus
1938 4865 2099 4933 regim
2144 4865 2463 4920 'l'heodoriei
2518 4866 2533 4919 I

1738 500 1902 556 bilem
1926 515 2208 555 coronam.
2236 500 2334 556 lllo
2356 510 2621 572 tempore,
2646 501 2708 554 Β.
2743 510 2798 557 et
2824 500 3091 571 gloriosus
3119 513 3327 572 martyr

1737 591 2105 663 Leodegarius
2128 592 2459 647 Fiscannum
2514 594 2829 660 deducitur,
2858 609 3019 665 quem
3050 592 3246 649 efferus
3271 606 3322 648 et

1737 682 2003 737 nefandus
2052 691 2297 754 apostata
2328 684 2635 748 Ebroinns,
2674 686 3017 756 episcopatus
3065 688 3144 740 sui
3198 687 3324 741 sede

1739 774 1937 845 injuste
1968 776 2272 845 expulerat,
2314 794 2493 831 rerum
2526 776 2795 831 allluemia
2822 779 3108 832 multarum
3136 766 3327 847 exSpo-

1739 865 2004 935 liaverat,
2056 875 2110 921 et
2174 868 2354 938 lingua
2408 869 2763 922 inclementer
2812 870 3093 937 abscissa,
3162 873 3326 926 totius

1739 958 1915 1013 ollicio
1954 960 2225 1014 sermonis
2266 962 2591 1029 privaverat.
2629 961 2824 1015 Verum
2848 1002 2862 1027 ,
2892 979 3011 1015 cum
3058 965 3324 1034 gloriosus

1742 1058 1949 1121 martyr
1974 1051 2284 1121 episcopus,
2313 1052 2503 1106 summi
2533 1061 2585 1105 et
2607 1053 2991 1121 omnipotentis
3022 1054 3111 1108 Dei
3141 1072 3337 1123 sacras

1744 1140 2119 1211 ingrederetur
2143 1142 2305 1206 mdes,
2338 1152 2391 1195 et
2422 1142 2766 1210 psallentium
2797 1142 3067 1211 virginum
3114 1147 3326 1199 audiret

1742 1233 2015 1303 angelicas
2043 1249 2223 1299 voces,
2257 1235 2450 1287 ablane
2490 1233 2721 1287 ollicium
2757 1234 2951 1305 linguae
2984 1239 3216 1305 recepit;
3249 1248 3323 1301 et,

1743 1341 1841 1396 per
1868 1341 2131 1381 annorum
2160 1325 2477 1394 vertiginem
2518 1327 2779 1391 duorum,
2826 1341 2950 1380 cum
2987 1327 3188 1395 sanctis
3224 1328 3328 1379 vir-

1745 1417 1957 1488 ginibus
1979 1428 2347 1479 conversatus,
2375 1416 2692 1473 humilitatis
2716 1428 2770 1473 et
2795 1420 3067 1489 patientia:
3100 1418 3337 1473 formant

1744 1509 2006 1571 exhibuit,
2030 1519 2084 1564 et
2106 1510 2439 1563 audientium
2462 1511 2645 1576 corda,
2664 1528 2786 1565 rore
2810 1513 3043 1567 cmlestis
3072 1514 3342 1566 doctrina:-

1748 1599 1992 1669 irrigavit
2020 1608 2074 1654 et
2108 1598 2438 1654 fecundavit.
2472 1598 2713 1655 Cernens
2764 1602 2927 1671 igitur
2966 1602 3023 1655 Β.
3058 1601 3332 1671 Yauingus

1750 1693 2080 1763 inopinatam
2111 1690 2294 1762 templi
2329 1690 2586 1762 gloriam,
2613 1701 2922 1761 sanet-.eqne
2956 1694 3332 1762 congregatio-

1678 1773 1721 1829 Β
1748 1782 1831 1837 nis
1870 1781 2209 1854 religionem,
2238 1790 2294 1837 et
2335 1782 2734 1837 multitudinem
2775 1783 3080 1845 caelestem,
3108 1795 3334 1837 cunctas
3426 1788 3429 1791 ’

1746 1891 1856 1931 sua:
1891 1875 2239 1947 pmprietatis
2284 1874 2502 1929 divitias
2534 1875 2803 1945 recensuit
2826 1885 3242 1945 sanctorumque
3276 1875 3330 1928 in

1746 1985 1874 2026 usus
1919 1970 2185 2040 virginum
2228 1968 2529 2039 delegavit;
2582 1979 2637 2024 et
2666 1978 2808 2041 toto
2856 1970 2979 2023 vitae
3006 1986 3137 2033 sua:
3165 1985 3331 2025 cursu

1748 2062 1915 2117 totius
1966 2059 2258 2116 famulatus
2309 2060 2668 2116 Immilitatem
2715 2070 2769 2116 et
2814 2062 3213 2127 obedientiam,
3274 2061 3330 2115 in

1746 2155 1933 2209 eadem
1964 2152 2214 2221 ecclesia,
2246 2153 2453 2207 ratione
2481 2164 2533 2207 et
2559 2154 2948 2207 consuetudine
2977 2153 3329 2208 servientium

1746 2246 2015 2302 exhibuit»

2379 2377 2707 2417 Αῐιῐςοτιτιο.

1820 2472 1897 2526 Ex
1927 2486 2033 2541 qua
2056 2470 2273 2540 quidem
2312 2473 2653 2538 narratione,
2702 2471 2955 2531 nonnulla
2992 2472 3213 2526 veniunt
3236 2473 3334 2525 ob-

1748 2544 2047 2605 servanda;
2093 2542 2146 2596 1°
2170 2541 2528 2613 Clotharium.
2567 2558 2664 2599 ceu
2711 2542 3024 2599 Lotharium
3072 2544 3245 2613 (cujus
3277 2548 3335 2596 tit

1750 2612 1975 2680 mentio)
2005 2626 2126 2666 esse
2174 2613 2391 2665 tertium
2427 2612 2650 2679 hujusce
2698 2614 2964 2676 nominis,
3006 2616 3255 2667 (Ilodovei
3292 2613 3332 2667 II

1754 2683 1919 2737 lilium
1957 2684 2046 2751 qui
2092 2683 2516 2753 regnihabenas
2562 2686 2795 2752 suscepit
2835 2696 2952 2752 post
3001 2702 3091 2736 an.
3138 2686 3243 2737 66:).
3280 2694 3335 2738 et

1751 2755 1998 2823 regnavit
2046 2752 2205 2807 annis
2250 2752 2313 2807 IV
2360 2754 2458 2823 (4).
2512 2756 2674 2823 Itegia
2719 2766 2897 2808 autem
2941 2755 3331 2815 inuniticentia,

1750 2840 1855 2895 qua
1894 2823 2023 2878 illud
2067 2824 2374 2895 ctpnobium
2421 2827 2640 2890 ditavit,
2675 2826 2933 2895 fundator
2973 2834 3117 2879 recte
3168 2841 3334 2892 agno-

1753 2894 1951 2960 SCitur;
1998 2896 2058 2948 2°
2110 2894 2370 2948 Sanctum
2430 2896 2777 2959 Audoenum,
2844 2894 3334 2964 llotltomagensem

1752 2965 2241 3034 archiepiscopum,
2271 2980 2377 3018 non
2417 2981 2605 3032 parum
2649 2966 2959 3031 insultasse,
2987 2981 3082 3019 sua
3116 2967 3345 3034 poruitic'

1753 3037 1855 3091 eali
1880 3039 2290 3106 auctoritateget
2319 3036 2595 3106 vigilantia
2640 3037 2931 3105 pastorali,
2962 3052 3056 3106 pro
3088 3036 3335 3103 hujusce-

1759 3107 1900 3163 modi
1947 3105 2162 3160 abbatia
2210 3104 2524 3171 fundanda;
2576 3104 2733 3177 cujus
2781 3108 2856 3162 rei
2885 3104 3063 3177 Arausa
3119 3118 3173 3160 et
3221 3108 3338 3175 ipse

1760 3178 2012 3231 fundator
2058 3184 2398 3245 nuncupatus
2448 3174 2714 3247 reperitur
2759 3178 2826 3232 ab
2871 3174 3162 3240 0rda-rico,
3207 3174 3335 3229 dunt

1759 3258 2075 3303 constanter
2113 3247 2303 3301 scribit
2342 3249 2483 3315 quod
2518 3267 2535 3298 ί
2585 3264 2749 3301 unum
2792 3248 3095 3302 emnobium
3134 3248 3339 3315 sancti-

1758 3318 2073 3375 monialium
2105 3314 2371 3371 Fiscanni
2393 3318 2693 3373 condiderit
2719 3318 2818 3387 (5).
2852 3339 2871 3370 ι
2914 3319 3151 3385 lllodqne
3180 3314 3339 3370 Nico-

1760 3390 1875 3443 ltus
1911 3387 2103 3442 Gillius
2142 3387 2405 3441 admittit:
2458 3389 2549 3441 sed
2595 3398 2821 3456 uterque
2873 3388 2924 3441 in
2975 3388 3341 3455 aSsignatione

1762 3458 2035 3528 temporis)
2080 3457 2320 3521 fallitur;
2390 3458 2448 3510 5°
2514 3458 2772 3512 Sanctum
2820 3456 3335 3528 Waudregesillntn,

1759 3526 2229 3584 Fontanellensem
2275 3528 2553 3589 abbatem,
2584 3528 2796 3581 titulum
2830 3528 2994 3581 etiam
3041 3526 3341 3581 fundator-is

1759 3599 2044 3661 meruisse,
2070 3607 2179 3652 tum
2207 3598 2276 3652 ob
2302 3597 2720 3651 illustrissimam
2753 3598 2966 3668 generis
3006 3597 3335 3666 prosapiam,

1759 3680 1815 3725 et
1844 3670 2080 3739 iugentia
2116 3684 2236 3737 quae
2281 3671 2593 3739 possederat
2640 3667 2804 3730 bona,
2855 3668 2979 3722 huic
3022 3667 3199 3739 eidem
3238 3668 3339 3721 ab-

1760 3737 1922 3794 batiaé
1952 3739 2140 3809 procul
2170 3739 2333 3805 dubio
2356 3738 2570 3805 collata,
2599 3748 2709 3793 tum
2738 3750 2957 3808 propter
2982 3737 3341 3809 directionem

1761 3807 2114 3880 Spiritualem,
2155 3818 2207 3862 et
2235 3810 2548 3865 monasticae
2576 3807 2934 3864 obserVantize
2974 3807 3342 3880 disciplinam,

1761 3877 1922 3951 quam
1960 3880 2090 3951 inibi
2125 3880 2372 3951 edocuit,
2421 3881 2574 3949 juxta
2622 3880 2949 3951 Sigibertunt
2980 3897 2994 3932 :
3033 3898 3050 3930 ι
3084 3877 3140 3932 S.
3174 3877 3341 3951 Wan-

1761 3949 2320 4021 dt'cgisillusitinquit)
2357 3967 2447 4019 qut
2479 3964 2534 4005 et
2564 3949 2794 4017 Watido,
2843 3951 3090 4020 Ansegisi
3120 3949 3344 4020 majoris

1761 4019 1954 4076 donius
1977 4037 2049 4092 ex
2072 4019 2348 4076 WalChiso
2388 4021 2556 4076 fratre
2588 4037 2752 4092 nepos
2772 4062 2786 4084 .
2815 4022 2917 4092 hoc
2956 4019 3342 4092 temporecla-

1763 4093 1871 4147 ruit
1917 4108 1931 4144 :
1965 4091 2054 4161 qui
2086 4090 2697 4161 coenobio(lt‘iscannum
2740 4101 2795 4148 et
2823 4090 3185 4147 Fontinellam
3238 4091 3345 4144 Deo

1762 4160 2067 4217 construxit
2089 4160 2188 4230 (6).
2205 4180 2222 4213 ι
2244 4160 2611 4217 llallucinatur
2633 4170 2835 4227 autem,
2860 4176 2984 4216 cum
3010 4162 3097 4215 ille
3123 4169 3345 4215 sanctus

1761 4232 1958 4289 obierit
1986 4248 2127 4286 almo
2147 4231 2253 4286 665
2275 4233 2373 4303 (7).
2460 4234 2464 4239 ’

1837 4303 2021 4372 Itaque
2049 4299 2609 4358 dicitnus'cmnobinm
2643 4301 2785 4358 istud
2811 4299 3342 4372 Fiscanneusegazdio

1767 4370 1985 4428 licatuin
2031 4385 2153 4427 esse
2187 4382 2310 4441 post
2340 4390 2428 4426 an.
2476 4371 2612 4439 662,
2657 4389 2761 4428 non
2808 4387 2937 4428 vero
2982 4387 3071 4426 an.
3103 4370 3239 4435 659,
3288 4377 3342 4421 ut

1766 4451 2011 4513 autumat
2052 4442 2321 4497 Antonius
2369 4441 2606 4513 Yeppes.
2657 4443 2741 4498 vel
2783 4442 2921 4508 660,
2968 4442 3042 4496 ιιιί
3089 4442 3343 4513 Opinatttr

1768 4512 2078 4585 Thesaurus
2112 4510 2556 4585 Chro_nologii-us.
2592 4514 2791 4569 Deinde
2813 4554 2829 4578 ,
2860 4528 2982 4567 cum
3030 4510 3244 4585 constet
3284 4510 3342 4564 S.

1767 4583 2177 4652 Leodegarium,
2216 4581 2547 4654 IErdueitsem
2574 4586 2918 4654 episc0pum,
2947 4583 3087 4651 apud
3133 4581 3343 4654 Fisean-

1770 4669 1838 4706 nu
1866 4673 1894 4705 n
1921 4656 2247 4707 diversatum
2275 4653 2464 4717 fuisse,
2491 4652 2733 4724 tempore
2759 4652 2840 4708 sui
2869 4654 3067 4717 exsilii,
3098 4652 3343 4724 sequitur

1769 4724 1897 4776 inibi
1945 4739 2154 4777 moram
2192 4725 2366 4794 egisse
2400 4736 2526 4778 ante
2563 4722 2760 4778 annum
2792 4724 2916 4787 685,
2949 4740 3056 4792 quo
3089 4722 3346 4794 martyrio

1767 4806 2058 4848 coronatus
2087 4804 2191 4856 est,
2226 4793 2321 4863 per
2347 4796 2569 4865 impium
2600 4796 2889 4850 Ebroinum
2912 4834 2926 4855 ,
2968 4794 3225 4865 majorem
3253 4793 3344 4865 do.

2584 4868 2680 4935 (ex
2733 4865 3019 4934 Sigeberto
3037 4862 3064 4928 ,“
3081 4864 3163 4935 Ila
3174 4862 3347 4935 ronio,

1769 4933 1965 4999 Surio,
2003 4932 2058 4988 et
2096 4934 2248 5006 aliis)
2276 4936 2374 5005 (8).
2409 4932 2648 5006 Denique
2694 4932 2919 5006 apparet
2961 4932 3239 5004 praefatum
3291 4932 3348 4985 S.

1840 5094 1916 5165 (6)
1947 5093 2261 5165 Sigebertus
2282 5092 2334 5147 in
2361 5092 2630 5148 Chronico
2653 5092 2718 5165 ad
2743 5088 2990 5165 amuli;
3014 5086 3350 5165 Bel'orestns

1769 5156 1861 5221 lib'.
1900 5156 1929 5219 ἰ
1969 5156 2165 5237 Αἶιιιιιι.
2216 5163 2434 5237 Fratre"
2472 5178 2599 5232 cap.
2643 5164 2741 5237 4i;
2787 5160 3088 5237 'l‘_beui_ttus.
3134 5168 3264 5237 toni.
3310 5156 3348 5208 ll

1768 5236 2169 5306 Cosmograph.
2217 5234 2311 5289 lib.
2369 5227 2635 5306 wic'ap.
2687 5232 2756 5306 ξ),
2820 5229 3073 5306 Nicetius
3128 5227 3347 5289 Gillius,

1768 5300 2111 5369 Cliarroitus;
2145 5305 2472 5360 Corrozetus
2513 5300 2650 5356 titul.
2683 5303 2754 5357 29
2802 5316 2947 5371 sup.;
2977 5300 3350 5371 Quen-celamus

1771 5379 1862 5431 lib.
1894 5392 1967 5431 vit
2009 5376 2334 5445 Antiquitat.
2366 5373 2559 5445 Fratre.
2587 5387 2705 5443 cap.
2740 5373 2805 5437 6;
2842 5369 3151 5442 Choppinus
3184 5369 3273 5424 lib.
3310 5383 3348 5421 tt

1771 5444 2507 5523 Melieslicvli‘ltl-iv_§?9:.
2630 5512 2665 5523 ..
2925 5511 2961 5523 -
3105 5508 3117 5523 .

1841 5518 1921 5587 (7)
1951 5507 2264 5587 Suriusidie
2289 5507 2508 5587 eiflnlii
2541 5522 2596 5567 et
2624 5512 2887 5577 Gazetus;
2922 5508 3187 5587 flaronins
3218 5507 3345 5587 ibid.

1772 5589 1826 5643 in
1850 5579 1997 5641 iretis
2025 5586 2091 5638 ad
2119 5585 2379 5656 Martyrol
2433 5585 2663 5639 llontan.
2691 5593 2746 5639 et
2779 5595 2909 5639 tom.
2953 5582 3055 5635 VIII
3086 5579 3275 5656 Annal.

1844 5656 2093 5727 (8)7Part.
2122 5671 2161 5711 ll
2192 5647 2390 5727 Annal.
2429 5656 2544 5710 ord.
2578 5655 2908 5712 Beuedictin.
2953 5665 3163 5708 centu“.
3196 5652 3252 5715 2,
3279 5647 3350 5703 ad

1770 5726 1861 5782 an.
1891 5726 2015 5791 659,
2041 5742 2157 5795 cap.
2183 5726 2237 5779 2.
