3900 6322
625 284 730 340 715

1442 284 1615 344 ΕΑΞΕ.
1655 286 1725 342 Xi
1754 285 1958 345 AUCT.
1999 287 2187 345 INCEE

2307 287 2468 343 ΑΝΝῘ
2509 288 2594 344 ET
2628 289 2890 347 SCRIPT.
2923 283 3148 351 ’ΔΔκΣῑιί
3696 311 3752 368 Ὶις

633 402 890 456 cellarum
919 399 1172 470 impulsu,
1198 414 1460 472 apparere
1483 400 1977 458 labefactationem.
2011 401 2215 458 Conse-
2241 388 2296 460 Ἀ
2325 401 2470 457 tione
2491 405 2810 473 perturbati,
2833 406 3104 463 Gnillelmi
3134 408 3285 462 ducis
3305 415 3594 479 pmcnliam
3615 423 3752 490 amr,

627 494 814 562 quitur
858 489 1032 560 majus
1062 491 1414 560 miraculum;
1446 507 1570 546 nam
1606 492 1734 548 dum
1765 493 1879 549 suis
1912 493 2212 564 parietibus

625 584 860 639 alienum
923 592 1121 639 tectmn
1170 593 1572 653 superponunt,
1631 592 1796 640 tanta:
1853 583 2209 656 aequalitatis,

625 675 1017 745 quantitatisve
1061 673 1339 745 parilitate
1383 675 1692 744 inveniunt,
1723 691 1846 747 quae
1883 677 2210 732 convenien-

625 770 793 824 tiores
821 767 1162 824 molientium
1197 767 1354 821 lineae
1374 809 1389 833 ,
1421 765 1506 822 vel
1537 767 1830 822 arundines
1863 767 2209 823 concordiam

621 861 929 932 exprimere
953 868 1208 932 possunt.
1243 859 1417 930 Ligna
1459 858 1567 915 duo
1598 859 1854 926 deerant,
1888 875 2010 930 quae
2057 874 2209 914 com-

621 955 788 1010 missa
823 954 1046 1026 pelagus
1079 969 1185 1010 non
1220 953 1600 1018 fraudaverat,
1647 953 1740 1007 sed
1785 967 1906 1022 quat
1947 951 2211 1008 Constan-

619 1047 874 1103 tiensium
925 1047 1206 1102 hominum
1253 1060 1449 1099 manus
1480 1044 1692 1099 cinteris
1731 1042 1890 1114 lignis
1907 1043 2046 1135 ’tecti
2076 1059 2210 1099 non-

617 1137 747 1192 dum
775 1137 1267 1209 compaginaverat.
1292 1135 1608 1205 Przecipitnr
1629 1134 1798 1189 fabris
1817 1134 1958 1206 ligna
1977 1135 2204 1200 caedere,

617 1245 869 1301 caesaque
894 1247 991 1285 sua
1025 1229 1314 1294 industria,
1346 1229 1507 1301 lignis
1543 1229 1868 1300 superpositi
1898 1229 2031 1284 tecti
2065 1227 2207 1283 indi-

618 1323 856 1391 gentiam
883 1321 1133 1394 supplere
1157 1332 1212 1376 et
1234 1321 1528 1391 complere.
1562 1319 1728 1375 Fabri
1776 1319 2063 1386 obediunt,
2096 1333 2204 1375 cae-

618 1416 756 1470 dunt
794 1414 960 1486 ligna,
990 1414 1292 1470 metiuntur
1317 1429 1487 1481 czesa;
1531 1414 1655 1468 tecti
1689 1411 1947 1468 membris
1992 1410 2204 1467 caeteris

618 1507 917 1562 moliuntur
960 1507 1251 1563 conciliare
1296 1506 1636 1576 frequentius
1679 1506 1950 1576 imposita.
2005 1505 2202 1560 Verum

613 1596 910 1653 frustratur
953 1599 1175 1654 omnino
1222 1597 1372 1653 labor
1401 1599 1705 1663 desudans,
1737 1607 1794 1653 et
1843 1597 2036 1667 peritia
2081 1595 2203 1651 dili-

613 1711 779 1766 gens;
806 1711 966 1766 quam
1013 1693 1210 1750 nullius
1245 1694 1479 1750 artiﬁcio
1517 1694 1672 1749 lineae
1715 1694 1797 1750 sui
1832 1693 2031 1749 laboris
2065 1707 2200 1764 opus

611 1787 760 1857 operi
791 1785 1025 1843 cmlestis
1051 1786 1239 1858 gratize
1282 1795 1506 1856 possunt
1555 1785 1900 1858 conjungere.
1939 1785 2053 1851 Qua
2109 1784 2196 1839 in-
2228 1756 2274 1816 Β

610 1876 997 1932 commoditate
1032 1885 1256 1932 mcestos
1287 1876 1546 1940 artiﬁces,
1572 1892 1636 1930 ac
1662 1875 1944 1940 sollicitos,
1979 1875 2198 1944 quidam

610 1969 999 2041 superveniens
1029 1967 1321 2033 relevavit,
1373 1968 1733 2037 maximisque
1783 1967 2054 2022 littoribus
2091 1965 2200 2020 duo

606 2062 752 2134 ligna
780 2061 966 2132 jacere
1001 2060 1274 2116 nuntiavit
1307 2075 1537 2130 quarum
1601 2059 1944 2130 impositione
1992 2059 2194 2128 imper-

605 2152 899 2209 lectionem
945 2167 1105 2223 posse
1165 2151 1422 2223 compleri
1478 2152 1693 2224 penitus
1741 2152 1993 2208 asseruit.
2042 2151 2196 2206 Unde

605 2246 927 2301 exhilaratis
960 2244 1289 2310 artiﬁcibus,
1321 2245 1473 2317 ligna
1509 2246 1886 2314 deportantur,
1924 2245 2195 2314 totiusque

603 2337 764 2394 lineae
792 2347 974 2394 amoto
1001 2339 1200 2404 ollicio,
1230 2337 1389 2393 facile
1425 2353 1536 2392 sua:
1571 2337 1914 2406 proprietatis
1942 2337 2058 2392 loco
2081 2335 2194 2391 col-

603 2430 856 2487 locantur
903 2449 916 2486 :
974 2432 1196 2502 suisque
1241 2430 1583 2486 naturalibus
1633 2430 1891 2501 membris
1943 2431 2192 2486 universa

603 2522 734 2578 tecti
765 2520 969 2577 fabrica
995 2529 1404 2578 consummatur
1433 2530 1488 2575 et
1516 2519 1815 2590 perﬁcitur.

605 2631 736 2687 Car.
759 2631 874 2686 ΧΙΙ.
901 2663 974 2674 --
999 2632 1074 2687 De
1107 2631 1314 2702 angelo,
1337 2641 1383 2687 et
1421 2630 1652 2698 cultello,
1679 2641 1728 2687 et
1754 2632 1977 2702 vestigiis
2022 2647 2192 2685 rema-

674 2705 914 2758 nentibus
934 2706 998 2760 in
1023 2705 1204 2758 eodem
1225 2703 1399 2772 lapide
1412 2704 1484 2757 de
1504 2719 1608 2774 quo
1627 2704 1858 2757 ascendit
1872 2702 2119 2773 angelus.
2157 2764 2164 2766 _

631 2829 640 2835 υ
673 2797 849 2852 Tanta
879 2812 1010 2868 ergo
1040 2796 1426 2852 miraculorum
1458 2796 1804 2852 multitudine
1827 2796 2067 2852 artiﬁces
2095 2811 2191 2851 ex~

603 2891 777 2956 citati,
805 2889 998 2948 ducem
1027 2890 1371 2947 Gnillelmum
1420 2898 1703 2961 expetunt,
1741 2905 1960 2946 suarum
2009 2903 2190 2945 rerum

598 2992 828 3038 eventus
849 2984 1114 3040 maximos
1137 2992 1436 3054 exponunt,
1467 2994 1521 3038 et
1544 2983 1612 3038 ad
1635 2982 2030 3040 dedicationem
2059 2999 2191 3041 con-

600 3087 823 3135 structae
850 3078 1121 3145 eccksiat,
1168 3078 1358 3149 paucis
1390 3076 1832 3148 persuasionibus
1878 3089 2185 3134 accersunt.
2214 3112 2260 3175 Ο

600 3169 752 3226 Tunc
771 3171 912 3239 dux,
951 3169 1118 3226 multa
1161 3169 1462 3226 caelestium
1513 3169 1814 3240 gratiarum
1855 3171 2186 3227 abundantia

597 3262 995 3332 prredicandus,
1023 3263 1304 3333 episcopos
1324 3270 1380 3317 et
1405 3275 1660 3332 proceres
1689 3261 1888 3316 multos
1905 3276 2186 3318 convoca-

599 3355 702 3420 vit;
759 3369 989 3426 quorum
1052 3355 1400 3411 multitudine
1463 3355 1803 3426 constipatus
1853 3355 2184 3412 Fiscannum

598 3449 765 3518 venit,
798 3464 989 3504 novam
1016 3449 1306 3505 ecclesiam
1336 3450 1578 3517 intravit,
1609 3458 1808 3528 cuncta
1832 3451 2188 3508 dedicationis

593 3541 897 3596 necessaria
935 3541 1225 3612 praeparari
1275 3543 1550 3614 praecepit.
1603 3527 1989 3613 Quibns'ergo
2045 3544 2186 3600 solli-

594 3629 802 3684 cienter
831 3631 1147 3700 praeparatis
1177 3639 1234 3685 et
1279 3632 1650 3702 congregatis,
1690 3632 1794 3687 dux
1825 3641 1882 3687 et
1911 3633 2182 3702 .episcopi,

595 3735 719 3773 cum
749 3721 933 3776 multis
962 3723 1296 3791 proceribus,
1325 3723 1612 3779 ecclesiam
1636 3725 2067 3780 consecrandam
2097 3725 2179 3779 in-

598 3816 777 3875 trant,
822 3818 879 3863 et
930 3809 1082 3880 cujus
1127 3812 1300 3866 sancti
1347 3812 1502 3868 titulo
1543 3813 1788 3880 insigniri
1829 3813 2024 3892 debeat
2062 3813 2181 3868 dili-

585 3911 786 3971 genter
811 3911 1163 3972 pertractant.
1185 3902 1296 3958 'Ubi
1314 3944 1330 3967 ,
1358 3903 1486 3958 dum
1513 3905 1724 3960 diversa
1765 3906 2030 3960 sentirent
2058 3921 2184 3961 sen-

598 3990 903 4061 tentiasque
935 3992 1179 4047 diversas
1221 3993 1591 4059 defenderent,
1621 4003 1710 4058 et,
1745 3989 1897 4064 juxta
1941 3995 2182 4051 devotio-

595 4097 720 4139 nem
771 4099 931 4154 quam
990 4083 1186 4156 singuli
1239 4084 1308 4143 ad
1342 4084 1582 4156 singulos
1633 4095 1848 4142 sanctos
1887 4087 2175 4153 habebam,

593 4177 877 4232 ecclesiam
911 4161 1344 4233 consecrandam
1383 4179 1794 4244 contemlerent,
1839 4179 1920 4233 vir
1956 4180 2178 4248 quidam

591 4269 742 4322 vultu
785 4277 840 4322 et
890 4277 1039 4324 veste
1085 4269 1544 4338 speciosissimus,
1597 4278 1759 4340 caput
1806 4270 2179 4342 prolixamqne

591 4359 850 4424 barbam,
891 4359 1042 4415 canis
1071 4361 1470 4417 candidissimis
1517 4372 1837 4432 coopertus,
1889 4363 2174 4418 ecclesiam

2317 503 2585 564 tantaeque
2633 496 2966 552 excellentia:
3015 499 3330 556 miraculum
3389 503 3514 559 velut
3556 508 3753 580 ignoranti.

2316 587 2544 658 quisque
2563 591 2892 660 prmcedcns.
2918 607 3148 663 sequens
3181 611 3397 650 narrare
3421 605 3656 658 contendit.
3673 609 3757 664 ﬁn-

2314 679 2439 735 dent
2467 696 2676 748 omnes,
2706 695 2761 738 et
2789 684 2984 754 altare,
3014 702 3176 758 super
3195 691 3336 760 quod
3358 692 3588 751 cultellum
3607 705 3757 772 augeat:

2313 786 2474 826 manu
2521 774 2712 844 deponi
2752 788 3177 848 conspexerant,
3217 785 3606 843 convenientium
3637 807 3758 849 curos:

2313 863 2764 954 circumcingunt,
2805 877 2967 939 atque
2991 871 3118 940 quid
3148 876 3654 943 praetendatcultellus
3667 885 3759 954 depa-

2311 953 2467 1020 situs,
2504 956 2685 1011 cuneti
2711 959 2988 1014 enucleari
3015 974 3281 1030 quaerunt.
3307 962 3450 1022 Tunc
3471 971 3610 1024 sancti

2311 1045 2390 1102 les
2410 1046 2683 1104 cultellum
2719 1052 3008 1122 accipiunt,
3041 1064 3202 1124 atque
3230 1057 3286 1112 in
3313 1070 3520 1129 accepto
3543 1065 3759 1134 scripturi

2311 1139 2626 1208 inveniunt;
2659 1141 2813 1213 cujus
2844 1146 3080 1214 indicio,
3120 1159 3176 1205 et
3204 1167 3479 1222 procerum
3509 1166 3759 1217 controversi:

2310 1232 2515 1302 ﬁnitur,
2549 1244 2604 1290 et
2651 1237 2702 1292 in
2743 1239 2897 1310 cujus
2939 1241 3096 1298 titulo
3140 1244 3370 1301 ecclesia
3408 1249 3574 1303 debeat
3614 1252 3760 1309 deificari

2308 1324 2635 1382 declaratur.
2673 1327 2810 1384 Erat
2831 1329 2976 1385 enim
3011 1331 3064 1386 in
3091 1334 3311 1390 cultello
3339 1339 3572 1409 scriptun.
3598 1360 3608 1396 :
3635 1342 3680 1397 la
3706 1364 3759 1398 nt-

2306 1418 2448 1473 mine
2477 1429 2674 1475 sancta:
2707 1431 2754 1475 et
2801 1422 3087 1480 individua:
3129 1424 3419 1484 Trinitatis.
3465 1431 3594 1497 Quod
3627 1437 3761 1492 auditis

2306 1507 2626 1568 Guillelmns
2651 1513 2757 1568 dux
2791 1515 3116 1586 praeclarus,
3171 1521 3342 1577 multo
3381 1525 3557 1596 gaudio
3599 1530 3759 1596 exsiliat,

2305 1614 2468 1674 atque
2498 1606 2550 1660 in
2575 1607 2780 1663 honore
2810 1619 3012 1666 sanctae
3032 1623 3086 1668 et
3108 1614 3398 1672 individua:
3421 1618 3666 1688 Trinitatis,
3683 1640 3761 1694 pia-

2305 1705 2512 1750 sentem
2544 1697 2831 1754 ecclesiam
2859 1701 3096 1758 dedicari
3136 1707 3424 1778 prtecepit,
3450 1709 3602 1765 multa
3622 1715 3761 1782 prona-

2303 1783 2471 1840 sionis
2513 1801 2572 1841 se
2610 1786 2834 1844 ﬁrmans
2875 1803 3249 1861 sacramento,
3299 1813 3398 1852 suo
3438 1812 3579 1867 opere
3610 1807 3760 1858 eam

2300 1876 2584 1932 ecclesiam
2638 1879 2927 1950 aliquando
2991 1883 3298 1954 ampliari,
3379 1897 3526 1958 atque
3581 1891 3759 1947 ecclesiam

2300 1969 2436 2024 tanti
2467 1971 2701 2026 nominis
2750 1973 3032 2044 privilegio
3061 1977 3438 2034 concinentem
3472 1981 3760 2052 magniﬁcans

2299 2062 2503 2116 extolli.
2531 2061 2730 2118 Verum
2759 2065 2937 2120 divina
2966 2068 3309 2135 providentia
3359 2071 3504 2127 aliter
3532 2074 3759 2143 disponente,

2297 2152 2421 2208 dolo
2449 2168 2512 2207 at:
2532 2152 2722 2210 fraude
2764 2154 3214 2227 Flandrensium,
3249 2161 3497 2231 prchatus
3525 2163 3612 2218 dux
3636 2166 3758 2220 interli-

2297 2245 2460 2311 citur,
2490 2261 2695 2317 suoque
2728 2247 2836 2303 ﬁlio
2869 2247 3165 2313 Richardo,
3207 2253 3494 2323 ampliandi
3529 2258 3659 2312 sancti
3681 2273 3759 2312 tea-

2295 2336 2367 2406 pli
2392 2336 2563 2408 gloria
2594 2338 2917 2395 transfertur
2944 2351 2999 2396 et
3019 2344 3360 2400 conceditur.

2294 2451 2423 2508 Car.
2456 2454 2596 2509 XIV.
2632 2487 2698 2496 —
2727 2455 3002 2522 Quomodo
3056 2460 3167 2515 dua:
3220 2460 3508 2519 Richardus
3545 2465 3704 2518 axium
3729 2466 3757 2517 ia

2363 2527 2838 2605 att-(ulantusublinti
2864 2530 3093 2605 fenestra
3123 2533 3207 2586 sui
3237 2533 3444 2604 palatii,
3472 2537 3591 2604 petiit
3609 2552 3759 2605 quam

2366 2597 2564 2650 scilicet
2593 2598 2663 2651 ibi
2685 2609 2812 2652 esset
2842 2597 3079 2656 ecclesia.

2366 2687 2610 2754 Quadam
2643 2690 2804 2760 igitur
2827 2693 2932 2758 die,
2977 2707 3096 2747 cum
3125 2694 3386 2764 pricfatus
3418 2700 3515 2752 dux
3541 2697 3757 2751 Fiscanaea-

2293 2779 2368 2836 sis
2394 2781 2576 2852 palatii
2613 2783 2822 2837 cuidam
2870 2784 3087 2840 sublimi
3137 2785 3394 2843 fenestra:
3438 2789 3758 2850 accumberept

2292 2885 2494 2930 sancta:
2537 2876 2932 2947 individuacque
2954 2877 3246 2935 Trinitatis
3283 2881 3516 2936 ecclesia:
3542 2880 3658 2950 longe
3681 2877 3757 2931 infe

2293 2967 2406 3021 rius
2429 2968 2659 3037 positam
2691 2961 3054 3039 conspiceret,
3105 2971 3254 3028 Velut
3307 2975 3560 3046 ignorans,
3608 2980 3756 3025 astante

2292 3075 2420 3116 suos
2473 3076 2727 3130 proceres
2786 3061 3173 3136 interrogavit,
3249 3082 3540 3136 nomenque
3575 3062 3756 3135 pressais

2291 3152 2554 3221 ecclesiae,
2611 3169 2725 3210 sua:
2779 3155 3016 3213 lenitatis
3069 3159 3261 3228 sapido
3311 3177 3546 3216 sermone
3563 3155 3756 3228 inquisitll-

2290 3243 2387 3300 Cui
2426 3244 2538 3300 illi:
2578 3244 2759 3313 Pater,
2787 3247 3056 3316 inquiunt,
3090 3257 3209 3305 tuus
3237 3251 3514 3306 ecclesiam
3553 3246 3756 3305 istanifun-

2290 3339 2460 3408 davit,
2493 3340 2756 3410 tituloque
2785 3340 2995 3396 deiﬁca:
3027 3340 3313 3400 Trinitatis
3359 3344 3577 3416 insigniri
3595 3351 3634 3397 et
3670 3338 3756 3394 deli-

2290 3445 2401 3484 cari
2433 3432 2707 3502 praecepit.
2739 3431 2948 3499 Quibus
2975 3435 3175 3491 auditis
3203 3436 3470 3507 gloriosus
3497 3438 3583 3492 dux
3608 3433 3756 3489 mum

2289 3523 2492 3578 doloris
2527 3522 2709 3592 jaculo
2740 3527 3144 3598 compnngitur,
3179 3538 3237 3585 et
3267 3532 3628 3601 erumpentium
3656 3527 3755 3593 hcq-

2289 3631 2498 3670 marnm
2529 3616 2913 3674 distillantibus
2939 3621 3092 3687 rivis,
3133 3637 3295 3678 suam
3341 3639 3534 3680 roseam
3560 3621 3754 3682 faciem,et

2287 3707 2508 3762 barbam
2535 3704 2748 3764 niveam
2778 3710 3110 3779 madefecit;
3151 3723 3206 3770 et
3248 3717 3344 3771 diu
3393 3717 3560 3778 silens,
3585 3719 3753 3781 capuli“

2285 3801 2622 3866 concutiens,
2673 3801 2888 3858 tandem
2945 3805 3276 3876 singultibus
3319 3823 3593 3865 sermonem
3626 3805 3748 3873 irrum-

2285 3892 2567 3960 pentibus:
2599 3893 2663 3960 0,
2696 3894 2892 3964 inquit,
2925 3911 3088 3966 quam
3135 3899 3281 3955 male
3315 3900 3548 3970 congruit
3571 3912 3636 3952 me
3652 3891 3753 3949 tioni-

2285 3996 2407 4035 nem
2462 3990 2626 4036 tanta:
2659 3985 2975 4040 ambitionis
3023 3986 3276 4045 habitare
3332 3990 3546 4060 palatio,
3576 3996 3619 4043 et
3651 3983 3749 4038 Deut!

2281 4075 2703 4143 omnipotentem
2723 4078 2813 4133 tali
2838 4078 3006 4135 latere
3031 4081 3332 4152 tuguriolo!
3358 4081 3419 4146 Ο,
3450 4086 3749 4152 inquam-ilum

2281 4168 2423 4223 male
2477 4171 2730 4241 congruit
2779 4173 3112 4243 superiorem
3167 4183 3220 4230 et
3273 4177 3534 4232 caelestem
3563 4170 3749 4228 Dominml

2281 4259 2507 4316 inferius
2536 4262 2732 4317 habeze
2767 4266 3136 4335 tugurium,et
3166 4265 3470 4322 inferiorem
3495 4275 3542 4320 et
3570 4270 3749 4317 terrenum

2279 4367 2493 4408 servum
2525 4357 2771 4424 superius
2802 4365 2985 4414 tenere
3035 4359 3326 4430 palatium!
3370 4361 3526 4428 Quam
3552 4349 3747 4412 rationabi-

594 4451 848 4519 intravit,
887 4467 1091 4521 suaque
1126 4453 1328 4509 lumina
1382 4470 1646 4526 nusquam
1699 4457 1920 4512 llcctens
1970 4458 2176 4513 directo
2207 4460 2255 4518 ι)
2285 4445 2386 4500 “"5
2416 4458 2828 4505 cmwcncremr
2868 4467 2953 4506 me
2985 4452 3187 4508 habere
3236 4469 3459 4524 Parvum
3503 4459 3579 4506 aut
3601 4444 3745 4501 nullum,

592 4545 789 4600 itinere
847 4548 913 4600 ad
967 4545 1169 4605 altare.
1201 4549 1625 4604 consecrandum
1685 4551 1958 4620 pervenit;
2017 4566 2179 4621 super

589 4636 733 4705 quod
766 4645 1076 4692 reverenter
1104 4637 1388 4704 inclinans,
1407 4638 1688 4695 cultellum
1711 4640 1977 4712 deposuit,
2000 4643 2176 4697 nullo-

590 4744 697 4798 que
727 4744 976 4786 sermone
1003 4746 1160 4785 snnm
1189 4729 1460 4786 silentium
1490 4748 1869 4804 corrumpens,
1916 4750 2176 4790 converso

590 4820 758 4892 gradu
788 4822 1074 4877 ecclesiam
1107 4822 1305 4889 exivit;
1346 4831 1401 4876 et
1433 4826 1719 4893 quamdam
1755 4826 1964 4880 curiam
2005 4827 2176 4882 eccle-

589 4911 685 4966 sia:
721 4926 856 4982 pene
897 4912 1202 4984 contiguam
1262 4913 1564 4984 ingressus,
1599 4914 1669 4970 ibi
1717 4916 1950 4985 positum
1994 4916 2169 4972 mola-

589 5019 704 5059 rem
734 5005 966 5075 lapidem
1013 5006 1294 5072 ascendit,
1339 5016 1502 5078 atque
1547 5007 1672 5063 inde
1699 5023 1756 5063 se
1784 5009 2069 5065 sustollens
2117 5011 2169 5064 in

589 5111 740 5158 aera,
769 5111 872 5150 non
897 5097 1217 5166 comparuit.

589 5186 716 5237 (lar.
746 5184 858 5238 Xlll
911 5217 979 5224 —
1008 5185 1280 5251 Quomodo
1309 5187 1418 5240 dua:
1443 5197 1489 5240 et
1523 5188 1791 5256 pontiﬁces
1829 5189 2168 5245 admiraban-

867 5266 953 5308 tur
982 5257 1221 5326 angelum
1246 5269 1354 5310 tant
1375 5258 1547 5311 subito
1568 5275 1887 5312 etwnescere.

661 5345 810 5402 Multi
833 5356 1011 5410 autem
1039 5349 1127 5416 qui
1151 5349 1504 5404 dedicationis
1525 5349 1696 5420 gratia
1731 5349 1820 5404 illa
1842 5351 1927 5406 die
1949 5351 2168 5410 Flscan-

586 5453 716 5493 num
766 5447 1159 5507 convenerant,
1191 5451 1580 5511 prosequentes
1635 5453 1963 5497 remeantem
2005 5462 2168 5516 ange-

586 5529 716 5593 lum,
743 5530 809 5584 ad
849 5530 1075 5602 lapidem
1104 5547 1262 5602 quem
1310 5536 1628 5590 ascenderat
1666 5535 2065 5605 conﬁnxerunt,
2113 5543 2163 5596 in

581 5642 691 5696 quo
728 5625 903 5695 lapide
954 5624 1127 5696 angeli
1178 5628 1432 5696 vestigia,
1475 5629 1622 5684 velut
1661 5631 1712 5684 in
1755 5646 1914 5684 arena
1939 5671 1953 5696 ,
1985 5643 2075 5688 aut
2112 5637 2162 5689 in

584 5715 729 5770 situ-0
756 5715 975 5786 pulvere
1003 5713 1265 5784 impressa
1299 5716 1592 5784 reperiunt.
1620 5717 1784 5786 Cujus
1820 5719 1892 5772 rei
1925 5721 2159 5778 admira-

2279 4548 2334 4593 et
2367 4539 2772 4598 Dominatorem
2795 4545 3036 4599 omnium
3067 4560 3248 4601 rerum
3295 4557 3471 4602 tenere
3509 4553 3554 4597 et
3577 4540 3695 4597 solum
3715 4540 3746 4588 el

2277 4634 2604 4689 maximum!
2643 4624 2886 4702 Dixerat,
2913 4647 2968 4693 et
2991 4639 3324 4694 cllluentinm
3357 4641 3658 4711 lacryinarnm
3687 4643 3743 4682 re

2275 4725 2392 4791 das,
2441 4726 2586 4781 nulla
2637 4729 2800 4784 animi
2855 4731 3073 4795 virtute,
3126 4731 3382 4803 nullaque
3427 4743 3590 4784 manus
3622 4720 3741 4778 crdirt

2274 4819 2685 4885 deliberatione,
2714 4829 2810 4874 aut
2853 4823 3154 4886 continere,
3187 4835 3284 4878 aut
3309 4824 3558 4878 exsiccare
3593 4817 3740 4887 potem-

2273 4911 2476 4966 Deinde
2501 4911 2702 4982 adjecit
2728 4931 2741 4967 :
2778 4913 2925 4968 Multi
2955 4914 3008 4969 in
3037 4929 3202 4985 opere
3217 4912 3528 4971 eteiiicntarii
3555 4904 3740 4976 inquit»

2275 5014 2384 5072 tur,
2409 5004 2722 5074 inventique
2749 5005 3112 5068 adducantur,
3160 5007 3414 5076 quoniam
3464 5007 3548 5059 hoc
3572 4994 3738 5068 pallii"!

2272 5096 2325 5151 in
2355 5098 2766 5171 comparatione
2815 5096 2957 5152 illius
3001 5097 3323 5166 ecclesiohe,
3369 5112 3514 5169 quam
3534 5083 3735 5160 despicitis,

2270 5190 2464 5246 faciam
2489 5205 2753 5262 apparere
2778 5199 2838 5245 ut
2862 5174 3086 5247 nullum.

2269 5329 2398 5384 (ἹΑΡ.
2437 5330 2551 5384 XV.
2585 5359 2657 5370 —
2695 5329 2873 5396 Quare
2903 5329 3014 5383 dux
3048 5328 3340 5383 Richardus
3367 5331 3416 5380 in
3445 5312 3734 5396 randi/italia?!

2293 5446 2298 5453 .
2333 5403 2568 5456 ecclesia:
2597 5384 2971 5455 Fisgannensis
2999 5401 3170 5470 posuit
3201 5384 3729 5470 ηιαηιιρνομιζίαίτψέέτξ

2335 5489 2516 5594 εειιῗγι⁸
2547 5487 2699 5542 quem
2750 5471 2969 5541 angelus
2999 5459 3378 5536 ascenderat;
3399 5459 3462 5521 in"
3492 5459 3729 5532 tandem!“

2335 5559 2421 5596 ρει*
2443 5558 2584 5596 estw.
2981 5575 2993 5582 ι

2336 5633 2570 5703 Aet-cpta
2614 5633 2774 5704 igitur
2796 5632 3042 5702 jussione
3072 5632 3244 5701 ducis,
3282 5629 3455 5686 ﬁdeles
3489 5617 3629 5678 lainnli
3663 5622 3727 5663 cl“

2268 5729 2563 5783 lllt‘ltlttl'lOS
2606 5728 2902 5798 inquirunt,
2939 5728 3274 5798 inquirendo
3327 5722 3583 5779 int'cllillllli
3609 5711 3722 5762 inm"
