3900 6322
3 373 177 429 717

1269 367 1654 427 ANONYMUS
1694 366 2230 424 FlSCANNENSlS.5

3236 373 3328 426 118

3 498 259 562 eosque
287 485 601 545 sui'domini
623 485 890 543 desiderio
925 493 980 540 et
1019 484 1320 556 prmsentite
1359 485 1649 539 adducunt.
1683 485 1728 540 A
1755 480 1929 535 solum
1982 479 2453 553 congregationem
2511 482 2736 536 festinus
2797 482 2964 546 adiit,
3020 481 3329 552 insolitiqne

3 579 308 647 Quorum
343 581 595 651 peritiam
622 579 727 635 dux
756 577 1043 650 diligenter
1069 576 1362 632 discutiens
1394 593 1407 630 :
1440 575 1515 630 Ite
1543 575 1648 646 (in-

3 673 205 747 quit)
253 674 676 743 circumquaque
733 685 832 743 per
883 678 1116 736 montes,
1164 679 1220 725 et
1245 685 1339 739 per
1368 668 1556 735 valles,
1592 678 1649 725 et

3 780 156 832 pro
192 763 510 820 aedificando
535 764 694 818 unius
723 771 780 818 et
821 762 974 816 trina:
995 761 1210 817 deitatis
1261 760 1476 831 templo,
1506 760 1645 830 lapi-

3 858 188 912 rluni
220 859 498 928 materiam
546 855 825 926 inquirite,
871 863 927 928 et
976 853 1264 924 singularis
1294 853 1648 908 formositatis

3 965 96 1004 ac
175 949 584 1020 magnitudinis,
638 946 781 1002 illius
814 945 1128 1002 'ecclcsiolze
1172 944 1294 1000 loco
1360 945 1646 1001 ecclesiam

3 1039 327 1093 zedilicate
373 1038 507 1109 (22).
561 1037 672 1092 Nec
717 1052 897 1103 mora;
929 1035 1130 1091 inventi
1174 1035 1377 1106 lapides
1406 1052 1649 1108 compor-

3 1141 271 1198 tantur,
308 1146 625 1201 magnorum
654 1131 941 1186 multitudo
969 1147 1221 1201 rogorum
1244 1139 1643 1198 concrematur,

3 1221 339 1294 futurique
369 1223 554 1294 templi
600 1239 792 1296 magna
850 1223 1124 1295 multaque
1170 1225 1394 1279 materia
1437 1240 1645 1296 pracpa-

3 1323 216 1369 ratur
239 1323 295 1370 et
323 1323 702 1386 congregatur.
734 1315 1107 1370 Fundamento
1135 1316 1364 1387 denique
1397 1317 1646 1386 ponendo

5 1407 160 1459 dux
200 1416 422 1462 sanctus
450 1406 640 1472 adfuit,
669 1419 992 1478 arreptoque
1021 1407 1253 1475 sarculo,
1307 1417 1507 1462 terram
1538 1409 1646 1479 pri-

3 1513 173 1552 mus
229 1499 470 1568 aperuit,
516 1506 572 1552 et
617 1498 840 1569 lapidis,
892 1499 957 1554 de
1019 1513 1146 1569 quo,
1180 1498 1450 1554 Guillclmi
1494 1499 1646 1555 ducis

5 1601 333 1660 tempore,
381 1591 605 1660 angelus
648 1592 998 1657 ascenderat,
1047 1599 1256 1662 partem
1312 1607 1474 1645 uuam
1527 1591 1646 1661 ipso

3 1681 396 1736 fumlameuti
418 1681 686 1752 principio
713 1681 922 1751 primus
967 1681 1236 1751 deposuit.
1281 1679 1646 1737 Cernentibus

4 1788 267 1827 summa
297 1773 582 1828 delectatio
609 1771 1030 1837 concedebatur,
1055 1761 1271 1843 quando
1303 1779 1482 1827 tantus
1509 1771 1642 1838 dux,

1755 573 1997 628 miraculi
2033 575 2452 643 magnitudinem
2486 574 2758 645 patefecit.
2791 573 2943 630 Tunc
2967 575 3091 638 dux,
3118 575 3328 629 correti-

1749 678 1855 732 que
1901 665 2167 734 episcopi,
2210 673 2264 718 et
2308 664 2488 734 populi
2541 665 2780 720 maxima
2829 666 3143 731 multitudo,
3201 665 3328 720 illuc

1749 759 1999 820 pergunt,
2030 761 2103 816 et,
2132 752 2426 806 secundum
2475 752 2778 809 sacerdotis
2809 754 3216 820 revelationem,
3249 755 3326 810 rei

1749 849 1916 911 gestae
1965 841 2250 896 veritatem
2318 840 2634 908 inveniunt,
2701 851 2758 897 et
2820 855 3130 899 reverenter
3193 845 3327 899 tanti

1748 931 2004 1001 ponderis
2053 934 2306 1003 mysteria
2380 933 2760 999 sustollcntes,
2827 934 2896 989 ad
2953 944 3327 990 consecratam

1747 1024 2032 1080 ecclesiam
2061 1026 2324 1088 delerunt.
2363 1026 2450 1080 ubi
2483 1042 2640 1083 sacro
2669 1025 2826 1082 calici
2877 1025 3113 1096 patinam
3157 1027 3330 1081 consi-

1747 1115 2017 1186 gillantes,
2047 1116 2116 1184 ad
2149 1118 2558 1173 similitudinem
2601 1119 2774 1188 angeli
2803 1118 3026 1184 cultelli,
3061 1133 3222 1188 quem
3274 1118 3329 1171 in

1745 1209 2008 1265 cruciﬁxo
2026 1210 2374 1276 incluserunt,
2405 1212 2458 1266 in
2487 1212 2654 1283 ipsius
2680 1225 2882 1268 sancta:
2905 1212 3187 1267 Trinitatis
3210 1227 3326 1278 ara,

1747 1310 2095 1354 sacrosancta
2121 1303 2376 1370 mysteria
2408 1301 2736 1356 concludunt
2765 1311 2817 1356 et
2840 1310 3127 1371 reponunt.

1815 1390 2108 1449 Prazsentis
2135 1409 2262 1466 ergo
2289 1395 2535 1450 miraculi
2565 1395 3011 1466 magnitudinem,
3039 1393 3332 1448 miraculo-

1747 1499 1866 1538 rum
1891 1486 2233 1556 antiquorum
2258 1487 2616 1554 multitudini,
2636 1488 2741 1543 dux
2764 1487 3020 1557 providus
3041 1485 3330 1557 diligenter

1747 1575 2062 1640 concilians,
2097 1588 2259 1648 atque
2310 1588 2663 1650 utrorumque
2715 1580 3097 1635 miraculorum
3129 1592 3330 1634 conve-

1747 1667 1949 1722 nientia
1981 1671 2359 1726 consecranda:
2383 1672 2627 1728 ecclesia:
2651 1673 3021 1727 auctoritatem
3067 1681 3328 1739 compen-

1747 1771 1896 1823 sans,
1930 1759 2125 1814 multos
2154 1762 2442 1818 canonicos
2493 1762 2674 1835 elegit,
2707 1763 3000 1834 electisque
3048 1761 3332 1818 canonicis

3 1864 212 1919 niveo
234 1863 437 1936 capite,
470 1864 679 1936 prolixa
704 1864 894 1930 barba,
933 1877 1164 1934 procero
1213 1877 1460 1934 corpore,
1512 1878 1632 1920 con-

1746 1857 1947 1903 sanctze
1973 1850 2214 1907 ecclesiae
2232 1855 2656 1928 commendavit,
2685 1863 2952 1926 quatenus
2975 1855 3028 1910 in
3050 1870 3111 1911 ea
3134 1855 3331 1912 devoto

5 1957 302 2026 spicuus,
337 1972 526 2013 omnes
550 1956 831 2030 operarios
864 1954 1151 2024 circuibat,
1203 1956 1340 2012 alios
1388 1956 1647 2012 admone-

5 2049 170 2113 bat,
231 2050 548 2120 corrigebat
621 2049 789 2127 istos,
849 2060 1108 2105 vacantes
1154 2048 1488 2119 impellebat;
1541 2047 1646 2105 illis

8 2139 430 2196 laborantibus
477 2141 862 2207 subveniebat,
927 2150 1151 2197 cunctos
1204 2139 1505 2210 wqualitcr,
1561 2139 1644 2196 sui

9 2231 292 2288 fervoris
346 2233 624 2303 exemplo,
666 2233 732 2287 ad
783 2234 948 2304 empti
993 2232 1173 2302 operis
1225 2233 1642 2287 maturationem

13 2318 561 2378 accendebat.'Tali
591 2323 759 2394 igitur
785 2338 850 2379 ac
879 2332 1030 2378 tanto
1066 2321 1346 2393 ﬂagrantis
1374 2322 1528 2378 ducis
1553 2323 1641 2378 de-

11 2417 276 2484 siderio,
313 2417 460 2472 brevi
487 2416 772 2472 intervallo
801 2427 1000 2472 sanctae
1042 2423 1097 2470 ct
1145 2416 1434 2470 individua!
1462 2414 1644 2469 Trini-

14 2509 176 2561 tatis
225 2508 519 2576 gloriosum
579 2507 834 2578 templum
890 2505 1199 2577 perﬁcitur,
1246 2507 1504 2561 decorum
1552 2504 1642 2560 illa

14 2597 321 2666 qualitate
361 2606 415 2652 et
459 2597 784 2666 quantitate,
819 2597 1313 2668 quam‘peritorum
1351 2595 1642 2652 artiﬁcium

14 2687 353 2759 diligentia,
413 2687 505 2743 illo
562 2697 827 2757 tempore,
879 2689 1138 2757 majorem
1187 2697 1238 2742 et
1275 2688 1641 2757 pulchriorem

15 2779 220 2832 valuit
271 2779 601 2850 excogitare.
635 2777 822 2834 Sancti
866 2779 1070 2834 oraculi
1111 2779 1348 2834 intestini
1409 2781 1644 2851 parietes

15 2867 419 2924 historialiter
471 2869 834 2939 depinguutur
855 2912 869 2937 ,
927 2869 1202 2940 laquearia
1234 2885 1364 2926 vero
1393 2881 1646 2926 concate-

16 2961 195 3014 natis
248 2957 474 3015 tioribus
513 2961 845 3015 admirandae
899 2963 1387 3033 compaginatiouis
1435 2963 1644 3017 variato

15 3066 215 3121 opere
272 3051 697 3120 distinguuntur.
731 3051 1014 3121 Exquisito
1054 3068 1183 3125 ergo
1233 3054 1399 3108 totius
1434 3055 1646 3112 decoris

17 3150 398 3205 ornamento,
431 3141 670 3212 parietes
718 3143 901 3212 templi
943 3143 1138 3214 singuli
1193 3144 1560 3216 expoliuntur,
1590 3154 1646 3200 et

23 3233 86 3286 in
131 3246 256 3309 sua;
296 3233 643 3300 proprietatis
673 3234 1153 3303 pulchritudinem
1199 3236 1524 3307 perfectam,
1584 3247 1639 3293 et
1671 3221 1715 3283 (ἶ

22 3323 442 3394 perfectionem
469 3324 778 3394 pulchram,
800 3326 1137 3383 deducuntur
1165 3337 1221 3384 et
1249 3344 1638 3384 consumman-

27 3427 156 3469 tur.
197 3414 468 3482 Quocirca
509 3418 615 3472 dux
665 3418 1034 3486 exhilaratus,
1083 3436 1301 3491 suaeque.
1352 3423 1642 3478 voluntatis

20 3507 256 3576 judicio
287 3508 540 3580 completi
576 3511 756 3580 operis
787 3514 1113 3582 respondere
1133 3513 1370 3583 speciem
1402 3513 1642 3567 adrnira-

27 3614 156 3664 tus,
181 3601 330 3655 vasis
356 3611 412 3654 et
461 3603 799 3656 ornamentis
829 3602 1010 3658 aureis
1055 3612 1112 3657 et
1143 3602 1415 3673 argenteis
1445 3618 1638 3658 novam

28 3693 342 3749 ecclesiam
384 3693 756 3764 multipliciter
786 3695 995 3760 ditavit,
1020 3694 1465 3764 cortinarumque
1504 3697 1640 3750 scri-

21 3803 263 3850 earum,
286 3787 549 3840 linearum
565 3795 728 3857 atque
752 3787 1029 3858 lanearum
1057 3786 1253 3857 triplici
1284 3787 1641 3843 adornationc

27 3876 424 3946 copiosissime
453 3876 692 3944 vestivit,
725 3878 970 3946 miroque
993 3876 1171 3941 modo,
1196 3884 1250 3931 et
1285 3877 1424 3931 sacri
1447 3878 1637 3933 altaris

26 3968 406 4032 Ornamentis,
446 3978 502 4022 et
541 3967 972 4023 sacerdotalibus
1020 3965 1348 4022 indumentis
1376 3970 1555 4023 aureis
1584 3978 1638 4023 et

28 4059 280 4131 gemmis
329 4060 614 4115 honoravit
660 4069 716 4116 ct
761 4061 1060 4132 ampliavit.
1121 4059 1328 4128 Quibus
1383 4063 1635 4120 omnibus

30 4151 202 4204 ducis
262 4150 426 4204 nimia
484 4151 806 4206 liberalitate
851 4151 1167 4222 compositis
1212 4161 1266 4205 et
1315 4152 1632 4222 completis,

32 4244 218 4298 totius
248 4242 653 4300 Northmannia:
672 4245 1413 4314 aliarumqueprovinciarum
1428 4248 1629 4317 princi-

30 4352 140 4406 pes
170 4345 229 4389 ct
257 4337 493 4406 episcopi
545 4347 910 4393 convocantur
947 4349 996 4392 et
1026 4351 1442 4409 congregantur,
1470 4353 1633 4413 atque

32 4431 90 4481 iu
130 4428 351 4482 nomine
385 4441 587 4484 sancta:
642 4439 697 4484 et
744 4430 1030 4484 individua:
1064 4431 1343 4486 Trinitatis
1380 4449 1631 4488 consum-

31 4529 189 4575 mata
249 4521 472 4576 ecclesia
517 4523 800 4579 dedicatur
855 4537 910 4578 et
967 4523 1236 4577 titulatur.
1291 4525 1472 4580 Codex
1522 4543 1625 4582 ms.

32 4603 306 4682 lirad'atus
329 4612 387 4666 Ι).
417 4612 571 4684 Bigot
603 4598 859 4669 numeral:
883 4615 949 4669 14
1000 4616 1284 4685 episcopos
1315 4625 1445 4672 tunc
1498 4617 1629 4674 inibi

34 4703 376 4760 interfuisse.

31 4818 171 4870 Car.
207 4815 440 4871 XVI.—
483 4817 757 4884 Quorldnm
820 4822 1132 4876 admirabile
1186 4822 1504 4877 miraculum
1563 4825 1630 4880 de

114 4904 334 4957 corpore
369 4902 414 4942 et
456 4891 712 4960 sanguine
746 4891 954 4946 Domini
985 4893 1147 4946 nostri
1183 4892 1313 4948 Jesu
1339 4893 1548 4950 Christi.

115 4978 194 5032 Eo
240 4988 509 5050 tempore,
559 4983 827 5051 quoddam
888 4983 1209 5039 miraculum
1263 4984 1524 5041 relatione
1552 4987 1634 5042 di-

41 5087 245 5141 gnum,
285 5069 442 5139 juxta
496 5073 822 5129 Fiscannnm
883 5075 1128 5146 contigit.
1180 5075 1445 5132 Sacerdos
1484 5078 1630 5134 enim

38 5163 288 5232 quidam,
323 5166 539 5220 nomine
582 5166 753 5231 lsaac,
802 5184 925 5224 cum
975 5168 1141 5223 [initis
1175 5169 1512 5226 orationibus
1539 5187 1629 5227 sa-

35 5263 330 5308 crosancta
358 5266 698 5312 sacramenta
725 5258 987 5313 Dominici
1011 5260 1256 5329 corporis
1275 5269 1330 5314 et
1354 5263 1632 5332 sanguinis

35 5360 327 5400 assumere
349 5346 585 5410 deberet,
610 5347 964 5402 substantiam
995 5349 1240 5419 corporis
1261 5359 1314 5405 et
1330 5352 1628 5421 sanguinis,

37 5453 150 5489 non
190 5435 367 5504 panis,
417 5446 510 5490 aut
545 5437 652 5491 vini
683 5439 864 5507 specie
913 5441 1114 5509 reperit
1161 5453 1498 5511 conpertam,
1537 5442 1632 5498 sed

37 5528 449 5583 cvidentissime
475 5529 652 5584 carnis
681 5539 736 5584 et
764 5531 1041 5600 sanguinis
1069 5534 1306 5590 colorem
1350 5547 1405 5589 et
1454 5535 1629 5605 quali-

42 5629 212 5671 tatem
258 5617 688 5686 protendentcm.
748 5618 915 5688 Cujus
960 5623 1034 5676 rei
1080 5625 1322 5678 novitate
1377 5627 1629 5682 sacerdos

41 5711 416 5782 Ρετιυιύεηυεο
444 5709 771 5772 niChal'dllm
800 5719 1020 5780 ducem,
1065 5725 1120 5770 et
1148 5725 1457 5795 sanctorum
1491 5733 1626 5788 pra:-

112 5852 230 5922 (ΞΕ)
264 5850 464 5908 Eadem
490 5853 662 5923 refert.
689 5855 852 5910 codex
888 5871 983 5910 ms.
1010 5853 1208 5910 domini
1237 5851 1410 5922 Bignt.

1748 1939 2077 2007 habitarent,
2091 1956 2145 1998 et
2170 1961 2349 2000 rerqu
2371 1947 2742 2004 universarum
2758 1946 3004 2004 Creatori
3026 1958 3080 2006 et
3099 1947 3330 2005 Domino

1745 2044 1978 2090 aeternas
2013 2037 2218 2101 laudes,
2271 2039 2634 2110 olzscquiaque
2681 2040 2976 2112 spiritualia
3029 2042 3324 2096 solverent.

1745 2125 2008 2182 Omnibus
2033 2143 2165 2198 ergo
2188 2130 2404 2184 tandem
2433 2130 2624 2186 olliciis
2671 2133 3084 2192 consummatis.
3131 2132 3327 2186 totius-

1745 2234 1850 2289 que
1873 2220 2117 2274 ecclesia;
2147 2231 2288 2275 statu
2344 2239 2661 2294 summaque
2690 2225 2962 2296 dispositis
2984 2235 3037 2279 et
3072 2223 3330 2279 deterrui-

1745 2312 1916 2378 natis,
1976 2315 2083 2370 dux
2145 2315 2380 2370 alacrior
2436 2319 2663 2374 ducatus
2719 2321 2801 2374 sui
2871 2320 3328 2375 administrationi

1745 2415 2051 2471 revocatur,
2086 2409 2433 2479 episcopiqne
2475 2412 2888 2466 commissarum
2919 2411 3102 2467 ovium
3128 2427 3328 2483 specu-

1745 2495 1930 2553 lationi
1963 2499 2332 2572 vigilantiores
2358 2512 2723 2559 revertuntur.

2371 2614 2696 2655 ADNOTATIO.

1817 2688 1891 2762 Ea
1916 2704 2004 2743 rcs
2031 2689 2352 2762 miraculosa
2388 2693 2466 2747 sic
2497 2701 2829 2746 memoratur
2862 2691 3002 2762 apud
3033 2691 3329 2746 Robertum

1746 2759 1812 2814 de
1841 2759 2038 2834 Monte,
2067 2761 2118 2814 in
2142 2762 2448 2834 appendice
2473 2763 2539 2816 ad
2565 2764 2876 2818 rlironicam
2897 2759 3198 2834 'Sigebcrti,
3225 2764 3328 2817 sub

1745 2844 1837 2884 an.
1870 2831 2010 2886 “82.
2039 2849 2050 2884 :
2085 2849 2103 2881 ι
2136 2831 2248 2886 lloc
2268 2835 2431 2887 etiam
2466 2835 2666 2888 accidit
2716 2834 2928 2890 cuidam
2974 2831 3328 2889 sanctissimo

1748 2901 2064 2972 presbytero
2097 2900 2253 2969 juxta
2282 2903 2631 2972 Fiscarmum,
2663 2906 2790 2960 dum
2823 2913 3072 2960 Cantaret
3104 2905 3329 2958 missam

1748 2973 1800 3026 in
1837 2973 1922 3026 die
1967 2972 2320 3028 dedicationis
2369 2974 2610 3030 ecclesia:
2649 2975 2863 3031 Sancta:
2919 2975 3203 3030 Trinitatis
3232 2975 3327 3028 Fi-

1747 3043 2090 3116 scannirQni
2129 3045 2347 3100 mittens
2378 3047 2662 3101 diaconum
2695 3063 2850 3102 suum
2881 3049 3092 3101 vocavit
3117 3047 3330 3116 cpisco-

1748 3129 1869 3183 pos,
1895 3115 1986 3183 qui
2018 3115 2084 3168 ad
2102 3116 2500 3172 dedicationem
2529 3125 2913 3173 convenerant.
2942 3117 3010 3173 Et
3040 3115 3322 3184 venerunt,

1749 3194 1804 3239 ct
1843 3187 2124 3254 presbyter
2153 3187 2272 3240 tulit
2300 3203 2352 3241 m
2381 3189 2630 3243 manibus
2661 3190 2793 3250 suis.
2826 3191 2878 3242 in
2908 3190 3098 3253 calice,
3143 3190 3216 3244 ita
3266 3203 3328 3245 ut

1745 3265 1866 3326 erat
1912 3257 2232 3320 revestitus,
2287 3267 2343 3311 et
2397 3268 2697 3326 posuerunt
2743 3260 2873 3314 illud
2897 3260 2951 3315 in
2981 3260 3159 3316 altari.
3198 3260 3326 3319 Hzec

1746 3325 1873 3380 fecit
1902 3326 2075 3396 pictas
2105 3327 2335 3392 Domini,
2379 3325 2447 3382 ad
2473 3327 2899 3384 conﬁrmandam
2939 3329 3097 3385 lidem
3139 3349 3327 3388 sacra-

1746 3407 2053 3452 mentorum
2086 3411 2306 3452 suorum
2337 3399 2390 3470 in
2441 3399 2614 3463 nobis,
2668 3400 2720 3454 in
2759 3416 2895 3470 quos
2931 3402 3064 3456 lines
3096 3405 3325 3460 saeculo-

1746 3483 1864 3521 rum
1911 3477 2227 3522 evencrunt.
2282 3488 2300 3520 ι
2355 3469 2551 3524 Eadem
2608 3484 2738 3524 vero
2785 3469 2870 3526 sic
2933 3486 3324 3532 commemorat

1743 3538 1914 3610 codex
1945 3553 2047 3591 ms.
2077 3539 2276 3610 domini
2299 3537 2638 3610 Bigotsuprz
2679 3560 2696 3592 ί
2731 3541 2839 3596 lilis
2878 3541 2930 3596 in
2978 3544 3168 3599 diebus
3199 3556 3322 3602 erat

1742 3608 1961 3682 quidam
2013 3609 2294 3682 presbyter
2341 3608 2560 3682 nemine
2606 3609 2790 3676 Isaae,
2841 3611 2923 3665 vir
2969 3613 3124 3668 bona:
3173 3616 3319 3682 vitm,

1744 3677 2055 3747 frequenter
2086 3677 2374 3734 missarum
2406 3679 2665 3736 solemnia
2701 3683 3002 3746 celebrans,
3032 3686 3096 3737 ad
3145 3677 3320 3744 altare

1742 3747 1800 3823 ξς
1845 3749 2102 3823 Machuti.
2131 3751 2368 3820 episcopi
2398 3761 2454 3806 et
2497 3753 2848 3815 confessoris.
2899 3754 3038 3808 haud
3068 3759 3253 3823 procul
3286 3777 3320 3815 a

1741 3818 2010 3896 lf‘iscanno
2026 3819 2250 3896 distans
2293 3818 2502 3896 duobus
2523 3823 2912 3896 _r_ui_l_liaribus.i
2939 3825 3038 3892 Qui
3068 3818 3320 3896 quadam

1739 3889 1879 3955 die,»
1903 3900 2006 3945 etc.
2026 3890 2180 3955 Vide,
2218 3892 2268 3944 in
2301 3909 2386 3954 ea,
2418 3895 2484 3946 ad
2515 3893 2585 3947 27
2613 3893 2786 3948 Martii
2820 3897 2872 3951 in
2898 3889 3147 3952 mensula
3175 3899 3319 3955 San-

1739 3968 1847 4013 cta.
1910 3961 2025 4014 Alia
2073 3962 2268 4016 similia
2327 3963 2450 4017 alibi
2502 3965 2749 4020 evenisse
2801 3966 2854 4020 in
2915 3966 3086 4022 Gallia
3125 3973 3321 4027 scribit

1735 4028 2070 4156 Eéljl'lllll'dus,
2131 4033 2186 4086 in
2233 4032 2472 4089 llistoria
2526 4034 2894 4093 Melodunensi
2938 4054 3062 4110 pag.
3122 4042 3226 4099 406
3263 4057 3320 4101 et

1735 4194 1864 4250 CAP.
1892 4194 2052 4278 XVll'.
2079 4226 2151 4238 —
2177 4195 2453 4278 Quomodo
2497 4198 2608 4278 qua:
2653 4199 2952 4278 Riclinrdus
2980 4205 3168 4275 ejicere
3194 4209 3318 4278 fecit

1807 4267 2086 4321 canonicos
2136 4268 2200 4321 ab
2249 4269 2361 4336 ipsa
2413 4269 2676 4325 ecclesia:
2707 4282 2755 4325 et
2804 4267 3316 4336 ibidem'mona'clws

1804 4339 1941 4391 intra
1952 4343 1976 4388 '1
1984 4339 2115 4392 ttin.

1804 4429 2017 4485 Interea
2049 4429 2276 4501 contigit
2311 4430 2706 4490 Fiscannenses
2743 4437 3038 4494 canonicos
3085 4441 3316 4500 aliorum

1734 4523 2118 4578 canonicorum
2173 4537 2351 4578 mores
2401 4524 2622 4590 imitari,
2655 4525 2794 4584 latas
2836 4531 3159 4598 perditionis
3201 4537 3317 4594 vias

1735 4614 1970 4682 ingredi,
2029 4623 2084 4668 et
2140 4630 2320 4670 rerum
2375 4618 2752 4686 temporalium
2799 4621 2958 4680 luxus
3005 4636 3058 4680 et
3083 4627 3318 4686 desidias

1731 4705 2052 4774 voluptuose
2098 4707 2316 4762 sectari.
2383 4707 2557 4776 Quam
2613 4714 2999 4771 eanonicormn
3057 4719 3316 4776 miseram

1731 4795 1896 4849 vitam
1947 4805 2001 4850 et
2050 4798 2314 4853 viventem
2353 4800 2654 4867 miseriam,
2709 4803 2815 4858 dux
2863 4808 3316 4875 prudentissimus

1732 4885 2037 4940 Richardus
2077 4889 2322 4953 audiens,
2369 4899 2423 4944 et
2449 4892 2717 4947 audiendo
2755 4912 3112 4966 cognoscens,
3161 4903 3315 4957 Valde

1733 4975 1930 5043 doluit;
1966 4978 2358 5049 hominumque
2386 4996 2674 5050 pravorum
2708 4999 2887 5041 mores
2914 4997 2970 5043 et
3021 5005 3315 5047 conversa-

1734 5069 1934 5125 tionem
1982 5071 2324 5138 cxhorrens,
2376 5073 2554 5144 legato
2621 5075 2944 5134 festinanter
2992 5079 3312 5139 Cluniacum

1732 5161 1962 5226 direxit,
2012 5173 2068 5218 et
2119 5175 2363 5220 sanctmu
2418 5167 2690 5236 Majolum,
2731 5186 2937 5241 magna:
2991 5174 3312 5232 humilitatis

1731 5253 1986 5320 precibus
2039 5253 2366 5310 Fiscannum
2417 5257 2737 5323 accersivit,
2790 5269 2952 5332 atque
3012 5269 3310 5320 secundum

1733 5341 1790 5396 S.
1835 5343 2108 5401 Benedicti
2167 5349 2405 5418 regulam
2446 5359 2502 5405 et
2551 5348 2942 5407 institutionem
3005 5355 3214 5425 disponi
3258 5371 3310 5412 ct

1730 5435 1968 5505 ordinari
1993 5451 2185 5490 novam
2217 5438 2524 5505 ecclesiam,
2557 5443 2824 5496 exoravit.
2846 5443 2942 5499 Cui
2972 5444 3029 5500 S.
3052 5445 3307 5515 Majolus:

1732 5526 1936 5605 llujus,
1971 5527 2168 5596 inquit,
2230 5529 2428 5585 laboris
2463 5533 2887 5604 magnitudinem
2938 5537 3061 5593 talis
3085 5539 3307 5592 rationis

1730 5622 2056 5689 conditione,
2087 5623 2409 5679 cliarissime
2456 5624 2530 5678 ﬁli
2569 5625 2860 5695 Ricbarde,
2904 5629 3220 5699 suscipiam,
3263 5633 3306 5686 si

1729 5726 1825 5782 per
1849 5721 2018 5768 totum
2043 5713 2297 5770 ducatum
2333 5722 2504 5784 tuum,
2534 5720 3006 5789 consuetudinem,
3037 5735 3157 5790 quae
3196 5721 3303 5774 vul-
