3900 6322
660 361 768 418 719

1408 354 1580 409 SEO.
1623 353 1691 409 XI
1730 354 1935 411 AUCT.
1969 352 2241 409 INCERTI
2282 349 2445 407 ANNI
2496 350 2582 406 ET
2647 350 2908 406 SCIUPT.
2942 349 3157 409 'AAEXII.
3684 347 3744 413 750

661 476 860 547 garitcr
910 472 1229 542 Pasnagium
1261 469 1472 535 dicitur,
1514 469 1621 524 Deo
1649 468 1953 532 donaveris,
1990 466 2217 521 nullum-
2246 468 2294 528 Α
2321 464 2447 521 Car.
2484 462 2973 547 XIX—Quomodo
2997 462 3284 547 Richard“
3312 464 3368 518 11
3396 469 3499 534 [erit
3522 474 3746 547 appropriate

662 585 765 639 que
814 577 917 622 tua:
962 564 1246 636 potestatis
1291 562 1587 633 principem
1658 560 1946 631 aliquando
1996 559 2225 630 amplius

661 658 877 727 exigere
908 654 1232 710 decreveris.
1262 652 1365 708 Ubi
1399 652 1702 708 Richardus
1727 652 1855 717 dux,
1884 666 1989 705 non
2036 650 2225 705 morbo

661 745 915 807 avaritia).
945 760 1129 798 verum
1156 743 1368 799 occulta
1401 742 1493 797 Dei
1520 742 1854 811 providentia
1884 741 2221 810 disponente,

656 848 711 893 et
749 847 941 893 sancto
969 836 1255 891 Guillelmo
1285 835 1463 890 abbati
1491 834 1714 907 gloriam
1744 833 2025 888 ordinandi
2053 832 2109 887 S.
2133 847 2223 886 ec-

658 930 876 984 clesiam
945 926 1334 991 transferente,
1388 942 1607 981 suorum
1669 925 1947 980 hominum
1999 923 2224 978 consilio

659 1020 948 1090 acquievit,
980 1028 1033 1073 et
1064 1017 1237 1072 sancti
1264 1017 1439 1087 Majoli
1462 1024 1701 1071 sanctam
1738 1014 2223 1084 interpellationem

660 1126 765 1164 non
800 1109 1092 1165 exaudivit.
1120 1108 1272 1163 Unde
1294 1107 1541 1178 contigit,
1566 1115 1623 1160 ut
1658 1105 1716 1159 S.
1746 1103 1966 1173 Majobts
2004 1103 2223 1158 Clunia-

659 1218 783 1257 cum
833 1210 1220 1267 reverteretur,
1260 1208 1315 1254 et
1373 1197 1753 1253 canonieorum
1809 1195 2092 1259 correctio,
2142 1193 2224 1248 vel

661 1292 923 1364 expulsio,
952 1307 1050 1361 per
1075 1290 1277 1360 aliquot
1307 1298 1548 1360 tempora
1570 1286 1952 1358 protelaretur.

661 1469 793 1523 CAP.
844 1468 1025 1522 XVIII.
1056 1498 1125 1509 -—
1174 1466 1443 1532 Quomodo
1503 1466 1611 1518 dua:
1670 1463 1961 1518 Richardtts
2004 1462 2057 1516 in
2095 1462 2223 1516 lecto

732 1539 1055 1609 (egritudinis
1072 1536 1473 1609 jacens,iﬁlium
1502 1552 1677 1609 suum
1697 1534 2008 1609 Richnrtlum
2064 1535 2225 1586 turre-

731 1602 845 1662 dém
903 1609 1000 1662 sibi
1052 1602 1346 1671 constituit,
1396 1616 1443 1659 et
1496 1605 1767 1659 ecclesiam
1819 1602 2223 1657 I"iscamtensem

730 1678 1124 1733 commendavit.

2478 535 2596 588 usui
2623 535 2999 588 monac/torum
3025 532 3420 590 Fiscannensem
3445 532 3665 596 ecclesiam

2395 624 2697 695 Bicbardus
2728 625 2889 695 igitur
2912 624 3052 681 filius
3076 625 3350 692 Ricbardi,
3372 630 3514 683 totius
3535 628 3746 685 Northum-

2327 714 2429 773 niae
2454 714 2707 769 ducatum
2730 713 3025 785 accipiens,
3058 715 3174 787 ipso
3199 716 3281 770 sui
3310 717 3513 773 ducatus
3533 720 3656 781 initio.
3677 738 3750 776 suos

2327 805 2646 861 rebellantes
2667 804 3066 863 Nortbmannos
3088 808 3378 878 prudenter
3400 808 3623 874 sustinuit,
3654 812 3751 866 felici-

2330 905 2409 969 ter
2449 898 2740 968 superavit,
2770 906 2824 953 et
2845 899 3053 968 paterni
3069 898 3181 967 jugi
3203 900 3620 958 consuetudinibus
3638 915 3751 973 potet-

2329 999 2410 1051 ter
2438 989 2667 1044 reddidit
2721 997 2777 1043 et
2828 991 3130 1059 supposuit.
3183 988 3385 1056 Quibus
3426 1000 3605 1059 repente
3636 994 3752 1047 citius

2327 1094 2545 1155 suorum
2573 1078 2926 1135 seditionibus
2955 1080 3237 1151 mitigatis,
3287 1082 3753 1155 cireumjaeentibtsqu

2327 1154 2638 1241 provinciis,
2667 1178 2905 1241 paterna:
2927 1171 3212 1241 probitatis
3234 1172 3457 1244 imagine
3491 1154 3755 1243 paciﬁcatus

2327 1262 2728 1328 conftederatis,
2774 1263 2880 1317 dux
2916 1263 3148 1334 inclytus
3196 1265 3483 1319 Ilichardus
3507 1268 3632 1336 erepit
3657 1268 3754 1324 clare-

2327 1367 2500 1418 scere,
2533 1368 2860 1423 suarumque
2904 1353 3163 1408 virtutum
3206 1354 3511 1425 fragrantias
3533 1372 3755 1429 exsurgentes

2326 1460 2423 1516 per
2472 1445 2652 1499 mundi
2706 1457 2886 1516 partes
2936 1445 3177 1501 diversas
3220 1446 3487 1503 ell‘undere
3528 1458 3571 1503 et
3604 1449 3755 1513 dilatare;

2326 1552 2545 1591 suorum
2569 1537 2766 1607 quippe
2793 1546 3190 1593 antecessorum
3222 1536 3508 1593 claritatem
3542 1548 3586 1593 et
3622 1542 3757 1595 emittar

2330 1630 2457 1699 tiam
2485 1626 2888 1699 incomparabili
2922 1639 3139 1683 actuum
3166 1630 3440 1685 nobilitate
3481 1630 3759 1701 prteccllelutd

2327 1718 2662 1785 obfuscabat,
2695 1718 2913 1788 suisque
2940 1720 3345 1775 successoribus
3376 1721 3561 1775 vivendi
3586 1722 3758 1792 imagines

731 1813 967 1867 Tandem
1017 1812 1177 1884 igitur
1218 1812 1439 1882 prolixae
1489 1812 1663 1865 aetatis
1714 1819 1902 1866 sancto
1933 1809 2085 1865 senio
2115 1809 2222 1865 dux
2259 1810 2299 1865 B
2328 1794 2639 1864 imitabilem
2695 1808 2963 1863 nonnullis
3012 1809 3412 1881 compingebat,
3458 1818 3507 1864 et
3536 1811 3759 1880 promebat

617 1933 626 1939 -
660 1903 889 1973 inclytus
920 1902 1243 1967 Richardus,
1276 1901 1549 1973 fatigatus,
1578 1902 1854 1970 cujusdam
1890 1900 2224 1972 aegritudinis

660 1994 858 2064 ingenti
904 1993 1145 2048 molestia
1199 1994 1510 2064 corripitur,
1561 2001 1616 2047 et
1663 2006 1890 2062 corpore
1941 1989 2222 2054 dissoluto,

657 2085 868 2139 cunctis
909 2084 1201 2140 eliminatis
1246 2086 1471 2151 viribus,
1517 2085 1583 2139 ad
1629 2093 1873 2138 extrema
1920 2081 2222 2137 deducitur.

660 2172 760 2237 Qui
792 2172 915 2225 dum
953 2172 1360 2240 ingravescente
1410 2173 1674 2237 molestia,
1705 2180 2003 2227 extremam
2050 2170 2228 2225 immi-

659 2278 789 2338 nere
822 2272 1176 2335 cognosceret
1222 2265 1433 2331 horam,
1476 2267 1704 2320 ducatus
1748 2264 1829 2319 sui
1858 2263 2067 2318 eunetis
2099 2278 2229 2318 con-

610 2352 894 2422 tgregatis
969 2353 1327 2422 proceribus,
1415 2353 1742 2408 Ilichardum
1822 2352 1987 2406 lilium
2070 2367 2224 2407 suum

663 2442 894 2506 vocavit,
952 2456 1237 2510 rerumque
1287 2457 1507 2496 suarum
1550 2442 1790 2496 ornnium
1846 2441 2130 2502 lueredem,
2172 2449 2227 2493 et

662 2546 1034 2587 successorem
1062 2524 1364 2586 constituit.
1398 2532 1521 2597 Fili,
1556 2532 1747 2601 inquit,
1788 2530 2073 2594 Richar.le,
2122 2528 2224 2583 mei

661 2624 892 2679 ducatus
919 2634 974 2679 et
995 2624 1229 2680 nominis
1260 2625 1528 2680 haeredem
1554 2634 1606 2680 te
1630 2634 1684 2680 et
1705 2639 2073 2680 successorem
2099 2639 2224 2679 eon-

659 2717 848 2781 stituo,
867 2726 922 2771 et
952 2727 1153 2773 sanctae
1182 2717 1461 2772 Trinitatis
1483 2717 1898 2772 Fiscannensem
1920 2716 2225 2783 ecclesiam,

660 2819 764 2863 tua:
791 2810 1125 2864 strenuitatis
1170 2809 1351 2864 tutelae
1398 2818 1455 2864 et
1508 2809 1958 2864 administrationi
1994 2809 2147 2864 trado
2174 2818 2228 2863 et

647 2900 958 2966 'committo,
988 2912 1254 2969 quatenus
1284 2915 1417 2956 mea:
1460 2900 1775 2955 intentionis
1805 2900 2002 2956 ardens
2033 2916 2231 2971 propo-

644 2988 820 3051 situm
861 2988 913 3043 in
957 2989 1044 3044 illa
1089 2990 1378 3060 compleas,
1430 2991 1920 3058 canonicorumque
1958 2992 2144 3047 sordes
2176 3001 2230 3047 et

659 3079 1030 3136 immunditias
1057 3081 1126 3136 ab
1152 3080 1239 3135 illa
1263 3081 1520 3137 excludas
1541 3090 1595 3137 et
1617 3082 1872 3152 expellas,
1916 3091 1972 3139 et
2005 3094 2225 3139 sancto-

2327 1899 2515 1967 Totius
2546 1898 2659 1953 fere
2687 1898 2869 1952 mundi
2896 1907 3210 1953 sanctarum
3272 1903 3674 1971 congregationum
3705 1900 3760 1952 Irt-

2329 1990 2635 2044 ternitatetn
2686 1989 2981 2059 exigebat:
3034 1999 3197 2061 atque
3246 2003 3478 2061 accepta:
3534 1991 3761 2047 fraterniuts

2328 2081 2534 2137 sanctis
2561 2082 3083 2152 congregationibus,
3113 2096 3212 2152 per
3257 2098 3427 2139 annos
3460 2084 3665 2153 singulos,
3678 2083 3760 2151 iam

2328 2173 2657 2243 propositam
2692 2174 3071 2242 quantitatem,
3110 2168 3329 2245 magna:
3355 2175 3644 2231 liberalitatis
3674 2190 3763 2227 icth-

2328 2263 2413 2335 gal
2480 2262 2813 2319 voluntarius
2863 2264 3192 2320 exsolvebat.
3228 2265 3401 2320 Tanta
3440 2282 3536 2321 sua
3581 2266 3762 2321 devotionis

2328 2354 2578 2408 nimietas
2623 2352 2789 2409 fuisse
2830 2354 3002 2409 fertur
3053 2365 3110 2407 ut
3155 2356 3431 2426 ingressas
3475 2357 3761 2417 civitatemnaa

2329 2446 2478 2513 prius
2504 2444 2875 2515 egrederetur,
2921 2460 3080 2514 quam
3132 2449 3299 2503 totius
3353 2447 3564 2503 civitatis
3594 2446 3761 2502 ecclesias

2328 2532 2680 2587 antelucanos
2730 2532 3062 2602 circumiret,
3093 2545 3259 2606 atque
3312 2537 3363 2591 in
3399 2537 3591 2608 singulis
3624 2538 3763 2591 eicis:

2327 2640 2512 2680 sacras
2526 2626 2780 2680 excubias
2794 2625 3003 2681 celebra
3013 2637 3113 2693 ret,
3136 2638 3189 2683 et
3218 2629 3505 2683 multarunt
3529 2630 3763 2699 lacryauma

2329 2716 2545 2771 flumina
2573 2716 2890 2772 funderetct
2914 2718 3261 2790 relinqueret.
3296 2720 3416 2787 Ubi,
3443 2722 3482 2775 si
3510 2737 3612 2776 casu
3640 2734 3765 2775 orans

2328 2798 2661 2877 reperiebat,
2692 2822 2801 2862 sua":
2840 2808 3161 2879 dapsilitatis
3192 2810 3457 2865 immenso
3480 2826 3653 2866 munere
3672 2826 3695 2862 r.
3708 2808 3764 2878 ple

2329 2900 2449 2964 bat,
2480 2897 2819 2966 adventuque
2846 2911 2944 2950 suo
2996 2897 3304 2967 indigentes
3334 2899 3519 2953 multos
3550 2899 3603 2953 ad
3642 2907 3765 2951 necutr-

2330 3006 2429 3046 nas
2477 2993 2753 3048 orationes
2799 2991 3071 3047 excitabat
3125 3000 3182 3046 et
3224 2992 3557 3063 provocabat.
3590 2990 3682 3046 Cum
3709 2989 3763 3042 dlll

2331 3074 2560 3158 inclytus
2616 3086 2947 3153 Riehardus,
3003 3095 3278 3142 tantarum
3330 3084 3599 3156 gratiarum
3637 3080 3764 3148 fulgora

658 3186 777 3227 rum
810 3173 1214 3238 monachorum,
1243 3174 1521 3229 imitatriei
1543 3174 1932 3245 apostolorum,
1977 3174 2221 3232 multitu-
2253 3160 2300 3224 C
2332 3168 2601 3246 lampade,
2632 3178 2831 3231 mundo
2856 3191 2991 3246 pene
3012 3176 3289 3242 universo,
3320 3187 3600 3238 coruscans,
3623 3170 3677 3225 sui
3710 3166 3761 3221 Pr

657 3264 769 3319 dini
855 3275 1100 3321 sanctam
1172 3264 1468 3321 Ecclesium
1532 3265 1713 3321 tradas
1774 3274 1830 3321 et
1893 3267 2218 3323 committas.

656 3352 867 3424 Corpus
895 3368 1073 3409 meum
1126 3354 1264 3409 intra
1309 3354 1371 3409 S.
1421 3354 1707 3410 ecclesiam
1756 3369 1862 3411 non
1911 3356 2217 3421 tnmulabis,

655 3444 746 3501 sed
770 3457 949 3519 extra,
999 3448 1052 3502 in
1084 3447 1361 3503 stillicidio
1390 3448 1512 3503 tecti
1544 3448 1674 3502 mihi
1698 3464 2044 3504 communem
2072 3449 2224 3505 dabis

655 3537 1007 3606 sepulturam,
1052 3550 1323 3608 quatenus
1374 3539 1691 3595 stillantinm
1745 3546 2020 3611 guttarutn
2071 3556 2225 3595 sacro

655 3636 796 3681 tecto
830 3626 1075 3683 difﬂuens
1125 3628 1343 3694 inlusio,
1399 3630 1582 3684 abluat
1628 3629 1862 3699 jacentis
1913 3645 2057 3695 ossa,
2105 3647 2224 3703 quae

655 3715 893 3769 etnnium
926 3726 1271 3783 peccatorum
1299 3717 1417 3773 labe
1444 3719 1666 3774 fmdavit
1696 3729 1751 3774 et
1793 3721 2082 3776 maculavit
2132 3739 2223 3777 ne-

655 3805 863 3875 gligens
890 3814 945 3859 et
976 3806 1214 3877 neglecta
1249 3809 1359 3863 vita
1406 3824 1544 3865 mea.
1598 3810 1802 3878 Quibus
1833 3812 1935 3867 leni
1964 3823 2018 3867 et
2068 3813 2221 3868 hilari

658 3909 907 3950 sermone
938 3898 1226 3966 peroratis,
1258 3914 1454 3970 sopore
1502 3901 1645 3957 velut
1687 3911 2074 3972 aggravarctur
2096 3904 2220 3970 levi,

656 3987 941 4054 expalluit;
974 3983 1176 4059 suoque
1223 3991 1418 4061 adepto
1456 3992 1747 4057 desiderio,
1788 3995 2024 4049 animam
2069 4011 2221 4051 suam

656 4092 794 4145 pane
845 4080 966 4133 vitae
1012 4090 1064 4134 ct
1119 4080 1425 4137 intellectus
1457 4084 1808 4153 saginandam
1836 4124 1850 4148 ,
1906 4093 2225 4153 aeternaeque

652 4169 1004 4223 beatitudinis
1073 4171 1241 4239 gloria
1290 4172 1692 4236 coronandam,
1759 4188 1938 4227 rerum
1985 4176 2221 4228 omnium

650 4260 1027 4327 potentissimo
1072 4261 1245 4317 .Iudici
1297 4262 1572 4329 reddidit,
1629 4263 1811 4319 emisit
1843 4272 1898 4319 et
1932 4266 2220 4320 commisit.

651 4344 1083 4423 Cernetts'igitur
1112 4353 1420 4409 Ricbardus
1469 4356 1641 4411 sancti
1692 4356 1862 4424 patris
1908 4366 2134 4412 mortem
2171 4369 2226 4414 et

650 4443 975 4509 absentiam,
1003 4445 1145 4501 velut
1176 4446 1309 4516 lapis
1331 4447 1583 4519 diriguit,
1612 4448 1972 4520 lamentisque
2011 4460 2066 4505 et
2111 4450 2223 4506 cla-

2326 3264 2426 3318 tris
2444 3258 2753 3334 'jussionem
2808 3265 3095 3336 gloriosam
3155 3267 3413 3328 recoluit.
3454 3276 3503 3321 et
3547 3260 3761 3319 scrotum

2324 3354 2490 3423 ipsius
2518 3356 2695 3426 operis
2724 3354 2914 3411 elfeCtu
2942 3368 2996 3409 et
3019 3356 3293 3412 evidentia
3333 3352 3665 3425 comprobavit.
3684 3348 3763 3403 Coa-

2323 3446 2559 3516 gregatis
2588 3446 2731 3500 enim
2763 3461 2985 3500 summa:
3010 3446 3214 3516 peritia:
3262 3446 3533 3517 Opem-iis,
3559 3443 3763 3497 Fumarium

2323 3537 2488 3602 venit,
2516 3546 2569 3592 et
2610 3537 2866 3601 claustra,
2898 3536 3249 3607 ofﬁcinasque
3281 3537 3435 3600 alias,
3475 3528 3763 3600 omnesqu

2327 3641 2443 3680 mos
2497 3628 2882 3681 monachorum
2943 3628 3127 3682 usibus
3179 3642 3477 3698 congruas,
3531 3639 3608 3680 Ore
3639 3618 3763 3692 PN?“

2325 3716 2593 3783 limitavit,
2627 3717 2892 3788 disposuit
2919 3727 2973 3771 et
2999 3716 3304 3772 aedificavit.
3335 3718 3539 3773 Cunctis
3561 3728 3655 3783 ergo
3672 3708 3763 3763 odd-

2325 3805 2409 3860 nis
2443 3807 2743 3876 completis,
2769 3807 2934 3863 solius
2962 3822 3115 3877 aqua:
3142 3824 3275 3864 usus
3304 3810 3502 3873 deerat,
3530 3819 3656 3877 quam
3681 3802 3760 3852 lali-

2327 3898 2468 3953 riose
2491 3898 2921 3966 circuntduccns,
2958 3911 3119 3970 atque
3165 3900 3217 3955 in
3265 3910 3496 3955 castrum
3523 3898 3762 3952 volutist

2325 3989 2628 4059 petentibus
2659 3991 2845 4046 subter
2872 3994 3097 4059 ducens,
3126 4007 3221 4063 per
3268 4002 3441 4048 turres
3466 3990 3603 4061 ipsius
3620 3985 3762 4042 occidit

2325 4092 2647 4153 postremas,
2680 4084 2730 4137 in
2770 4084 2977 4139 curiam
3026 4099 3268 4151 manare,
3323 4096 3479 4155 atque
3522 4097 3600 4153 per
3632 4084 3763 4133 cum

2327 4175 2636 4231 monasterii
2660 4175 2901 4231 ofﬁcinas
2927 4176 3267 4233 abundanter
3293 4176 3421 4232 fecit
3440 4169 3761 4229 difﬂuerelatcr-

2326 4282 2391 4322 ea
2447 4266 2733 4337 diligenter
2759 4267 3116 4337 investigabat
3142 4277 3195 4322 et
3223 4269 3540 4338 investigatis
3569 4256 3764 4331 inquirebat

2327 4359 2410 4425 cui
2438 4359 2799 4429 potissimum,
2827 4358 2980 4429 juxta
3034 4359 3091 4415 S.
3121 4358 3395 4417 Benedicti
3435 4356 3629 4429 regulam
3663 4360 3698 4405 et
3722 4347 3764 4399 itt-

2328 4442 2680 4516 Stitutioncm,
2714 4451 3102 4520 disponendam
3153 4460 3206 4507 et
3259 4452 3534 4521 regendam
3576 4446 3762 4502 sancte!l

650 4533 890 4589 moribus
942 4544 1109 4590 totam
1137 4514 1314 4591 aulam
1340 4514 1583 4607 replevit.
1613 4514 1960 4610 Tandemque
1989 4542 2222 4611 receptis
2255 4514 2299 4569 θ
2324 4544 2611 4598 individua:
2631 4514 2911 4598 Trinitatis
2946 4545 3189 4600 crederet
3231 4552 3286 4599 et
3313 4514 3629 4599 committeret
3662 4531 3761 4588 eck'

645 4628 873 4694 viribus,
914 4632 1145 4686 amentis
1182 4632 1568 4701 similitudine,
1617 4649 1779 4706 super
1806 4636 2054 4697 exanime
2102 4652 2219 4691 cor-

644 4734 746 4788 pus
798 4720 990 4789 irruit,
1021 4732 1094 4777 ’et
1144 4724 1231 4778 diu
1281 4725 1630 4791 deosculans,
1670 4726 1823 4797 quasi
1878 4728 2218 4782 recedentem

646 4820 948 4879 revocaret,
985 4813 1248 4867 attonitus
1292 4813 1590 4880 laboravit;
1643 4816 1809 4870 animi
1840 4829 1966 4870 vero
1998 4817 2216 4884 virtute,

644 4900 804 4971 longo
834 4912 958 4971 post
997 4910 1239 4971 tempore
1272 4903 1616 4968 reformatus,
1669 4909 2063 4975 procerumque
2116 4906 2218 4959 cir-

643 4989 1032 5044 cumstantium
1090 4991 1463 5048 consolatione
1533 4993 1803 5048 relevatus
1878 4992 2213 5058 llichardus,

644 5079 814 5134 sancti
851 5081 1023 5148 patris
1048 5082 1358 5153 exsequias,
1392 5082 1489 5153 per
1516 5082 1716 5138 multos
1747 5083 1861 5139 dies
1883 5084 2174 5139 celebravit
2199 5100 2214 5149 ;

644 5180 698 5221 et
752 5180 1043 5239 postremo,
1090 5172 1241 5241 juxta
1288 5174 1583 5243 iussionem
1637 5173 1857 5243 factam,
1912 5175 1965 5230 in
2016 5184 2216 5231 sanctae

642 5260 885 5316 ccclesim
911 5264 1184 5321 stillicidio
1213 5266 1481 5337 sepelivit,
1513 5277 1675 5336 atque
1718 5282 1882 5337 super
1909 5266 2213 5337 sepulcrum

642 5348 839 5420 patris,
886 5351 939 5405 in
986 5354 1190 5410 honore
1239 5354 1298 5411 S.
1358 5354 1579 5411 Thomas
1633 5356 1881 5426 apostoli,
1930 5358 2212 5413 basilicam

639 5440 945 5509 :edilicavit,
985 5452 1039 5498 et
1078 5444 1148 5499 ibi
1196 5447 1262 5501 ad
1302 5446 1563 5503 honorem
1596 5447 1689 5503 Dei
1735 5457 1790 5503 et
1846 5450 2211 5519 cognitionem

640 5528 814 5584 sancti
838 5531 1187 5599 confessoris,
1216 5534 1526 5604 frequenter
1545 5536 1778 5607 gloriosa
1806 5539 2065 5593 miracula
2103 5539 2211 5593 cla-

640 5631 881 5686 rescunt,
911 5632 965 5676 et
991 5623 1182 5693 sepulti
1208 5624 1360 5681 ducis
1397 5629 1587 5683 merita
1635 5629 2062 5702 intelligentibus
2087 5632 2206 5688 ani-

637 5715 742 5769 tnis
771 5714 1207 5773 enucleatissime
1230 5717 1545 5774 ostendunt.

2324 4636 2479 4690 siam.
2505 4635 2597 4689 Illo
2624 4643 2883 4704 tempore,
2908 4636 3078 4690 beata:
3105 4635 3378 4691 memoria:
3398 4623 3761 4711 Guillelmusa'lnt

2322 4741 2545 4781 summa!
2583 4724 2858 4792 religionis
2905 4725 3199 4791 atlluentia,
3233 4726 3396 4781 totius
3439 4722 3592 4794 partes
3626 4716 3759 4770 lluml

2321 4819 2532 4888 itnperii
2563 4817 2882 4881 illustrabat,
2914 4818 3278 4888 abbatumque
3318 4816 3578 4872 multorum
3618 4802 3760 4873 trepidos

2321 4911 2530 4965 animos
2551 4909 2632 4965 sui
2660 4907 2892 4964 fervoris
2919 4908 3154 4985 imagine
3207 4906 3516 4963 reformabat
3534 4912 3579 4958 et
3601 4896 3759 4955 arcani“

2321 4996 2433 5057 bat.
2483 5001 2741 5071 Apprime
2788 5000 2933 5056 enim
2988 5001 3300 5056 liberalibus
3342 5000 3535 5055 artibus
3570 4991 3756 5048 eruditum.

2320 5101 2482 5160 atque
2516 5090 2813 5160 disciplinis
2865 5089 3267 5156 ecclesiasticis,
3296 5089 3579 5157 cunctisque
3601 5077 3757 5150 spiritu-

2319 5179 2457 5238 libus
2487 5182 2697 5246 ollicits,
2731 5181 3083 5237 nihilominus
3121 5182 3285 5237 etiam
3317 5181 3425 5236 fere
3470 5181 3670 5231 virtutum
3699 5181 3757 5216 our

2318 5274 2466 5327 nium
2494 5275 2663 5344 gratia
2700 5274 2982 5339 imbutum,
3005 5284 3059 5328 et
3088 5273 3102 5327 i
3127 5272 3455 5335 luminatum,
3478 5256 3754 5323 Dtvionensium

2315 5363 2555 5419 ecclesia:
2608 5361 2667 5417 Β.
2725 5360 2973 5432 lllajolum
3022 5369 3380 5432 praeposuerat
3415 5368 3465 5415 et
3518 5350 3753 5410 constituent

2317 5454 2565 5509 abbatem
2614 5464 2668 5509 et
2715 5454 3052 5524 magistrum.
3106 5453 3278 5509 Tanto
3324 5452 3479 5520 igitur
3519 5462 3571 5500 ac
3602 5436 3751 5528 talitint

2315 5543 2423 5601 dux
2453 5546 2684 5618 inclytus
2712 5544 3016 5601 llichardus
3061 5561 3187 5602 suos
3235 5546 3428 5617 legatos
3456 5537 3629 5596 direxit,
3648 5540 3683 5584 el
3704 5538 3748 5577 5'”

2312 5637 2573 5706 propositi
2606 5637 2957 5691 intentionem
2983 5636 3250 5706 patefecit,
3278 5647 3429 5705 atque
3460 5646 3507 5685 ut
3528 5629 3747 5684 Fiseannw-

2312 5724 2424 5779 sein
2457 5725 2757 5788 ecclesiam,
2790 5726 2945 5796 juxta
2984 5726 3041 5780 Β.
3094 5725 3356 5781 Benedicti
3395 5722 3607 5791 regulam.
3638 5710 3742 5772 dt-‘P‘l‘
