3900 6322
35 365 132 421 72]

1188 358 1567 419 auouvuus
1594 335 2116 415 FISCA'NNEN'SIS.‘

3223 360 3326 414 7‘22

34 491 196 538 neret
230 489 295 537 et
322 479 587 546 erudiret,
647 493 857 551 magna:
905 478 1226 535 lmmilitatis
1264 480 1511 549 precibus
1553 494 1646 534 cx-
1673 481 1720 541 Α
1750 478 1963 535 caeteris
2024 478 2197 535 forma
2259 478 2709 550 pulchritmliuem
2763 479 3112 550 designabat,
3163 487 3327 547 atque

34 573 241 629 oravit.
282 570 565 640 QuibusB.
585 571 855 626 memoria:
882 570 1197 627 Guillelmus
1223 573 1389 628 abbas
1411 572 1642 645 primum

33 664 408 735 respondisse
437 661 637 718 fertur:
659 663 975 720 Charissimi
1011 664 1127 731 lilii,
1154 665 1460 722 audivimus
1482 665 1645 723 duces

33 754 501 819 Northmannos,
560 753 807 810 homines
855 754 1120 812 barbaros
1167 764 1221 811 et
1284 757 1644 824 truculentos,

33 847 401 910 subvertere,
440 853 497 900 et
532 860 636 901 non
665 844 934 901 aedificare
962 857 1147 903 sancta
1182 848 1411 919 templa;
1466 850 1647 905 delere

32 945 96 990 et
124 933 403 1006 cffugare,
434 930 490 992 e't
518 952 624 993 non
651 934 906 1007 colligere
937 948 1031 993 aut
1052 940 1261 993 nutrire
1286 939 1644 1010 spiritualium

34 1026 343 1081 hominum
400 1029 847 1099 congregatioues
901 1037 1137 1085 sanctas.
1183 1030 1524 1103 Quapropter
1577 1030 1646 1091 ad

38 1117 249 1171 ducem
282 1126 527 1172 vestrum
586 1119 779 1184 redite,
825 1128 881 1175 et
921 1134 1022 1175 nos
1051 1118 1211 1190 hujus
1246 1121 1322 1176 rei
1354 1121 1649 1192 imparatos

43 1206 284 1261 omnino
317 1208 656 1277 respondete,
685 1225 808 1265 cum
837 1219 891 1267 et
915 1210 1068 1265 nobis
1092 1211 1352 1269 fratribus
1381 1212 1649 1269 deducen-

46 1296 143 1350 dis
167 1297 367 1352 desunt
421 1298 570 1369 equi,
620 1310 784 1373 atque
837 1302 1121 1374 stipendiis
1179 1304 1647 1365 conduceudorutn

52 1386 297 1442 fratrum
326 1386 521 1444 desunt
548 1389 818 1447 clitellarii

138 1479 293 1547 Quod
323 1495 661 1538 reversurum
691 1482 989 1554 legatorum
1004 1485 1266 1544 relatione
1287 1487 1393 1543 dux
1418 1488 1650 1562 inclytus

62 1572 430 1644 comperiens,
458 1574 728 1641 extimuit,
760 1576 1061 1649 multosque
1107 1594 1275 1651 equos
1324 1591 1379 1636 et
1424 1582 1655 1641 clitella-

68 1665 185 1720 rios
212 1663 437 1720 festinus
464 1667 822 1737 praeparavit;
855 1683 991 1740 quos
1018 1672 1415 1729 revertentibus
1436 1672 1647 1744 legatis,

71 1756 143 1809 B.
194 1758 460 1814 memorize
511 1759 693 1814 abbati
750 1758 1040 1819 Guillelmo
1090 1763 1366 1821 humiliter
1417 1768 1647 1823 remisit.

1746 570 2117 624 contuentium
2148 569 2441 635 mentibus,
2462 586 2572 626 suae
2595 570 3021 626 conversationis
3042 568 3323 625 consilium

1748 659 1886 714 inire
1931 667 1988 715 et
2038 658 2263 724 imitari,
2314 659 2677 730 perfectarum
2716 668 3035 731 argumento
3066 658 3324 717 virtutum

1748 751 2081 806 accendebat
2114 760 2169 805 et
2212 751 2565 821 provocabat.
2615 751 2905 822 lguorabat
2936 751 3027 806 illo
3085 758 3328 819 tempore

1749 840 2133 899 Fiscannensis
2167 842 2400 899 ecclesia
2436 844 2600 899 totius
2638 844 2981 915 preprietatis
3037 841 3327 913 singulari-

1752 943 1937 999 tatem,
1965 934 2241 1006 soliusque
2266 936 2672 992 communitatis
2718 935 3078 1008 cognoscebat
3119 934 3326 989 unitam

1750 1023 2122 1091 dilectionem,
2186 1042 2326 1097 quae,
2371 1024 2525 1094 juxta
2577 1027 2920 1082 diversitates
2950 1025 3326 1097 indigentium,

1750 1125 1932 1185 partes
1960 1115 2204 1172 diversas
2232 1115 2583 1182 distribuens,
2618 1116 2719 1172 SS.
2758 1116 3121 1188 apostolorum
3171 1130 3333 1171 reno-

1750 1206 1912 1261 vabat
1941 1214 1997 1260 et
2019 1205 2444 1277 repraesentabat
2470 1206 2799 1277 primitivam
2824 1205 3135 1275 imaginem.
3179 1204 3329 1271 Quo-

1754 1312 1873 1352 rum
1934 1296 2096 1367 igitur
2149 1298 2414 1354 bonorum
2459 1298 2719 1355 eminenti
2774 1297 3181 1370 perseverantia
3222 1297 3331 1352 dux

1756 1391 2056 1448 Richardus
2113 1391 2495 1449 Fiscauueusis
2523 1392 2768 1449 ecclesia:
2810 1401 2953 1448 totus
2981 1390 3326 1461 alligabatur,

1752 1496 1916 1558 atque
1944 1485 2269 1542 utilitatibus
2296 1486 2536 1557 ejusdem
2565 1486 2831 1552 ecclesiae,
2854 1485 3017 1541 totius
3046 1483 3334 1555 providen-

1754 1578 1841 1633 tia:
1869 1577 2147 1648 diligentia
2182 1576 2631 1633 transferebatur.
2663 1578 2809 1634 Adeo
2832 1577 2975 1633 enim
3000 1576 3333 1632 Fiscanneno

1750 1671 1829 1727 sis
1876 1668 2120 1726 ecclesia:
2160 1668 2445 1725 illustrium
2498 1671 2741 1725 virorum
2792 1669 3095 1740 regularem
3144 1668 3331 1730 vitam,

1753 1772 1810 1819 et
1838 1762 2153 1835 religionem
2196 1777 2380 1829 veram
2413 1762 2691 1833 diligebat,
2740 1771 2795 1819 et
2824 1762 3049 1832 diligens
3084 1760 3337 1831 frequen-

76 1848 227 1905 Tuuc
247 1851 305 1905 Β.
333 1852 498 1907 abbas
523 1850 679 1908 ducis
707 1852 1170 1924 importunitatem
1214 1867 1269 1913 et
1292 1873 1651 1928 perseveran-
1685 1835 1728 1890 Β
1757 1854 1905 1910 tabat
1956 1866 2013 1911 ut
2057 1854 2223 1910 totius
2266 1854 2494 1909 ducatus
2536 1855 2619 1909 sui
2654 1854 2901 1919 collecta,
2949 1860 3007 1906 ut
3033 1851 3106 1905 ita
3135 1850 3333 1910 dicam,

81 1940 231 2008 tiam,
260 1950 417 2012 atque
447 1943 511 1998 de
537 1942 950 2014 importunitate
975 1956 1031 2003 et
1055 1953 1459 2018 perseverantia
1496 1968 1650 2012 cont-

85 2045 306 2099 pensans
356 2032 520 2087 animi
570 2033 908 2092 voluntatem
950 2045 1007 2092 et
1060 2038 1401 2097 devotionem
1457 2043 1649 2110 istam,

82 2124 297 2181 collecta
325 2125 689 2196 spiritualium
740 2128 968 2184 fratrum
1020 2130 1365 2189 multitudine
1395 2136 1651 2203 maxima,

70 2217 176 2271 iter
202 2217 452 2305 arripui},
482 2220 779 2290 paucisque
823 2220 1015 2279 diebus
1063 2224 1333 2294 decursis,
1370 2230 1653 2286 :cstuantis

64 2309 223 2364 ducis
260 2308 531 2369 desiderio
565 2328 717 2368 suam
743 2322 800 2369 et
827 2313 1117 2371 multorum
1142 2317 1372 2375 fratrum
1419 2336 1647 2391 praesen-

58 2399 202 2453 tiam
256 2401 525 2457 exhibuit.
581 2402 754 2471 Quem
791 2406 901 2462 dux
954 2410 1238 2481 egregius,
1273 2412 1440 2468 totius
1486 2414 1650 2470 animi

56 2490 391 2549 sinceritate
432 2494 704 2566 totiusque
759 2497 1086 2556 sinceritatis
1139 2502 1429 2559 dilectione
1484 2506 1656 2561 susci-

50 2580 246 2649 piens,
278 2581 427 2638 velut
457 2594 707 2655 suscepto
730 2585 968 2656 Christo,
1016 2590 1139 2646 aliis
1189 2594 1387 2649 amotis
1413 2597 1655 2651 servien-

50 2670 248 2739 tibus,
304 2672 421 2744 ipse
457 2675 704 2746 propriis
754 2679 1002 2736 manibus
1046 2682 1306 2747 servivit,
1370 2686 1655 2758 medioque

48 2762 254 2820 brevis
287 2767 545 2836 temporis
600 2768 882 2826 intervallo
930 2770 1255 2829 Fiscannum
1307 2776 1557 2845 deduxit,
1602 2788 1658 2835 et

55 2856 295 2913 Sancta:
354 2858 635 2915 Trinitatis
682 2863 965 2920 ecclesiam
1025 2866 1248 2922 domvit
1295 2876 1350 2923 et
1396 2870 1533 2923 tradi
1560 2871 1654 2937 lit,

65 2962 301 3018 eamque
327 2948 579 3006 donatam
610 2961 665 3009 et
698 2955 966 3018 traditam,
995 2955 1149 3026 juxta
1180 2960 1417 3029 regulam
1460 2960 1517 3016 S.
1552 2962 1655 3016 Be-

66 3040 274 3096 nedicti
305 3052 359 3097 et
409 3042 804 3101 institutionem
836 3048 1044 3119 disponi
1097 3059 1151 3105 et
1188 3050 1431 3107 ordinari
1463 3069 1657 3109 exora-

68 3136 169 3189 vit.
235 3135 497 3203 Donavit,
553 3137 801 3208 inquam,
857 3151 911 3196 et
971 3143 1189 3198 tradidit
1245 3144 1351 3201 dux
1407 3149 1658 3220 egregius

71 3225 383 3281 Richardus
410 3225 583 3282 beata:
616 3230 893 3286 memoriae
920 3232 1105 3288 abbati
1146 3233 1413 3293 Guillemo
1439 3238 1657 3296 Sancta:

70 3314 359 3371 Trinitatis
405 3316 826 3376 Fiscannensem
888 3322 1215 3393 ecclesiam,
1270 3329 1654 3386 canonicorum

72 3410 375 3464 carnalium
402 3412 607 3482 expulit
638 3428 919 3469 enormem
965 3417 1388 3486 multitudinem,
1423 3438 1654 3493 quorum

73 3503 445 3575 possessiones
490 3505 734 3562 ecclesiae
765 3508 981 3577 penitus
1032 3511 1271 3569 retinens
1302 3523 1357 3569 et
1404 3516 1655 3582 reddens,

74 3593 313 3666 expulsis
340 3602 393 3650 et
411 3596 656 3651 converti
697 3597 1005 3655 nolentibus
1027 3601 1324 3668 canonicis,
1353 3602 1480 3659 alibi
1522 3618 1656 3660 cou-

76 3703 268 3758 gruam
300 3690 535 3745 restituit
558 3693 1069 3761 compensationem.
1103 3692 1271 3751 Nocte
1295 3695 1479 3766 igitur,
1503 3696 1658 3767 cujus

79 3780 321 3849 sequenti
344 3781 429 3836 die
460 3781 841 3839 Fiscannensis
865 3783 1095 3840 ecclesia
1125 3786 1435 3856 spirituales
1472 3803 1657 3845 susce-

80 3874 162 3944 pit
187 3874 495 3940 monachos,
541 3874 895 3948 carnalesque
938 3877 1144 3948 expulit
1180 3879 1492 3948 canonicos,
1526 3883 1659 3952 ipsis

81 3966 356 4021 canonicis
384 3967 626 4024 ecclesiae
650 3968 866 4024 culmen
909 3977 1079 4025 totum
1128 3971 1324 4041 aquilis
1376 3974 1660 4031 videbatur

82 4059 315 4129 operiri;
346 4060 544 4130 quibus
570 4061 767 4131 aquilis
817 4062 1237 4134 ingredientium
1268 4067 1655 4123 monachorum

86 4152 288 4210 tbeoria
311 4163 365 4208 et
387 4153 684 4224 spiritualis
718 4155 950 4219 volatus,
998 4171 1064 4211 ac
1090 4156 1343 4227 deinceps
1368 4168 1652 4229 protegen-

88 4245 222 4299 tium
260 4244 568 4315 angelorum
610 4247 903 4303 descensus
934 4256 990 4302 et
1032 4248 1378 4304 conversatio
1420 4264 1658 4321 congrue

88 4336 363 4409 figuratur.
412 4337 580 4407 Igitur
620 4339 681 4393 Β.
724 4348 779 4395 et
821 4339 1091 4411 gloriosus
1135 4342 1305 4397 abbas
1339 4341 1656 4397 Guillelmus

89 4438 382 4499 susceptam
405 4429 691 4485 ecclesiam
720 4432 881 4500 ca-pit
910 4432 1214 4502 gubernare
1237 4443 1289 4487 et
1312 4434 1657 4489 administra-

92 4536 171 4583 re.
201 4531 252 4577 et
292 4521 441 4589 juxta
496 4522 555 4578 S.
606 4522 881 4578 Benedicti
933 4524 1324 4579 institutionem
1374 4524 1655 4592 disponere

89 4625 146 4670 et
168 4615 452 4685 corrigere,
479 4621 642 4683 atque
666 4617 731 4669 de
760 4615 989 4670 diversis
1015 4616 1305 4685 provinciis
1332 4631 1453 4671 vere
1477 4616 1660 4671 fideles

93 4720 399 4771 convocare,
424 4714 480 4761 et
509 4706 565 4761 in
592 4706 872 4777 obsequiis
900 4706 1212 4762 ccclestibus
1250 4706 1407 4762 uuire
1451 4714 1506 4762 et
1533 4723 1659 4762 cou-

95 4797 318 4851 firmare.
350 4795 538 4853 Subita
568 4796 731 4867 igitur
754 4797 1114 4853 conversione
1156 4796 1540 4852 Fiscannensis
1566 4812 1658 4852 ec-

95 4888 250 4945 clesia
284 4888 582 4945 caelestium
612 4889 846 4945 virorum
875 4888 1071 4943 studiis
1116 4889 1361 4943 fervebat
1389 4896 1443 4943 et
1466 4887 1659 4959 ﬂagra-

100 4984 207 5045 bat,
230 4990 280 5036 et
299 4981 477 5037 multa;
496 4980 829 5052 opinationis
851 4979 1020 5049 gloria
1048 4980 1462 5048 circumpositas
1482 4982 1657 5035 eccle-

100 5076 205 5128 sias
236 5073 569 5143 praecellebat
612 5082 669 5129 et
717 5072 1069 5128 obscurabat.
1119 5070 1416 5140 Fastigium
1463 5073 1660 5143 quippe

104 5174 255 5220 tanta;
299 5164 632 5220 celsitudinis
701 5180 798 5219 sua
864 5174 1241 5219 momentanea
1311 5165 1663 5222 translatione

104 5256 459 5311 Fiscannensis
488 5254 715 5311 ecclesia
761 5255 1216 5325 consequebatur,
1273 5266 1543 5326 quatenus
1587 5258 1659 5313 ita

103 5363 276 5405 onmes
293 5347 584 5403 Galliarum
623 5347 881 5403 ecclesias
903 5347 1291 5403 transcendens
1321 5361 1378 5401 re
1398 5358 1453 5402 et
1474 5347 1659 5402 habitu

105 5457 308 5499 summae
360 5440 668 5512 rel'gionis,
731 5441 1182 5510 quemadmodum
1244 5440 1663 5495 tranSeemicbat

106 5532 256 5589 verbo
280 5542 331 5588 et
355 5531 577 5603 speciali
606 5533 887 5603 privilegio
916 5547 1028 5588 sua:
1059 5531 1493 5601 uuucupationis.
1530 5530 1662 5593 Par-

104 5628 400 5693 ciu.ouia,et
422 5627 678 5697 pudicitia
711 5636 763 5682 et
795 5627 1110 5682 voluntaria:
1134 5628 1468 5697 paupertatis
1491 5629 1662 5683 abun;-

102 5729 291 5793 dantia,
317 5725 700 5781 Fiscannensis
743 5724 972 5780 ecclesia
1006 5724 1159 5779 valde
1208 5726 1488 5789 radiabat,
1543 5724 1662 5779 luce

101 5827 361 5897 vimtttun,
389 5834 618 5891 quarum
666 5817 939 5875 evidentia
983 5817 1239 5874 latentem
1281 5834 1391 5874 sua:
1450 5819 1657 5883 formas,

1755 1946 2080 2018 pinguedine
2130 1944 2338 2000 cmlesti
2370 1944 2773 2016 congregationi
2805 1942 3131 2006 deserviret;
3174 1948 3338 2009 atque

1755 2036 2057 2108 epulaturis
2109 2034 2371 2091 fratribus
2432 2035 2782 2091 servientium
2835 2031 3180 2088 multitudine
3233 2029 3339 2084 fre-

1754 2141 1985 2200 quenter
2016 2129 2128 2199 ipse
2157 2127 2515 2195 ministraret,
2540 2136 2810 2197 tantarque
2847 2122 3170 2181 humilitatis
3192 2135 3339 2175 cmu-

1756 2223 1899 2294 pleto
1931 2221 2256 2289 ministerio,
2311 2218 2541 2274 fratrum
2590 2218 2831 2275 omnium
2863 2216 3084 2272 ultimus
3126 2213 3333 2269 reside-

1756 2315 1911 2371 derct
1955 2322 2010 2370 et
2058 2312 2387 2383 regularium
2454 2311 2735 2383 epularum
2787 2307 3091 2373 delectabili
3141 2306 3340 2378 palmlo

1758 2404 1905 2461 refici
1945 2403 2333 2477 congauderet.

1758 2499 1887 2554 CAP.
1938 2499 2057 2554 XX.
2106 2529 2177 2540 —
2226 2498 2305 2554 De
2358 2497 2595 2552 libertate
2674 2494 3046 2551 Fiscannensis
3112 2494 3341 2549 ecclesia!

1831 2571 2172 2651 ittonosterii;
2228 2569 2305 2651 re!
2363 2569 2624 2640 quomodo
2674 2570 2785 2622 dua:
2831 2567 3045 2622 absolvit
3093 2566 3158 2619 ab
3201 2565 3341 2619 omni

1827 2656 2190 2709 episcoporum
2209 2657 2365 2711 jugo.

1831 2729 2014 2787 Sensit
2050 2729 2213 2802 igitur
2238 2730 2342 2785 dux
2376 2728 2605 2799 inclytus
2632 2730 2991 2798 quorumdam
3016 2725 3340 2782 clericorum

1760 2820 2099 2877 corrosiones
2149 2828 2205 2875 et
2249 2819 2614 2876 detractiones
2660 2804 3012 2893 priesagiique
3063 2814 3341 2886 cujusdam

1760 2911 1968 2967 futuras
1992 2910 2371 2977 adversitates,
2402 2926 2559 2980 quos,
2587 2912 2657 2966 ob
2685 2912 2835 2967 ducis
2886 2908 3109 2964 nimiam
3158 2905 3343 2963 chari-

1764 3013 1948 3070 tatem,
1984 3013 2041 3061 et
2094 3016 2298 3062 sancta:
2355 3004 2610 3061 Ecclesiae.
2662 3004 2953 3059 maximam
3006 3001 3342 3072 religionem,

1761 3094 1977 3149 invidia:
2019 3095 2238 3150 morbus
2268 3093 2550 3159 infecerat,
2583 3094 2917 3163 iufectosque
2945 3091 3151 3147 crudeli
3202 3092 3343 3145 inte.-

1687 3184 1732 3245 C
1763 3187 1891 3241 stini
1921 3185 2107 3241 livoris
2132 3184 2375 3241 molestia
2407 3184 2705 3241 cruciabat.
2746 3184 2948 3239 Horum
2979 3198 3109 3255 ergo
3160 3183 3341 3238 detra-

1761 3276 2000 3332 hentium
2017 3276 2450 3332 malevolentiam
2478 3274 2584 3331 dux
2606 3276 2963 3345 comperiens,
2990 3274 3343 3330 clericorum-

1759 3384 1864 3440 que
1894 3369 2341 3439 prazsumptioucs
2370 3368 2631 3436 superbas
2660 3375 2711 3421 et
2734 3375 3122 3436 praesumentes
3150 3379 3341 3433 super-

1760 3462 1877 3517 bias
1908 3476 2262 3531 cognoscens,
2300 3460 2463 3515 totius
2507 3458 2914 3513 Northmannia:
2947 3457 3259 3527 episcopos,
3289 3467 3345 3510 et

1760 3555 1907 3609 viros
1942 3552 2172 3618 nobiles,
2226 3550 2455 3607 festinus
2506 3548 2837 3605 Fiscannqu
2897 3547 3232 3612 convocavit,
3290 3556 3346 3601 et

1760 3644 2145 3700 Fiscannensis
2176 3642 2394 3698 Sanctae
2421 3639 2708 3697 Trinitatis
2734 3637 3038 3705 ecclesiam,
3081 3638 3149 3692 ab
3193 3638 3343 3691 omni

1760 3738 2136 3809 episcoporum
2159 3736 2290 3809 jugo
2304 3746 2357 3792 et
2379 3734 2793 3799 consuetudine,
2811 3732 2976 3804 justa,
3012 3730 3097 3786 vel
3121 3731 3339 3801 iujusta,

1764 3830 1961 3902 eripuit
1986 3840 2041 3886 et
2067 3829 2341 3887 liberavit.
2386 3829 2537 3885 llauc
2577 3837 2761 3884 autem
2808 3827 3112 3882 libertatem
3141 3825 3345 3881 Rotho-

1761 3925 2032 3997 mageusis
2053 3924 2494 3996 archiepiscopus
2525 3922 2674 3989 fecit,
2711 3930 2768 3978 et
2798 3920 2910 3976 ﬁeri
2947 3919 3143 3987 voluit;
3180 3929 3345 3989 atque

1760 4017 1895 4073 alias
1921 4015 2336 4087 quatuordecim
2365 4014 2648 4082 ecclesias,
2680 4015 2749 4070 ob
2788 4012 2959 4085 patris
3004 4016 3084 4069 sui
3135 4027 3342 4067 memo-

1760 4111 1920 4176 riam,
1954 4121 2009 4166 et
2038 4109 2223 4165 fratris
2256 4109 2540 4180 przcseutis
2555 4106 2875 4177 jussionem,
2900 4122 2964 4160 ac
2989 4105 3341 4171 voluntatem,

1759 4202 1828 4257 ab
1850 4202 1999 4259 omni
2028 4202 2321 4273 episcopali
2353 4201 2763 4266 consuetudine,
2798 4209 2854 4255 et
2895 4200 3202 4261 exactione,
3244 4199 3341 4251 ab-

1759 4294 1918 4349 solvit
1940 4304 1996 4349 et
2017 4294 2265 4350 liberavit
2290 4310 2304 4361 ;
2334 4295 2546 4348 donata:
2576 4292 2843 4349 libertatis
2873 4292 3120 4348 chartam
3160 4289 3343 4344 archi-

1758 4389 2059 4459 episcopus,
2088 4387 2293 4458 aliique
2318 4386 2577 4457 episcOpi,
2600 4388 2754 4455 signo
2781 4394 2833 4441 et
2858 4398 3121 4441 consensu
3159 4397 3342 4438 corro-

1762 4483 2111 4547 boraverunt,
2145 4490 2309 4551 atque
2355 4464 2766 4536 corroboratam
2806 4479 3046 4533 virorum
3084 4477 3340 4533 nobiliumn

1761 4574 2230 4644 astipulationihus
2261 4574 2619 4628 tradiderunt.
2646 4571 2883 4642 Cupiens
2905 4584 3033 4641 ergo
3079 4568 3184 4624 dux
3218 4584 3344 4638 pro—

1760 4660 1915 4720 vidus
1951 4664 2195 4720 sanetdm
2236 4663 2520 4719 ecclesiam
2564 4662 2737 4719 modis
2756 4660 3006 4717 omnibus
3022 4662 3344 4716 confirmare

1759 4766 1813 4810 ct
1843 4754 2499 4825 prtemunireJtobertum
2524 4763 2795 4825 regem,et
2825 4753 3022 4807 multos
3048 4751 3341 4808 Galliarum

1762 4862 2032 4918 proceres,
2063 4846 2387 4903 Fiscanuum
2426 4848 2739 4913 accersivit;
2774 4855 2936 4916 atque
2962 4843 3125 4915 regali
3156 4843 3342 4918 charta

1760 4950 1816 4994 et
1859 4940 2202 5003 auctoritate,
2258 4954 2592 5010 suorumque
2645 4938 2933 5009 :equalium
2970 4917 3344 4999 consensu,'et

1760 5032 2159 5102 astipulatione,
2192 5031 2259 5087 ab
2286 5032 2433 5087 omni
2464 5033 2837 5100 episcoporum
2861 5028 2991 5100 jugo
3016 5036 3071 5082 et
3112 5030 3345 5082 consuc-

1764 5129 1946 5183 tudine
2000 5127 2420 5183 Fiscanncnsem
2453 5127 2738 5181 ecclesiam
2768 5124 2966 5194 eripuit
2993 5132 3048 5177 et
3072 5122 3340 5186 liberavit,

1761 5233 1814 5277 et
1845 5238 1996 5277 suam
2022 5238 2349 5294 suorumque
2379 5223 2638 5279 nobilium
2667 5222 2912 5277 chartam
2939 5230 2994 5277 et
3047 5220 3343 5276 ordinatio-

1764 5331 1883 5369 nem
1912 5314 2147 5369 firmavit
2172 5325 2226 5369 et
2251 5315 2646 5370 corroboravit.

1761 5406 1888 5486 Car.
1924 5404 2044 5486 XXl
2100 5434 2170 5486 -τ-
2222 5404 2514 5486 Quomodo_
2548 5402 2860 5486 (inille-Imus
2898 5405 3087 5486 abbas.
3111 5403 3338 5474 perrexit

1823 5478 1981 5598 jllt’tfu
2011 5476 2179 5597 caucis,
2208 5484 2255 5528 et
2289 5478 2549 5544 quomodo
2576 5474 2845 5545 privilegia
2873 5492 2905 5529 o
2947 5474 3157 5528 domino
3202 5490 3339 5543 papa

1831 5564 1861 5599 ο
1897 5558 2027 5598 (mut
2058 5582 2072 5597 .

1832 5635 2087 5691 Ecclesia:
2112 5636 2277 5704 igitur
2322 5634 2705 5693 Fiscannensis
2752 5637 3057 5693 constitutae
3102 5634 3338 5690 libertati

1763 5730 1867 5784 dux
1902 5728 2207 5783 Richardus
2234 5729 2633 5798 congratulans.
2672 5729 3014 5800 futuramque
3045 5740 3336 5798 perennem

1765 5819 1962 5876 tuentis
1990 5819 2275 5875 vivacitate
2301 5819 2619 5887 discutiens,
2679 5822 2850 5877 beata:
2887 5822 3160 5875 memoria:
3189 5816 3338 5872 Guil-
