3834 6332
597 336 705 397 ῗῖδ

1352 348 1523 405 S.EC.
1568 350 1633 406 XI
1664 351 1867 409 AUCT.
1899 352 2169 412 INCiiliTl
2218 350 2397 413 'ANNI
2434 361 2517 416 ΕΤ
2550 361 2813 420 SCRIPT.
2856 378 3076 424 uuam.
3684 390 3742 446 τει

598 457 819 559 lelmum
856 460 1104 517 abbatem
1136 462 1499 534 compellavit,
1533 484 1748 538 sumque
1786 471 2069 541 legationis
2102 476 2180 527 in.
2216 484 2255 537 Α
2287 488 2452 543 ctum,
2488 480 2849 555 injmi‘etreque
2878 486 3162 556 iegationis
3193 488 3421 546 ofﬁcium
3458 494 3639 555 feliciter
3667 522 3740 559 me

592 548 785 619 juucto
811 552 1010 619 olIicio,
1038 554 1105 609 ad
1134 554 1392 612 Romana:
1417 559 1564 614 sedis
1611 562 1962 629 apostolicam
1992 575 2181 620 aucto-

599 642 839 707 ritatem,
890 643 1073 698 multis
1126 655 1382 701 onustum
1437 648 1611 705 xeniis
1652 651 1867 707 direxit.
1925 652 2183 711 Confecto

597 732 779 801 itaque
818 732 1035 802 itinere,
1071 736 1239 792 abbas
1285 737 1602 797 Guillelmus
1644 741 1872 798 Romam
1912 748 2179 815 pervenit,

593 833 645 875 et
677 825 779 892 pia:
808 827 1087 882 memoria:
1111 844 1263 899 papae
1298 829 1612 899 Benedicto,
1665 835 1928 891 adventus
1974 839 2060 892 sui
2100 856 2185 893 ra-

595 916 819 983 tionem,
873 928 929 974 et
981 921 1248 977 mittentis
1277 923 1432 979 ducis
1469 925 1797 981 voluntatem
1852 933 2081 1000 aperuit,
2128 943 2185 988 et

590 1007 753 1065 facta:
782 1012 985 1068 chartae
1014 1016 1505 1085 conﬁrmationem,
1531 1030 1586 1074 et
1609 1021 1891 1090 apostolici
1915 1024 2180 1098 privilegii

593 1103 999 1171 auctoritatem,
1041 1121 1251 1176 magum
1277 1107 1599 1165 humilitatis
1639 1112 1886 1167 oratione
1942 1129 2179 1185 congrua

592 1194 908 1262 postulavit.
942 1197 1086 1268 Papa
1121 1200 1288 1271 igitur
1310 1202 1653 1271 Benedictus,
1672 1206 1823 1261 ducis
1846 1206 2180 1281 diligentiam

593 1287 869 1346 admirans
896 1300 950 1346 et
977 1295 1212 1363 suscepti
1242 1296 1404 1351 amici
1434 1300 1736 1368 przeseutite
1784 1316 2050 1357 summam
2080 1317 2179 1358 ex-

592 1381 921 1451 cellentiam,
952 1387 1227 1458 privilegia
1279 1391 1547 1460 postulata
1586 1393 1947 1462 conﬁrmavit,
2004 1405 2059 1451 et
2088 1412 2181 1453 vo-

593 1471 861 1529 luntarius
893 1478 1131 1545 tradidit,
1158 1490 1213 1535 et
1243 1480 1666 1539 Fiscanuensem
1694 1484 1910 1541 Sanctae
1940 1486 2181 1543 Trinita-

594 1564 667 1617 tis
696 1565 976 1622 ecclesiam
1006 1570 1072 1623 ah
1098 1570 1243 1625 omni
1278 1572 1652 1643 episcoporum
1672 1574 1822 1647 jugo,
1848 1575 2181 1644 subjectione

590 1662 649 1707 et
703 1661 1094 1715 consuetudine
1145 1662 1381 1718 liberans
1434 1674 1489 1718 et
1537 1665 1805 1736 eripiens,
1853 1668 1953 1723 sub
2014 1668 2181 1726 solius

593 1744 855 1806 Romanae
896 1751 1153 1809 Ecclesiae
1182 1754 1581 1826 gubernatione
1620 1766 1676 1813 et
1723 1760 2023 1829 patrocinio
2052 1778 2181 1816 con-

2289 584 2639 637 summatmn,
2669 578 2971 633 euucleavit
2999 589 3053 634 et
3083 583 3336 637 ostendit.
3363 584 3501 642 Unde
3521 589 3606 644 dux
3631 594 3742 649 india-

2288 660 2467 717 hiliter
2510 664 2863 729 exhilaratus.
2910 670 3051 725 trino
3099 680 3152 725 et
3203 674 3297 727 uni
3347 675 3448 731 Deo
3472 680 3631 748 gratias
3650 688 3744 743 loliis

2288 751 2611 809 intensiouis
2660 756 2876 813 fervore
2919 761 3181 828 reddidit;
3213 766 3309 834 qui
3360 768 3622 837 ecclesiam,
3648 791 3745 842 quam

2288 840 2590 900 ltiehardns
2642 856 2793 916 pater
2844 849 3162 907 fundaverat
3207 866 3372 925 atque
3417 858 3517 928 ipse
3560 840 3745 929 palmiti—

2286 934 2469 989 chardi
2503 948 2691 1008 rogatu
2720 951 2771 994 et
2791 939 3037 1009 jussione
3064 945 3425 1016 compleverat
3457 964 3513 1003 ac
3555 954 3745 1009 ordinm-

2286 1035 2390 1091 rat,
2432 1026 2626 1083 divina:
2663 1032 3017 1101 providentiae
3068 1050 3269 1090 arcano
3323 1039 3744 1104 consilio,tantarun

2285 1131 2635 1185 personarum
2664 1123 3055 1186 convenientia,
3089 1126 3157 1181 ab
3178 1128 3421 1183 omnimu
3449 1130 3747 1203 hominumjngi

2284 1216 2340 1262 et
2374 1209 2684 1279 prmlatione
2706 1211 3019 1269 absolvebat
3050 1225 3104 1271 et
3134 1216 3420 1272 liberabat.
3448 1218 3618 1290 Magnis
3635 1225 3750 1279 deinde

2286 1301 2459 1356 xeniis
2489 1318 2645 1357 suum
2672 1304 3079 1362 dilectissimum
3113 1309 3369 1364 abbatem
3401 1309 3676 1367 Guillelnium
3694 1320 3748 1369 lit-

2285 1396 2516 1462 noravit,
2562 1398 2993 1470 honoratumque
3042 1401 3258 1457 Sancta:
3295 1401 3558 1459 Trinitatis
3602 1407 3747 1461 ecclesia

2285 1483 2667 1542 Fiscannensis
2700 1489 2945 1544 remisit:
2978 1482 3173 1545 iterum
3232 1500 3399 1563 atque
3431 1493 3597 1548 iterum
3624 1498 3749 1549 elutius

2284 1591 2535 1645 exorans,
2569 1587 2837 1647 quatenus
2866 1581 3173 1636 commissre
3204 1582 3469 1647 ecclesize,
3510 1582 3631 1651 juxta
3660 1598 3747 1654 erit

2283 1666 2488 1722 ordinis
2512 1668 2855 1740 religionem,
2880 1673 3205 1738 cuStodiret,
3236 1682 3292 1728 et
3318 1674 3629 1729 custodiendo
3655 1678 3746 1743 peti-

2283 1767 2434 1813 ceret
2449 1757 2523 1814 'ac
2555 1760 2924 1817 conﬁrmaret.
2957 1761 3122 1831 Cujus
3168 1772 3393 1819 sanctas
3443 1779 3604 1833 preces
3623 1778 3749 1818 sanesa-

591 1841 769 1897 stituit
821 1854 875 1900 et
918 1848 1177 1919 suscepit.
1220 1849 1537 1914 Constituit,
1576 1851 1816 1922 inquam,
1846 1852 2180 1909 b‘iscannen-
2212 1829 2256 1889 Β
2287 1864 2475 1904 rumve
2512 1865 2733 1921 precum
2793 1853 2988 1909 nimias
3045 1856 3405 1919 humilitates,
3456 1857 3613 1910 beatus
3642 1857 3749 1915 abbas.

591 1945 713 1986 sem
760 1934 857 1989 soli
919 1935 1178 1994 Romame
1237 1940 1493 1997 Ecclesia:
1544 1942 1854 2013 subiacere,
1909 1952 2069 2014 atque
2110 1945 2176 2001 ab

590 2024 737 2079 omni
768 2024 997 2082 aliarmu
1046 2030 1413 2087 Ecelesiarum
1462 2042 1731 2105 potestate
1785 2036 2076 2090 iummnem
2123 2046 2179 2091 et

591 2117 897 2175 absolutam
926 2129 979 2175 et
1027 2125 1249 2181 omnino
1286 2124 1533 2193 liberam,
1588 2130 1761 2183 t‘orma
1793 2128 2173 2185 Ctuniaeensis

590 2213 905 2268 monasterii
953 2226 1327 2284 permanente.
1358 2218 1612 2291 Acceptis
1659 2220 1823 2292 igitur
1867 2221 2177 2292 apostolica:

590 2305 933 2361 auctoritatis
980 2308 1267 2379 exquisitis
1312 2310 1639 2382 privilegiis,
1685 2312 1854 2368 beatae
1902 2314 2177 2369 memoria:

589 2390 906 2453 Guillelmus
919 2399 1081 2455 abbas
1095 2400 1291 2457 festino
1318 2417 1478 2458 cursu
1502 2402 1948 2459 Northmanniam
1974 2420 2185 2461 remea-

590 2482 702 2550 Vit,
722 2493 778 2541 et
807 2488 958 2555 ducis
990 2489 1247 2547 ltichardi
1286 2492 1557 2550 desiderio
1579 2507 1691 2551 sua:
1720 2496 2014 2552 voluntatis
2058 2496 2177 2552 elic-

2283 1942 2431 1997 velut
2452 1944 2672 1999 oracula
2705 1945 2794 1999 Dei
2821 1947 3140 2018 suscipiens,
3173 1948 3502 2003 Fiscannum
3533 1949 3703 2010 intrarit,
3724 1962 3750 1999 τι

2286 2051 2383 2106 per
2422 2036 2713 2091 multorum
2745 2054 3009 2094 annorum
3036 2041 3387 2111 vertiginem,
3420 2054 3572 2111 usque
3593 2040 3641 2093 ad
3657 2042 3748 2093 ὀυωη

2284 2136 2403 2184 tum
2428 2128 2852 2203 Hierosolymitze
2882 2131 3102 2187 Roherti
3134 2132 3552 2188 Fiscannensem
3573 2131 3749 2187 ceclesim

2284 2222 2448 2286 rexit,
2477 2222 2854 2295 subjectosque
2880 2240 3005 2279 suos
3036 2227 3203 2281 verbo
3232 2235 3291 2281 et
3331 2224 3561 2293 exemplo
3583 2224 3751 2279 succutit

2284 2320 2339 2365 et
2379 2312 2693 2367 reformavit
2715 2314 2781 2367 ad
2809 2314 3100 2384 imaginem
3136 2324 3194 2369 et
3229 2314 3627 2377 similitudinem,
3658 2314 3753 2364 honr.-

2287 2422 2400 2461 rem
2437 2416 2493 2461 et
2534 2406 2761 2477 gloriam
2809 2406 2902 2462 Dei
2936 2408 3353 2477 omnipotentis,
3388 2408 3474 2478 qui
3510 2406 3617 2461 vivit
3643 2414 3677 2459 et
3709 2418 3753 2453 rr-

2287 2504 2414 2568 guat
2440 2510 2536 2567 per
2558 2498 2740 2551 omnia
2764 2497 2961 2552 sarcula
2984 2498 3336 2553 smculorum.
3366 2498 3545 2552 Amen.

594 2638 3274 2665 W

1022 2774 1486 2879 LIBELLUS
1545 2780 1979 2880 SUPPLEX
2052 2777 2740 2882 MONACHOBUM
2800 2740 3439 2881 ABULENSIUM

576 2986 697 3046 Ad
723 2986 938 3050 Patres
975 2988 1039 3050 in
1080 2987 1359 3053 concilio
1390 2991 1561 3069 apud
1589 2992 1647 3053 S.
1692 2991 2019 3054 Tiberium
2077 3009 2248 3082 anno
2310 2994 2465 3056 1050
2519 3000 2965 3072 congregatos,
3005 2990 3326 3053 adversus
3385 2991 3749 3052 bonorumne-

1884 3081 2142 3134 nasteru
2184 3081 2543 3135 Invaseres.

1829 3220 2046 3287 (Mum,
2070 3220 2274 3277 Concil.
2308 3236 2418 3283 χιχ,
2451 3219 2609 3285 795.)-

658 3505 990 3564 Orthodeis
1014 3507 1267 3565 Patrihus
1292 3508 1577 3579 omnigcna
1608 3524 1740 3566 reue
1771 3524 1803 3564 a
1832 3509 1953 3566 'one
1981 3510 2173 3580 d'guis,
2206 3492 2247 3550 ο
2280 3509 2491 3565 alodem
2527 3509 2593 3565 de
2627 3508 2887 3571 Orlarios,
2918 3506 3256 3563 Gausbertus
3298 3508 3473 3577 ipsum
3509 3506 3564 3560 de
3591 3500 3695 3557 Pidn:
3724 3510 3749 3549 τι

588 3616 725 3670 quos
753 3609 941 3656 sancta
975 3614 1044 3656 ex
1071 3600 1305 3657 diversis
1332 3601 1645 3673 aggregavit
1702 3602 1837 3657 ﬁdes
1882 3603 2127 3672 partibus
2158 3642 2174 3670 ,

590 3709 837 3762 quosque
878 3694 1041 3749 rectit
1087 3694 1141 3748 in
1185 3694 1477 3750 dilectione
1516 3693 1874 3749 fraternitatis
1906 3694 2175 3752 vinculum

591 3786 820 3853 gemina:
845 3787 1149 3853 charitatis,
1173 3788 1524 3859 pontiﬁcibus
1555 3788 1821 3856 videlicet,
1850 3789 2047 3860 quibus
2069 3790 2179 3847 col~

590 3876 698 3931 lata
728 3888 811 3931 est
845 3892 975 3933 cura
1031 3878 1383 3935 ecclesiarqu
1415 3880 1531 3947 Dei,
1573 3897 1705 3952 grex
1755 3881 1991 3939 lautillus
2023 3883 2179 3939 alime

590 3967 688 4023 Dei
720 3967 1015 4025 Genitricis
1046 3968 1230 4026 Maria:
1258 3972 1487 4028 cu'nobii
1514 3972 1711 4029 Arulas
1738 3975 1878 4030 hanc
1906 3975 2179 4046 querirno-

593 4063 701 4115 uiae
728 4060 1030 4134 clementia}.
1056 4070 1250 4118 vestra:
1276 4062 1461 4135 dirigit
1486 4066 1737 4136 paginam
1766 4109 1780 4130 ,
1816 4066 1868 4121 iu
1916 4082 2021 4138 qua
2049 4078 2177 4125 sunt

588 4148 844 4205 adnotata
874 4149 1074 4220 praaiia
1103 4166 1223 4221 qua:
1260 4166 1319 4206 se
1345 4163 1599 4208 causatur
1630 4154 1697 4209 ab
1730 4152 1940 4222 iniustis
1974 4165 2028 4209 et
2052 4170 2177 4226 pra-

585 4241 670 4297 \is
705 4241 1009 4298 hominibus
1037 4257 1134 4312 per
1164 4243 1270 4298 vim
1302 4259 1395 4299 seu
1444 4261 1539 4316 per
1569 4246 1888 4301 donationes
1917 4246 2128 4303 illici'as
2157 4288 2173 4313 ,

587 4350 682 4387 seu
724 4332 823 4387 sub
881 4342 1143 4398 praztextu
1186 4333 1472 4403 cujuslibet
1524 4333 1939 4404 fraudulentae,
1996 4353 2025 4391 a
2078 4352 2176 4393 suo

533 4448 539 4456 -
584 4424 705 4492 jure
733 4423 921 4479 distrai
942 4432 1013 4478 ta.
1042 4422 1175 4479 Nam
1206 4434 1397 4481 noscat
1424 4425 1641 4483 almitas
1670 4437 1851 4483 vestra
1882 4429 2169 4499 prmfatuui

587 4515 895 4571 C(Bll0billm
929 4516 1138 4571 uoviter
1164 4516 1419 4572 aediﬁcari
1450 4527 1685 4586 emptum
1742 4534 1839 4588 pro
1894 4530 2170 4574 tantorum

586 4607 881 4664 amissione
908 4608 1255 4678 praediorum,
1280 4624 1387 4664 non
1416 4618 1497 4665 est
1510 4624 1664 4680 posse
1688 4620 1933 4665 nostrum
1953 4612 2078 4665 illud
2110 4611 2175 4665 ad
2200 4606 2203 4609 ’

585 4697 882 4769 perfectum
931 4714 1100 4771 usque
1147 4699 1441 4769 perducere
1480 4740 1495 4762 ,
1545 4701 1849 4757 necessazia
1894 4701 2176 4758 i'efiiienze

586 4806 705 4859 qua.
742 4792 1123 4847 sustentationi
1160 4801 1478 4863 competunt
1533 4792 1845 4865 fragilitatis
1894 4794 2168 4848 humana}.

582 4883 793 4939 Idcirco
819 4882 1109 4955 praedictus
1141 4892 1250 4938 tam
1291 4884 1455 4941 variis
1498 4885 1715 4941 casibus
1748 4885 1999 4956 fatigatus
2030 4924 2045 4950 ,
2077 4885 2169 4939 Dei

582 4976 974 5046 omnipotentis
1001 4975 1222 5046 supplex
1256 4987 1602 5047 vestramque
1632 4978 1872 5032 omnium
1927 4977 2175 5047 deposc't

583 5064 950 5129 clementiam,
994 5067 1142 5121 utoh
1188 5081 1428 5121 amorem
1452 5065 1691 5133 ejusdem
1736 5066 1982 5135 gloriosa:
2024 5068 2175 5137 gerr-

585 5157 741 5212 tricis
768 5159 1090 5215 auctoritate
1118 5158 1414 5229 pontificali
1440 5158 1702 5214 feriantur
1722 5173 1750 5211 a
1779 5160 1932 5215 vobis
1964 5159 2174 5214 vini-nlo

488 5244 489 5247 “
581 5247 743 5315 iusta:
790 5246 1155 5304 damnationis
1187 5290 1202 5315 ,
1250 5258 1305 5306 et
1346 5248 1924 5304 cxcomnnmicationis
1978 5264 2177 5319 quom.-

586 5353 693 5407 que
723 5338 1043 5394 retinuerint
1071 5342 1326 5411 prtedicta
1357 5340 1556 5411 pnedia
1594 5340 1863 5410 praedicta:
1919 5339 2177 5409 Virginis.

583 5429 715 5486 llaec
758 5438 890 5495 sunt
920 5447 1046 5487 vero
1102 5435 1320 5491 nomina
1353 5434 1685 5505 praediorum.
1724 5442 1781 5486 et
1834 5432 2061 5487 militum
2110 5448 2171 5486 ea

583 5521 1000 5594 possidentium.
1030 5523 1084 5578 ln
1109 5526 1296 5595 primis
1326 5526 1533 5579 alodem
1563 5524 1619 5579 S.
1653 5522 1854 5588 Maritr,
1881 5539 2047 5592 quem
2076 5523 2169 5576 ha-

580 5617 679 5673 bet
707 5616 761 5670 in
794 5615 1052 5670 comitatu
1092 5617 1437 5679 Berchitano,
1469 5616 1520 5670 id
1557 5625 1641 5670 est
1676 5616 1729 5670 in
1786 5615 1987 5670 lllarola
2044 5630 2178 5669 cum.

584 5711 702 5780 ipsa
728 5709 990 5777 ecclesia,
1031 5717 1087 5765 et
1116 5710 1440 5781 in:Avisauo
1500 5717 1645 5764 tenet
1698 5708 1891 5763 mulier
1920 5706 2163 5762 Reinaldi

568 5803 675 5872 ~qui
704 5801 805 5856 fuit
834 5802 1113 5872 quondam.
1153 5816 1274 5857 cum
1306 5799 1416 5854 tilio
1440 5815 1557 5854 suo.
1602 5799 1915 5854 [tcirumlus
1949 5797 2180 5853 Arualdi.

2281 3602 2348 3658 de
2380 3601 2693 3669 Ursiniano,
2730 3600 3053 3656 Guillelmus
3084 3599 3238 3655 Oliba
3283 3599 3458 3670 ipsum
3483 3596 3541 3652 de
3568 3593 3743 3650 Cornelia-

2279 3710 2371 3759 no,
2407 3694 2726 3750 Guillelmus
2750 3692 3014 3748 Johannis
3054 3699 3200 3746 tenet
3226 3691 3289 3746 S.
3321 3690 3533 3745 Mariam
3574 3686 3625 3739 de
3659 3682 3749 3735 Pai-

2279 3802 2390 3851 sar,
2430 3796 2489 3842 et
2516 3786 2659 3856 ipsas
2684 3785 2875 3841 vineas
2914 3784 2982 3839 de
3029 3782 3209 3839 Clusa.
3273 3782 3565 3837 Willelmus
3590 3775 3739 3831 Dalmti

2282 3880 2464 3948 ipsum
2492 3878 2706 3933 alodem
2733 3877 2802 3931 de
2824 3876 3026 3941 Maras,
3058 3884 3116 3933 et
3146 3874 3225 3929 de
3239 3888 3439 3944 campo
3463 3869 3640 3930 Eldrici,
3661 3878 3694 3919 tt
3717 3868 3748 3912 de

2279 3969 2561 4034 Tressera,
2585 3976 2638 4023 et
2658 3969 2723 4023 de
2744 3966 2867 4021 villa
2902 3964 3170 4030 Mulacha,
3203 3974 3258 4019 et
3286 3964 3465 4035 ipsum
3492 3965 3549 4018 de
3569 3958 3746 4013 licitam.

2280 4059 2588 4115 Bernardus
2617 4057 2784 4115 Oliva:
2807 4057 3022 4114 alodem
3049 4057 3115 4113 de
3162 4056 3427 4111 Butmors
3449 4095 3462 4118 ,
3490 4051 3607 4109 etde
3625 4047 3745 4102 linsm-

2279 4151 2401 4205 lone
2423 4160 2479 4205 et
2511 4150 2576 4206 de
2606 4149 2805 4216 Bodas,
2838 4148 3036 4205 Aieard
3053 4162 3116 4203 us
3155 4146 3365 4203 Odonis
3406 4144 3589 4200 alodem
3621 4139 3666 4192 de
3693 4134 3733 4188 Ra

2279 4241 2758 4307 bdos,Bernardus
2788 4238 3068 4294 Adalberti
3097 4236 3389 4294 ecclesiam
3419 4236 3483 4291 de
3506 4225 3743 4287 Elissam.

2278 4334 2547 4389 Arnaldus
2579 4331 2845 4387 Johannis
2879 4329 3091 4384 alodem
3138 4330 3204 4384 de
3235 4328 3453 4382 Elsinas
3477 4367 3491 4390 ,
3517 4316 3745 4379 Seiiiotrcizi

2278 4426 2501 4481 Mironis
2515 4424 2722 4479 alodem
2741 4422 2810 4478 de
2824 4421 3113 4486 Terradas,
3133 4429 3188 4475 et
3216 4420 3269 4475 in
3295 4420 3456 4474 Pines
3469 4416 3650 4472 medium
3665 4421 3744 4461 ηιεςιη

2279 4533 2398 4574 sum
2427 4558 2443 4583 ,
2479 4516 2843 4572 Dcusdefranc
2876 4530 3126 4570 mansum
3167 4530 3337 4568 unum
3368 4514 3421 4567 in
3445 4508 3671 4566 Terrodas,
3694 4500 3742 4549 εὖ

2278 4626 2438 4682 garus
2464 4609 2686 4665 Berardi
2719 4610 2865 4679 ipsos
2908 4623 3129 4665 mansos
3169 4616 3225 4663 et
3255 4609 3403 4677 ipsos
3423 4605 3583 4659 alodes
3604 4601 3649 4652 de
3672 4595 3739 4646 Ῐθτυ

2278 4704 2458 4769 radas,
2512 4712 2567 4758 et
2592 4703 2643 4758 in
2669 4702 2879 4759 Cirasia
2935 4716 3156 4757 mansos
3190 4710 3301 4755 tres
3325 4740 3342 4766 ,
3396 4708 3449 4753 et
3470 4700 3589 4766 ipsos

2278 4811 2399 4849 eum
2433 4795 2589 4849 alode
2627 4794 2695 4849 de
2740 4792 2921 4861 Ortos,
2952 4803 3008 4847 et
3051 4793 3195 4862 ipsos
3219 4806 3438 4846 mansos
3464 4803 3568 4843 curn
3592 4780 3731 4835 ³1οάεά

2279 4884 2400 4938 villa
2429 4884 2637 4949 Rubeo,
2668 4894 2723 4939 et
2753 4885 2904 4954 ipsos
2928 4884 2997 4938 de
3027 4882 3211 4937 Vilaro
3237 4880 3540 4943 castellano,
3570 4881 3610 4927 et
3644 4870 3737 4936 3P"

2280 4972 2493 5027 alodem
2541 4974 2609 5029 tle
2636 4976 2799 5030 Costa
2854 4982 2911 5027 et
2940 4974 3116 5044 ipsum
3149 4973 3217 5027 de
3268 4972 3481 5041 Felgus.
3509 4975 3554 5021 et
3584 4963 3631 5015 de
3652 4954 3736 5006 We

2276 5063 2436 5127 della,
2468 5073 2521 5119 et
2559 5066 2625 5119 de
2653 5065 2858 5135 Campo
2890 5065 3183 5119 Sambuee.
3221 5063 3481 5132 Seguinus
3507 5063 3618 5112 tenet
3638 5052 3669 5101 in
3693 5046 3735 5095 iis

2279 5156 2498 5210 hiniano
2521 5157 2664 5211 inter
2690 5170 2907 5211 mansos
2930 5165 2984 5211 et
3013 5155 3217 5210 bordas
3241 5162 3465 5224 septem,
3488 5161 3533 5204 et
3558 5148 3675 5213 ipsum
3688 5136 3734 5181 ἀί·

2278 5250 2479 5303 cimum
2511 5250 2576 5304 de
2607 5249 2929 5318 Rabugailas
2955 5264 3080 5303 cum
3112 5248 3346 5302 medium
3394 5252 3633 5299 mansum.
3661 5240 3732 5277 θυι

2277 5350 2332 5395 et
2359 5342 2526 5395 multa
2557 5340 2659 5394 alia
2694 5340 2848 5395 nobis
2871 5340 3067 5395 aufert.
3106 5339 3422 5409 Udalgerius
3444 5336 3671 5388 vicecom
3691 5330 3729 5365 ιν

2279 5440 2369 5484 net
2407 5440 2575 5483 totum
2621 5430 2856 5484 alodium
2889 5430 2956 5485 de
2999 5430 3218 5485 Alleles.
3688 5498 3691 5503 ί

2276 5522 2523 5593 Synodus
2548 5526 2826 5575 anathema
2853 5522 3159 5591 pronuntiat
3190 5520 3432 5575 adversus
3468 5508 3725 5567 invasam”

2794 5626 2979 5665 uarum
3008 5610 3333 5664 monasterii.

2343 5705 2477 5757 Cum
2506 5715 2691 5758 sancta
2720 5712 2938 5771 cogeret
2961 5718 3058 5756 nos
3089 5702 3221 5755 fides
3248 5717 3310 5757 ex
3339 5693 3539 5753 diversis
3559 5689 3597 5742 in
3631 5685 3721 5771 09””

2279 5798 2598 5867 congregari
2638 5769 2879 5865 partibus
2905 5836 2923 5861 ,
2950 5802 3188 5849 sanctam
3231 5785 3526 5848 celebraturi
3560 5769 3720 5849 εγω-δέκ’
