3834 6332
46 313 151 367 7ὶὸ
1281 307 1511 363 SERMO
1541 307 1626 362 DE
1666 305 1726 361 S.
1760 296 2157 358 MARCULFO.
3236 298 3339 355 ".26

48 428 232 486 llibus
254 427 395 485 Julii
430 429 574 499 apud
605 429 819 489 beatum
854 426 1187 492 Thibcriuai,
1229 442 1350 479 cum
1382 422 1656 494 religioso,
1684 423 1734 483 Α
1765 415 1944 471 ledieti
1973 414 2337 483 ingredientes
2367 422 2421 467 et
2445 413 2805 485 egredientes.
2854 411 3026 467 Miltat
3060 427 3221 483 super
3245 429 3341 467 eos

50 537 169 575 rum
226 520 600 575 multitudine
629 520 905 585 abbatum,
945 528 998 574 et
1046 516 1546 573 honestissimorum
1582 506 1660 567 vi-
1764 509 2022 565 Dominus
2053 506 2246 561 famem
2271 514 2326 560 et
2354 506 2713 576 pestilentiam
2742 514 2795 559 et
2824 504 3242 575 increpatiouem
3285 505 3339 559 in

50 628 236 668 rorum
265 613 573 683 utriusque
618 626 781 668 sexus
813 652 828 677 ,
876 611 1053 666 aetatis
1096 609 1179 664 vel
1205 608 1451 675 ordinis;
1480 607 1656 662 oblata
1686 586 1701 601 ’
1761 600 1939 655 omnia
1980 613 2142 671 Opera
2182 612 2370 653 eorum
2421 612 2540 667 qua:
2589 596 2830 661 faciunt.
2885 598 3058 652 donec
3094 604 3345 653 οοιιῑεΐδιῑ

50 713 133 756 est
159 702 547 772 querimonize
574 702 771 773 pagina
816 700 988 756 oculis
1035 698 1237 755 nostris
1266 715 1332 753 ex
1382 696 1662 753 monachis
1761 707 1853 747 eos
1894 699 1944 746 et
1979 690 2166 761 perdat
2198 687 2455 743 velociter
2480 697 2696 757 propter
2722 687 3128 742 adinvcntiones
3154 702 3342 741 comm

52 798 208 848 almae
248 792 457 848 Maria:
508 793 743 863 Virginis
778 793 1024 849 coenobio
1073 790 1291 855 Arulis,
1350 790 1508 846 simul
1536 805 1659 845 cum
1762 785 2047 852 pessimas,
2083 781 2135 834 in
2159 780 2357 850 quibus
2396 779 2712 851 relinquunt
2762 779 3065 834 Dominum.
3099 778 3344 833 Addueat

52 893 366 954 praemium
402 884 611 956 praedia
638 900 758 954 qum
782 884 883 940 sibi
917 884 985 939 ab
1018 883 1232 953 iiijusiis
1275 883 1536 940 ιοιιυιιιυιο
1566 882 1661 936 Ιιο-
1766 872 2020 927 Dominus
2048 886 2208 942 super
2230 870 2347 925 illos
2368 870 2732 942 pestilentiam
2761 871 2935 926 donec
2959 870 3133 924 deleat
3156 886 3249 925 eos
3278 871 3363 923 de

54 974 294 1029 minibus
327 989 347 1028 :
374 988 488 1044 pro
515 989 618 1044 qua
646 974 940 1030 amissione
988 989 1168 1030 rerum
1200 975 1460 1046 compulsi
1512 974 1662 1029 adire
1765 972 1905 1018 10m
1936 978 2096 1032 (illam
2126 962 2420 1034 Ροεείάθυι·
2458 961 2733 1017 Paulli“
2767 975 2860 1017 eos
2894 971 3132 1035 9895mm
3175 974 3229 1017 ει
3253 963 3341 1016 ίθ⁹

54 1066 420 1135 praesentiam
484 1077 768 1132 nostram,
822 1064 1137 1138 suffragium
1204 1076 1517 1138 expetentes
1566 1084 1568 1120 ι

1832 1057 1842 1107 i
1870 1062 1925 1110 et
1947 1053 2170 1123 frigore,
2201 1052 2393 1108 ardore
2417 1061 2473 1108 et
2493 1062 2654 1119 aestu,
2689 1060 2745 1107 et
2781 1067 2907 1108 aere
2934 1062 3189 1124 corrupto
3214 1092 3229 1115 ,
3280 1067 3344 1105 ac

54 1168 226 1212 strum
260 1175 275 1211 :
307 1157 468 1228 quod
499 1157 605 1214 illis
629 1174 828 1230 negare
859 1175 964 1215 non
988 1170 1070 1216 est
1108 1161 1278 1217 nostri
1306 1160 1531 1225 ordinis,
1562 1177 1568 1215 1

1829 1146 2055 1218 bigine;
2097 1153 2153 1200 et
2202 1153 2559 1216 persequatur
2602 1159 2698 1200 eos
2720 1144 2891 1201 donec
2918 1153 3158 1213 pereant.
3204 1143 3343 1197 Tra-

58 1258 294 1313 κείρω,
353 1265 494 1305 cum
515 1251 568 1305 in
596 1252 851 1318 periculis
874 1252 1163 1309 subvenire
1190 1253 1505 1319 dcimam“,
1533 1263 1585 1308 ει
1607 1253 1661 1307 in
1763 1238 1853 1295 dat
1875 1237 1993 1292 illos
2024 1236 2282 1292 Dominus
2314 1245 2629 1292 corruentes
2679 1252 2864 1292 coram
2914 1236 3151 1291 inimicis
3204 1236 3340 1290 suis.

56 1341 395 1397 necessitate
430 1344 749 1400 constitutis
778 1344 920 1401 ferre
943 1345 1231 1418 justitiam.
1263 1345 1343 1402 Ob
1365 1346 1467 1402 hoc
1499 1347 1568 1419 igi

1827 1339 1885 1383 ut
1912 1330 2176 1385 cadavera
2214 1329 2425 1383 illorum
2457 1328 2765 1384 volatilibus
2790 1328 2841 1384 in
2870 1343 3051 1384 escam
3078 1336 3131 1383 et
3155 1328 3341 1383 bestiis

60 1450 154 1489 nos
180 1434 429 1491 humiles
451 1434 585 1491 Jesu
618 1435 821 1493 Christi
842 1437 1124 1509 pontifices
1159 1438 1506 1495 advertentes
1536 1447 1574 1494 ιε

1825 1436 1942 1487 rrae,
1990 1430 2045 1477 et
2070 1436 2173 1476 non
2214 1421 2285 1475 sit
2312 1420 2403 1491 qui
2429 1421 2628 1491 abigat.
2653 1419 2779 1475 Sint
2805 1420 3045 1490 percussi
3077 1419 3339 1483 czeeitale,

62 1538 160 1580 tam
196 1534 435 1596 tamque
470 1528 768 1584 inauditam
796 1545 1076 1586 servorum
1113 1529 1207 1586 Dei
1239 1531 1576 1600 querimonia

1842 1515 2077 1569 amentia
2117 1530 2181 1570 ac
2215 1513 2397 1569 furore
2427 1513 2622 1568 mentis
2648 1528 2663 1577 ;
2694 1522 2748 1568 et
2773 1512 2992 1583 palpent
3026 1512 3085 1566 in
3118 1512 3343 1567 meridie

62 1616 322 1675 insumi“
372 1618 629 1689 ejusdem
683 1635 1043 1691 provocamur
1087 1624 1156 1678 ad
1208 1624 1661 1692 compescendum
1762 1606 1902 1661 sicut
1936 1605 2142 1678 palpari
2168 1606 2306 1663 solet
2337 1622 2512 1662 caecus
2540 1606 2591 1660 in
2649 1606 2925 1661 tenebris:
2958 1612 3013 1660 et
3068 1620 3174 1660 non
3206 1604 3340 1660 diri-

58 1725 170 1763 eam
193 1709 355 1779 juxta
384 1728 557 1783 posse
601 1723 847 1769 nostrum
870 1715 938 1770 ad
968 1715 1185 1772 decreta
1230 1731 1522 1773 canonum.

1832 1707 1957 1753 ntur
1980 1714 2201 1768 gressus
2234 1714 2441 1754 eorum.
2483 1697 2764 1755 Maledicta
2791 1698 2901 1753 sint
2943 1697 3121 1767 capita
3149 1711 3338 1752 eorum

62 1800 199 1855 circo
234 1815 349 1870 ego.
374 1802 666 1857 Wifredus
694 1801 849 1857 aluta:
877 1802 1065 1872 primae
1095 1803 1359 1861 Narbona:
1387 1814 1655 1875 metropo-
1690 1798 1733 1852 Β
1760 1806 1855 1861 Per
1891 1799 2094 1863 septem
2127 1800 2333 1863 Ροηθδν
2365 1792 2416 1846 id
2442 1799 2526 1846 εει
2552 1806 2648 1861 Per
2698 1805 2857 1845 "ares
2882 1830 2897 1854 ν
2944 1800 2999 1845 ει
3040 1804 3200 1844 aures
3222 1832 3236 1857 ν
3287 1797 3344 1846 θι

61 1890 251 1947 litanus
276 1893 582 1948 confirmo.
612 1896 652 1964 -ὶο
694 1893 807 1966 Ugo
837 1894 1121 1966 episcopus
1152 1894 1454 1953 Uzetensis.
1481 1896 1521 1967 -ι-
1552 1897 1575 1949 ἐ

1829 1884 1966 1949 ulos,
2023 1893 2078 1939 et
2108 1899 2204 1957 per
2238 1885 2459 1940 buccam
2486 1898 2697 1940 eorum.
2743 1882 3086 1938 Maledictum
3138 1884 3210 1938 sit
3251 1898 3340 1938 ce—

64 1980 227 2035 nallus
250 1983 559 2052 episcopus
586 1983 1000 2054 Magaloneusis.
1049 1984 1088 2054 ’ξι
1117 1981 1476 2054 Berengarius
1544 1981 1660 2052 epi-
1761 1978 1976 2032 rebrum
2007 1992 2218 2045 eorum,
2243 1977 2442 2047 capilli,
2475 1976 2704 2042 humeri,
2736 1976 2979 2042 brachia,
3012 1990 3224 2043 manus,
3257 1976 3341 2032 di-

64 2084 253 2140 scopus
277 2072 642 2129 BiLerrensis.
672 2074 711 2145 σι-
738 2075 1043 2131 Bernartius
1068 2074 1349 2145 episcopus
1369 2072 1657 2129 Lutovien-
1759 2073 1874 2143 giti,
1918 2073 2091 2139 frons,
2124 2072 2268 2137 eilia,
2302 2071 2518 2142 linguae,
2549 2071 2762 2134 dentes,
2792 2068 2949 2140 gulze,
2975 2077 3186 2139 pectus,
3215 2068 3343 2122 dor-

64 2166 151 2220 sis.
177 2166 215 2234 λι-
240 2165 552 2235 Gontarius
578 2169 862 2240 episc0pus
881 2169 1185 2241 Agatensis.
1216 2168 1256 2237 ἰ-
1298 2166 1659 2235 Berengarius
1760 2179 1898 2226 sum,
1931 2179 2046 2229 eor,
2076 2172 2282 2227 venter,
2323 2162 2608 2217 uinbilicus
2632 2200 2648 2227 ,
2679 2160 2939 2216 interiora
2974 2203 2989 2227 ,
3019 2159 3294 2216 exteriora
3319 2198 3336 2222 ,

65 2257 340 2326 episcopus
384 2259 645 2316 Elncnsis
686 2260 762 2315 illi
786 2261 878 2332 qui
909 2260 1127 2315 fuerunt
1156 2260 1221 2313 ad
1247 2258 1654 2313 subversionem
1759 2267 1814 2313 et
1855 2256 2175 2328 posteriora,
2217 2256 2424 2320 vitalia,
2456 2254 2723 2325 inguines,
2755 2269 2953 2321 cocc=e,
2983 2252 3239 2326 genieuli,
3276 2252 3344 2307 ti-

65 2348 124 2402 de
144 2349 298 2417 Malo,
329 2351 401 2406 de
433 2353 498 2407 S.
536 2353 700 2409 Maria
725 2394 739 2419 ,
790 2355 855 2409 de
887 2353 1085 2410 Riarde
1106 2393 1121 2417 ,
1162 2350 1371 2407 Rolaud
1405 2351 1658 2407 videlicet
1760 2349 1881 2415 hinc,
1907 2347 2020 2413 tali,
2048 2346 2235 2416 pedes,
2279 2345 2495 2416 planta},
2535 2344 2770 2412 articuli,
2812 2360 2985 2410 reme,
3026 2341 3293 2413 iunctura:
3324 2382 3340 2406 ,

68 2451 117 2493 ei
145 2443 230 2496 aiii
261 2445 355 2514 qui
399 2447 659 2503 consensi
687 2446 926 2513 merum,
960 2464 1082 2503 cum
1116 2447 1305 2520 legalis
1335 2458 1656 2503 οωιθιεοιιωη
1763 2440 1990 2505 viscera,
2027 2453 2171 2503 ossa,
2216 2436 2468 2491 medulla.
2500 2434 2624 2491 Haec
2648 2436 2827 2491 omnia
2858 2436 3249 2507 pramominata
3276 2434 3343 2489 il-

66 2535 515 2605 coepiscopomm
540 2552 846 2595 ιιοειιιοιιυηι
873 2549 927 2596 ει
953 2556 1074 2595 cum
1104 2542 1392 2600 abbaiibus
1442 2542 1659 2613 reiigio.
1762 2533 1934 2586 lorum
1962 2530 2245 2586 maledicta
2283 2530 2392 2585 sint
2415 2530 2514 2584 nisi
2551 2528 2894 2600 resipuerint,
2945 2541 3000 2585 et
3034 2529 3102 2583 ad
3158 2543 3342 2582 veram

68 2624 136 2678 sis
159 2639 223 2679 ex
245 2627 488 2683 diversis
516 2629 799 2685 ordinibus
829 2628 1042 2687 Goiliigg
1079 2646 1143 2687 ac
1172 2631 1387 2703 spauiae
1415 2674 1430 2698 ,
1470 2633 1659 2689 ηοιεη-
1760 2620 2135 2693 ρωιιίιοιιιίιιιιι
2159 2621 2424 2675 venerint.
2460 2619 2527 2675 Et
2563 2620 2676 2675 haec
2707 2618 2889 2691 regula
2938 2618 3345 2674 maledictionis

73 2724 143 2769 trs
171 2718 492 2772 exorbitare
521 2734 551 2772 a
579 2720 780 2791 regulis
811 2720 910 2776 SS.
940 2721 1188 2789 Patrum,
1207 2724 1419 2780 accensi
1439 2724 1655 2780 flamma
1760 2733 1924 2797 atque
1954 2723 2523 2780 anathematizatiouis
2550 2730 2817 2784 servetur,
2842 2729 2895 2776 et
2942 2728 3258 2791 permaneat
3289 2721 3341 2775 in

74 2804 297 2876 Spiritus
333 2812 545 2879 sancti,
568 2813 905 2883 percutimus
942 2829 1056 2879 eos,
1082 2816 1170 2885 qui
1194 2816 1245 2870 in
1271 2831 1432 2886 supra
1455 2817 1657 2887 scripta
1760 2814 2011 2872 omnibus
2043 2815 2336 2885 primatum
2367 2812 2634 2870 ecclesiis.
2680 2812 3002 2882 Quicunque
3032 2811 3197 2882 igitur
3217 2826 3343 2866 cum

72 2897 212 2967 culpa
242 2912 405 2970 atque
437 2903 773 2975 negligentia
821 2915 946 2960 sunt
981 2915 1256 2962 auterunt
1303 2907 1524 2975 irretiti,
1569 2924 1657 2964 se-
1760 2908 2166 2979 prmnomiuatis
2215 2907 2527 2963 hominibus
2586 2905 2750 2962 locuti
2816 2904 3023 2961 fuerint
3084 2905 3343 2970 scienter,

78 2990 292 3046 cundum
323 2994 476 3064 quod
510 2996 564 3049 in
589 2997 746 3066 culpa
764 3007 891 3053 sunt
918 3008 1193 3056 auterunt
1224 3000 1482 3071 implicati
1515 3043 1530 3069 ,
1563 3019 1659 3075 per
1762 3002 1864 3057 nisi
1894 3002 2188 3059 emendare
2215 3017 2310 3057 eos
2340 3001 2541 3057 hortati
2570 2999 2792 3065 fuerint,
2824 3008 2916 3053 aut
2945 3014 3069 3055 cum
3093 2998 3175 3053 eis
3192 3013 3345 3052 mau-

76 3081 293 3150 gladium
316 3085 526 3152 Patris,
550 3098 606 3142 et
625 3087 768 3154 Filii,
794 3098 847 3144 et
870 3090 1101 3162 Spiritus
1115 3094 1311 3160 sancti,
1333 3104 1386 3150 et
1410 3110 1506 3166 per
1527 3112 1657 3150 ana-
1684 3149 1722 3166 η
1760 3097 2101 3163 dueaverint,
2138 3096 2396 3162 biberint,
2437 3094 2780 3160 dormierint,
2812 3093 2865 3147 in
2897 3092 3151 3162 aliquove
3174 3090 3345 3162 parti-

80 3172 571 3235 thcmatizationem
592 3182 833 3237 omnium
861 3199 981 3254 quae
1001 3187 1383 3252 sunt,fuerunt
1410 3149 1465 3244 et
1495 3199 1656 3245 erunt
1680 3149 1723 3206 ρ
1756 3190 1917 3262 cipati
1958 3189 2177 3253 fuerint,
2232 3186 2334 3243 nisi
2384 3185 2744 3255 resipuerint;
2779 3184 2823 3239 si
2863 3182 3094 3240 clericus
3133 3180 3343 3247 fuerit,

78 3262 297 3322 ﬁdelium
328 3269 448 3338 Dei,
498 3272 599 3327 nisi
627 3274 695 3328 ad
729 3290 911 3328 veram
945 3278 1316 3346 paenitentiam
1366 3283 1654 3349 venerint,
1758 3282 1979 3353 proprio
2008 3280 2197 3337 ordine
2224 3278 2642 3350 periclitabitur,
2673 3276 2717 3332 si
2759 3275 2931 3331 laicus
2960 3283 3053 3329 aut
3092 3273 3291 3329 femina
3324 3310 3345 3340 ,

83 3362 129 3407 et
157 3361 446 3417 secundum
482 3380 638 3432 posse
666 3365 880 3421 illorum
913 3370 1320 3428 emendaverint
1345 3414 1360 3440 ,
1416 3375 1529 3430 sint
1560 3389 1653 3430 ex-
1756 3376 1859 3431 nisi
1901 3381 2220 3445 paupertate
2250 3382 2346 3427 aut
2371 3379 2517 3426 metu
2546 3369 2916 3440 deprehensus
2957 3365 3144 3431 fuerit,
3200 3379 3345 3436 prte-

84 3453 240 3549 lorres
267 3466 296 3504 a
335 3452 623 3511 liminibus
654 3466 854 3512 sanetae
882 3458 974 3513 Dei
1000 3460 1273 3529 Ecclesiae,
1330 3465 1382 3518 in
1425 3466 1654 3521 anatbe-
1755 3470 1899 3525 dicta
1940 3466 2289 3541 damnatione
2333 3463 2664 3536 perdendum
2694 3502 2711 3530 ,
2768 3469 2823 3514 et
2875 3458 3345 3514 anathematizan-

86 3542 406 3599 matizatione
428 3547 547 3600 sint
574 3562 763 3605 omnes
791 3554 1040 3622 superius
1080 3555 1380 3621 nominati,
1427 3573 1648 3614 omnes-
1756 3563 1884 3617 dum
1994 3569 2051 3616 et
2135 3554 2720 3614 excommunicandum
2771 3566 2829 3607 se
2886 3565 3007 3606 esse
3057 3549 3347 3622 perhorre-

84 3640 175 3693 que
208 3633 618 3693 maledictiones
648 3639 857 3698 Veteris
885 3654 940 3699 et
963 3645 1096 3701 Novi
1126 3647 1458 3704 Testameuti
1488 3666 1652 3720 super
1755 3662 1892 3709 seat.

86 3731 247 3775 eorum
272 3728 459 3797 capita
490 3731 932 3803 multiplicamus.
986 3739 1252 3795 Maledicti
1283 3744 1393 3797 sint
1432 3743 1485 3798 in
1522 3745 1654 3800 civi-
1829 3748 1962 3801 Acta
1988 3745 2227 3816 synodus
2246 3744 2370 3801 Idus
2395 3740 2519 3797 Julii
2543 3737 2967 3797 annoincarnati
2996 3730 3159 3792 Verbi
3183 3733 3344 3799 l050,

89 3820 201 3920 ¹²¹ξῗο
233 3819 515 3920 ξ¹¹³¹θι¹ίθ¹ί
550 3824 603 3878 in
633 3841 783 3895 ³εἶιόι
816 3832 1099 3887 maledicta
1133 3834 1326 3890 horrea
1374 3851 1560 3891 eorum
1600 3836 1656 3894 ei
1758 3841 2048 3896 indictione
2098 3855 2158 3894 ιιι
2190 3879 2204 3903 ,
2237 3818 2405 3893 anno
2430 3853 2522 3903 xx,
2555 3842 2816 3905 regnante
2844 3846 2971 3904 rege
3002 3829 3239 3887 Henrico
3288 3829 3343 3883 in

87 3902 278 3964 cellaria
302 3927 522 3981 eorum,
548 3918 815 3975 maledicti
842 3923 946 3978 cibi
969 3939 1156 3981 eorum
1190 3928 1654 3999 etreliquimipso-
1760 3932 2015 3997 Francia,
2043 3931 2169 3995 anni
2202 3930 2341 4001 cyeli
2372 3902 2549 3986 octavi
2594 3902 2790 3982 decimi
2831 3902 2929 3978 νι.⁷
2960 3922 3204 3993 Sriptum
3244 3934 3345 3990 per

92 4006 211 4060 ruIn.
239 4004 524 4062 maledicta
555 4011 664 4064 sint
696 4012 952 4071 inferiora
980 4019 1182 4074 ventris
1214 4033 1402 4076 eorum
1434 4032 1489 4077 et
1545 4023 1658 4078 fru-
1760 4041 1952 4079 manus
1987 4023 2154 4079 Olivae
2201 4022 2239 4093 -ι-
2263 4021 2644 4083 Guislibertus,
2698 4015 2873 4088 gratia
2924 4014 3019 4071 Dei
3059 4013 3347 4084 episcopus

88 4093 191 4142 ctus
211 4100 359 4152 terra:
389 4100 916 4171 ipsorum,armenta
942 4119 994 4165 et
1013 4126 1201 4183 greges
1224 4114 1462 4183 ipsorum
1489 4134 1508 4179 ;
1539 4132 1653 4173 ma-
1757 4114 2196 4181 Barcinonensis,
2228 4111 2501 4169 Wil‘redus
2531 4108 2728 4181 praesul
2754 4108 2816 4178 1-.

101 4237 3322 4288 Μ

622 4403 1092 4523 SEBMO
1181 4413 1359 4525 DE
1448 4413 2008 4528 SANCTO
2095 4412 2864 4530 MARCULFO

1177 4607 1446 4665 ABBATE
1470 4609 1837 4673 NAN'I'ENSI.
1869 4611 2349 4679 CONFESSORE,

174 4731 409 4803 (MARILL.
436 4738 571 4794 Acta
601 4738 699 4797 SS.
732 4739 957 4811 Bened.,
989 4741 1218 4811 Saee.Vl,
1245 4762 1297 4816 p.
1331 4762 1391 4814 Il,
1416 4763 1468 4817 p.
1502 4747 1626 4814 5l7,
1657 4766 1720 4804 ea:
1749 4766 1848 4804 ms.
1877 4751 2054 4806 codice
2084 4751 2301 4806 raeuobii
2329 4750 2387 4806 S.
2430 4750 2681 4807 l’incentii
2707 4750 2847 4821 apud
2887 4747 3248 4817 Laudanum.)

1534 4885 1854 4901 ﬂ

165 4994 211 5050 ί.
241 4997 537 5061 venerandi
592 5005 782 5063 Patres
829 5023 894 5063 ac
939 5008 1118 5063 dilecti
1152 5007 1368 5075 fratres,
1427 5024 1563 5078 quos
1602 5009 1653 5063 in
1689 4995 1733 5048 Β
1758 5027 1882 5080 gare
1914 5026 2204 5065 sermonem
2258 5009 2440 5083 (Prov.
2471 5024 2596 5076 xxv,
2619 5009 2674 5080 2)
2700 5007 2796 5080 (1).
2821 5005 3179 5077 Quapropter,
3208 5001 3343 5058 deli-

107 5082 242 5144 domo
265 5109 353 5150 sua
376 5095 515 5152 Deus
543 5098 787 5153 habitare
812 5099 942 5154 facit
991 5101 1294 5165 unanimes,
1321 5101 1657 5155 eshorlatio-
1761 5104 1989 5159 ctissimi
2019 5146 2033 5169 ,
2080 5120 2259 5161 vesu'a
2304 5104 2522 5161 dilectio
2578 5102 2788 5158 noverit
2834 5116 2934 5156 nos
2986 5100 3345 5169 investigasse

108 5179 176 5233 nis
202 5196 383 5246 nostrze
443 5192 694 5263 alloquia,
733 5193 840 5247 imo
902 5192 1095 5248 divina:
1157 5194 1370 5247 virtutis
1427 5192 1655 5263 insignia
1760 5197 2005 5265 quoidam
2039 5213 2262 5268 operum
2312 5196 2608 5252 Salvatoris
2661 5194 2835 5249 nostri
2884 5195 3004 5261 Dei,
3034 5210 3153 5265 qum
3181 5191 3346 5246 Pater

110 5269 235 5329 lnati
278 5279 506 5340 Mareulii
559 5286 767 5341 meritis
823 5295 1041 5340 ostensa
1077 5292 1379 5340 vestrorum
1428 5284 1658 5355 benigne
1762 5288 1878 5357 ejus
1909 5302 2006 5357 per
2035 5297 2298 5351 naturam,
2351 5298 2537 5343 noster
2586 5302 2714 5344 vero
2742 5302 2839 5357 per
2891 5288 3141 5359 gratiam,
3174 5297 3346 5352 usque

110 5367 374 5435 hcrcipiant
398 5392 594 5432 aures:
630 5376 922 5433 Salomone
969 5386 1237 5441 testante,
1292 5376 1399 5432 imo
1450 5376 1653 5448 Spiritu
1761 5381 1919 5435 modo
1945 5389 2221 5451 operatur,
2265 5389 2320 5435 et
2366 5381 2506 5437 idem
2540 5381 2708 5437 Filius
2748 5382 2961 5451 operari
3009 5396 3130 5437 eum
3181 5378 3345 5433 Patre

111 5463 273 5545 διξιὶοω
316 5462 611 5523 Salomonis
660 5483 755 5523 ore
809 5467 1099 5545 loquente,
1163 5466 1452 5523 didicimus
1528 5469 1652 5538 quia
1765 5489 1869 5528 non
1898 5472 2115 5528 desinit.
2167 5471 2335 5542 Igitur
2389 5472 2561 5529 ﬁdelis
2612 5489 2675 5529 ac
2723 5473 2848 5529 boni
2904 5471 3195 5528 iesiimonii
3242 5468 3342 5521 viri

114 5541 256 5603 g’oria
284 5568 446 5623 regum
475 5560 643 5615 celare
665 5562 893 5625 verbum,
936 5541 1104 5631 gloria
1157 5579 1272 5616 vero
1325 5560 1655 5614 Deiinvesti-
1767 5562 1937 5617 relatu
2004 5541 2367 5631 comperimus
2429 5563 2570 5632 quod
2634 5564 2701 5619 ad
2764 5562 2987 5635 gloriam
3058 5561 3147 5614 Dei
3214 5574 3342 5613 san-

148 5656 528 5755 ,iliclocus
568 5674 727 5755 hodie
773 5674 826 5728 in
877 5673 1101 5744 Vulgata
1152 5684 1336 5732 nostra
1386 5675 1663 5733 contrario
1700 5691 1860 5735 sensu
1909 5677 1988 5737 sic
2036 5676 2297 5736 elIertur':
2327 5676 2509 5736 Gloria
2562 5678 2660 5736 Dei
2697 5690 2769 5735 est
2816 5680 2985 5735 celare
3008 5677 3213 5733 verbum
3244 5716 3257 5741 ,
3294 5682 3345 5731 el

111 5737 251 5783 g'orm
271 5748 437 5803 regum
466 5744 767 5812 investigare
790 5737 1098 5801 sermonem.
1392 5792 1395 5797 η
