3834 6332
585 338 690 393 727

1340 339 1512 394 sazc.
1552 339 1622 393 XI
1654 340 1856 396 acer.
1895 338 2166 395 meumr
2206 340 2367 395 sam
2402 341 2486 398 ET
2514 343 2776 401 sempr.
2819 346 3037 406 “nassa.
3677 366 3737 426 τῖς

587 466 910 525 ctorumque
962 455 1077 523 ejus
1113 464 1370 509 honorem
1432 456 1629 511 litteris
1685 457 1899 512 tradere
1956 456 2165 510 studui-
2190 446 2240 512 Α
2272 454 2525 513 ﬂuctibus
2550 460 2616 513 ad
2641 462 2957 516 monasterii
2995 471 3205 532 portum
3237 467 3739 548 convolaveratﬂbiqng

586 566 727 604 mus.

655 642 708 695 2.
736 638 903 695 Nocte
927 645 1185 710 sequente
1216 639 1356 695 diem
1387 639 1829 695 Annuntiationis
1850 637 2164 705 Dominicar,

585 734 638 787 in
665 732 891 788 ecclesia
926 732 977 787 in
1010 748 1116 802 qua
1168 733 1358 787 beatus
1408 731 1700 787 Marculfus
1730 733 2021 803 requiescit
2048 747 2167 786 cor-

581 823 909 893 pore,talem
937 822 1189 877 virtutem
1222 824 1388 877 Deum
1414 822 1687 878 credimus
1707 831 1990 893 eperatum
2019 837 2161 877 esse.

581 913 786 968 Eadem
849 927 1082 983 namque
1124 922 1283 968 nocte
1312 911 1423 982 jant
1478 912 1768 976 mediante,
1814 912 2081 966 exstincto
2111 913 2163 966 in

580 1002 807 1058 ecclesia
863 1000 1096 1058 lucerna:
1149 1002 1368 1069 lumine,
1433 1002 1605 1057 solita:
1665 1002 1838 1057 noctis
1890 1001 2167 1057 redictunt

579 1094 839 1149 tenebrat.
898 1093 1148 1148 IEdituus
1178 1093 1407 1163 denique
1437 1108 1464 1147 a
1530 1108 1721 1149 somno
1772 1094 2060 1157 excitatus,
2108 1105 2166 1150 ut

556 1178 970 1256 ἐἰτειιιιιερεχίι
1000 1200 1063 1241 ac
1093 1185 1265 1240 sensit
1298 1185 1418 1241 luce
1450 1186 1648 1241 visibili
1706 1185 1984 1240 basilicam
2016 1200 2165 1240 care-

578 1291 660 1341 re,
686 1275 877 1329 relicto
900 1282 1070 1330 strattt
1106 1275 1489 1330 dormitorium
1517 1283 1571 1330 et
1606 1274 1894 1346 coquinam
1931 1274 2161 1330 fratrum

581 1377 687 1418 non
744 1364 922 1418 timuit
971 1364 1144 1429 adire,
1197 1374 1464 1435 quatenus
1504 1364 1576 1420 ibi
1625 1363 1845 1421 candela
1904 1379 2163 1421 succensa

580 1454 755 1509 lucem
786 1455 1036 1511 redderet
1066 1457 1249 1512 domui
1274 1468 1496 1513 sanctaz.
1539 1456 1647 1513 Sed
1675 1466 1730 1513 et
1754 1458 1807 1512 in
1840 1456 2162 1514 dormitorio

565 1539 879 1613 lucernam,
909 1555 964 1601 et
1010 1547 1060 1601 in
1087 1548 1200 1619 ipsa
1227 1548 1392 1604 etiam
1428 1549 1658 1620 coquina
1714 1563 1920 1619 prunas
1961 1550 2164 1621 reperit

580 1642 1032 1706 exstinctas,non
1063 1641 1313 1707 fortuitu,
1362 1646 1454 1701 sed
1495 1654 1555 1700 ut
1580 1660 1785 1711 remur,
1834 1655 1891 1700 ut
1936 1646 2164 1701 manife-

580 1740 860 1789 starentur
889 1732 984 1788 Dei
1008 1747 1191 1804 Opera.
1218 1733 1357 1803 Quid
1397 1748 1523 1807 ergo
1550 1735 1691 1792 idem
1720 1735 1949 1791 aedituus
1979 1744 2163 1808 ageret

578 1825 885 1895 ignorabat.
941 1803 1182 1881 Tandem
1232 1826 1396 1881 nimia
1446 1803 1704 1882 maestitia
1739 1803 2160 1883 attonitus'ora-
2190 1803 2236 1864 Β

576 1915 774 1969 torium
808 1914 1184 1986 rediit,ihique
1204 1925 1511 1989 prostratus
1539 1932 1723 1973 coram
1754 1917 1911 1972 altari
1943 1917 2163 1973 diutina:

575 2006 809 2062 orationi
866 2007 1129 2071 incubuit,
1185 2008 1495 2079 supplicans
1542 2009 1739 2065 divina:
1790 2007 2059 2079 majestati
2104 2008 2164 2065 tit

576 2098 786 2154 meritis
814 2099 986 2154 sancti
1011 2099 1093 2155 sui
1127 2100 1325 2155 ibidem
1355 2101 1687 2171 quiescentis
1732 2102 1784 2156 in
1824 2100 1924 2157 hac
1965 2108 2162 2172 oppor-

577 2190 807 2246 tunitate
838 2199 1183 2246 succurreret
1237 2192 1311 2257 ei,
1364 2207 1430 2246 ne
1476 2192 1685 2247 scilicet
1726 2191 1908 2249 lumen
1946 2193 2163 2248 deesset

575 2280 841 2337 fratribus
871 2282 1244 2337 matutinalem
1290 2285 1538 2355 synasim
1568 2284 1813 2354 proxime
1841 2285 2159 2339 cantatnris.

578 2368 697 2427 Nec
745 2372 957 2427 distulit
1003 2372 1357 2443 Omnipotens
1398 2374 1657 2429 exaudire
1705 2382 1759 2428 et
1789 2374 2011 2429 auribus
2036 2389 2159 2445 per-

579 2463 759 2533 cipere
786 2463 1057 2534 lacrymas
1084 2464 1338 2534 pauperis
1376 2466 1445 2520 ad
1494 2479 1552 2520 sc
1582 2464 1634 2519 in
1664 2464 1951 2521 afﬂictione
1977 2465 2163 2520 clami-

581 2557 773 2613 tantis.
818 2544 952 2611 Natn
983 2556 1209 2613 affectus
1243 2558 1485 2624 tristitia,
1516 2558 1692 2613 fessus
1729 2558 1892 2612 etiam
1920 2559 2163 2614 oratione

578 2649 718 2718 ipsa,
754 2648 879 2704 dum
909 2648 1157 2706 Elbertus
1188 2649 1290 2723 (sic
1337 2650 1479 2706 enirn
1511 2659 1729 2707 vocatur
1753 2651 2005 2721 prtefatus
2034 2653 2163 2707 tedi-

579 2741 729 2810 tuus)
759 2741 915 2807 dum,
942 2741 1185 2810 inquam,
1212 2750 1419 2797 stratus
1462 2741 1545 2797 sui
1578 2743 1884 2812 repetiisset
1913 2743 2160 2815 spatinla,

582 2843 709 2890 tunc
738 2847 953 2906 quoque
1011 2834 1365 2906 laerymatur,
1421 2845 1476 2891 et
1508 2835 1609 2891 sibi
1644 2836 1864 2891 omnino
1904 2832 2163 2906 reputans

582 2928 737 2997 quasi
765 2927 850 2981 sui
875 2924 1201 2998 negligentia
1235 2925 1357 2981 luce
1388 2936 1599 2982 careret
1625 2926 1876 2993 ecclesia,
1909 2926 2004 2982 Dei
2031 2936 2163 2983 nutu

578 3028 863 3091 respectus
885 3020 1292 3090 circumspexit,
1326 3029 1606 3090 totamque
1639 3020 1918 3076 basilicam
1950 3019 2162 3076 caelesti

2202 600 2212 611 ,
2268 564 2365 618 per
2385 549 2589 619 aliquot
2634 568 2804 607 annos
2834 555 3263 612 ministraverat.
3294 558 3525 631 Cumque
3548 564 3603 619 ab
3618 575 3739 625 enim

2268 639 2466 697 domno
2490 641 2729 699 Robcrto
2758 645 2860 715 (sic
2908 648 3052 702 enim
3102 649 3419 721 vocabatur)
3445 654 3598 709 omnia
3618 668 3741 727 quam

2268 732 2334 786 ad
2375 733 2603 791 salutem
2628 739 2997 812 provenirent,
3027 755 3093 796 ex
3125 756 3279 796 more
3315 746 3743 822 percepissetxgre

2268 833 2354 880 tus
2403 826 2639 897 adjecit:
2677 849 2694 881 ι
2728 830 2841 901 Ego
2885 828 3123 900 quidem,
3168 831 3247 885 tni
3284 829 3461 898 Pater,
3500 839 3744 906 quoniam:

2268 914 2561 991 longinquo
2588 936 2729 985 sum,
2758 923 2809 977 iu
2842 923 3096 993 prresenti
3135 924 3439 993 repatriare
3463 928 3745 997 disponozsed

2267 1013 2369 1067 hoc
2407 1014 2476 1068 ob
2501 1013 2839 1070 devotionem
2890 1024 3035 1085 peto,
3066 1024 3124 1070 ut
3156 1016 3279 1071 hmc
3318 1032 3475 1086 quam
3501 1019 3635 1075 obtuli
3670 1038 3746 1078 eas»

2266 1104 2466 1169 delam,
2498 1114 2625 1160 ante
2660 1107 2761 1163 hoc
2792 1108 3222 1163 sacratissimum
3270 1109 3561 1179 sepulcrum
3590 1119 3745 1183 quantine

2266 1195 2463 1252 durare
2492 1200 2709 1267 poterit,
2764 1205 2937 1270 usque
2978 1202 3044 1257 ad
3072 1204 3579 1258 consummationem
3616 1207 3745 1271 animi,

2264 1289 2517 1358 quoniam
2557 1306 2679 1346 cum
2706 1293 2757 1348 in
2790 1293 2959 1364 patria
3002 1309 3120 1350 mea
3158 1312 3365 1361 essem,
3389 1296 3432 1349 si
3459 1311 3552 1349 non
3573 1311 3623 1351 ex
3644 1300 3746 1351 actio-

2264 1396 2352 1447 ne,
2382 1392 2531 1438 ccrte
2571 1397 2636 1439 ex
2686 1384 2957 1439 desiderio
2995 1400 3116 1441 eam
3170 1387 3339 1442 beato
3369 1385 3601 1443 Marcello
3635 1390 3748 1456 sepii-

2265 1475 2403 1530 sime
2430 1474 2744 1532 offerebam.
2775 1476 2905 1532 Erat
2933 1487 3115 1533 autem
3151 1494 3261 1535 non
3295 1478 3512 1534 modicae
3532 1480 3747 1546 quantitatis

2263 1576 2323 1622 ut
2355 1566 2565 1623 infinite
2592 1583 2688 1638 per
2715 1578 2825 1623 tres
2852 1567 2971 1622 dies
2995 1569 3123 1625 dare
3148 1568 3338 1625 lumen
3372 1569 3425 1622 in
3450 1568 3639 1623 ecclesia
3662 1567 3748 1620 sai-

2264 1665 2434 1724 ceret,
2460 1657 2682 1728 jamque
2725 1668 2854 1713 ante
2880 1657 3055 1714 altare
3101 1659 3248 1728 quod
3275 1667 3366 1713 est
3393 1658 3447 1712 in
3485 1658 3647 1712 honore
3662 1655 3747 1723 ejus-

2264 1750 2387 1807 dem
2412 1750 2614 1807 Christi
2644 1750 3000 1817 confessoris,
3030 1752 3280 1806 revoluta
3312 1765 3475 1820 super
3490 1750 3748 1818 pavimenta

2264 1842 2492 1897 ardebat
2544 1861 2556 1897 :
2601 1853 2938 1913 acceptaque
2987 1844 3288 1913 Sponsione
3332 1857 3363 1896 a
3410 1841 3636 1897 monacho
3664 1840 3746 1908 quod

2262 1948 2385 2005 quae
2411 1935 2675 2005 petiverat
2698 1936 3037 2008 adimpleret,
3064 1935 3393 2006 peregrinus
3412 1932 3746 1995 recedentem

2263 2023 2536 2091 Elbertus,
2561 2027 2628 2083 de
2674 2042 2782 2097 quo
2827 2027 3077 2098 superius
3121 2026 3492 2088 meminimus,
3528 2024 3646 2095 quasi
3663 2023 3745 2075 alia-3

2263 2118 2391 2189 quid
2419 2133 2578 2189 agere
2603 2119 2763 2176 vellet
2803 2120 2939 2190 pede
2966 2119 3314 2190 superposito
3337 2116 3590 2172 candelam
3613 2118 3745 2167 exstin-

2269 2210 2369 2276 xit,
2392 2210 2547 2280 juxta
2575 2225 2758 2266 arcam
2804 2226 3048 2267 seorsum
3072 2211 3407 2283 exstinctam
3446 2207 3746 2278 deposuitpet

2266 2303 2616 2374 peregrinum
2648 2303 2833 2368 valvas
2859 2304 3105 2360 ecclesia:
3153 2304 3509 2358 obseratnrus
3550 2300 3664 2353 abiit.
3686 2298 3746 2349 Νέης

2264 2409 2437 2460 mora,
2466 2394 2698 2450 firmatis
2716 2394 2896 2461 ostiis,
2922 2403 3221 2464 antequam
3254 2392 3349 2448 ille
3390 2392 3586 2453 rediret,
3606 2388 3744 2443 candela

2264 2486 2524 2543 divinitus
2553 2504 2784 2545 accensa
2805 2498 2911 2557 est,
2942 2498 3236 2558 tantusque
3263 2505 3331 2544 ex
3361 2502 3423 2543 ea
3452 2487 3573 2558 ignis
3601 2486 3743 2543 exilirit,

2263 2588 2409 2636 utet
2461 2596 2644 2637 arcam
2675 2592 2730 2637 et
2751 2592 2930 2638 vestes
2976 2598 3118 2638 arc:e
3167 2581 3533 2652 superpositas
3563 2578 3691 2633 subito
3715 2576 3743 2627 in

2266 2670 2502 2728 favillam
2563 2675 2876 2747 redegerit;
2936 2676 3161 2747 ipsaque
3193 2674 3422 2731 candela
3466 2674 3743 2743 (sicutpanr-ct

2265 2763 2438 2818 sancti
2468 2762 2718 2836 petierat)
2750 2765 2894 2823 illico
2916 2774 3299 2821 consummata
3328 2773 3431 2820 est.
3456 2764 3552 2818 lies
3575 2757 3743 2815 minbils

2266 2854 2407 2923 quod
2438 2854 2591 2923 quasi
2621 2855 2832 2910 duobus
2885 2855 3177 2911 momentis
3206 2865 3265 2911 et
3312 2853 3517 2910 flamma
3560 2849 3739 2917 multiplex

2266 2943 2587 3011 cxcreverit,
2612 2954 2666 3000 et
2691 2960 2811 3016 quae
2832 2947 3141 3017 arripuerat
3160 2948 3395 3003 omnino
3431 2942 3737 3013 consumpserit.

2266 3036 2375 3094 Sed
2406 3037 2450 3093 si
2486 3037 2896 3094 consideremus
2936 3040 3097 3115 unius
3142 3039 3487 3094 devotionem
3533 3045 3577 3089 et
3600 3034 3739 3087 alterius

578 3117 701 3172 luce
728 3103 1029 3171 elaresCere
1057 3104 1209 3169 vidit.
1242 3114 1486 3185 Repente
1536 3114 1731 3185 gaudio
1776 3114 1994 3184 gavisus
2047 3128 2162 3169 ma-
2189 3151 2232 3211 ο
2267 3128 2667 3200 negligentiam,
2724 3127 2898 3199 liquet
2940 3113 3185 3200 profecto
3241 3145 3343 3201 pro
3389 3130 3595 3198 irrogata
3628 3120 3741 3177 fraude

578 3222 704 3277 gno,
739 3205 1014 3263 lucernam
1047 3205 1205 3276 paulo
1236 3216 1359 3261 ante
1384 3206 1705 3262 exstinctam
1746 3206 1900 3275 adiit,
1935 3221 2162 3277 eamque

578 3296 883 3352 clarissime
936 3295 1218 3353 ardentem
1281 3298 1500 3369 reperit.
1540 3295 1660 3353 Mox
1711 3296 1877 3352 etiam
1907 3296 2163 3369 lacrymis

580 3389 816 3445 tristitiae
844 3388 1023 3459 gaudii
1047 3388 1316 3461 lacrymas
1349 3390 1766 3461 supcrl‘nndens,
1790 3390 1902 3447 Deo
1929 3398 1983 3446 et
2004 3391 2163 3446 beato

576 3480 842 3536 Marculfo
891 3482 1292 3553 praeconiorum
1344 3482 1548 3553 juhilos
1590 3482 1798 3549 retulit,
1850 3482 2034 3553 sicque
2076 3498 2163 3538 se-

578 3572 761 3627 curior
787 3571 1081 3627 dormitum
1143 3572 1264 3627 iuit.
1294 3571 1450 3627 Mane
1503 3579 1683 3627 autem
1715 3571 1961 3627 disrusso
1988 3571 2163 3627 noctis

576 3655 756 3725 peplo,
788 3657 978 3725 dieque
1006 3657 1254 3712 radiante
1316 3673 1532 3723 sereno,
1564 3657 1763 3713 fratres
1813 3658 1938 3723 loci,
1974 3673 2165 3713 mona-

578 3748 712 3803 chos
740 3745 994 3802 videlicet
1017 3748 1321 3804 beatissimi
1354 3749 1602 3819 Remigii,
1642 3750 1947 3815 accersivit,
1975 3751 2163 3819 eisque

581 3840 693 3907 (me
717 3847 982 3908 przesente
1010 3842 1102 3909 qui
1135 3840 1250 3895 lucc
1274 3826 1488 3913 scripsi)
1545 3855 1685 3897 rem.
1713 3850 1916 3911 gestam
1954 3842 2162 3910 pandit,

580 3937 899 3984 eotttestans
929 3929 1023 3984 Dei
1057 3929 1311 3984 virtutem
1354 3939 1776 4000 sanctorumque
1810 3931 1928 4001 ejus
1976 3939 2164 3995 auclo-

580 4024 798 4082 ritatern
826 4022 1031 4087 omnia,
1084 4037 1204 4091 quae
1249 4022 1451 4087 aiebat,
1483 4037 1711 4093 quaeque
1737 4022 1864 4077 huic
1912 4022 2164 4093 pitaciolo

584 4114 932 4172 decrevimus
955 4114 1259 4181 inferenda,
1289 4115 1369 4171 sic
1404 4115 1614 4171 haberi.

657 4228 714 4282 5.
754 4227 946 4284 Adhuc
973 4237 1154 4283 autent
1178 4227 1282 4284 sub
1308 4228 1409 4284 hac
1458 4225 1642 4284 nostra
1671 4243 1974 4284 a'rumnosa
2006 4237 2166 4284 relate

578 4334 689 4375 non
729 4318 913 4388 dispar
953 4318 1296 4387 omnipotens
1344 4317 1486 4373 Deus
1532 4318 1852 4373 miraculum
1888 4317 1939 4371 itt
1975 4320 2163 4373 eadem

578 4411 810 4468 ecclesia
840 4410 1098 4478 ostendit,
1148 4419 1208 4466 ut
1249 4411 1502 4483 quoniam
1534 4410 1765 4467 electum
1791 4427 1945 4465 suum
1976 4409 2165 4466 inclia-

2262 3221 2409 3291 juste
2431 3220 2688 3279 divinitus
2715 3223 3010 3279 vindictam
3058 3224 3409 3279 subsecutam
3434 3236 3556 3277 esse.
3578 3217 3738 3271 filim.

2268 3312 2462 3381 fateor,
2512 3313 2833 3370 miraculum
2860 3316 2927 3371 de
2956 3316 3117 3372 rebus
3144 3313 3539 3371 insensibilibns
3554 3310 3605 3362 ad
3629 3305 3740 3359 redat-

2267 3409 2536 3479 guendam
2562 3422 2743 3463 rerum
2786 3407 3149 3473 sensibilium,
3198 3408 3254 3462 id
3301 3414 3386 3459 est
3413 3402 3641 3459 hominum
3664 3410 3738 3449 m-

2267 3499 2467 3555 ritiam.
2498 3484 2798 3555 A’ccurrere
2820 3498 3017 3554 fratres
3038 3498 3128 3568 qui
3162 3497 3218 3553 in
3248 3498 3427 3552 vicino
3454 3492 3737 3551 aderant,ntm

2267 3589 2530 3662 crepitum
2554 3589 2693 3661 ignis
2734 3588 3021 3645 audierant
3065 3588 3454 3658 custodemque
3498 3580 3735 3638 subdantu-

2270 3695 2399 3743 tent.
2428 3686 2569 3754 Quid
2604 3685 2848 3741 dicerent
2892 3692 3184 3754 agerentve
3238 3699 3347 3739 non
3392 3678 3634 3738 habebant,
3660 3684 3737 3741 quo-

2268 3778 2412 3832 niam
2435 3776 2567 3831 nihil
2589 3776 2701 3848 jam
2736 3774 3243 3843 remanseratquod
3276 3774 3384 3846 igni
3416 3769 3732 3826 substrahen‘td-

2221 3842 2357 3923 .llle
2384 3878 2563 3923 autem
2593 3881 2657 3923 se
2714 3883 2889 3933 reum,
2942 3881 3001 3922 se
3053 3866 3176 3922 huic
3233 3863 3519 3922 discrimini
3543 3855 3734 3914 obnoxium

2271 3958 2398 4013 totis
2418 3956 2747 4029 singultibtts
2769 3955 3069 4021 fatebatur,
3102 3964 3435 4026 acceptaque
3478 3944 3731 4021 pcenitcntitt

2271 4052 2550 4117 fratribus,
2579 4051 2632 4105 in
2676 4048 2951 4106 communi
2982 4057 3251 4104 statutum
3284 4056 3444 4117 atque
3484 4032 3731 4127 anathctttalls

2268 4141 2485 4198 vinculo
2511 4141 2896 4196 confirmatum
2952 4148 3037 4194 est
3068 4147 3126 4193 ut
3150 4137 3333 4193 oblata
3364 4152 3393 4191 a
3419 4124 3732 4189 ﬁdcllbllsltmii'

2270 4234 2423 4289 naria
2450 4246 2723 4303 nunquam
2750 4231 3015 4288 hactenus
3045 4229 3182 4286 alias
3222 4229 3328 4285 nisi
3378 4228 3427 4282 in
3482 4222 3627 4279 usibus
3645 4214 3731 4281 ⁸1⁸⁵·

2269 4327 2389 4383 dem
2416 4324 2658 4382 ecclesiae
2705 4323 3042 4395 fratrumque
3072 4322 3146 4378 ibi
3192 4319 3527 4377 servientium
3554 4304 3730 4380 expuli?

2270 4426 2475 4472 rentur.

576 4506 761 4562 biliter
787 4504 1146 4577 glorificantia
1181 4505 1412 4561 habebat
1440 4506 1490 4561 in
1535 4504 1706 4570 ctelis,
1741 4519 1844 4560 non
1874 4504 2051 4559 minus
2097 4507 2164 4560 ad
2194 4513 2244 4572 ι)
2339 4508 2393 4562 4.
2436 4506 2816 4564 Necessarium
2859 4514 2979 4571 est,”
3002 4504 3308 4563 charissimi
3341 4501 3537 4563 fratres.
3574 4493 3613 4547 in
3635 4484 3727 4540 ¹²⁰δ⁶

579 4598 938 4669 capacitatem
981 4598 1288 4653 mortalium
1319 4598 1609 4654 ntirilicare
1638 4598 1952 4668 dignaretur
1974 4597 2026 4652 in
2062 4608 2169 4654 ter-

579 4691 677 4747 ris.
702 4690 839 4745 Nam
887 4690 1030 4745 illius
1081 4690 1415 4745 infirmitatis
1468 4690 1930 4763 sanandtc(quam
1962 4692 2168 4758 regium

577 4784 827 4841 morbum
857 4782 935 4856 [l]
974 4782 1203 4853 vocant)
1253 4791 1402 4838 tanta
1450 4783 1498 4838 ei
1540 4782 1715 4853 gratia
1765 4783 1970 4839 cmlcsti
2026 4784 2168 4839 dono

580 4876 836 4942 accessit,
864 4884 921 4931 ut
946 4892 1051 4931 non
1085 4876 1266 4932 minus
1293 4893 1321 4931 ε.
1339 4901 1361 4930 ι
1387 4876 1612 4931 remotis
1630 4890 1694 4931 ac
1728 4876 1980 4933 barbaris
2002 4893 2165 4947 quam

576 4981 648 5023 ex
685 4966 876 5022 vicinis
904 4966 1212 5023 nationibus
1248 4969 1315 5022 ad
1340 4982 1463 5024 eum
1505 4971 1878 5041 tegrotantium
1933 4980 2169 5025 caterva:

580 5070 843 5131 perpetuo
870 5058 1164 5115 confluant.
1196 5059 1437 5128 Quodam
1470 5061 1653 5131 itaque
1678 5062 1767 5118 die
1798 5062 2023 5132 hujusce
2043 5075 2164 5130 gra-

582 5152 656 5207 tia
679 5153 897 5220 quidam
924 5153 1089 5209 homo
1134 5151 1201 5207 ad
1231 5152 1515 5208 ecclesiam
1568 5152 1805 5218 devenit,
1855 5168 1965 5207 sua:
2006 5152 2168 5206 devo-

584 5242 746 5296 tionis
784 5257 979 5297 munus
1029 5242 1272 5308 obtulit;
1314 5243 1472 5312 eique
1511 5240 1671 5311 cujus
1720 5242 1772 5297 id
1815 5252 1935 5297 erat
1981 5240 2161 5305 officii,

579 5333 664 5387 sui
687 5334 949 5387 adventus
998 5349 1215 5389 causam
1269 5335 1541 5405 patefecit.
1574 5335 1623 5390 ls
1677 5346 1855 5389 autem
1888 5333 1978 5404 qui
2005 5346 2167 5401 super

579 5442 733 5481 sacra
784 5424 1028 5482 ecclesiae
1075 5428 1376 5483 ministeria
1423 5428 1721 5483 custodiam
1783 5427 2034 5491 habebat,
2084 5428 2166 5479 vir

579 5531 794 5588 magnae
829 5515 881 5569 in
921 5514 1139 5572 Christo
1188 5519 1504 5575 reverentia:
1552 5529 1692 5584 erat,
1738 5519 1829 5588 qui
1885 5534 1952 5574 ex
1979 5517 2164 5573 saeculi

651 5696 732 5766 (Ι)
776 5695 937 5751 Vides
986 5704 1314 5767 strumarum
1365 5698 1610 5753 morbum
1644 5696 1811 5767 (huic
1848 5696 1994 5750 enim
2047 5711 2163 5750 me-

577 5768 755 5824 dendo
802 5768 1051 5839 przrsidet
1087 5770 1147 5825 S.
1202 5766 1514 5836 Marculius)
1557 5769 1753 5837 regium
1808 5766 1935 5823 olim
1981 5767 2159 5837 appel-

2270 4602 2429 4671 hujus
2453 4601 2781 4657 sanctissimi
2820 4600 3032 4671 patroni
3062 4615 3127 4655 ac
3148 4594 3461 4671 protectoris
3494 4583 3626 4646 nostri
3643 4577 3725 4632 llat-

2268 4692 2390 4748 culti
2422 4691 2586 4761 quod,
2614 4692 2722 4747 Deo
2753 4692 3006 4756 donante,
3031 4692 3233 4746 nostris
3262 4685 3430 4765 oculis
3453 4678 3723 4765 presentius

2268 4792 2370 4849 est,
2403 4752 2677 4840 memoriae
2711 4783 2945 4849 tradere,
2981 4752 3144 4853 quem
3171 4762 3496 4847 omnipotens
3519 4752 3720 4825 0615in

2268 4889 2331 4929 se
2355 4875 2605 4946 ἀίεηεηυε
2651 4874 2735 4930 est
2761 4873 3054 4944 specialem
3109 4873 3242 4928 dare
3270 4882 3365 4940 pro
3395 4862 3533 4919 nobis
3556 4858 3721 4959 interti-

2269 4982 2467 5023 sorem.
2501 4966 2617 5037 Ipse
2663 4976 2749 5021 est
2782 4967 2925 5021 enim
2955 4966 3046 5035 qui
3085 4964 3299 5019 assidue
3342 4965 3454 5014 orat
3478 4964 3557 5022 pro

2268 5071 2387 5123 suo,
2416 5066 2471 5109 et
2515 5070 2612 5125 pro
2661 5054 3057 5110 habitatoribus
3108 5054 3270 5124 hujus
3316 5049 3473 5109 saneti
3509 5038 3718 5134 ηιοωξιυῗί

2268 5148 2375 5203 sui.
2430 5145 2695 5215 Tempore
2732 5145 2897 5216 igitur
2944 5162 3052 5215 quo
3100 5147 3345 5201 eumdem
3394 5142 3572 5196 beatum

2269 5238 2410 5308 apud
2448 5245 2685 5292 castrum
2711 5235 2974 5290 Peronam
3005 5235 3272 5306 (Péromte
3299 5237 3348 5291 in
3376 5221 3714 5308 Pieartﬁalm“?

2267 5307 2406 5381 culis
2452 5340 2742 5381 coruscare
2769 5320 2821 5380 hi
2862 5326 2952 5396 qui
3007 5324 3367 5381 interfuerunt
3388 5333 3437 5379 et
3461 5317 3658 5405 viderunt:
3680 5307 3711 5349 ει

2267 5418 2517 5473 manibus
2556 5426 2946 5483 tractaverunt,
2995 5418 3174 5482 nobis,
3210 5419 3300 5489 qui
3351 5417 3399 5472 in
3445 5402 3709 5479 ejussW‘

2266 5511 2395 5567 sede
2423 5510 2808 5577 remansimus,
2830 5510 3018 5580 quanti
3055 5526 3174 5566 eam
3202 5509 3413 5565 haberet
3431 5490 3611 5560 mirabili
3629 5492 3703 5552 σμ’

2264 5697 2472 5820 ιίιιιιὺηιις
2511 5708 2635 5750 nam
2667 5690 2865 5763 alioqui
2895 5690 3099 5762 lepram
3129 5687 3231 5745 hoc
3266 5682 3461 5742 nomine
3485 5667 3703 5729 NW“?

2264 5782 2329 5820 nc
2374 5781 2436 5819 n
2468 5801 2485 5817 .

2264 5781 2485 5839 petunt.
