3834 6332
52 398 139 454 729

54 601 267 673 pretioso
321 590 610 662 requiescit
649 600 896 655 corpore,
949 583 1156 650 lampas
1208 576 1426 639 ardens,
1481 586 1602 641 quae

54 668 183 749 nullo
208 688 362 744 modo
389 685 475 741 die
497 691 765 750 noctuque
788 672 1251 746 exstinguebatur,
1265 668 1391 740 quia
1414 680 1600 735 quam-

52 786 123 837 vis
152 780 407 835 modicqu
436 776 654 829 abesset
677 766 1055 839 corporaliter,
1081 777 1187 817 non
1217 771 1397 814 tamen
1418 756 1606 812 deerat

54 872 404 945 spiritualiter.
463 868 512 922 ls
543 867 726 935 itaque
750 862 843 932 qui
872 857 1117 915 ecclesiae
1144 854 1322 911 ollicio
1351 857 1605 924 prmerat,

53 942 399 1036 ctep’tsecum
440 955 731 1028 cogitando
754 952 936 1008 dicere
974 944 1230 1019 quoniam
1261 945 1402 1001 idem
1444 942 1608 998 lumi-

54 1072 170 1111 nare
194 1055 243 1107 in
277 1065 473 1105 vanum
528 1046 777 1110 ardebat,
809 1058 875 1097 eo
908 1038 1049 1112 quod
1080 1052 1275 1107 corpus
1299 1035 1439 1090 beati
1466 1033 1609 1088 Mar-

54 1144 161 1201 culti
190 1145 239 1198 in
275 1140 521 1212 praesenti
554 1154 659 1192 non
689 1142 856 1198 esset,
882 1148 987 1187 non
1025 1130 1378 1187 considerans
1412 1127 1607 1181 ibidem

56 1233 372 1289 Dominicum
416 1242 616 1299 corpus
664 1224 741 1298 (5)
768 1222 933 1295 (quod
966 1220 1141 1292 majus
1188 1228 1244 1274 (t
1280 1217 1609 1288 praecipuum

54 1323 175 1393 erat)
209 1336 327 1376 eum
375 1316 688 1388 angelorum
744 1317 934 1368 adesse
979 1308 1246 1365 custodia.
1293 1305 1446 1373 Quod
1486 1319 1610 1359 cum

55 1426 197 1482 prave
221 1418 276 1464 et
303 1408 542 1462 inaniter
559 1405 878 1476 cogitasset,
903 1400 1172 1456 exstincta
1198 1397 1419 1453 lucerna
1446 1394 1609 1460 abiit;

56 1503 134 1560 s:d
162 1510 273 1573 post
301 1506 637 1555 transactum
672 1497 819 1551 horae
876 1493 1130 1563 spatium,
1184 1504 1346 1546 causa
1387 1497 1614 1560 cogente

56 1595 209 1664 aliqua
236 1605 513 1656 reversus,
562 1588 713 1643 dictu
754 1584 1045 1641 mirabile!
1103 1581 1248 1637 illico
1291 1579 1469 1636 oculis
1498 1578 1615 1648 ejus

58 1687 298 1759 apparuit.
329 1684 480 1741 Vidit
506 1696 741 1752 namque
766 1677 1011 1735 eamdem
1044 1674 1347 1747 lampadem
1372 1672 1613 1744 angelica

56 1782 279 1838 claritate
319 1778 640 1851 fulgentem,
669 1774 740 1828 ita
776 1770 1030 1827 ineffabili
1065 1768 1224 1824 modo
1268 1765 1525 1837 pendere,
1557 1773 1617 1819 ut

62 1890 148 1931 nec
171 1875 292 1929 fune
312 1875 550 1944 desuper
575 1878 874 1934 teneretur,
915 1880 1015 1921 nec
1050 1875 1207 1920 terrm
1247 1862 1501 1919 deorsum
1531 1859 1615 1913 in-

57 1965 325 2021 rumheret.
357 1965 497 2019 Erat
539 1972 720 2018 autem
765 1972 977 2030 magna:
1022 1954 1249 2011 visionis
1298 1950 1617 2008 miraculum

58 2058 178 2127 quod
204 2058 340 2111 inter
394 2056 571 2109 funem
603 2062 656 2108 et
687 2051 994 2122 lampadem
1022 2048 1260 2103 habebat
1298 2043 1465 2100 cubiti
1495 2056 1622 2112 spa-

62 2153 194 2211 tium.
222 2163 276 2203 et
304 2150 455 2202 inter
507 2146 806 2215 lampadem
832 2149 887 2198 et
918 2150 1117 2197 terram
1167 2136 1334 2193 cubiti
1372 2135 1622 2191 similiter

59 2241 263 2312 spatium
288 2256 303 2305 ;
344 2256 372 2290 ρ
391 2248 430 2302 t,
468 2246 528 2293 ut
553 2237 686 2299 dixi,
718 2235 921 2290 lumine
950 2229 1159 2288 coalesti
1196 2240 1425 2283 accensa
1454 2223 1622 2277 mira-

61 2331 220 2385 biliter
243 2328 496 2384 ardebat.
529 2326 646 2382 Non
682 2326 776 2380 tibi
799 2324 1027 2379 forsitan
1057 2322 1125 2374 ad
1150 2317 1479 2374 credendum
1507 2312 1625 2368 ani-

63 2440 163 2478 mus
188 2422 517 2486 suffecisset,
578 2419 683 2475 nisi
720 2419 949 2473 fratrum
1000 2412 1290 2484 populique
1327 2421 1626 2465 concursus

59 2517 400 2571 testimonium
444 2511 738 2569 effecisset.
786 2509 920 2565 Nam
952 2507 1040 2563 ille
1090 2508 1284 2561 timore
1329 2502 1535 2573 pariter
1572 2506 1628 2553 et

62 2608 399 2663 admiratione
431 2615 743 2675 correptus,
773 2618 841 2657 ex
875 2609 991 2657 toto
1016 2600 1135 2654 vico
1166 2612 1282 2652 rem
1314 2595 1497 2651 ridere
1522 2592 1627 2647 mi-

63 2699 263 2754 rabilem
291 2697 591 2752 maximam
619 2695 935 2751 concionem
966 2690 1141 2763 plebis
1170 2687 1443 2743 evocavit.
1476 2681 1627 2737 Μιιιιί

63 2789 271 2859 denique
295 2790 675 2844 exuberavere
724 2784 998 2855 lacrymis,
1026 2782 1267 2837 dicentes
1300 2798 1312 2831 :
1362 2776 1628 2845 Quoniam

63 2880 315 2947 piissimus
341 2876 555 2933 Christi
589 2874 873 2929 confessor
904 2871 1219 2938 Mareulfus,
1245 2870 1485 2938 ipsorum
1511 2874 1634 2935 post

69 2969 214 3023 Deum
241 2977 430 3023 custos
491 2964 964 3038 vigilantissimus,
995 2972 1048 3017 et
1069 2962 1210 3033 apud
1255 2961 1420 3013 Deum
1447 2956 1632 3011 multi-

66 3059 169 3129 ple:
197 3061 506 3123 advocatus,
527 3058 776 3128 quamvis
807 3056 1018 3112 modico
1042 3066 1282 3124 tempore
1306 3058 1446 3107 esset
1473 3050 1635 3105 alior-

1229 369 1313 425 ΒΕ
1341 361 1610 423 SEPTEM
1629 353 1946 415 ARTIBUS.

55 511 241 565 ratione
270 496 535 574 patefecit.
586 496 711 550 Erat
749 493 892 548 enim
940 496 1068 543 ante
1120 486 1290 539 altare
1339 482 1429 535 ubi
1482 480 1597 547 ipse
1630 479 1674 533 A
1702 471 1905 527 hiniaei
1932 465 2219 524 millesimo
2241 469 2431 529 octoge

3168 324 3273 380 ’750

2436 456 2573 513 simo
2600 452 2787 525 quinto
2833 460 2975 502 anno
3010 439 3277 499 iucarnati

1706 565 1887 621 Verbi.

1776 655 1832 711 5.
1872 653 2058 725 Igitur,
2109 643 2476 709 dilectissimi,
2538 639 2629 710 qui
2675 638 2779 692 hoc
2823 631 3012 689 audire
3039 668 3055 695 ,
3105 635 3180 691 et,
3226 631 3288 679 ut

1707 720 1920 809 remur,
1943 743 2167 798 credere
2195 752 2302 792 non
2342 731 2623 795 renuistis,
2646 727 2844 784 scitote
2870 722 2997 793 quia
3046 720 3151 775 hoc
3175 724 3286 772 tam

1707 835 1932 893 evidens
1961 828 2283 889 miraculum
2328 825 2397 881 ad
2424 825 2686 879 honorem
2716 816 2887 873 sancti
2912 813 3015 875 sui,
3047 808 3288 881 adutili-

1710 938 1877 985 tatem
1902 938 2116 996 quoque
2142 919 2314 976 nostri
2365 918 2507 972 Deus
2529 914 2779 983 dignatus
2808 908 2881 964 sit
2911 902 3151 977 operari.
3181 897 3290 957 Nec

1710 995 1985 1077 immerito
2010 1036 2023 1071 :
2057 1014 2184 1086 quia
2214 1011 2360 1067 enim
2385 1010 2576 1064 beatus
2596 1001 2907 1065 Marculfus,
2934 999 3059 1051 dum
3084 995 3139 1049 in
3165 1008 3290 1047 con-

1708 1110 1851 1167 valle
1876 1110 2236 1179 Iacrymarum
2275 1114 2442 1157 carne
2486 1103 2818 1158 moraretur,
2851 1103 3014 1159 opera
3041 1084 3291 1141 tenebra-

1713 1220 1830 1259 rum
1857 1175 2073 1273 abjecit,
2107 1207 2162 1254 et
2185 1196 2404 1251 indutus
2432 1189 2601 1247 armis
2640 1186 2776 1242 lucis
2805 1182 3034 1237 viriliter
3053 1175 3295 1248 ejusdem

1715 1294 1853 1350 lucis
1882 1290 2113 1364 principi
2142 1285 2394 1343 militavit
2419 1298 2434 1347 ;
2489 1278 2683 1337 merito
2709 1272 2892 1335 carnis
2935 1283 3102 1325 onere
3133 1264 3301 1320 levia-

1716 1396 1821 1453 tus,
1844 1394 1900 1441 et
1936 1383 2002 1439 ad
2060 1394 2295 1453 superna
2345 1375 2615 1447 polorum,
2662 1378 2724 1425 ut
2769 1365 3063 1424 credimus,
3093 1366 3299 1418 vectus,

1715 1477 1924 1535 auctori
1979 1452 2247 1530 claritatis
2302 1469 2570 1543 inhaerere
2622 1455 2943 1531 promeruit.
2996 1452 3140 1521 Ergo
3193 1461 3300 1501 non

1716 1568 2070 1627 dubitandum
2095 1572 2182 1620 est
2216 1561 2347 1633 quin
2373 1539 2700 1619 exstinctam
2735 1550 2908 1604 lucem
2941 1539 3302 1614 reparaverit,

1716 1661 1806 1731 qui
1844 1658 2098 1717 tenebras
2124 1630 2301 1710 noctis
2350 1650 2404 1703 in
2452 1644 2673 1702 basilica
2718 1656 2813 1696 sua
2846 1651 2969 1693 esse
2998 1630 3303 1689 abhorruit.

1719 1753 2102 1808 Verumtamen
2128 1745 2385 1817 quoniam
2414 1738 2547 1795 nihil
2574 1735 2708 1790 litin
2736 1742 2874 1788 terra
2903 1728 3019 1784 sine
3043 1738 3227 1781 causa.
3254 1730 3308 1775 et

1653 1832 1696 1886 Β
1724 1845 1880 1900 beato
1929 1840 2193 1912 Gregorio
2222 1837 2485 1898 dictante,
2508 1825 2871 1898 comperimus
2896 1820 3024 1892 quia
3078 1817 3218 1871 Deus
3254 1819 3311 1867 et

1721 1935 1980 1991 Dominus
2008 1905 2191 1986 noster
2219 1928 2287 1984 ad
2310 1926 2447 1981 bene
2484 1919 2750 1993 agendum
2778 1911 3073 1983 aliquando
3103 1905 3305 1967 verbis,

1722 2027 2010 2100 aliquando
2050 2041 2147 2081 nos
2204 2022 2461 2078 admouet
2511 2016 2642 2087 ipsis
2690 2009 3076 2067 miraculorum
3123 2016 3309 2059 exem-

1723 2125 1826 2197 plis
1859 2134 2155 2190 ;curemus
2181 2113 2343 2184 hujus
2371 2110 2546 2167 sancti
2592 2123 2658 2173 ac
2696 2103 2839 2173 beati
2869 2097 3084 2173 patroni
3135 2092 3313 2149 nostri

1724 2213 1986 2277 Marculli,
2012 2218 2141 2265 ante
2168 2205 2323 2273 cujus
2364 2216 2550 2259 sacros
2593 2199 2812 2254 cineres
2836 2189 3190 2252 excubamus,
3220 2199 3315 2239 cu—

1720 2306 1809 2377 jus
1838 2306 2002 2359 etiam
2038 2297 2359 2355 memoriam
2391 2291 2551 2347 hodie
2577 2285 2896 2345 solemniter
2934 2279 3311 2338 celebramus;

1726 2408 2001 2456 curemus,
2056 2391 2302 2460 inquam,
2341 2384 2503 2455 hujus
2533 2377 2896 2453 patrocinium
2929 2384 3192 2444 quzerere,
3223 2367 3319 2421 ob-

1727 2494 2009 2543 Secrautes
2060 2457 2266 2536 ut‘suis
2290 2477 2394 2547 piis
2424 2474 2678 2546 precibus
2709 2469 2860 2541 fuget
2888 2465 3143 2520 tenebras
3167 2457 3321 2514 caci-

1731 2579 1859 2634 tatis
1913 2585 1968 2631 et
2013 2571 2339 2646 ignorantiae
2389 2578 2610 2634 nostrae,
2661 2565 2918 2634 impetret
2964 2554 3119 2635 nobis
3148 2552 3322 2606 lucem

1729 2670 1967 2728 caelestis
1992 2668 2180 2738 gratia:
2217 2682 2232 2718 :
2283 2678 2390 2734 qua
2438 2657 2725 2715 illuminati
2781 2667 2944 2725 opera
2976 2648 3321 2723 tenebrarum

1732 2761 2078 2831 ahjieiamus,
2134 2756 2347 2828 piisque
2382 2749 2574 2807 intenti
2635 2747 2848 2803 actibus
2880 2741 3047 2797 armis
3076 2738 3213 2793 lueis
3241 2736 3325 2789 in-

1733 2852 1965 2906 duamur
1998 2866 2013 2915 ;
2048 2849 2135 2904 his
2161 2860 2379 2918 quoque
2420 2840 2612 2898 muniti
2642 2837 2942 2911 principem
2974 2828 3323 2888 tenebrarum

1734 2952 2076 3014 proteramus
2122 2958 2134 2993 :
2180 2940 2262 2995 sic
2313 2937 2479 2994 etiam
2535 2932 2763 2989 victoria
2815 2927 2995 3001 potiti,
3045 2918 3327 2981 Couditori

1740 3036 1877 3107 lueis
1906 3035 2190 3089 adhaerere
2218 3044 2551 3095 mercamur,
2583 3026 2677 3099 qui
2716 3024 2852 3079 vivit
2890 3028 2946 3078 et
2993 3025 3184 3091 regnat
3233 3013 3328 3069 tri-

67 3165 191 3217 sum,
250 3167 375 3208 suos
430 3161 614 3206 tamen
655 3150 794 3206 filios
843 3164 939 3221 per
983 3148 1350 3203 ostensionem
1388 3144 1631 3199 miraculi
1664 3181 1706 3240 Ο
1739 3144 1840 3185 “"8
1887 3136 1942 3182 el
1967 3142 2106 3182 unus
2131 3125 2295 3182 Deus-

68 3241 309 3297 consolari
334 3258 401 3299 ac
456 3241 683 3299 visitare
717 3249 803 3295 est
846 3240 1117 3312 dignatus.
1148 3238 1345 3293 Actum
1393 3245 1477 3292 est
1501 3234 1635 3290 Cor-

126 3380 196 3463 (ὅ)
232 3380 288 3463 ln_
311 3378 799 3463 archivo‘cceuobii
835 3376 1135 3463 [ἴξὴξίςίπηί
1162 3374 1519 3463 leginlitteras
1548 3371 1630 3426 Si-

68 3446 221 3505 monis
244 3452 459 3506 abbatis
514 3449 845 3513 attestauiis,
886 3448 1126 3504 Odonem
1176 3447 1243 3501 de
1266 3446 1488 3500 Sarceio
1517 3459 1632 3497 mo-

70 3522 277 3576 nachum
322 3521 392 3576 de
451 3521 794 3574 conniventia
824 3534 921 3574 sua
971 3518 1210 3572 redditus
1254 3515 1629 3585 acquisivisse,

69 3602 114 3645 rt
141 3594 198 3673 de
226 3593 352 3673 ipsis
389 3591 695 3645 redditihus
749 3591 801 3673 in
852 3587 1177 3673 ecclesianﬁ.
1221 3584 1456 3668 flemigii
1512 3595 1633 3665 ante

71 3663 223 3731 majus
245 3654 421 3718 altare
471 3677 627 3729 super
662 3661 801 3729 quod
851 3676 1039 3726 corpus
1078 3658 1291 3731 Domini
1342 3654 1634 3731 reponitur,

72 3723 248 3785 rerEum
282 3723 544 3801 perpetuo.
594 3723 781 3784 ardere
821 3723 1227 3801 instituisse.“
1266 3723 1634 3801 lactum_\_Vi_l_-

74 3801 210 3882 ltum
254 3795 972 3882 archlepiscopoﬁculensi
1000 3840 1014 3863 ,
1067 3800 1170 3882 sub
1217 3813 1417 3882 annqu
1474 3795 1633 3850 1165.

72 3872 337 3929 Pneiverat
385 3867 497 3927 uno
546 3867 745 3927 saeculo
794 3870 992 3925 Paulus
1032 3870 1199 3925 abbas
1244 3867 1302 3923 S.
1336 3867 1531 3922 Albani
1585 3881 1637 3919 In

1735 3370 1955 3441 Anglia,
2015 3368 2108 3439 qui
2167 3366 2438 3441 referente
2466 3363 2715 3418 Matthéeo
2749 3358 2977 3441 Parisio,
3023 3352 3334 3441 pelremur-

1736 3423 1876 3513 gentli
1897 3423 2066 3506 dedit:
2092 3437 2481 3513 constituendo,
2507 3444 2562 3489 ut
2587 3446 2791 3513 cereum
2820 3423 3104 3513 contineret
3130 3423 3333 3513 juqfter

1738 3492 2014 3566 ixi-85mm
2037 3492 2159 3576 ante
2180 3492 2352 3576 majus
2382 3492 2581 3576 altera.
2604 3502 2892 3576 Aimoiuus
2919 3492 3179 3576 observat
3211 3492 3270 3547 Fl
3292 3511 3328 3553 P—

1741 3581 1874 3637 riaci
1904 3566 2101 3635 morem
2152 3564 2317 3647 fuisse
2342 3594 2375 3631 a
2420 3574 2608 3647 priscis
2634 3572 2950 3647 institutum
2979 3564 3335 3647 Paullus,”

1746 3665 1850 3706 tam
1882 3651 2065 3705 diebus
2109 3632 2268 3719 quam
2298 3632 2550 3719 noctibus
2575 3644 2739 3719 trium
2762 3642 3097 3694 lucernarum
3137 3632 3336 3686 lumine

1743 3733 2033 3777 memorata
2056 3712 2413 3773 illustraretur
2445 3715 2684 3769 ecclesia.
2726 3712 2985 3764 Lucerna;
3014 3722 3147 3776 ergo
3178 3719 3333 3777 cotu-

1747 3798 1988 3848 mlllltlt‘l‘
2020 3774 2419 3845 adhibebantur
2440 3786 2591 3851 olim,
2622 3783 2805 3839 rarius
2825 3779 2994 3844 cerei,
3038 3774 3107 3831 ad
3156 3774 3335 3831 couti-

1748 3879 1915 3919 numn
1945 3862 2000 3918 iu
2036 3860 2275 3918 basilicis
2300 3859 2502 3914 lumen.

160 3978 3336 4028 ____________________________________.

467 4158 1322 4279 OPUSCULUM
1408 4154 1592 4268 DE
1681 4148 2238 4269 SEPTEM
2328 4096 2943 4261 ARTIBUS

78 4382 259 4450 (Edidit
292 4385 350 4439 Ι).
386 4385 714 4448 Ravatssou,
752 4380 1009 4452 Rnpyorls
1044 4379 1228 4434 surles
1257 4377 1627 4452 tribuat/reque!
1654 4328 2497 4452 -ᾀρεᾰέραιςιρηέεπιεάειξῼαεει,
2517 4362 2791 4433 Append.,
2824 4375 2877 4431 p.
2904 4358 3032 4425 λοι,
3055 4372 3123 4413 ex
3155 4308 3341 4411 codice

1020 4464 1124 4507 ius.
1154 4450 1337 4506 saeculi
1376 4464 1453 4504 ιιι
1483 4436 1534 4503 in
1558 4436 1887 4503 bibliotheca
1910 4436 2344 4509 Alenconicnsi.)

1521 4582 1832 4600 ψ

82 4744 152 4798 Ad
182 4760 420 4801 mensam
441 4742 795 4814 philosophia:
817 4740 1064 4796 sitientes
1085 4738 1289 4793 currite
1305 4777 1321 4802 ,

86 4833 141 4886 Et
163 4837 367 4904 saporis
392 4834 647 4906 tripertiti
675 4845 884 4904 septem
912 4832 1059 4887 rivos
1085 4829 1286 4891 bibite,

88 4923 192 4979 Uno
222 4925 364 4981 fonte
392 4925 767 4998 procedentes.
795 4939 902 4979 non
926 4923 1115 4979 eodem
1149 4919 1386 4984 tramite,

87 5014 242 5082 Quem
264 5018 579 5089 Pithagoras
604 5018 833 5072 rimatus
854 5013 1113 5071 excitavit
1143 5011 1387 5082 phisicae,

85 5105 203 5164 lnde
224 5109 474 5167 Socrates
501 5120 554 5165 et
579 5109 736 5165 Plato
768 5111 1125 5165 honestaruut
1151 5104 1367 5166 ethicas.

90 5198 381 5257 Aristotilcs
408 5201 614 5272 loquaci
648 5198 995 5272 deSpousavit
1017 5197 1222 5269 logicaz.

91 5290 165 5345 Ab
193 5293 272 5347 his
301 5305 462 5348 sectae
483 5292 861 5357 multiformes,
892 5292 1119 5346 Athenis
1153 5288 1434 5343 materiam
1460 5295 1651 5349 nacta‘,

95 5380 195 5436 lloc
215 5383 419 5454 liquore
444 5396 607 5460 totam
642 5384 939 5455 irrigaruut
962 5382 1252 5445 Graeciam,

95 5471 213 5537 Quae
233 5476 534 5532 redundans
561 5477 769 5533 infinite
797 5476 949 5530 ﬂuxit
976 5476 1030 5530 in
1069 5472 1418 5543 Hesperiam;

97 5561 203 5619 Non
226 5572 400 5622 tamen
434 5567 549 5623 sine
575 5567 803 5622 ductore
832 5566 916 5621 vel
950 5576 1062 5620 tuto
1095 5561 1341 5633 remigio,

93 5654 224 5720 Quia
251 5673 437 5713 navem
466 5660 829 5731 gubernantes
856 5657 1005 5712 Maro
1026 5665 1190 5724 atque
1219 5655 1412 5709 (licere

98 5743 308 5806 Genium
339 5760 533 5807 nautas
554 5750 866 5807 asciverunt
889 5765 1157 5820 quemque
1184 5762 1285 5803 suo
1314 5746 1513 5801 studio.

90 5842 169 5897 Sic
191 5854 329 5898 recta
366 5846 713 5919 philosophia
740 5846 913 5901 minas
937 5844 1063 5900 vicit
1093 5842 1346 5915 arquoris,

1750 4731 1947 4789 Nostra
1972 4746 2194 4788 sumens
2216 4729 2487 4786 elementa
2512 4739 2609 4796 pro
2631 4722 2851 4778 Achivis
2877 4720 3093 4781 litteris,

1752 4825 1992 4882 Tandem
2022 4826 2140 4880 laeta
2168 4824 2315 4879 venit
2344 4822 2569 4877 Romam
2602 4832 2698 4887 per
2725 4817 2926 4871 fluenta
2975 4810 3230 4869 Tibridis.

1754 4919 1885 4974 Erat
1915 4919 2061 4975 enim
2088 4917 2256 4972 Roma
2283 4924 2475 4985 potens
2505 4910 2770 4966 bellorum
2796 4905 3061 4968 victoriis,

1758 5009 1825 5063 Et
1852 5017 1909 5063 ut
1938 5022 2128 5063 omnes
2154 5016 2342 5074 gentes
2374 5002 2487 5058 suis
2511 4997 2739 5066 subjecit
2770 4995 3030 5066 imperiis,

1759 5101 1850 5156 Sic
1884 5099 2097 5154 dicebat
2123 5105 2182 5150 ut
2212 5101 2494 5165 praestaret
2516 5089 2747 5160 gemmis
2768 5081 3172 5157 philosophicis.

1759 5190 1868 5247 llas
1897 5191 1963 5246 ad
1986 5204 2107 5245 sese
2131 5186 2376 5242 Tulliana
2406 5183 2556 5237 torsit
2586 5177 2915 5249 eloquentia,

1760 5284 1929 5355 Cujus
1952 5290 2105 5339 tonat
2126 5281 2474 5335 vehementer
2493 5272 2667 5329 trifida
2700 5269 2989 5325 rethorica.

1766 5378 1861 5432 llis
1882 5375 2083 5432 imbuta
2107 5371 2455 5443 pulsatrastra
2484 5364 2775 5418 Mantuana
2805 5360 3003 5417 ﬁstula.

1764 5469 1903 5526 Hinc
1932 5483 2037 5523 non
2067 5464 2252 5537 paucis
2274 5458 2507 5517 evolutis
2529 5472 2796 5511 annorum
2830 5453 3121 5509 curriculis

1763 5560 2061 5616 Severinus
2082 5557 2170 5614 his
2188 5554 2453 5611 successit
2479 5553 2532 5607 in
2557 5548 2705 5605 nullo
2737 5547 3014 5604 dissimilis
3038 5585 3056 5612 ,

1768 5652 1896 5720 Qua!
1926 5646 2316 5721 philosophiam
2340 5650 2586 5714 spectant
2622 5638 2767 5695 nullo
2795 5637 2975 5702 minor
2995 5636 3223 5692 meritis.

1766 5740 1970 5800 Praeter
1999 5742 2140 5797 hunc
2192 5748 2247 5796 ct
2274 5754 2435 5809 supra
2478 5736 2652 5792 dictos
2676 5732 2975 5789 extiterunt
2997 5728 3237 5801 plurimi.

1694 5835 1736 5888 Ι)
1766 5838 2129 5908 l‘t'zuceptorcs
2155 5842 2207 5890 et
2233 5842 2407 5904 poetae
2441 5830 2520 5888 vel
2548 5824 2964 5897 historiographi
2986 5863 3000 5890 ,

3260 5915 3323 5924 ...δ
