3834 6332
600 324 699 382 731
1411 322 1585 381 saac.
1629 321 1696 377 XI
1727 321 1931 378 sum.
1963 320 2238 376 INCERTI
2271 318 2431 375 ANNl
2462 319 2550 375 ET
2578 317 2842 376 sempr.
2878 320 3123 390 Ἀλεειιι
3682 333 3741 387 τε]

600 439 843 507 Quorum
866 437 1126 510 quosdam
1154 436 1238 493 hic
1266 438 1526 503 dicamus,
1549 453 1673 492 nam
1703 436 1953 491 convenit
1977 436 2172 490 ordini.
2206 443 2250 500 Α
2286 435 2395 491 Hec
2424 435 2614 491 diliinit
2638 446 2693 493 et
2721 438 3003 504 discernit,
3028 439 3217 494 dividit
3246 447 3302 497 et
3329 443 3524 508 asserit,

600 527 665 585 lli
694 540 819 585 sunt
840 530 1077 595 Plautus,
1105 528 1269 597 Naso,
1316 528 1543 584 Flaccus
1563 571 1577 594 ,
1602 528 1821 594 Nevius,
1868 527 2175 596 Terentius,

597 619 806 687 Livius,
837 621 1109 686 Lucanus,
1152 621 1348 690 Varro,
1384 621 1619 687 Stacius,
1645 621 1937 687 Salustius,

597 710 823 775 Plinius,
857 710 1243 777 Quintilianus,
1273 711 1575 775 Juvenalis,
1607 712 1857 778 Persius,

594 800 821 869 Ennius,
849 802 1003 866 Cato,
1034 802 1299 867 Catullus,
1337 805 1517 860 Macer
1544 814 1601 858 et
1626 803 1961 870 Macrobius,

594 890 925 959 Marcianus,
950 895 1277 959 Victorinus,
1310 897 1549 950 Donatus
1569 905 1625 951 et
1661 897 1889 952 Servius
1912 938 1926 961 ,

592 982 905 1041 Priscianus
936 988 1125 1057 prima:
1157 989 1290 1042 artis
1324 997 1659 1043 restaurator
1686 998 1962 1044 strenuum.

592 1075 787 1134 Multos
813 1089 990 1135 tamen
1021 1090 1076 1135 et
1098 1090 1418 1152 prmstantes
1448 1084 1713 1137 vertimus
1751 1092 1806 1137 et
1856 1084 2138 1153 liquimus.

590 1164 745 1222 Nunc
763 1170 993 1238 quedam
1020 1171 1107 1226 hic
1148 1171 1318 1227 libare
1345 1172 1582 1228 nitemur
1622 1187 1689 1226 ex
1718 1172 1927 1228 artibus

592 1254 884 1312 Profutura
924 1260 1179 1315 studiosis
1204 1261 1397 1316 harum
1420 1260 1795 1317 facultatibus.

591 1348 775 1405 Prima
800 1351 945 1407 sedis
981 1351 1329 1409 fumiantento
1353 1355 1633 1425 presidens
1651 1354 2032 1424 grammatica,

590 1440 781 1496 Preter
808 1443 974 1498 denas
996 1456 1155 1515 atque
1177 1454 1360 1502 ternas
1386 1456 1568 1518 partes
1603 1447 1820 1502 dividua
1839 1486 1854 1512 ,

590 1530 649 1585 lu
674 1534 861 1603 primis
898 1536 1132 1607 quinque
1153 1540 1349 1609 pertita
1375 1554 1471 1608 per
1496 1539 1580 1595 bis
1610 1539 1962 1610 quaternaria

590 1623 719 1681 Haec
757 1627 807 1681 in
838 1629 969 1699 ipsis
1005 1632 1308 1686 studiormn
1338 1634 1569 1688 discitur
1596 1633 1910 1702 crepundiis
1930 1672 1947 1701 ,

590 1717 659 1772 Et
690 1722 788 1777 sub
808 1738 908 1792 ope
940 1724 1285 1780 instrumenti
1314 1728 1453 1781 viam
1477 1737 1635 1798 parat
1667 1728 1887 1794 ceteris,

560 1838 561 1841 η
588 1811 955 1881 lnformando,
990 1818 1266 1875 edocendo
1289 1820 1515 1876 infinitis
1547 1820 1767 1891 regulis.

587 1903 725 1961 lluic
749 1909 981 1963 secunda
1012 1911 1252 1966 sociatur
1289 1913 1465 1969 civilis
1487 1914 1762 1969 retborica

586 1995 655 2050 Et
684 2001 907 2055 verbosa
934 2018 1096 2071 super
1115 2019 1324 2071 omnes,
1364 2008 1607 2076 partibus
1629 2008 1903 2076 quinaria,

586 2086 799 2146 Genera
824 2109 1110 2150 causarum
1142 2099 1247 2152 tria
1268 2097 1421 2168 cujus
1452 2100 1703 2155 materia.

586 2177 700 2235 Hec
723 2180 966 2239 forenses
989 2185 1112 2241 lites
1135 2187 1306 2255 sedat,
1335 2204 1537 2246 causas
1559 2190 1691 2261 agit,
1724 2190 1989 2256 clamitat,

588 2270 983 2343 Discernendo,
1023 2281 1348 2348 recusando,
1374 2281 1957 2353 defendendojudicat,

586 2363 655 2418 Et
675 2381 781 2434 quo
807 2368 919 2423 vult
949 2369 1094 2441 leges
1123 2383 1421 2443 retorquet,
1452 2375 1606 2441 dicit,
1642 2385 1822 2445 negat,
1849 2375 2106 2444 implicat.

584 2454 971 2531 Cujus'genere
991 2467 1297 2522 communis
1320 2468 1448 2523 hinc
1478 2477 1563 2523 est
1592 2468 1894 2532 dialectica,

584 2545 716 2613 Quae
743 2560 934 2609 natura
960 2555 1111 2625 prior
1131 2566 1282 2613 extat
1317 2559 1481 2613 etiam
1506 2559 1887 2630 grammatica,

586 2640 722 2695 Dum
749 2657 977 2703 cunctas
1010 2648 1137 2719 ligat
1157 2660 1211 2705 et
1248 2651 1435 2718 solvit,
1469 2653 1735 2725 pervideri
1767 2652 1945 2708 nescia
1977 2668 1992 2706 :

2282 530 2619 587 Ralincinari
2655 544 2867 601 potens,
2893 533 3118 587 vincens
3149 533 3493 600 invincibilis,

2282 623 2451 689 Quam
2478 623 2684 694 lampas
2715 624 3042 679 clariﬁcavit
3071 622 3330 678 Manliani
3361 625 3571 681 luminis.

2282 716 2579 771 Transtulit
2602 717 2743 771 banc
2767 717 3087 771 resolvendo
3134 718 3278 771 binis
3304 717 3587 784 Anaicticis,

2280 806 2638 861 lntroducens
2664 806 2919 876 lsagogas
2942 808 3084 862 binis
3114 809 3533 875 commentariis,

2281 898 2345 951 Et
2374 897 2514 951 idem
2545 896 2864 966 Kategorias
2890 913 3012 950 cum
3052 897 3448 966 Periermiuiis,

2281 986 2477 1055 Topica
2500 1002 2622 1041 cum
2647 986 2970 1055 Sillogismis
3008 996 3170 1058 atque
3196 988 3532 1056 Dill'erentits,

2279 1078 2672 1135 Dillinirionum
2701 1078 2893 1133 librum
2923 1095 3045 1135 cum
3078 1082 3443 1137 Divisionibns

2281 1169 2599 1239 Explicavit,
2632 1169 2836 1224 addens
2868 1186 3034 1225 unum
3066 1171 3541 1242 Propositionibus.

2279 1261 2415 1319 llinc
2442 1263 2747 1318 abstractas
2773 1264 3110 1330 quantitates
3143 1265 3344 1320 edocet
3378 1266 3664 1337 quadririum

2280 1359 2528 1413 Numeris
2550 1369 2606 1415 et
2631 1361 2955 1431 simpltoniis
2985 1361 3379 1431 mensurisque
3418 1362 3670 1432 pr0priutn,

2279 1451 2346 1506 Et
2374 1453 2665 1523 perpendit
2696 1452 2797 1507 celi
2826 1452 2944 1508 vias
2970 1468 3164 1508 cursus
3201 1463 3371 1522 atque
3397 1453 3620 1509 siderum.

2277 1542 2451 1613 Hujus
2480 1551 2741 1613 quattuor
2761 1542 2817 1597 in
2847 1551 3039 1612 partes
3067 1543 3309 1598 solvitur
3330 1542 3567 1610 scientia,

2278 1634 2595 1689 Enarranda
2623 1633 2769 1689 binis
2797 1632 2993 1689 formis
3016 1633 3099 1689 sui
3129 1634 3233 1689 sub
3272 1634 3525 1689 essentia.

2279 1727 2416 1782 Hinc
2434 1734 2668 1782 testatur
2699 1724 2948 1780 Severini
2981 1724 3217 1795 diligens
3241 1724 3506 1789 sollertia;

2205 1795 2248 1854 Β
2278 1820 2521 1884 Quarum
2552 1817 2725 1887 prima
2756 1825 3068 1871 ceterarum
3099 1826 3283 1871 mater
3311 1815 3645 1879 arithmetica,

2278 1911 2346 1966 Et
2379 1918 2565 1981 postea
2598 1923 2806 1981 septem
2832 1926 3025 1965 vocum
3057 1909 3399 1965 moderatrix
3428 1908 3624 1973 musica,

2279 2002 2471 2059 Tel-cia
2507 2002 2823 2073 geometria,
2856 2001 2983 2056 hinc
3014 2015 3104 2054 ars
3135 1998 3479 2069 astrologica.

2279 2096 2389 2153 ηις
2419 2095 2701 2168 perpendit
2728 2093 2925 2160 celum,
2958 2101 3185 2157 terram,
3215 2091 3412 2163 gsolem
3457 2100 3508 2145 ct
3553 2089 3748 2149 zodiacm.

3364 2183 3573 2256 {lunam},
3596 2181 3712 2252 polus,

2272 2282 2607 2350 Parabellas,
2639 2296 2822 2346 axem,
2858 2280 3048 2336 decem
3077 2277 3342 2343 circulos,

2277 2376 2678 2444 Stellarumque
2701 2372 2877 2428 noscit
2902 2371 3038 2427 situs
3063 2370 3117 2424 in
3143 2384 3402 2425 occasum
3424 2366 3643 2438 geminos.

2275 2470 2523 2526 Exultate
2553 2468 2847 2537 Papienses
2878 2466 3031 2522 cives
3064 2465 3401 2523 inclitissimi
3424 2505 3439 2529 ,

2275 2562 2429 2632 Apud
2461 2575 2596 2630 quos
2623 2559 2913 2630 quiescunt
2940 2574 3066 2613 ossa
3095 2556 3330 2627 insignis
3355 2554 3542 2619 Boecii,

2278 2655 2387 2711 Vos
2413 2654 2499 2709 bis
2530 2652 2661 2708 rivis
2689 2648 3262 2715 inclarescentesjnre
3294 2657 3416 2719 post
3438 2645 3612 2702 eximii.

590 2794 3735 2826 _—_——__—_—_—_—__——_——____——-

1242 2924 1696 3063 FORMA
1772 2924 3176 3073 EXCQMMUNICATIONIS

1611 3137 1860 3211 [Manna
1900 3139 2159 3206 Analect.,
2192 3139 2327 3195 Nov.
2352 3139 2507 3205 edit.,
2539 3155 2591 3210 p.
2627 3136 2780 3210 162.]

647 3410 772 3468 Haec
797 3416 1291 3491 escommuuicatio
1314 3414 1457 3491 facta
1490 3425 1576 3469 est
1607 3414 1712 3491 sub
1738 3413 1896 3491 finem
1922 3414 2125 3491 _s:eculi_
2155 3414 2377 3491 decimi,
2427 3430 2536 3491 quo
2573 3414 2693 3491 fere
2736 3424 2981 3491 tempore
3028 3410 3733 3491 excommunicationemsubiit

574 3480 926 3559 Bagenardus
951 3500 1134 3559 comes
1158 3486 1491 3541 Senmtensis
1515 3502 1642 3559 cum
1674 3485 1971 3559 Gauzl'rido
2000 3485 2312 3559 et‘Geilone
2337 3480 2616 3559 cationicis
2663 3480 3310 3559 Senonensibus;_cujus
3343 3480 3736 3559 excommunicﬁlkﬁ

574 3546 1011 3628 nis'exemplmn
1047 3558 1221 3625 primo
1265 3559 1401 3626 typis
1439 3557 1644 3612 editum
1674 3558 1842 3628 estin
1873 3566 2018 3628 tomo
2044 3556 2085 3609 Χ
2126 3557 2424 3628 Spicilegii,
2456 3567 2588 3628 tum
2630 3558 2771 3627 apud
2813 3557 3019 3628 Steph._
3042 3546 3324 3611 llaluzi'um
3362 3558 3412 3611 in
3443 3546 3732 3628 Appendich

576 3618 929 3705 Reginonein.
952 3618 1180 3705 _'.\_’a'riasﬁ
1196 3618 1709 3705 exeammunicandi
1749 3626 2005 3705 formulas
2042 3618 2360 3705 saeculojxv
2386 3618 2618 3684 usitatas
2654 3618 2854 3683 vidcsis
2883 3618 3023 3698 apud
3056 3628 3391 3700 Reginonem
3428 3618 3628 3680 abbatem
3662 3618 3733 3671 ΡΝ·

575 3696 836 3750 tniensem
864 3696 919 3749 in
951 3695 1045 3751 lib.
1080 3715 1115 3752 ιι
1148 3697 1221 3753 De
1249 3697 1632 3753 ecclesiasticis
1661 3695 1984 3766 disciplinis,
2018 3713 2137 3768 cap.
2175 3698 2280 3754 407
2308 3713 2461 3768 seqq.

577 3873 709 3953 [huc
726 3885 804 3953 est
828 3876 1321 3953 “communicatio,
1344 3894 1399 3953 m_
1420 3896 1543 3953 ‘qua
1574 3880 1672 3950 fuit
1719 3888 1939 3953 sanctus
1968 3877 2160 3933 Tlteut-
2191 3866 2232 3924 (ἶ
2270 3879 2650 3937 rectitudinem
2677 3878 2979 3936 faetendam
3013 3879 3249 3936 invitare
3279 3880 3451 3953 potui,
3472 3879 3642 3948 dignum
3660 3867 3732 3924 dati

650 3944 1746 4044 ἐξειΐξεξ;-ὶζῑξῖιξξεττξίξηίιῖεξέέρίεοδραεν
1803 3960 1851 4005 ετ

2266 3986 2327 4028 ut
2358 3972 2621 4043 judicium
2646 3972 2835 4027 mlerni
2869 3972 3033 4044 Regis
3067 3972 3281 4028 Domini
3306 3972 3467 4029 nostri
3488 3966 3728 4040 postularem.

786 4018 798 4029 .
1004 4017 1013 4027 .
1275 4018 1286 4029 .
1463 4014 1472 4021 .
1606 4014 1616 4022 .
1731 4014 1740 4018 -
2144 4014 2154 4019 τ
2358 4014 2621 4043 ,ιηηνηηη
2646 4014 2835 4027 wn..."
2869 4014 3033 4044 ..νυν
3067 4014 3281 4028 νυ.......
3306 4014 3463 4029 ..ν.....
3488 4014 3681 4040 ,ην---νη
3721 4014 3727 4021 ν

645 4014 1171 4089 σναιιαηοροιιιωηη
1205 4034 1495 4089 cumam“.
2262 4076 2318 4122 et
2341 4065 2459 4136 ejus
2514 4065 2835 4121 ineffabilem
2876 4064 3311 4121 misericordiam
3350 4075 3607 4121 exorat-em.
3631 4056 3727 4109 Verr

645 4152 965 4225 Quicunque
1024 4152 1330 4221 habitantes
1378 4156 1583 4219 Arelati
1632 4158 1775 4217 hanc
1830 4159 2159 4231 scripturam
2263 4160 2398 4215 eiter
2447 4158 2593 4214 enim
2647 4157 2851 4214 scimus
2905 4158 3032 4229 quia
3081 4157 3299 4231 gladius
3341 4166 3394 4212 et
3430 4153 3546 4226 ignis
3575 4142 3726 4204 celestis

572 4243 835 4316 legeritis,
866 4245 1151 4311 admoneo,
1177 4262 1371 4318 precor
1397 4257 1452 4304 et
1473 4249 1667 4322 adjuro
1694 4265 1792 4321 per
1832 4250 2072 4317 Patrem,
2109 4261 2165 4307 et
2266 4251 2611 4323 imperatoris
2684 4258 2877 4305 contra
2950 4250 3092 4305 filios
3168 4249 3470 4305 difﬁdentia:
3529 4240 3724 4296 vindictam

576 4340 806 4410 Filium,
839 4350 895 4397 et
919 4341 1181 4412 Spiritum
1224 4352 1493 4410 sanctum,
1545 4360 1643 4417 per
1687 4362 1851 4400 unum
1898 4345 2066 4401 Deum
2109 4355 2166 4401 et
2262 4353 2536 4415 Operatur.
2586 4343 2698 4397 Hac
2747 4343 2912 4415 igitur
2964 4342 3293 4399 necessitate
3342 4339 3620 4398 imminente,
3654 4344 3723 4398 pw-

574 4444 881 4491 creatorem
920 4424 1181 4489 domnium
1212 4478 1229 4504 ,
1276 4447 1330 4490 et
1380 4454 1477 4505 per
1526 4439 1739 4494 beatam
1792 4439 2017 4493 Mariam
2070 4440 2161 4494 Dei
2271 4443 2485 4506 tegente
2539 4433 2767 4489 Domino
2823 4433 3109 4489 Salvalore
3170 4443 3389 4498 nostro,
3449 4426 3660 4486 consilium
3694 4426 3724 4467 rt

571 4525 938 4591 Genitricem,
988 4535 1042 4582 et
1092 4543 1190 4596 per
1227 4544 1417 4583 omnes
1457 4538 1677 4586 sanctos
1728 4530 1822 4586 Dei
1861 4532 2162 4601 przesentia:
2257 4526 2512 4597 jtlvnmen
2552 4541 2582 4580 a
2626 4523 2932 4580 senioribus
2978 4524 3183 4579 nostris
3237 4521 3491 4595 episcopis
3527 4516 3632 4572 εἶναι
3664 4519 3719 4560 “’5

573 4620 919 4685 assistentes,
954 4634 1020 4673 ne
1052 4619 1361 4685 dimittatis,
1400 4621 1528 4690 quin
1554 4621 1806 4677 omnibus
1844 4621 2020 4692 palam
2063 4638 2158 4677 an-
2267 4620 2604 4675 morantibus
2638 4617 2916 4689 deprecati
2954 4632 3162 4680 sumus,
3195 4632 3420 4688 quorum
3449 4608 3718 4692 mercedtlltfI

571 4711 851 4777 nuntietis,
868 4726 969 4765 nec
994 4711 1065 4765 sit
1086 4710 1280 4781 aliquis
1302 4714 1391 4782 qui
1419 4712 1568 4767 tollat
1591 4728 1710 4767 eam
1735 4690 1969 4783 desuper
1989 4712 2161 4768 altare
2263 4709 2541 4764 consecuti
2565 4722 2754 4764 sumus
2783 4708 3078 4762 secundum
3103 4708 3269 4762 animi
3296 4707 3592 4762 voluntatem.

574 4801 714 4855 beati
766 4800 1061 4869 Stephani,
1106 4801 1209 4855 nisi
1265 4802 1393 4856 dum
1442 4801 1578 4857 lecta
1631 4800 1796 4856 fuerit
1837 4811 1893 4857 et
1945 4802 2158 4867 audita,
2267 4820 2386 4859 mus
2420 4804 2568 4859 enim
2606 4800 3442 4857 excommunicationem'domni
3475 4784 3714 4851 Theulbiitﬁi

568 4894 741 4948 donec
804 4892 1043 4946 audiatis
1107 4903 1487 4962 persecutores
1554 4892 1647 4949 Dei
1708 4894 2002 4960 Ecclesiae,
2061 4910 2160 4964 pro
2268 4894 2590 4950 Viennensis
2616 4892 3034 4973 archiepiscopi,
3068 4892 3250 4946 domui
3297 4874 3712 4973 Antblardi,Lt_'Sd”"

571 4985 768 5053 quibus
798 5000 890 5039 rex
921 4984 1121 5055 agitur,
1153 4986 1219 5040 ad
1244 4986 1672 5043 satisfactionem
1706 4989 1909 5043 venire.
1939 4987 2162 5045 Noverit
2266 4987 2448 5042 nensis
2487 4984 2954 5049 archimandritaz,
3000 4971 3185 5038 domui
3222 4982 3475 5045 Widonis,
3513 4971 3712 5032 Δηίῡίαιειδ

575 5076 759 5145 itaque
782 5076 1022 5131 omnium
1057 5076 1293 5133 ﬁdelium
1326 5080 1421 5136 Dei
1452 5079 1773 5150 prudentia,
1800 5080 2035 5150 qualiter
2057 5094 2158 5152 ego
2264 5077 2532 5149 prmsulis,
2571 5075 2755 5130 domui
2781 5075 2982 5142 lsarni,
3028 5073 3516 5147 GratianOpolitanze
3534 5065 3636 5122 sedis
3653 5072 3710 5156 at-

570 5165 746 5230 Aimn,
804 5165 1208 5225 Valentinensis
1247 5170 1401 5238 sedis
1448 5171 1622 5238 gratia
1675 5170 1767 5225 Dei
1821 5172 2156 5247 humillimus
2188 5233 2228 5247 ἢ
2265 5170 2467 5237 tistitis,
2496 5183 2702 5223 necnon
2726 5159 3706 5235 domuiGerauldi,Genevensisepiswl’“

578 5257 799 5327 praesul,
831 5259 1279 5327 proclamaverim
1314 5275 1400 5316 me
1448 5272 1575 5317 ante
1614 5243 1957 5332 praesentiam
2008 5262 2155 5317 Gon-
2188 5233 2233 5287 Β
2260 5278 2490 5337 qnormn
2535 5262 2589 5315 in
2633 5274 2693 5315 re
2736 5258 3110 5329 hujuscemodi
3144 5277 3248 5316 una
3277 5271 3359 5317 est
3382 5249 3707 5314 sententiaalllile

570 5350 725 5404 dradi
765 5350 905 5421 regis
938 5354 1167 5408 senioris
1208 5355 1410 5420 nostri,
1460 5355 1601 5424 quod
1643 5354 1913 5409 Aikardus
1953 5362 2151 5409 terram
2261 5367 2583 5411 consensus.
2630 5350 2698 5404 Et
2753 5351 3014 5417 quoniam
3062 5350 3252 5408 Arelas
3294 5359 3440 5423 caput
3479 5351 3542 5401 est
3572 5340 3702 5392 θίθὲε

570 5444 717 5497 beati
757 5442 1084 5512 Apollinaris
1112 5447 1312 5517 egregii
1358 5446 1685 5502 confessoris
1714 5446 1913 5503 Christi
1938 5487 1953 5513 ,
1993 5456 2156 5517 atque
2262 5449 2420 5502 debet
2463 5447 2623 5502 istius
2667 5443 2874 5505 Galliae,
2906 5442 3401 5511 ‘proclamationcm
3432 5445 3613 5494 nostram
3631 5428 3702 5477 ³⁸⁸⁸

570 5537 713 5591 beati
747 5535 1000 5607 Cypriani
1031 5536 1248 5607 gloriosi
1280 5540 1538 5610 martyris
1566 5539 1763 5608 injusto
1786 5541 1977 5597 ordine
2005 5549 2156 5597 tene—
2265 5540 2611 5611 praesentiam
2646 5537 2874 5592 rectoris
2908 5533 3028 5603 ejus
3066 5536 3281 5592 deferre
3308 5534 3594 5592 decreiinmS,

571 5628 686 5694 bat,
717 5638 771 5681 et
799 5635 988 5682 contra
1020 5627 1187 5684 Deum
1226 5637 1278 5683 et
1312 5608 1528 5684 sanctos
1577 5628 1694 5698 ejus
1736 5631 1939 5686 crudeli
1987 5640 2154 5688 temc—
2265 5608 2421 5687 tenus
2464 5646 2529 5685 ne
2562 5630 2891 5700 dedignctut‘
2932 5643 3145 5685 merces
3183 5628 3298 5699 ejus
3330 5626 3467 5682 tantis
3489 5608 3696 5689 patroni!”s

572 5731 733 5775 ritate
760 5720 1017 5792 possidet.
1056 5722 1115 5777 Et
1153 5721 1406 5791 quoniam
1437 5721 1577 5776 nulla
1627 5723 1836 5779 ratione
1891 5725 2062 5794 ipsum
2093 5727 2155 5781 ad
2268 5723 2562 5795 prselibatis
2624 5739 2908 5782 assensum
2972 5725 3393 5781 accommodare.
3448 5716 3540 5770 Sitll
3587 5705 3691 5765 ί¹³⁴ῐ¹⁸⁶
