3834 6332
30 334 148 392 7η

1207 331 1472 393 NONUM.
1519 328 1603 385 DE
1645 326 1920 384 TREt'GA
1968 302 2252 389 eorum."

3230 326 3334 398 752

30 466 214 511 ratur
255 472 352 528 pro
378 472 509 527 pace
536 456 619 513 vel
665 466 812 511 treva
846 456 1037 511 fracta.
1069 454 1137 510 Et
1170 454 1214 510 si
1248 454 1565 510 malcfactor
1593 459 1645 504 et
1680 443 1723 501 Α.
1756 457 1914 504 trev:c
1943 450 2172 517 Domini,
2222 452 2319 521 ipsr
2359 460 2411 506 et
2458 468 2542 508 res
2587 468 2771 509 eorum
2805 470 2909 511 non
2944 454 3245 511 habeantur
3273 460 3328 515 in

28 548 335 617 adjutores
368 549 482 618 ejus
544 558 727 619 postca
791 550 1052 620 jaunlicto
1117 548 1421 618 querelanti
1473 548 1637 601 ullum

28 638 261 693 malum
291 639 516 695 fecerint
548 640 691 695 intra
721 648 949 707 trevam,
988 639 1237 695 emendet
1271 653 1368 709 pro
1405 647 1551 693 treva
1589 648 1644 694 ct

27 744 189 796 pace
227 730 418 786 fracta.
450 732 580 785 Item
611 731 851 801 przedicti
883 732 1120 802 episcopi
1156 731 1505 785 firmaverunt
1535 739 1637 784 trc-

28 836 178 875 vam
212 823 441 877 Domini.
484 822 745 878 Videlicet
775 833 830 878 ut
854 824 997 878 omni
1030 834 1268 892 tempore
1298 832 1541 877 teneatur
1572 822 1640 875 ab

23 915 311 968 omnibus
350 914 681 968 Christianis
718 915 785 969 ab
823 930 1020 969 occasu
1057 915 1186 970 solis
1222 922 1428 985 quartae
1467 912 1634 979 ferite,

27 1004 86 1058 id
123 1017 217 1060 est
250 1006 545 1061 Sferchoris
578 1007 683 1069 die.
714 1023 885 1077 usque
924 1008 991 1061 ad
1022 1015 1197 1061 ortum
1234 1007 1362 1062 solis
1390 1008 1637 1062 secunda:

24 1093 222 1159 feriae,
259 1096 311 1151 id
340 1106 422 1149 est
450 1096 617 1152 Lunis
644 1098 750 1152 die.
780 1098 910 1152 ltem
945 1098 1298 1154 continuatim
1334 1106 1580 1153 teneatur
1604 1114 1633 1152 a

24 1188 225 1254 prima
258 1188 344 1243 die
370 1188 648 1243 Adventus
681 1190 893 1245 Domini
926 1205 1097 1260 usque
1137 1190 1204 1245 ad
1249 1199 1468 1245 octavas
1506 1191 1634 1261 Epi—

24 1279 273 1346 phania:
323 1280 564 1344 Domini,
617 1281 840 1351 quando
895 1280 1166 1337 festivitas
1218 1283 1393 1338 sancti
1448 1281 1633 1337 Hilarii

24 1372 249 1441 agitur.
304 1373 432 1427 Item
479 1374 730 1429 similiter
776 1376 1133 1431 coutinuatim
1184 1384 1432 1431 teneatur
1472 1393 1502 1431 a
1548 1376 1635 1431 die

25 1461 214 1518 leis
259 1479 378 1533 qua:
426 1465 703 1520 antecedit
750 1474 911 1535 caput
949 1464 1140 1535 jejunii
1186 1481 1355 1536 usque
1395 1466 1461 1521 ad
1492 1467 1633 1522 diem

26 1552 214 1608 Lunis
243 1554 334 1623 qui
379 1563 462 1610 est
491 1556 699 1625 primus
728 1567 849 1628 post
876 1557 1018 1613 diem
1051 1557 1385 1613 Dominicam
1418 1568 1634 1614 octava-

26 1660 164 1697 rum
206 1643 579 1702 Peuteeostcn.
611 1648 679 1703 Et
710 1658 821 1704 tres
863 1648 1182 1705 festivitates
1211 1658 1413 1705 sancta:
1452 1649 1633 1706 Marirc

23 1751 164 1790 cum
192 1738 307 1791 suis
333 1737 544 1807 vigiliis.
581 1740 645 1794 Et
674 1741 1011 1797 nativitatem
1046 1743 1219 1798 sancti
1249 1741 1472 1797 Joannis
1502 1760 1623 1799 cum

1746 556 1877 611 pace
1905 550 1959 595 et
1995 550 2139 596 treva
2172 543 2406 601 Domini.

1815 634 1925 705 Ego
1951 635 2287 694 Ganzl'redus
2318 655 2499 696 comes
2524 640 2650 711 juro
2683 642 2775 697 til~i
2824 644 2985 699 Petro
3030 643 3323 703 llelenensi

1743 724 2000 796 episcopo
2023 736 2078 781 et
2110 728 2251 784 facio
2276 729 2369 784 tibi
2402 731 2726 788 hoslaticum
2758 743 2813 788 ut
2840 750 2934 804 per
2954 736 3058 791 duo
3087 748 3327 808 tempora

1742 815 1892 879 anni,
1937 816 2147 873 scilicet
2176 820 2243 874 ad
2275 820 2666 878 dedicationem
2722 822 2781 879 Β.
2837 825 3075 889 Eulalize,
3139 829 3191 883 id
3245 840 3329 885 est

1739 920 1834 961 VIII
1860 906 1981 963 ldus
1998 906 2061 963 Ο(
2081 910 2270 977 tobris,
2286 921 2339 966 et
2366 914 2433 967 ad
2461 923 2618 984 caput
2642 914 2993 985 jejuniorum,
3018 935 3115 988 per
3130 936 3329 974 unum-

1739 1011 2010 1067 quemque
2040 1014 2265 1066 annum,
2296 1003 2533 1070 quandiu
2567 1006 2785 1070 vixeris,
2819 1017 3063 1062 revertar
3091 1012 3157 1064 ad
3188 1011 3333 1067 hanc

1737 1089 1920 1142 sedem
1965 1088 2024 1142 Β.
2064 1091 2316 1157 Eulalire;
2366 1102 2421 1148 et
2475 1110 2579 1148 nou
2614 1097 2877 1175 separabo
2923 1098 3049 1154 hinc
3098 1117 3184 1156 me
3214 1102 3331 1159 sine

1743 1178 1958 1233 licentia
1994 1191 2083 1236 tua
2124 1183 2204 1237 vel
2238 1184 2471 1254 ipsorum
2510 1186 2829 1241 clericorum
2867 1190 3063 1258 quibus
3096 1200 3147 1245 tu
3181 1209 3331 1247 cmu—

1738 1272 1970 1337 rniseris,
2028 1275 2070 1327 si
2102 1290 2174 1329 ms
2204 1291 2309 1330 nou
2359 1277 2627 1344 habuero;
2663 1289 2718 1333 et
2768 1280 2809 1334 si
2858 1296 2931 1335 zcs
2968 1282 3225 1350 habuero,
3267 1304 3331 1339 co

1740 1363 1969 1418 transito
2016 1364 2155 1419 infra
2202 1381 2294 1421 vni
2336 1367 2451 1423 dies
2494 1380 2758 1436 revertar,
2811 1380 2866 1425 et
2920 1388 3023 1425 non
3067 1378 3333 1444 separatio

1736 1452 1864 1506 hinc
1917 1468 2003 1507 me
2053 1453 2170 1509 sine
2218 1454 2433 1511 licentia
2481 1467 2571 1511 tua
2615 1459 2697 1511 vel
2731 1460 2972 1529 ipsorum
3006 1461 3328 1518 clericorum

1734 1543 1932 1612 quibus
1962 1554 2016 1599 tu
2044 1547 2407 1615 commiseris,
2440 1563 2535 1619 per
2566 1549 2736 1606 Deuni
2763 1561 2819 1606 ct
2854 1552 2969 1607 lucc
3007 1566 3218 1609 sancta.

1770 1719 2015 1793 Synodus
2050 1724 2354 1782 Ilelenensis
2385 1736 2480 1784 sub
2512 1730 2667 1785 Oliba
2698 1732 2938 1803 episcopo
2967 1736 3277 1791 Ausouemi.

24 1840 134 1877 sua
168 1794 453 1895 vigiliakt
489 1826 837 1884 festivitatem
863 1843 1174 1887 sanctorum
1199 1831 1337 1887 Justi
1368 1843 1423 1889 et
1447 1833 1538 1888 Pas

1810 1814 1963 1870 Anno
1998 1815 2292 1874 Dominica:
2328 1819 2721 1877 lncarnationis
2754 1840 2905 1880 xxvii
2948 1836 3067 1897 post
3102 1828 3324 1884 millesi-

26 1914 135 1975 ris,
168 1923 223 1967 et
257 1915 443 1969 Abdon
475 1926 529 1970 et
560 1916 798 1983 Seuneu,
826 1932 882 1975 et
921 1922 1094 1976 sancti
1123 1921 1339 1989 Felicis,
1372 1932 1426 1979 et
1454 1926 1628 1979 sancti

26 2006 288 2067 chosii,
325 2014 379 2060 et
423 2009 596 2063 sancti
647 2007 887 2076 Nazarii,
932 2020 985 2065 et
1027 2012 1198 2067 sancti
1235 2012 1534 2081 Laurentii,
1576 2026 1630 2070 et

26 2096 219 2149 Sancti
268 2096 564 2165 Michaelis,
602 2109 657 2155 et
708 2100 1055 2177 festivitatem
1095 2104 1346 2160 Omnium
1398 2106 1626 2164 Sancto-

30 2203 185 2253 rum,
218 2197 276 2242 et
322 2190 497 2245 sancti
536 2191 774 2258 Martini,
808 2201 862 2248 ct
897 2194 1016 2249 dua:
1062 2196 1382 2253 festivitates
1430 2210 1630 2255 sancta:

28 2279 257 2343 Crucis,
296 2288 353 2334 et
400 2281 668 2337 Cathedra
722 2286 896 2341 sancti
953 2286 1127 2354 Petri,
1177 2299 1233 2346 et
1282 2290 1627 2350 festivitatem

28 2372 213 2425 sancti
266 2371 519 2439 Enuesii,
566 2390 686 2445 quze
733 2386 816 2431 est
862 2394 937 2433 xu
985 2379 1104 2434 Kal.
1154 2380 1519 2453 Septembris,
1575 2395 1630 2439 et

28 2460 462 2517 Decollatiouem
504 2465 675 2520 sancti
702 2464 928 2521 Joannis
959 2468 1234 2540 Baptistae,
1267 2487 1391 2527 cum
1433 2474 1630 2544 vigiliis

26 2561 85 2605 ct
116 2568 246 2608 cum
274 2556 526 2611 omnibus
552 2558 934 2630 noctibusjam
962 2561 1224 2617 dictarum
1249 2564 1625 2619 festivitatum.

28 2644 102 2698 Et
166 2660 363 2702 omnes
398 2648 515 2703 dies
562 2659 618 2704 et
652 2662 838 2708 noctes
893 2652 1137 2719 Quatuor
1186 2663 1510 2725 temporum.
1570 2658 1625 2711 Si

21 2737 161 2806 quis
208 2747 388 2793 autem
434 2738 571 2794 infra
622 2741 762 2798 hanc
806 2744 1119 2813 prtedictam
1166 2753 1371 2800 trevam
1416 2746 1629 2801 Domini

21 2827 260 2896 aliquod
293 2828 488 2883 malum
520 2830 681 2886 alicui
710 2830 922 2900 fecerit,
956 2834 1009 2889 in
1050 2836 1271 2906 duplum
1313 2837 1361 2892 ei
1404 2851 1627 2908 compo-

18 2928 165 2979 nat.
209 2928 266 2973 et
301 2929 483 2988 postea
525 2938 621 2991 per
658 2924 923 2995 judicium
972 2943 1128 2997 aquae
1166 2928 1375 3000 frigida:
1424 2940 1625 2985 trevam

18 3008 257 3062 Domini
288 3011 338 3063 in
370 3012 496 3066 sede
526 3022 726 3067 sancta:
754 3013 974 3071 Eulalia:
1011 3018 1089 3090 (l)
1123 3020 1395 3075 emendet.
1420 3019 1475 3075 Si
1505 3023 1629 3091 quis

15 3112 225 3157 autem
272 3103 409 3158 Infra
460 3105 601 3161 hanc
646 3113 850 3161 trevam
897 3109 1170 3165 hominem
1213 3111 1474 3168 occiderit
1511 3114 1629 3169 sine

1739 1921 1905 1974 mum,
1940 1923 2049 1963 xvu
2082 1908 2200 1964 Kal.
2235 1909 2401 1974 .luuii,
2431 1915 2688 1968 convenit
2726 1916 2879 1971 Oliba
2921 1920 3163 1988 pontifex
3215 1924 3327 1977 Au-

1735 1999 1988 2054 soucusis
2036 2001 2101 2054 ad
2157 2001 2329 2057 vicem
2384 2004 2693 2075 Berengarii
2748 2007 3029 2065 Elencusis
3086 2013 3324 2084 episcopi

1738 2102 1863 2147 tunc
1891 2095 2148 2164 temporis
2171 2095 2223 2150 in
2251 2099 2630 2153 transmarinis
2653 2101 2899 2169 partibus
2923 2105 3189 2174 peregrini
3219 2122 3325 2162 una

1734 2197 1855 2237 cum
1893 2183 2198 2239 Udalchero
2252 2196 2458 2242 sancta:
2504 2188 2790 2245 Elencusis
2836 2191 3091 2247 Ecclesia:
3141 2195 3325 2250 archi-

1734 2277 2073 2348 presbytero,
2106 2277 2485 2335 et’Gancelino
2525 2281 2933 2351 archidiacono,
2964 2292 3017 2337 et
3059 2284 3325 2343 Ellcmaro

1733 2366 2077 2421 saeriscriuio
2115 2377 2170 2421 et
2203 2367 2458 2435 Coraulc,
2497 2370 2826 2437 Gauzberto,
2857 2382 2911 2426 et
2948 2374 3159 2430 cancris
3189 2390 3325 2445 prte-

1734 2457 1857 2511 fata:
1890 2458 2035 2511 sedis
2083 2459 2386 2521 canonicis.
2430 2469 2743 2532 canumque
2788 2477 3070 2518 sacrorqu
3104 2466 3322 2533 ducum,

1734 2559 2009 2605 catervam
2042 2567 2257 2622 quoque
2298 2553 2560 2621 fidelium,
2596 2571 2699 2611 non
2729 2557 2902 2612 solum
2944 2562 3204 2627 virorum,
3229 2558 3323 2616 sed

1731 2642 1893 2695 etiam
1937 2642 2279 2698 feminarum.
2312 2646 2694 2702 Convenerunt
2722 2659 2904 2704 autem
2956 2650 3009 2705 iu
3062 2653 3321 2707 comitatu

1735 2722 2153 2803 ltdssiliouense,
2185 2737 2236 2790 in
2281 2746 2437 2807 prato
2470 2737 2708 2807 Tulnjes.
2737 2738 2856 2807 Quo
2891 2757 3011 2797 cum
3042 2745 3309 2800 convenis

1732 2834 1871 2889 sent,
1898 2825 2070 2895 primo
2100 2836 2354 2897 rogantes
2380 2828 2595 2883 Domini
2627 2830 3052 2887 misericordiam
3079 2843 3134 2888 ut
3160 2837 3319 2889 corda

1735 2915 1969 2968 fidelium
2003 2930 2223 2969 suorum
2255 2916 2321 2970 ad
2359 2932 2417 2972 se
2462 2929 2824 2988 converteret,
2872 2932 3081 2978 mentes
3108 2938 3321 2994 quoque

1733 3012 1785 3057 et
1818 3013 1972 3059 actus
1998 3006 2275 3075 dirigeret,
2302 3007 2424 3061 dein
2455 3009 2817 3077 requisieruut
2846 3012 2889 3065 si
2916 3029 3035 3083 quae
3060 3014 3320 3071 hactenus

1736 3112 1763 3150 a
1813 3098 2049 3166 praefatis
2078 3099 2347 3169 episcopis
2390 3110 2594 3158 statuta
2632 3103 2845 3159 fuerant
2874 3107 3315 3164 observarentur.

15 3194 227 3263 ειῖίμιο
273 3210 431 3260 casu,
478 3212 545 3251 εχ
599 3211 867 3253 consensu
912 3201 1153 3256 omnium
1195 3203 1626 3260 Christianorum
1657 3175 1697 3231 (ἒ
1734 3190 1841 3246 Sed
1870 3207 1994 3245 cum
2031 3207 2165 3262 pene
2192 3193 2373 3247 omnia
2408 3194 2742 3251 invenissent
2796 3198 2896 3253 nisi
2945 3199 3119 3254 solum
3170 3202 3315 3271 pedi-

16 3286 327 3341 ditIinituin
375 3296 551 3344 estut
600 3291 851 3348 omnibus
895 3293 1083 3350 diebus
1122 3296 1247 3351 vita:
1292 3312 1404 3353 sua:
1438 3300 1629 3355 exsilio

18 3378 352 3432 daumctur.
382 3378 438 3433 Si
476 3391 655 3435 autem
685 3397 807 3436 cum
843 3398 972 3439 casu
1011 3385 1112 3441 hoc
1148 3386 1356 3451 fecerit,
1383 3392 1628 3462 egredia-

21 3482 123 3524 tur
164 3481 347 3526 tamen
377 3487 407 3526 a
436 3482 577 3529 terra
615 3490 785 3547 usque
815 3477 881 3532 ad
918 3478 1208 3534 triennium
1232 3496 1391 3551 quem
1419 3485 1624 3554 episco-

20 3579 136 3629 pus
171 3564 255 3617 vel
290 3567 534 3622 canonici
574 3568 1006 3625 existimaveriut
1052 3586 1172 3627 esse
1218 3572 1619 3643 imponendum.

22 3655 90 3708 Si
115 3656 243 3724 quis
256 3671 381 3725 vero
406 3657 540 3714 infra
564 3661 703 3716 hanc
726 3671 928 3717 trevam
950 3680 1008 3719 se
1030 3665 1240 3719 miserit
1264 3667 1314 3719 in
1353 3668 1498 3738 aguit
1521 3669 1621 3739 (2),

19 3748 116 3799 vel
167 3748 342 3817 ipsum
378 3760 537 3822 aguet
572 3753 840 3810 stabiliter
868 3772 966 3827 pro
995 3768 1167 3812 morte
1203 3759 1284 3814 vel
1319 3763 1622 3830 apprehen-

21 3842 192 3893 sione
220 3840 447 3909 alicujus
474 3844 734 3911 hominis,
766 3856 858 3901 aut
892 3862 993 3917 pro
1022 3849 1452 3920 apprchensione
1490 3854 1622 3909 alte-

22 3933 149 3987 rius
199 3935 428 4003 castelli,
464 3946 519 3991 et
557 3946 735 3995 tamen
772 3942 817 3994 si
863 3942 963 3997 hoc
1004 3958 1164 4013 agere
1204 3959 1311 3998 non
1362 3948 1618 4016 potuerit,

20 4024 290 4078 similiter
315 4026 567 4083 emendet
592 4027 658 4083 ad
681 4027 943 4098 judicium
972 4033 1207 4104 episcopi
1244 4045 1300 4092 et
1333 4039 1622 4095 canonico-

19 4130 147 4167 rum
201 4116 323 4184 ejus
376 4117 548 4189 ipsam
592 4120 798 4176 trevam
846 4121 1088 4192 Domini,
1133 4127 1274 4183 sicut
1320 4127 1524 4187 faceret
1573 4134 1618 4187 si

18 4205 255 4259 fecisset
293 4207 438 4275 quod
475 4225 639 4281 agere
672 4212 918 4267 tentavit.
954 4214 1085 4270 Item
1126 4218 1522 4287 prohibuerunt
1551 4238 1619 4278 ne

14 4296 67 4348 in
110 4296 448 4354 terminibus
488 4300 574 4355 his
599 4302 928 4359 continuatis
972 4305 1160 4371 trevis,
1191 4308 1444 4367 videlicet
1476 4321 1610 4367 tem-

8 4404 155 4457 pore
204 4390 483 4447 Adventus
529 4391 765 4461 Domini,
808 4412 900 4451 seu
941 4398 1400 4469 Quadragesimte,
1441 4405 1619 4461 nullus

6 4494 275 4537 castrum
308 4482 389 4538 vel
411 4486 765 4543 munitionem
798 4490 1065 4547 :edificare
1094 4505 1385 4564 przcsumat
1414 4498 1515 4554 nisi
1547 4516 1616 4553 xv

3 4576 222 4628 diebus
246 4582 373 4630 ante
397 4578 739 4635 continuatas
753 4582 1042 4652 prwdictas
1065 4592 1242 4641 trevas
1271 4587 1373 4643 hoc
1394 4589 1615 4646 inchoa-

5 4668 189 4721 verit.
224 4666 303 4722 De
326 4671 583 4739 praedicta
610 4684 790 4728 autem
826 4684 973 4731 treva
1010 4676 1093 4730 vel
1128 4694 1260 4749 pace
1293 4682 1509 4749 querela
1550 4685 1617 4738 ad

1 4764 349 4832 episcopum
377 4763 459 4817 vel
484 4764 549 4819 ad
576 4765 693 4835 ejus
730 4770 1021 4825 canonicos
1047 4786 1140 4826 seu
1195 4772 1438 4845 fatigatio
1471 4778 1614 4832 omni

2 4866 283 4922 tempore
323 4853 441 4919 fiat;
475 4864 531 4910 et
566 4855 705 4911 sicut
733 4859 979 4933 superius
1016 4860 1274 4931 scriptum
1299 4873 1379 4919 est
1409 4866 1460 4918 iu
1485 4882 1619 4937 pace

0 4948 80 5001 de
111 4943 401 5013 ecclesiis,
436 4947 509 5001 ita
541 4945 650 5001 fiat.
684 4947 751 5002 Et
782 4949 881 5018 ipsi
912 4951 963 5005 in
994 4952 1186 5021 quibus
1216 4955 1498 5025 episcOpus
1538 4958 1618 5013 vel

2 5036 284 5090 canonici
315 5037 554 5106 praedicti
588 5055 647 5095 se
676 5039 1020 5110 fatigaverint
1058 5044 1124 5099 de
1152 5044 1453 5116 direptione
1481 5065 1619 5118 pra!-

6 5130 153 5181 fatze
188 5127 342 5195 pacis
380 5131 463 5182 vel
506 5141 673 5187 treva:
715 5132 947 5199 Domini,
980 5133 1094 5188 sive
1141 5134 1501 5204 tidejussores,
1534 5140 1614 5193 vel

8 5217 287 5273 liostatici
318 5232 415 5288 pro
437 5236 568 5291 pace
598 5222 682 5277 vel
710 5232 857 5279 treva
890 5226 1123 5290 Domini,
1152 5236 1206 5281 et
1232 5227 1427 5282 malam
1456 5230 1614 5285 fidem

9 5312 155 5365 inde
183 5320 467 5379 portantes
494 5314 747 5385 episcopo
770 5317 854 5372 vel
881 5318 1157 5373 canonicis
1182 5320 1421 5390 ejusdem
1448 5322 1613 5387 sedis,

9 5406 575 5460 excommunicentur
603 5408 671 5462 ab
698 5410 952 5479 episcopo
982 5410 1065 5466 vel
1100 5426 1129 5465 a
1166 5413 1445 5469 canonicis
1473 5415 1617 5485 ejus-

9 5496 152 5547 dem
203 5494 351 5550 sedis
402 5511 525 5551 cum
582 5501 977 5569 protectoribus
1027 5512 1081 5558 et
1129 5503 1508 5573 adjuvantibus
1557 5520 1617 5561 sc

11 5588 274 5657 quanJiu
310 5602 371 5643 se
401 5590 778 5649 contenderint
817 5594 956 5650 sicut
1000 5595 1324 5653 infractores
1350 5598 1499 5669 pacis
1532 5598 1616 5655 vel

96 5768 179 5836 (l)
230 5768 282 5821 ld
314 5779 395 5823 est
426 5769 474 5824 in
503 5772 790 5827 cathedrali
823 5773 1048 5830 ecclesia
1080 5774 1386 5833 llcleneusi.

1728 3283 1830 3338 bus
1870 3285 2209 3350 conculcata,
2239 3287 2331 3341 sed
2376 3288 2538 3341 etiam
2586 3288 2844 3344 oblivioni
2878 3292 3078 3358 dedita,
3124 3293 3317 3347 iterum

1730 3391 1982 3445 reparare
2025 3377 2350 3432 studuerunt
2380 3380 2569 3433 eodem
2603 3389 2789 3436 tenore
2822 3397 2930 3451 quo
2973 3382 3187 3438 fuerant
3227 3385 3316 3439 ha-

1725 3476 1916 3521 ctenus
1972 3468 2211 3521 condita.
2262 3467 2674 3525 Coustitueruut
2723 3471 2906 3542 itaque
2951 3474 3159 3543 prrcfati
3205 3476 3315 3545 epi-

1726 3558 1872 3627 scopi
1903 3558 2063 3613 simul
2092 3573 2213 3613 cum
2241 3560 2388 3613 omni
2421 3560 2569 3617 clero
2590 3570 2643 3616 et
2670 3562 2808 3618 fideli
2833 3564 3030 3634 populo
3061 3574 3119 3620 ut
3156 3581 3318 3621 nemo

1726 3649 1778 3703 in
1815 3658 1929 3703 toto
1955 3649 2266 3719 supradicto
2294 3649 2555 3705 comitatu
2590 3651 2672 3706 vel
2702 3653 3015 3723 episcopatu
3064 3653 3315 3709 habitans

1724 3742 1973 3796 assaliret
2022 3743 2258 3815 aliquem
2309 3760 2465 3801 suum
2504 3745 2782 3800 inimicum
2831 3745 2899 3800 ah
2941 3745 3073 3800 hora
3106 3746 3313 3801 sabbati

1725 3852 1869 3891 nona
1910 3852 2079 3907 usque
2106 3838 2158 3892 in
2183 3838 2269 3893 die
2299 3837 2464 3893 Louis
2496 3839 2626 3893 hora
2654 3838 2849 3907 prima,
2881 3847 2940 3893 ut
2960 3838 3134 3893 omnis
3156 3838 3316 3896 homo

1724 3920 1997 3997 persolvat
2039 3931 2279 3985 debitum
2330 3931 2595 3986 honorem
2647 3930 2753 3986 diei
2803 3932 3097 3998 dominico,
3135 3947 3314 4004 neque

1723 4021 1831 4077 ullo
1861 4022 2019 4077 modo
2046 4022 2241 4093 aliquis
2283 4023 2531 4079 assaliret
2556 4024 2881 4079 monachum
2905 4040 3026 4079 eum
3058 4024 3311 4099 clericum

1722 4113 1839 4169 sine
1868 4114 2033 4170 armis
2068 4115 2430 4181 incedentem,
2468 4130 2643 4185 neque
2677 4116 2911 4187 aliquem
2941 4116 3214 4171 hominem
3243 4117 3311 4171 ad

1721 4205 2006 4261 ecclesiam
2026 4221 2149 4261 cum
2176 4207 2401 4263 concilia
2430 4217 2647 4262 euntem
2670 4206 2752 4262 vel
2782 4204 3116 4273 redeuntem,
3135 4220 3311 4275 neque

1720 4297 1953 4369 aliquem
2015 4299 2286 4354 hominem
2358 4314 2479 4354 cum
2536 4298 2788 4369 sportella
2841 4297 3305 4369 proficiscentem,

1722 4404 1896 4460 neque
1924 4388 2158 4460 aliquem
2184 4391 2458 4445 hominem
2485 4405 2606 4446 cum
2637 4391 2854 4445 feminis
2875 4400 3308 4461 euntem,neque

1723 4482 1922 4551 aliquis
1986 4481 2213 4536 auderet
2263 4481 2553 4537 ecclesiam
2607 4482 2689 4537 vel
2738 4482 2928 4537 domos
2975 4484 3027 4538 in
3076 4484 3305 4539 circuitu

1726 4574 1929 4643 positas
1956 4588 1985 4627 a
2010 4588 2115 4626 xxx
2150 4574 2398 4642 passibus
2426 4574 2631 4630 violare
2662 4584 2752 4630 aut
2783 4575 3045 4639 assallire.
3070 4576 3181 4632 lloc
3206 4592 3305 4630 au-

1725 4674 1830 4720 tem
1859 4673 2074 4735 pactum
2120 4666 2239 4722 sive
2286 4674 2524 4736 treguam
2569 4668 2692 4722 ideo
2719 4667 3140 4735 constituerunt,
3173 4685 3309 4739 quo-

1722 4757 1867 4811 niam
1896 4757 2076 4812 divina
2120 4758 2203 4814 lex
2232 4769 2286 4814 et
2314 4774 2451 4830 pene
2480 4760 2658 4815 omnis
2683 4759 2988 4816 Christiana
3022 4761 3208 4832 religio
3238 4764 3306 4818 ad

1721 4853 1947 4907 nihilum
1974 4852 2225 4919 deducta,
2264 4863 2321 4906 ut
2347 4852 2565 4923 legitur,
2598 4853 2905 4908 abundabat
2935 4853 3212 4924 iniquitas,
3251 4865 3301 4909 et

1722 4943 2103 5016 refrigesccbat
2136 4944 2357 5001 caritas.
2384 4945 2452 5000 Et
2478 4946 2597 5001 ideo
2626 4944 2966 5015 praecipimus
2994 4960 3092 5001 nos
3114 4960 3305 5015 supra-

1720 5039 1848 5094 dicti
1874 5030 2178 5108 episcopus,
2203 5039 2382 5095 clerus
2408 5039 2590 5104 simul,
2622 5047 2676 5093 et
2701 5038 2877 5093 omnis
2900 5038 3033 5095 ordo
3062 5040 3304 5095 serviens

1720 5131 1918 5186 divinis
1941 5132 2197 5198 cultibus,
2220 5140 2274 5186 et
2304 5146 2489 5187 coram
2513 5131 2622 5185 Deo
2655 5131 3024 5187 interdicimus
3044 5141 3103 5186 ut
3127 5132 3303 5188 nullus

1720 5224 1882 5281 homo
1912 5223 1997 5279 vel
2026 5223 2229 5279 femina
2259 5224 2327 5279 de
2354 5222 2738 5295 suprascriptis
2768 5220 2968 5292 aliquid
3001 5214 3305 5279 voluntarie

1721 5326 1987 5373 temerare
2026 5318 2107 5373 vel
2157 5316 2447 5384 infringere
2486 5321 2797 5383 praesumat,
2831 5328 2931 5369 nec
2966 5314 3182 5369 invadat
3214 5330 3301 5371 res

1719 5418 1919 5464 sanctae
1946 5408 2134 5462 matris
2159 5404 2400 5461 ecclesiae
2429 5403 2710 5459 Elenensis
2745 5403 2859 5459 sive
2891 5405 3100 5460 caneris
3126 5404 3300 5459 eccle-

1719 5502 1815 5556 siis
1859 5500 1942 5557 vcl
2007 5496 2350 5554 monasteriis
2410 5496 2639 5551 debitas.
2710 5493 2897 5568 Neque
2959 5495 3187 5566 aliquis,
3240 5510 3299 5551 se

1718 5594 1944 5658 sciente,
1980 5592 2031 5646 in
2063 5590 2266 5645 incestu
2297 5601 2467 5658 usque
2494 5589 2559 5642 ad
2584 5596 2793 5644 sextum
2825 5586 3047 5659 gradum
3078 5597 3298 5659 perma-

1790 5776 1865 5848 (2)
1915 5774 1968 5831 ld
1999 5780 2078 5829 est
2109 5769 2330 5826 insidias
2358 5771 2634 5826 struxerit.
