3834 6332
541 293 646 351 745

1327 281 1509 350 SEC.
1552 290 1621 348 XI
1643 289 1846 350 AUCT.
1879 285 2141 346 lNCEliTl

2244 283 2353 342 NN
2381 285 2466 342 ET
2509 284 2770 342 SCRIPT.
2815 283 3043 360 Ἀιεειιξ
3645 294 3708 354 in

538 414 692 462 neat.
732 401 920 475 Neque
949 401 1146 474 aliquis
1167 417 1390 458 uxorem
1423 403 1694 474 propriam
1718 401 1980 465 dimittat,
2029 415 2129 455 nec
2159 412 2202 468 Α
2234 399 2528 456 Dominicis
2563 400 2997 470 obtemperantes
3026 397 3281 468 jussibus
3307 417 3397 471 pro
3429 410 3711 475 temperabunt

541 498 770 554 alteram
815 494 1075 551 feminam
1127 496 1345 551 habeat.
1399 496 1552 563 Quod
1600 495 1646 550 si
1677 495 1798 564 quis
1832 492 1980 562 fecit,
2018 494 2132 548 sive

543 589 764 643 inantea
789 586 1002 653 fecerit,
1032 584 1135 641 nisi
1173 586 1462 657 resipuerit
1487 595 1541 643 et
1563 601 1663 658 pro
1691 600 1849 656 posse
1871 585 2129 640 emenda.

541 680 685 735 verit
727 686 782 732 et
830 677 896 732 ad
949 677 1162 747 plenam
1209 677 1895 735 satisfactionem‘saucta:
1945 677 2134 732 matris

540 770 797 831 Ecclesia:
824 784 1006 824 coram
1039 770 1365 840 supradictis
1393 769 1668 824 canonicis
1696 768 1836 824 infra
1865 768 2132 823 mensium

541 877 702 918 ll'llltll
736 861 968 932 spatium
1001 861 1232 928 venerit,
1268 878 1298 917 a
1333 862 1611 919 liminibus
1631 871 1832 918 sancte
1855 859 2134 918 catholicae

542 954 793 1010 Ecclesiae
821 963 875 1008 et
901 952 1140 1008 omnium
1171 951 1612 1008 Christianorum
1641 961 1784 1010 C(Blll
1820 968 2135 1009 excommu-

541 1046 756 1101 nicatus
810 1055 1148 1115 permaneat.
1206 1045 1268 1100 Et
1321 1055 1379 1100 ut
1425 1046 1683 1102 noveritis
1729 1062 1921 1103 omnes
1970 1047 2133 1116 quale

541 1147 822 1208 peccatum
854 1137 927 1190 sit
956 1135 1108 1206 jungi
1136 1137 1641 1202 excommunicatis,
1676 1137 1856 1195 nullus
1876 1138 2136 1196 Christia-

539 1241 644 1281 nus
694 1227 852 1282 debet
898 1226 1229 1284 manducare
1258 1225 1530 1302 cumreis,
1577 1227 1660 1283 vel
1701 1227 1910 1292 bibere,
1960 1243 2135 1298 neque

540 1314 787 1370 osculum
823 1315 904 1370 eis
950 1315 1251 1386 porrigere,
1287 1329 1461 1386 neque
1493 1333 1618 1374 cum
1647 1317 1728 1373 eis
1763 1318 1907 1388 loqui
1935 1317 2038 1374 nisi
2070 1319 2135 1374 de

541 1406 959 1472 satisfactione;
1019 1421 1194 1477 neque
1260 1407 1303 1462 si
1373 1410 1826 1465 excommunicati
1892 1409 2131 1464 defuncti

545 1495 766 1561 fuerint,
820 1496 1086 1552 debentur
1125 1497 1191 1551 ad
1235 1497 1494 1553 ecclesias
1536 1498 1787 1568 sepeliri;
1829 1514 2006 1569 neque
2032 1499 2132 1553 ali-

542 1588 666 1656 quis
695 1587 925 1642 clericus
954 1586 1036 1642 vel
1063 1586 1236 1642 fidelis
1268 1587 1426 1643 debet
1455 1603 1554 1658 pro
1585 1589 1665 1643 eis
1694 1603 1873 1644 orare.
1918 1590 1972 1643 Si
2007 1603 2134 1645 vero

546 1693 646 1748 pro
675 1677 847 1732 nihilo
881 1677 1138 1732 duxerint
1166 1677 1810 1744 excounnuuicationem,
1839 1687 2045 1732 transui
2065 1677 2135 1732 tis

2233 491 2534 549 commodis
2572 492 2876 547 commissae
2905 491 3007 547 sibi
3046 492 3192 562 plebi
3233 493 3495 563 impensis,
3520 513 3544 549 a
3573 514 3713 556 91mm

2231 585 2471 641 ninnium
2507 593 2746 654 pastore.
2780 593 2839 638 ut
2867 595 3067 640 (eterna
3101 586 3329 655 praemia
3373 595 3716 645 mercantium-

2231 678 2366 749 pisci
2399 678 2451 733 in
2492 676 2709 732 srerula.
2755 676 2938 733 Primo
2977 695 3106 748 ergo
3135 679 3386 735 omnium
3419 681 3718 741 institutionem

2233 778 2558 830 nostrarum,
2584 783 2704 836 qua:
2733 768 2783 822 in
2820 769 2922 824 hoc
2951 778 3096 824 tomo
3123 769 3419 824 scribenda
3449 781 3573 836 sunt,
3593 791 3718 828 tarme-

2235 876 2357 917 mus
2406 871 2463 915 et
2515 861 2832 916 mandamus
2878 863 3175 916 secundum
3249 874 3556 932 przrceptutn
3595 866 3660 920 hri
3693 885 3724 924 cz

2233 961 2476 1007 nostrum
2531 960 2589 1006 ut
2643 952 2819 1007 nullus
2867 951 3311 1008 Christianorum
3350 954 3498 1007 alium
3523 957 3724 1025 quenditet

2233 1043 2598 1099 Christianum
2629 1044 2860 1107 occidat,
2914 1045 3038 1114 quia
3065 1045 3156 1114 qui
3186 1044 3545 1099 Christianum
3581 1046 3724 1108 occidit

2233 1135 2352 1191 sine
2381 1134 2545 1190 dubio
2575 1135 2774 1191 Christi
2819 1137 3135 1206 sanguinem
3204 1136 3406 1190 fundit.
3437 1137 3488 1192 Si
3513 1140 3608 1205 quis
3632 1155 3726 1200 rem,

2234 1228 2378 1298 quod
2415 1245 2518 1281 non
2554 1237 2829 1292 Optamus,
2864 1227 3059 1298 injuste
3106 1228 3390 1282 hominem
3426 1228 3654 1292 occiderit,
3673 1248 3729 1302 per

2233 1319 2420 1396 legem.
2439 1333 2560 1374 eum
2591 1321 2862 1374 emendet.

2273 1460 2275 1462 .
2304 1408 2504 1464 lterum
2551 1409 2871 1466 mandamus
2907 1419 3070 1481 atque
3100 1409 3498 1482 conﬁrmamus
3522 1413 3651 1482 ipsam
3670 1426 3732 1470 ιη-

2236 1512 2358 1570 gam
2383 1498 2612 1568 Deique
2632 1514 2662 1552 a
2689 1499 2842 1554 nobis
2865 1499 3063 1554 dudmn
3088 1501 3396 1555 constituta
3421 1500 3732 1567 meracum:

2235 1606 2265 1644 ει
2305 1590 2486 1660 pravis
2516 1591 2824 1646 hominibus
2853 1590 3096 1662 disrupta
3119 1607 3248 1648 esse
3274 1592 3568 1656 τωρωι-,ιιι
3587 1593 3734 1648 limite!

2235 1682 2488 1754 deinceps
2537 1682 2606 1738 ab
2651 1682 2902 1739 omnibus
2943 1692 3216 1740 teneatur.
3269 1682 3443 1756 Igitur
3487 1685 3734 1741 obsecrans

541 1767 713 1840 tribus
763 1767 1059 1832 mensibus.
1108 1768 1476 1823 anatlnemalis
1531 1767 1766 1832 vinculo.
1823 1768 1876 1823 id
1921 1775 2025 1836 est,
2077 1778 2134 1822 ut
2169 1781 2206 1838 ῃ
2238 1789 2333 1844 per
2352 1773 2521 1828 Deum
2550 1782 2606 1828 et
2627 1788 2908 1829 mouemus
2929 1783 2986 1829 ut
3007 1788 3166 1828 nemo
3185 1773 3735 1844 Christiauontmqutsr

544 1860 740 1932 perditi
768 1860 909 1916 sicut
932 1856 1101 1915 Judas
1125 1859 1387 1929 proditor,
1420 1860 1765 1914 damnentur.
1796 1859 1866 1914 Et
1893 1859 1962 1929 si,
1991 1858 2132 1928 quod

541 1949 682 2006 Deus
712 1959 942 2017 avertat,
973 1951 1027 2004 in
1072 1951 1172 2005 hac
1214 1949 1440 2020 perfidia
1478 1950 1734 2016 obierint,
1766 1967 1992 2024 corpora
2019 1955 2135 2010 illo-

540 2058 661 2099 rum
693 2059 815 2098 cum
848 2041 1072 2113 psalmis
1097 2049 1154 2096 et
1188 2041 1403 2113 hymnis
1427 2039 1510 2096 vel
1541 2041 1876 2112 spiritalibus
1907 2045 2135 2101 canticis

548 2155 654 2193 non
682 2139 950 2193 ducantur
975 2137 1041 2190 ad
1082 2135 1440 2206 sepulturam,
1472 2148 1573 2190 nec
1600 2133 1744 2189 inter
1772 2133 1958 2192 fideles
1995 2152 2136 2193 mor-

543 2239 666 2283 tuos
701 2243 890 2282 eorum
941 2227 1159 2282 nomina
1207 2226 1274 2280 ad
1314 2240 1528 2282 sacrum
1582 2225 1756 2281 altare
1815 2227 2130 2301 recitentur.

544 2320 612 2374 Et
657 2319 786 2389 quia
836 2327 1116 2388 peccatum
1166 2325 1615 2389 perpetraverunt
1648 2319 1717 2372 ad
1750 2331 1999 2385 mortem,
2032 2321 2134 2376 nisi

543 2411 920 2483 ptenituerint,
949 2410 1068 2463 sine
1099 2408 1202 2464 line
1239 2411 1564 2483 damnentur
1591 2404 1651 2464 in
1687 2417 1948 2464 teternam
1983 2411 2120 2466 dam,

545 2495 843 2556 nationem.
903 2499 1168 2556 Omnibus
1231 2499 1510 2554 canonicis
1557 2500 1941 2570 suprascripta:
1994 2501 2139 2558 sedis

545 2593 918 2649 interdicimus
946 2606 1136 2647 coram
1165 2591 1276 2646 Deo
1304 2601 1359 2648 et
1383 2592 1590 2649 sanctis
1614 2591 1734 2664 ejus
1763 2603 1821 2647 ut
1849 2593 2025 2650 nullus
2048 2609 2142 2648 ec-

545 2702 666 2740 runt
709 2685 776 2740 de
826 2685 910 2739 his
942 2683 1145 2754 aliquid
1194 2684 1406 2740 solvere
1454 2683 1652 2740 audeat
1703 2684 1822 2740 sine
1871 2701 2137 2742 contseusu

545 2778 753 2851 praefati
813 2778 1268 2849 archipresbyteri
1325 2777 1408 2832 vel
1466 2778 1972 2834 archidiaconorum
2026 2778 2140 2834 sive

545 2871 877 2927 sacriscrinii
903 2880 960 2926 et
985 2870 1416 2941 caputscholaris
1448 2869 1535 2925 vel
1564 2880 1881 2927 cteterorum
1909 2870 2136 2928 fratrum

547 2965 959 3021 canonicornm.
1007 2962 1310 3019 Minister-ia
1364 2972 1544 3019 autem
1589 2963 1770 3019 divina
1814 2964 1934 3020 sine
1973 2964 2142 3022 inter-

2236 1865 2368 1922 libet
2414 1864 2787 1921 Christianum
2842 1867 3082 1938 requirat
3133 1868 3206 1922 ad
3259 1867 3662 1924 malefacienda
3697 1875 3733 1923 at.

2237 1976 2429 2016 occasu
2457 1960 2588 2016 solis
2615 1969 2822 2032 quarta!
2849 1959 2998 2032 ferite
3025 1976 3199 2031 usque
3235 1963 3494 2016 secundat
3523 1961 3637 2017 feri:
3666 1964 3736 2015 ilic-

2237 2057 2489 2108 cescente
2512 2052 2648 2107 sole.
2691 2050 3054 2121 Prmcepimus
3080 2052 3256 2107 etiam
3292 2061 3410 2108 uta
3446 2052 3594 2122 prima
3627 2053 3733 2107 Doni-

2241 2143 2363 2198 uica
2424 2143 2691 2199 adventus
2753 2143 2967 2199 Domini
3028 2140 3201 2213 usque
3269 2153 3493 2200 octavas
3537 2153 3736 2198 truncas

2241 2235 2576 2308 Epiphania,
2630 2235 2746 2291 sive
2791 2250 2819 2290 a
2858 2236 3035 2306 prima
3080 2237 3371 2292 Dominica
3424 2252 3535 2308 qua:
3571 2247 3633 2292 est
3662 2247 3734 2290 aut:

2239 2335 2402 2396 caput
2435 2325 2471 2394 j-
2487 2324 2763 2395 juniorum
2814 2341 2982 2398 usque
3013 2337 3328 2382 transactus
3353 2336 3560 2382 octavas
3579 2326 3736 2387 Pasch,

2242 2419 2356 2472 sive
2392 2432 2423 2471 a
2463 2416 2745 2473 Dominica
2785 2427 2912 2473 ante
2959 2418 3362 2487 Aseeusionem
3415 2417 3599 2473 Domini
3635 2432 3733 2486 usqu:

2239 2519 2460 2587 octavas
2499 2509 2852 2567 Pentecosten
2904 2511 3168 2582 expletas,
3224 2512 3315 2567 vel
3362 2512 3430 2566 de
3461 2509 3736 2566 festivitatibus

2240 2609 2441 2656 sancta:
2489 2601 2694 2669 Mariae,
2734 2610 2788 2656 et
2826 2601 2878 2656 in
2910 2601 3104 2672 vigiliis
3137 2601 3415 2672 ejusdem,
3462 2609 3510 2654 et
3553 2600 3598 2654 in
3628 2597 3732 2668 vigili:

2241 2691 2414 2768 sancti
2461 2690 2686 2748 Joannis
2735 2691 3012 2764 Baptistae,
3043 2691 3127 2747 vel
3164 2692 3222 2747 in
3256 2692 3542 2747 testivitate
3564 2688 3733 2757 ejusdem

2241 2793 2407 2855 atque
2457 2783 2512 2839 in
2555 2782 2752 2856 vigiliis
2801 2785 3195 2855 apostolorum,
3249 2793 3311 2840 ct
3360 2783 3413 2838 iu
3461 2780 3734 2837 festinante:

2240 2876 2580 2944 eorumdem,
2618 2885 2671 2931 et
2707 2876 2762 2931 iu
2805 2877 2987 2948 vigilia
3017 2875 3264 2933 Vincula:
3306 2875 3481 2932 sancti
3501 2874 3683 2937 Pelri,cl
3705 2871 3732 2922 in

2242 2966 2533 3024 festivitate
2559 2966 2824 3038 ejusdem,
2851 2976 2906 3021 et
2936 2967 2990 3020 in
3018 2966 3200 3038 vigilia
3253 2975 3556 3022 sanctorum
3588 2960 3683 3017 lusu
3705 2971 3731 3011 cl

547 3058 803 3114 missione
821 3056 955 3111 fiant
977 3072 1076 3127 pro
1093 3055 1580 3112 excommunicatis
1598 3071 1695 3126 per
1716 3056 1948 3126 spatium
1974 3057 2138 3112 trium
2243 3059 2501 3126 Pastoris,
2518 3068 2573 3115 et
2597 3058 2940 3124 solemnitate
2959 3059 3374 3126 eorumdem,et
3395 3058 3446 3114 in
3461 3054 3612 3128 vigilia
3629 3053 3732 3108 saucii

549 3153 840 3218 mensium,
879 3161 938 3207 ut
965 3152 1056 3206 det
1097 3150 1200 3205 illis
1226 3150 1372 3208 Deus
1415 3151 1813 3223 preuitentiam,
1852 3162 1910 3207 et
1950 3152 2142 3223 re:.ipi-
2167 3130 2209 3188 Ο
2243 3151 2542 3220 Laurentii,
2588 3152 2943 3223 ejusdemque
2979 3152 3308 3220 festivitate,
3366 3161 3418 3208 et
3470 3151 3517 3204 in
3541 3148 3732 3203 festinlzlc

548 3255 706 3302 scant
742 3261 772 3301 a
814 3245 1023 3316 laqueis
1059 3245 1282 3312 diaboli,
1311 3262 1340 3299 a
1392 3245 1591 3316 quibus
1616 3246 1759 3316 capti
1793 3254 2044 3302 tenentur
2073 3245 2141 3301 ad

547 3339 720 3409 ipsius
749 3338 1104 3395 voluntatem.
1143 3338 1296 3405 Ouod
1341 3338 1433 3409 qui
1465 3337 1700 3394 noluerit
1728 3339 2011 3408 perlicere,
2039 3356 2141 3394 no—

548 3431 690 3487 verit
741 3447 802 3488 se
845 3430 1202 3495 multandum,
1246 3430 1348 3486 nisi
1409 3431 1726 3503 resipuerit,
1776 3432 2143 3503 suprascripta

547 3525 1134 3581 excommunicatione.
1172 3523 1436 3580 Omnibus
1471 3533 1654 3582 autem
1691 3524 1998 3594 supradicta
2043 3526 2142 3580 ob.

549 3616 893 3673 servantibus
915 3631 1016 3686 pax
1040 3623 1096 3670 ct
1123 3614 1496 3670 misericordia
1524 3615 1899 3671 couccdatura
1918 3613 2144 3669 Domino

552 3705 678 3763 Jesu
707 3708 927 3763 Christo
954 3707 1044 3761 hic
1060 3715 1123 3765 et
1147 3707 1200 3761 in
1230 3715 1570 3776 perpetuum.
1601 3705 1796 3760 Amen.

1233 3829 1238 3834 ο
1289 3796 1375 3852 Ill.

686 3888 982 3945 Concilium
1013 3886 1356 3944 Narbonense
1389 3888 1626 3943 habitum
1663 3905 1803 3943 anno
1843 3888 2005 3943 1054.

627 3984 784 4038 Anno
817 3982 1112 4038 Dominicze
1143 3981 1540 4036 incarnationis
1566 3980 1852 4038 millesimo
1881 3982 2148 4050 quinqua-

557 4079 764 4148 gesimo
809 4087 1026 4146 quarto,
1083 4074 1378 4131 indictione
1425 4074 1682 4144 septima,
1738 4055 1932 4143 opai-ta
1981 4090 2144 4141 mina,

555 4179 915 4226 concurrente
944 4164 1007 4234 γ,
1047 4177 1240 4222 octavo
1279 4165 1400 4220 Kal.
1451 4164 1806 4235 Septembris,
1851 4175 2149 4220 conventus

556 4274 678 4316 erat
727 4262 880 4331 apud
921 4258 1114 4314 urbem
1165 4255 1474 4312 Narbonam
1523 4256 1708 4310 decem
1755 4253 2146 4310 Venerabilium

555 4354 961 4425 episcoporum,
991 4349 1254 4406 Bernardi
1286 4347 1495 4404 scilicet
1543 4346 1894 4413 Diterrensis,
1925 4355 1979 4401 et
2007 4345 2151 4401 Gon-

560 4444 680 4502 terii
715 4441 1060 4514 Agathensis,
1083 4439 1426 4512 etRostagni
1451 4439 1822 4506 Lucteveusis,
1845 4448 1900 4495 et
1924 4438 2144 4493 Arualdi
2178 4476 2225 4534 D

558 4536 970 4608 Magalouensis,
1014 4534 1248 4591 Froterii
1294 4549 1509 4605 quoque
1556 4532 1966 4599 Nemausensis,
2011 4531 2144 4588 Gni-

558 4627 693 4682 fredi
722 4639 851 4681 vero
877 4624 1246 4689 Carcaseusis,
1272 4623 1380 4678 imo
1408 4621 1719 4694 Berengarii
1749 4620 2138 4686 Gerundensis,

556 4719 799 4776 Guil‘t‘edi
837 4717 1318 4780 Barchinouensis,
1351 4732 1452 4771 nec
1508 4732 1614 4770 non
1656 4728 1711 4770 ct
1740 4715 2010 4770 Guillelmi
2057 4713 2150 4768 Al-

559 4811 796 4876 hiensis;
847 4811 990 4865 inter
1034 4825 1170 4880 quos
1231 4811 1382 4866 fuere
1427 4809 1588 4881 legati
1643 4809 1826 4864 domui
1880 4807 2148 4864 Guiliilati

568 4904 900 4975 llrgellensis
932 4903 1180 4958 videlicet
1230 4903 1568 4974 Berengarii,
1597 4913 1653 4958 et
1681 4901 1886 4972 Ugonis
1920 4901 2149 4956 Uzcten-

560 4999 655 5053 sis.
721 4997 1047 5052 Prmsidente
1104 4995 1303 5050 domno
1348 4995 1633 5062 Guifredo,
1680 4994 1952 5065 praedicta:
2001 4991 2152 5048 urbis

565 5085 985 5154 archiprtesule,
1042 5085 1196 5156 cujus
1250 5084 1518 5140 industria
1574 5083 1831 5154 praedicta
1878 5081 2148 5153 synodus,

563 5178 858 5247 opitulante
887 5178 1045 5232 Petro
1077 5177 1344 5233 Ramuudi
1385 5177 1606 5242 comite,
1635 5185 1796 5244 atque
1824 5174 1882 5228 Β.
1905 5174 2152 5245 rengario

569 5270 904 5336 vicecomitc,
937 5286 1041 5325 una
1069 5285 1191 5325 cum
1219 5271 1474 5326 abbatum
1499 5281 1554 5324 et
1576 5269 1895 5324 clericorum
1925 5283 1990 5322 ac
2013 5283 2148 5336 qun-

572 5362 819 5415 rumdam
847 5361 1104 5416 nobilium
1136 5373 1189 5417 et
1213 5362 1528 5431 ignobilium
1567 5377 1674 5417 non
1723 5360 1942 5414 mi..ima
1975 5359 2152 5414 multi-

573 5451 778 5516 tudine,
826 5451 893 5504 ad
952 5451 1377 5506 confirmandam
1423 5452 1628 5522 pariter
1654 5459 1709 5506 ct
1748 5449 2151 5506 custodiendam

573 5558 776 5617 tvcgam
821 5555 876 5598 et
920 5559 1106 5613 pa.ein
1151 5555 1206 5599 et
1247 5544 1590 5600 dilectionem
1633 5560 1796 5614 quam
1833 5543 2155 5599 univrsalis

571 5639 808 5698 Ecclesia
841 5637 1168 5694 unanimiter
1193 5640 1446 5702 instituit,
1477 5650 1529 5694 et
1569 5641 1971 5695 reformandum
2011 5641 2154 5710 ejus-

569 5736 692 5789 dent
733 5742 952 5798 statum,
989 5731 1079 5801 qui
1117 5747 1145 5784 a
1177 5730 1359 5816 pravis
1380 5731 1798 5786 ccuculcabatur
1822 5732 2150 5799 hominibus,

2244 3245 2414 3299 sancti
2437 3243 2742 3309 Michaelis,
2772 3254 2829 3300 et
2865 3245 2918 3300 in
2943 3243 3120 3316 vigilia
3151 3247 3407 3300 omnium
3428 3250 3731 3302 sanctorum,et

2245 3335 2298 3389 in
2326 3334 2617 3392 festivitate
2644 3337 2983 3403 eorumdem,
3017 3335 3146 3392 etin
3181 3335 3481 3392 festivitate
3503 3332 3638 3389 sancti
3656 3329 3732 3383 ΜΛ·

2247 3428 2364 3493 tini,
2406 3437 2462 3484 et
2494 3429 2546 3484 in
2571 3426 2795 3498 jejuniis
2825 3439 3060 3501 quatuor
3112 3439 3389 3499 tempora,
3431 3430 3478 3482 in
3508 3423 3730 3497 pnuscript’s

2240 3517 2494 3588 jo-juniis,
2549 3519 2665 3574 sive
2713 3517 3138 3587 festivitatibus,
3188 3533 3360 3592 atque
3415 3517 3606 3590 vigiliis,
3638 3527 3731 3566 urna

2246 3609 2678 3664 Christianorum
2718 3610 3015 3680 quemlibet
3060 3609 3222 3664 alium
3259 3610 3597 3666 Christianqu
3622 3603 3727 3658 Icilii.

2247 3713 2424 3769 neque
2444 3699 2804 3757 dehonestare
2832 3711 2926 3755 aut
2956 3701 3270 3776 deprmdare
3293 3701 3364 3756 de
3383 3700 3491 3756 suis
3513 3686 3636 3752 rebs
3651 3709 3729 3762 prt-

2247 3801 2444 3844 suntat.
2484 3790 2634 3846 lianc
2665 3800 2870 3863 tregam
2903 3792 3111 3847 Domini
3143 3793 3378 3848 firmiter
3407 3787 3624 3847 custodiri
3651 3798 3727 3854 pm

2247 3883 2507 3953 cipimus;
2554 3893 2609 3939 et
2655 3900 2844 3941 onmes
2891 3885 2983 3955 qui
3014 3901 3132 3942 eam
3169 3888 3464 3950 tenuerint,
3505 3894 3551 3939 ct
3586 3881 3729 3936 fideliter

2247 3977 2621 4046 observarint,
2670 3977 3103 4034 benedictionem
3157 3982 3535 4051 sempiternam
3575 3973 3626 4028 ab

2248 4067 2374 4124 Jrsn
2402 4071 2616 4126 Christo
2646 4070 2875 4126 Domino
2896 4081 2952 4126 et
2986 4070 3274 4129 Salvatore
3305 4083 3486 4129 nostro
3507 4064 3724 4142 percipiant.

2251 4170 2306 4217 et
2331 4163 2702 4218 [nereditatem
2736 4175 2952 4219 aeternae
2981 4165 3102 4220 vitae
3127 4165 3246 4222 sine
3274 4167 3385 4221 line
3411 4160 3668 4234 possideant.
3681 4150 3723 4204 lli

2250 4265 2431 4324 autem
2478 4255 2570 4325 qui
2627 4254 2851 4311 rebelles
2901 4257 3210 4313 exstiterint
3249 4257 3337 4316 vel
3392 4257 3724 4322 transgressolﬁv

2252 4347 2366 4404 sive
2406 4347 2497 4418 qni
2525 4346 2788 4401 auxilium
2823 4347 2905 4402 eis
2954 4348 3007 4402 in
3039 4347 3220 4420 aliquo
3249 4343 3573 4418 praebuerint,
3597 4333 3721 4392 tade

2251 4438 2610 4495 analhematis
2637 4437 2849 4492 vinculo
2871 4439 3188 4508 subjaccant
3207 4451 3483 4508 quousque
3505 4434 3627 4502 digne
3639 4423 3723 4479 ultr

2253 4540 2357 4592 trio
2386 4538 2582 4610 proprii
2612 4536 2847 4606 episcopi
2894 4535 3255 4590 satisfaciant.
3288 4532 3345 4588 Si
3374 4530 3485 4601 quis
3509 4533 3644 4580 autem
3669 4529 3719 4566 nr

2251 4630 2485 4685 luntarie
2507 4629 2588 4684 vel
2610 4629 2845 4684 scienter
2870 4628 3142 4682 hominem
3165 4623 3424 4680 occiderit
3443 4621 3489 4674 in
3509 4617 3586 4671 hac
3606 4617 3717 4670 tre“?

2251 4728 2346 4773 aut
2375 4719 2815 4789 apprelteuderit,
2841 4729 2936 4772 aut
2961 4725 3200 4771 castrum
3227 4711 3500 4784 cujuslibet
3522 4700 3650 4761 tulerit
3665 4701 3716 4789 ab

2253 4813 2604 4876 destruxerit,
2628 4821 2722 4867 aut
2761 4812 2929 4864 in.....
2973 4810 3230 4888 in..ictatu
3263 4817 3491 4874 trcugam

2251 4914 2347 4960 aut
2378 4905 2671 4974 aguitando
2710 4904 2891 4958 facere
2919 4881 3106 4956 volens
3135 4900 3501 4970 comprobatus
3537 4883 3715 4974 fueris-ii

2250 4997 2398 5053 omni
2426 5006 2571 5053 ctBtu
2609 4994 3046 5051 Christianorum
3079 4993 3362 5049 definitum
3399 4991 3546 5045 estut
3569 4981 3607 5034 in
3627 4983 3710 5028 οωω

2253 5091 2376 5145 vita":
2416 5106 2527 5144 sua:
2559 5096 2820 5160 perpetuo
2867 5088 3157 5142 damnetur
3180 5084 3390 5140 exsilio.
3418 5080 3468 5136 Si
3491 5076 3587 5147 quis
3602 5075 3711 5123 aula!

2253 5183 2412 5236 aliter
2451 5181 2607 5235 alicui
2646 5181 2882 5248 aliquam
2913 5177 3164 5246 injuriam
3205 5175 3392 5231 fecerit
3431 5178 3510 5225 aut
3531 5167 3708 5219 damnum»

2255 5275 2307 5327 in
2349 5273 2554 5343 judicio
2603 5271 2804 5342 proprii
2833 5271 3068 5340 episcopi
3100 5279 3191 5323 aut
3223 5269 3519 5324 clericorum
3540 5251 3706 5324 eius“

2254 5365 2450 5434 quibus
2487 5365 2627 5419 iacnt
2676 5363 2962 5433 cpiscopus
2995 5360 3346 5426 commiserit,
3391 5349 3620 5413 secundum
3642 5350 3704 5391 Ini"

2258 5458 2385 5510 dum
2439 5455 2608 5525 culpa:
2639 5455 2993 5509 d.rectionctu
3035 5452 3198 5506 faciat
3251 5468 3345 5522 per
3370 5443 3582 5521 judicium
3615 5437 3704 5525 3le

2255 5547 2487 5618 frigidae,
2515 5519 2608 5602 aut
2636 5563 2731 5616 per
2768 5546 3044 5608 οχδὶΙὶιιιιι,
3090 5545 3232 5598 sicut
3251 5519 3508 5597 νειριίυιιιιιι
3535 5535 3606 5584 est.
3627 5519 3701 5584 ουδ’

2255 5655 2470 5710 cunque
2525 5653 2652 5694 vero
2701 5639 3089 5708 appr0piuqua.
3118 5645 3169 5690 te
3222 5620 3698 5701 Qnafragesiuuclﬂl‘

2257 5745 2418 5801 pore,
2480 5729 2594 5785 sive
2646 5727 2993 5784 Ascensionis
3044 5727 3284 5792 Domini,
3337 5723 3408 5778 ιρι
3440 5711 3691 5774 Ριξιιιτευειβι
