3834 6332
26 286 108 341 ἰδ
516 313 529 325 -
1060 294 1064 299 ‘
1194 284 1464 341 NONUM.
1498 284 1586 339 DE
1624 282 1905 339 TREL’GA
1940 282 2196 340 DOMINI.

3185 298 3292 356 7M

23 415 222 454 tecnett
257 409 317 455 et
348 399 625 456 Adventus
656 396 1002 467 Detnini,-qui
1032 406 1112 453 cst
1145 412 1240 468 per
1273 409 1479 469 tregam
1511 398 1611 451 Do-
1641 401 1688 459 Α
1714 396 1829 451 lere
1864 408 2158 467 prmsumat
2183 441 2198 463 ,
2242 414 2345 454 nec
2395 400 2597 472 aliquid
2628 402 2752 458 inde
2782 418 3072 476 usurpare;
3121 427 3296 482 neque

24 491 162 549 nini.
189 501 454 546 castrum
482 491 562 543 vel
597 490 951 545 munitionem
1001 500 1320 547 construere
1364 492 1611 555 voluerit,

24 597 110 636 IOtt
160 582 241 635 illi
304 581 490 637 facere
537 582 640 636 hoc
672 581 855 646 liceat,
899 581 1001 635 nisi
1061 583 1195 637 duas
1250 584 1615 638 hebdomadas

23 671 227 727 ametis
258 671 571 726 scientibus
602 679 728 726 ante
754 670 1075 740 praedictum
1094 680 1304 742 tempus
1334 673 1611 742 incipiant.

22 767 80 820 )e
102 765 461 820 debitoribus
498 779 628 821 vero
656 770 712 819 et
747 762 1157 831 lidejussoribus
1186 766 1531 834 praecipimus
1558 776 1614 820 ttt

21 855 50 908 »ἰ
81 855 445 910 contendunt
466 868 530 908 ea
557 869 681 923 quae
708 853 927 919 debent,
957 852 1314 924 proiiciantur
1337 855 1406 910 ab
1432 856 1616 911 Eccle-

21 953 108 1012 sia,
142 958 200 1005 et
246 950 304 1003 in
337 949 550 1003 illorum
579 949 870 1019 parochias
898 964 1056 1003 nemo
1086 949 1250 1004 faciat
1276 964 1491 1006 sacrum
1517 951 1614 1005 nti-

22 1041 305 1095 tisterium
339 1055 513 1109 usque
535 1038 836 1110 praescripti
860 1039 1131 1093 debitores
1155 1039 1381 1094 reddant
1410 1040 1610 1094 debita.

19 1132 219 1187 Dliveta
297 1146 554 1201 namque,
588 1130 741 1200 cujus
778 1131 1091 1201 pignoribus
1122 1131 1175 1186 in
1207 1132 1325 1200 ipso
1354 1147 1613 1201 aquarum

20 1225 215 1277 .litavio
239 1238 452 1293 pacem
489 1223 717 1291 legimus
762 1223 924 1278 terris
953 1224 1237 1290 redditam,
1287 1234 1343 1279 et
1370 1226 1435 1280 de
1462 1224 1615 1294 cujus

20 1315 221 1382 liquore
247 1324 508 1367 sanctum
542 1314 778 1368 chrisma
811 1314 1119 1380 coniicitur,
1149 1330 1354 1370 necnon
1390 1324 1444 1370 et
1474 1316 1614 1370 alta-

18 1411 86 1462 ria
135 1416 340 1463 sancta
408 1408 800 1470 illuminantur.
858 1409 959 1463 sub
1008 1417 1115 1462 tam
1156 1408 1361 1464 {inuam
1424 1424 1612 1478 pacem

18 1498 320 1553 statuimus
374 1506 436 1553 ut
488 1514 647 1553 nemo
690 1497 1125 1554 Christianorum
1156 1515 1282 1554 eam
1324 1501 1615 1569 praecidere

17 1596 242 1660 audeat,
299 1595 396 1649 vel
453 1596 521 1649 ad
595 1596 992 1650 deformitatem
1068 1606 1364 1663 truncare,
1439 1613 1614 1670 neque

17 1686 330 1741 earumdem
374 1688 591 1743 fructus
627 1702 840 1757 rapere.
870 1687 1022 1755 Quod
1058 1690 1147 1757 qui
1199 1689 1419 1756 fecerit,
1454 1691 1611 1761 juxta

16 1783 149 1850 quod
177 1782 479 1838 definitum
507 1783 574 1839 de
600 1784 835 1849 czeteris,
863 1798 958 1853 per
989 1792 1193 1854 tregam
1223 1784 1314 1838 Dei
1344 1800 1408 1840 ea
1433 1800 1618 1841 emcn-

19 1873 119 1926 det.
142 1870 289 1928 Oves
339 1888 480 1945 ergo
507 1882 563 1928 et
602 1890 789 1928 earum
838 1883 1086 1945 pastores
1126 1889 1221 1928 eas
1248 1876 1619 1931 custodientes

17 1963 265 2018 similiter
292 1963 351 2017 in
396 1974 602 2033 tregam
640 1963 735 2018 Dei
779 1974 1135 2035 permaneant
1174 1965 1385 2019 cunctis
1431 1966 1620 2021 diebus

24 2057 73 2110 in
116 2056 330 2110 cunctis
372 2054 536 2121 locis,
585 2056 658 2109 ita
709 2066 766 2110 ut
820 2055 997 2112 nullus
1025 2055 1370 2114 Christianus
1396 2072 1491 2112 eas
1523 2058 1617 2113 de-

17 2150 259 2218 prardare
292 2158 812 2220 praasumatmeque
841 2149 955 2205 illas
988 2165 1159 2220 neque
1191 2149 1401 2204 illarum
1435 2158 1617 2219 pasto-

23 2258 103 2298 res
134 2242 333 2298 laedere
372 2241 465 2297 vel
512 2242 789 2297 invadere.
820 2242 972 2310 Quod
1023 2243 1114 2313 qui
1162 2240 1371 2307 fecerit,
1399 2255 1497 2310 per
1520 2239 1618 2295 Dei

25 2348 222 2408 tregam
253 2340 361 2394 hoc
402 2346 574 2394 totum
604 2338 876 2394 emendet.

689 2487 754 2527 DE
806 2487 956 2528 PACE.

92 2585 282 2641 Pacem
338 2595 536 2641 autem
586 2600 614 2638 a
670 2584 829 2639 nobis
885 2585 1002 2639 sive
1048 2599 1076 2637 a
1126 2582 1459 2654 principibus
1489 2580 1619 2635 olim

33 2678 370 2731 constitutam
429 2673 752 2731 mandamus
798 2675 914 2731 sive
962 2673 1242 2729 firmamus
1291 2681 1353 2727 ut
1397 2673 1467 2729 ab
1517 2672 1616 2728 ho-

34 2769 205 2823 dierna
245 2770 336 2823 die
386 2777 449 2824 et
493 2766 748 2837 deinceps
775 2765 1065 2823 ecclesiam
1110 2764 1290 2821 nullus
1338 2762 1616 2820 hominum

38 2860 300 2931 infringat,
338 2875 525 2930 neque
554 2860 867 2915 mansiones
896 2873 1019 2928 quae
1069 2858 1126 2912 in
1168 2857 1400 2913 circuitu
1441 2854 1617 2912 eccle-

35 2949 219 3004 siarum
271 2958 403 3004 sunt
441 2960 495 3004 et
543 2958 733 3015 erunt,
781 2962 961 3018 neque
1006 2947 1210 3018 aliquid
1254 2962 1321 3002 ex
1363 2945 1616 3003 omnibus

38 3054 145 3109 qua:
171 3040 308 3095 infra
356 3055 711 3110 xxxpassus
748 3048 877 3096 sunt
921 3038 1165 3095 ecclesiae
1191 3048 1246 3093 et
1273 3046 1453 3104 erunt,
1500 3038 1616 3092 vio-

39 3131 198 3187 lenter
240 3132 470 3189 auferre
500 3116 720 3199 audeat,
751 3141 847 3187 aut
885 3146 1213 3202 prmsumere
1242 3130 1367 3201 (nisi
1399 3130 1613 3200 episco-

38 3236 146 3289 pus,
176 3231 266 3276 aut
286 3225 377 3279 cui
427 3224 547 3293 ipse
592 3223 863 3292 jusserit,
911 3231 1135 3293 propter
1166 3237 1322 3277 suum
1367 3236 1611 3287 censum,

41 3323 122 3367 aut
168 3326 388 3386 propter
442 3316 718 3371 hominem
773 3315 1338 3379 excommunicatum,
1386 3322 1614 3383 excepta

43 3406 321 3462 munitione
368 3423 498 3478 qua:
529 3407 669 3461 infra
695 3406 985 3476 praedictos
1016 3421 1211 3475 passus
1237 3421 1341 3459 xxx
1374 3404 1616 3460 ecclesia:

45 3495 131 3548 sita
174 3497 355 3569 fuerit)
398 3498 469 3553 ad
516 3497 902 3553 concitandum
952 3495 1091 3551 bella
1114 3504 1177 3551 et
1220 3494 1614 3550 contentiones.

35 3574 320 3644 Ceusemus
371 3589 580 3643 iterum
638 3597 793 3643 utne
844 3587 965 3656 quis
987 3587 1282 3658 .hominum
1333 3594 1507 3640 terras
1531 3584 1616 3639 vel

50 3689 126 3731 res
163 3677 543 3750 cujuscunque
574 3678 820 3735 ecclesia:
856 3678 1135 3733 vindicare
1182 3686 1477 3748 praesumat
1502 3677 1618 3732 sine

49 3765 173 3821 dono
224 3778 278 3824 et
324 3770 697 3840 permissione
756 3769 902 3825 illius
948 3768 1105 3839 cujus
1157 3769 1346 3824 eadem
1388 3768 1615 3824 ecclesia

51 3856 211 3914 (inerit.
251 3861 520 3918 Redditus
548 3877 680 3917 vero
708 3861 996 3934 synodales
1046 3875 1206 3917 nemo
1248 3860 1507 3915 laicorum
1562 3859 1615 3915 in

50 3963 169 4018 opus
195 3968 349 4009 suum
379 3955 621 4011 retineat
644 3964 845 4027 praeter
881 3968 1205 4011 consensum
1237 3953 1614 4023 episcoporum

54 4041 124 4094 vel
154 4044 471 4103 clericorum
496 4086 511 4110 ,
565 4046 660 4101 sed
690 4047 889 4116 quibus
920 4046 1047 4116 jure
1083 4047 1348 4101 debentur
1394 4046 1618 4101 omnino

56 4134 305 4190 restituat.
352 4136 644 4192 Monemus
685 4137 880 4192 iterum
938 4145 998 4192 ut
1038 4136 1219 4192 nullus
1254 4136 1514 4191 laicorum
1559 4136 1616 4190 in

59 4234 176 4289 opus
228 4241 386 4283 suum
444 4228 679 4283 retineat
712 4228 1003 4298 primitias,
1058 4242 1237 4298 neque
1292 4228 1614 4295 oblationes,

58 4326 211 4383 neque
228 4319 673 4375 crearetcriorum
712 4320 911 4390 pretia,
943 4334 1115 4389 neque
1132 4334 1261 4388 ova,
1291 4328 1385 4375 aut
1406 4334 1474 4374 ea
1499 4334 1619 4389 quae

1718 506 1813 559 per
1830 492 1955 545 ~vim
1981 532 1994 556 ,
2031 507 2204 562 neque
2237 508 2332 561 per
2365 496 2651 562 vicariam,
2684 514 2860 568 neque
2884 516 2982 570 per
3004 504 3299 561 districtio-

1716 597 1839 636 ncm
1890 583 1962 638 ibi
2016 583 2179 637 ullam
2237 586 2663 652 hospitalitatem
2722 592 2992 661 accipiat,
3049 597 3151 652 nisi
3203 614 3300 668 per

1717 673 2031 730 missionem
2076 675 2183 729 vel.
2215 675 2415 731 donum
2470 680 2844 750 episcoporum
2892 684 2976 740 vel
3015 690 3299 744 canonico-

1716 781 1834 820 rcm
1870 775 1927 821 et
1958 768 2214 822 abbatum
2240 809 2256 835 ,
2297 768 2364 823 ad
2390 784 2528 840 quos
2566 774 2785 841 proprie
2837 776 3029 832 eadem
3058 794 3149 833 res
3176 795 3299 849 per-

1716 856 1959 923 tinuerit,
2006 858 2292 927 acquirere
2330 862 2628 929 potuerint.
2660 862 2885 933 Insuper
2924 882 3018 922 cas
3051 869 3209 925 villas
3247 883 3303 926 et

1717 961 1957 1012 mansos,
1985 957 2163 1003 terras
2185 959 2239 1003 et
2263 948 2475 1013 vineas,
2508 950 2623 1004 sive
2652 953 2937 1019 ecclesias,
2966 971 3086 1024 qua:
3110 972 3143 1011 a
3167 958 3304 1013 ﬁde-

1716 1035 1856 1091 libus
1884 1037 1975 1091 Dei
1996 1037 2213 1093 collata:
2240 1053 2358 1094 esse
2385 1038 2637 1095 videntur
2664 1041 2716 1095 in
2741 1057 2875 1112 opus
2892 1047 3301 1111 canonicorum,

1716 1136 1775 1181 ut
1821 1142 2109 1182 commune
2160 1128 2284 1183 inde
2336 1129 2626 1197 viverent,
2686 1146 2807 1201 qua:
2856 1135 3121 1191 veraciter
3175 1140 3302 1194 scin

1716 1228 1896 1288 potest
1936 1220 1993 1275 in
2042 1220 2150 1275 hoc
2188 1235 2325 1291 opus
2377 1221 2505 1277 data
2540 1238 2666 1279 esse
2725 1236 3052 1293 noscuntur,
3107 1230 3305 1283 nullius

1715 1327 1946 1382 persona
2011 1313 2289 1367 hominum
2333 1329 2499 1369 ausus
2547 1316 2617 1370 sit
2662 1316 2865 1372 habere
2914 1316 3003 1372 vel
3042 1320 3304 1382 retinere,

1714 1419 1891 1474 neque
1924 1419 2024 1471 per
2065 1405 2348 1471 vicariam,
2383 1421 2561 1476 neque
2592 1422 2689 1478 per
2731 1407 2935 1476 fevum,
2982 1424 3162 1480 neque
3210 1428 3307 1482 per

1714 1495 2011 1564 bajuliam,
2069 1512 2248 1567 neque
2296 1514 2394 1568 per
2438 1499 2601 1554 ullam
2661 1516 2883 1566 vocem,
2937 1501 3058 1558 sine
3088 1506 3305 1573 propria

1714 1585 1995 1641 voluntate
2046 1588 2289 1658 episcopi
2345 1596 2402 1643 et
2439 1590 2862 1655 canonicorum,
2913 1590 2995 1647 vel
3026 1592 3306 1655 abbatum,

1717 1680 2127 1746 canonicorutu,
2165 1690 2261 1735 aut
2288 1695 2425 1750 quos
2454 1697 2546 1737 eas
2578 1698 2665 1739 res
2687 1685 2959 1751 pertinere
2981 1696 3305 1747 noscuntur,

1720 1784 1843 1824 cum
1885 1769 2162 1825 voluntate
2205 1772 2591 1827 canonicorum
2616 1788 2867 1838 suorum,
2900 1776 3004 1829 nisi
3042 1785 3306 1844 quantum

1718 1862 2024 1931 praescripti
2056 1863 2304 1918 canonici
2332 1879 2453 1918 cum
2474 1866 2807 1935 praescriptis
2830 1866 3138 1921 senioribus
3158 1882 3306 1921 cmu-

1722 1953 1959 2007 munitcr
1984 1953 2274 2009 voluerint.

1792 2046 2094 2102 Statuimus
2121 2057 2301 2103 autem
2335 2048 2478 2103 inter
2503 2064 2598 2104 vos
2629 2063 2696 2104 oe
2725 2049 3165 2105 contentionibus
3192 2060 3308 2103 ter-

1722 2153 1926 2202 rarum,
1956 2146 2012 2194 et
2033 2142 2098 2194 de
2120 2140 2455 2195 debitoribus
2470 2149 2524 2194 et
2549 2138 2975 2209 fidejussoribus,
3004 2140 3096 2197 Dei
3122 2151 3308 2195 aucto-

1722 2228 1882 2283 ritate
1910 2238 1968 2283 et
2008 2237 2227 2293 nostra,
2274 2238 2336 2283 ut
2376 2245 2538 2285 nemo
2567 2244 2634 2284 ex
2664 2229 2744 2285 eis
2787 2227 3081 2283 vindictam
3122 2238 3312 2283 sumat

1718 2321 1894 2379 donec
1932 2332 2059 2377 ante
2086 2323 2170 2378 sui
2208 2322 2418 2391 proprii
2454 2321 2692 2392 episcopi
2736 2330 2791 2376 et
2836 2322 3122 2392 potestatis
3152 2320 3311 2389 cujus

1714 2412 1942 2469 ditionis
1993 2413 2158 2469 fuerit
2202 2412 2550 2483 prmsentiam
2582 2411 2836 2477 veniens,
2880 2426 3103 2466 causam
3148 2425 3307 2466 suam

1720 2514 1977 2575 eXponat,
2001 2514 2060 2560 ut
2094 2505 2325 2575 alicujus
2345 2519 2535 2559 eorum
2557 2503 2763 2575 judicio
2787 2502 3112 2558 terminetur
3140 2512 3307 2570 atque

1720 2601 2031 2657 deﬁniatur.
2095 2598 2393 2668 Episcopus
2442 2604 2625 2651 autem
2664 2604 2721 2651 et
2757 2595 3007 2666 princeps
3072 2592 3312 2664 regionis

1721 2693 1909 2763 ipsius,
1939 2691 2136 2761 quibus
2156 2690 2353 2745 eadem
2397 2703 2484 2744 res
2526 2687 2852 2759 pertinuerit
2882 2687 2949 2740 ad
2982 2686 3311 2756 distringen-

1719 2784 1880 2850 dum,
1943 2791 2140 2839 noceat
2197 2781 2515 2846 resistenti,
2562 2788 2620 2835 et
2676 2778 2896 2847 adjuvet
2934 2778 3307 2834 obedientem.

1720 2874 1908 2931 Nullus
1934 2875 2101 2931 etiam
2130 2874 2572 2931 Christianorum
2610 2871 2775 2927 ullam
2812 2869 3174 2927 substantiam
3212 2869 3312 2924 vil-

1720 2966 1824 3021 lani
1874 2979 1983 3020 non
2036 2964 2444 3035 apprehendat,
2484 2962 2587 3017 nisi
2632 2970 2848 3016 tantum
2900 2974 3106 3031 corpus
3149 2974 3310 3015 suum

1643 3080 1688 3142 ρ
1721 3073 1818 3127 per
1863 3057 2213 3111 forfacturant
2263 3070 2423 3124 quam
2467 3053 2582 3123 ipse
2618 3068 2716 3122 per
2751 3067 2809 3108 se
2853 3051 3046 3115 faciat,
3100 3059 3157 3105 et
3197 3065 3310 3104 non

1720 3147 2007 3218 distringat
2044 3163 2166 3203 eum
2196 3146 2298 3201 nisi
2326 3162 2428 3215 per
2471 3145 2761 3199 directum.
2808 3142 3173 3198 Caballariutn
3214 3156 3312 3196 au-

1721 3248 1829 3293 tem
1877 3253 2038 3294 nemo
2073 3238 2467 3308 apprchcmlat,
2518 3244 2582 3290 ut
2619 3237 2777 3291 redut
2809 3234 2889 3307 (ὅ)
2927 3234 3089 3289 faciat
3133 3246 3312 3303 neque

1719 3328 1912 3395 faciat,
1961 3344 2136 3399 neque
2182 3328 2541 3383 substantiam
2573 3325 2689 3395 ejus
2740 3325 2913 3389 tollat,
2944 3324 3052 3379 nisi
3100 3332 3311 3379 tantum

1718 3438 1816 3493 per
1851 3422 2142 3476 directum.
2182 3418 2422 3488 Rapinas
2476 3426 2531 3472 et
2589 3417 2801 3487 praedas
2854 3430 2921 3470 ex
2982 3413 3315 3484 quibuslibet

1718 3511 2156 3567 Christianorum
2201 3523 2360 3563 nemo
2398 3507 2643 3561 virorum
2676 3513 2771 3560 aut
2800 3504 3090 3559 mulierum
3123 3502 3310 3557 faciat.

1716 3598 2067 3668 Praecipimus
2094 3597 2256 3651 etiam
2293 3604 2539 3665 uthuas
2570 3608 2730 3649 nemo
2770 3592 2967 3662 rapiat,
3006 3590 3113 3646 nisi
3146 3589 3313 3648 homo

1719 3691 1951 3760 desuper
1984 3690 2234 3744 inventus
2272 3688 2438 3743 fuerit
2472 3696 2737 3741 armatus.
2764 3684 2955 3740 Aleses
2992 3698 3124 3740 vero
3150 3696 3312 3739 nemo

1720 3780 1996 3836 incendat.
2053 3778 2182 3833 Furi
2230 3789 2538 3849 prmnotato
2590 3786 2648 3833 et
2679 3775 2898 3847 publico
2929 3815 2947 3842 ,
3003 3774 3314 3845 latroniquo

1719 3882 1885 3943 atque
1928 3872 2167 3942 prauloui
2208 3872 2267 3926 in
2315 3870 2645 3927 Christianis
2686 3884 2847 3925 nemo
2885 3868 3147 3924 auxilium
3172 3882 3312 3940 pra-

1722 3962 1867 4028 beat,
1899 3976 2075 4032 neque
2125 3963 2194 4017 ad
2240 3961 2371 4016 illud
2413 3962 2680 4031 agendum
2722 3975 2851 4015 eum
2901 3960 3195 4026 conducat,
3250 3974 3312 4016 se

1721 4053 1931 4109 sciente
1958 4094 1973 4119 ,
2031 4068 2204 4124 usque
2266 4053 2333 4106 ad
2374 4050 2808 4107 satisfactionem
2848 4051 3087 4106 veniant.
3135 4050 3314 4125 Nego-

1723 4143 1946 4199 tiatores
1980 4152 2034 4198 et
2068 4153 2323 4199 oratores
2348 4142 2444 4212 qui
2475 4142 2659 4197 ferunt
2697 4149 2914 4211 Sportas
2937 4182 2952 4207 ,
2987 4156 3151 4197 nemo
3180 4140 3310 4196 sub-

1719 4236 1977 4290 stantiam
2004 4250 2190 4291 eorum
2220 4234 2610 4304 apprehendat.

1792 4311 1943 4380 lianc
1992 4337 2174 4381 autem
2212 4326 2609 4391 institutionem
2656 4322 2975 4394 praedictam
3023 4335 3311 4378 monemus

61 4405 118 4502 id
144 4423 229 4465 eos
278 4415 483 4471 dantur
513 4428 611 4486 per
661 4412 1031 4483 aspersionem
1081 4410 1210 4466 salis
1261 4420 1315 4467 et
1364 4426 1517 4481 aqua:
1561 4411 1616 4466 in
1650 4448 1694 4502 Β
1722 4416 2004 4483 pariteret
2032 4416 2381 4469 obsecramus
2410 4422 2469 4467 ut
2500 4428 2689 4468 omnes
2727 4413 2976 4468 homines
3007 4422 3063 4468 et
3094 4410 3310 4467 femina:

62 4492 204 4555 Omna
242 4504 489 4573 Domini,
539 4521 720 4577 neque
767 4503 1099 4576 trigintarios
1127 4502 1223 4572 (les
1253 4503 1616 4572 lrentenaires)

66 4590 141 4653 tlui
174 4608 309 4651 recte
361 4600 634 4654 debentur
685 4614 713 4651 a
768 4596 983 4652 clericis
1034 4595 1198 4663 recipi
1234 4610 1331 4663 pro
1380 4595 1615 4649 fidelium

65 4677 413 4745 defunctorum
463 4690 821 4751 orationibus,
879 4689 974 4742 sed
1023 4684 1235 4741 clericis
1282 4688 1372 4756 qui
1413 4688 1617 4742 eisdem

67 4774 281 4835 ecclesiis
320 4792 561 4851 pnesunt
594 4782 825 4836 utendos
849 4779 1152 4848 relinquat;
1198 4792 1296 4833 nec
1324 4779 1616 4850 quidquam

68 4874 121 4916 ex
147 4864 255 4924 fero
299 4874 444 4943 quod
495 4888 593 4943 pro
638 4874 829 4927 eadem
889 4869 1118 4925 ecclesia
1173 4878 1320 4924 tenet
1374 4871 1619 4927 minuere

77 4965 354 5017 Dmsumat.
381 4964 608 5020 Clericis
629 4978 862 5033 quoque,
890 4961 1192 5026 monachis,
1221 4971 1382 5033 atque
1410 4962 1617 5017 sancti-

72 5046 363 5109 monialibus
400 5053 637 5119 feminis,
691 5064 745 5109 et
791 5051 1084 5108 comitibus
1133 5068 1320 5106 eorum
1365 5053 1617 5106 militaria

72 5144 202 5190 arma
230 5157 328 5199 non
375 5146 738 5217 portantibus,
788 5155 850 5200 ut
900 5144 1102 5213 aliquid
1147 5160 1210 5199 ex
1246 5145 1402 5201 bonis
1431 5160 1618 5200 eorum

76 5237 212 5285 nemo
230 5242 611 5322 apprehendat,
648 5254 747 5294 nec
784 5239 1042 5309 rapiendo
1077 5238 1311 5293 auferat.
1350 5239 1455 5293 Eas
1488 5255 1620 5295 vero

76 5327 169 5381 res.
193 5333 241 5378 et
286 5338 471 5395 terras,
510 5346 575 5386 ac
600 5331 805 5391 vineas,
834 5340 891 5384 et
924 5338 1118 5384 cetera
1150 5345 1271 5399 quac
1303 5331 1355 5384 in
1381 5330 1469 5400 jus
1494 5347 1619 5402 pro-

80 5406 230 5469 l‘fium
268 5431 330 5471 ac
372 5420 667 5474 dominium
714 5420 985 5483 canonici,
1031 5428 1087 5475 et
1112 5421 1384 5485 monachi,
1419 5423 1621 5477 sancti-

80 5500 312 5561 moniales
332 5509 541 5565 feminae
567 5510 766 5565 habent
789 5520 845 5565 et
869 5511 1072 5565 habere
1092 5521 1415 5577 noscuntur,
1445 5512 1622 5568 nullus

85 5580 332 5651 hominum
376 5601 457 5655 vel
494 5601 820 5655 feminarum
854 5601 1131 5668 invadere,
1165 5616 1358 5671 rapere
1395 5612 1486 5657 aut
1516 5603 1618 5658 tol-

145 5698 213 5767 (δ)
247 5704 351 5763 Vox
380 5722 651 5781 corrupta.

334 5807 585 5865 PlTlHlL.
612 5806 760 5866 CLI.

1722 4507 1775 4561 in
1805 4505 2079 4572 praedictis
2098 4504 2450 4559 comitatibus
2479 4504 2594 4559 sive
2622 4504 3025 4574 episcopalibus
3052 4504 3311 4573 degentes

1722 4596 1954 4650 ﬁrmiter
1978 4602 2201 4649 teneant
2233 4603 2398 4661 atque
2428 4595 2636 4650 intente
2666 4595 2978 4650 custodiant
3007 4592 3311 4650 secundum

1719 4704 1875 4743 suum
1906 4703 2082 4757 posse.
2111 4686 2266 4753 Quod
2312 4688 2357 4742 si
2396 4687 2523 4757 quis
2555 4687 2870 4742 earumdem
2910 4684 3187 4740 hominum
3225 4681 3310 4738 vel

1718 4779 2045 4834 feminarum
2078 4780 2391 4848 praedictam
2436 4766 2623 4850 pacem
2652 4794 2717 4834 ac
2744 4778 3140 4834 institutionem
3168 4790 3308 4846 pra:-

1720 4883 2036 4942 sumptuose
2073 4870 2376 4943 infregerit,
2404 4881 2461 4927 et
2507 4872 2643 4926 infra
2673 4889 2727 4927 χι
2766 4871 2883 4927 dies
2916 4885 3022 4925 non
3050 4867 3309 4924 emenda-

1719 4966 1877 5028 verit,
1921 4965 2133 5021 noverit
2162 4978 2221 5020 se
2251 4966 2431 5020 tandiu
2459 4974 2781 5020 extraneum
2810 4980 2839 5019 a
2871 4962 3306 5019 Christianorum

1721 5056 1999 5112 consortio
2032 5065 2087 5110 et
2117 5071 2145 5108 a
2174 5055 2456 5109 liminibus
2492 5063 2695 5108 sancta:
2724 5052 2818 5108 Dei
2848 5050 3101 5107 Ecclesia:
3119 5063 3307 5120 segre-

1721 5156 1905 5217 gatum
1933 5147 2104 5201 donec
2131 5146 2188 5201 ei
2223 5145 2310 5201 cui
2351 5144 2609 5199 damnum
2636 5143 2919 5214 pertulerit
2948 5140 3169 5211 duplum
3215 5155 3308 5197 re-

1723 5240 1935 5305 stituat,
1972 5248 2026 5295 et
2057 5238 2308 5309 potestati
2353 5237 2497 5292 illius
2524 5246 2684 5292 teme
2728 5237 2781 5291 in
2810 5250 2914 5305 qua
2946 5234 3075 5289 illud
3121 5242 3309 5290 actum

1724 5328 1889 5386 fuerit
1938 5347 2004 5385 SI.
2059 5328 2260 5384 solidos
2312 5328 2594 5393 emendet;
2666 5337 2720 5383 et
2765 5327 3018 5397 episcopo
3063 5324 3310 5396 ejusdem

1723 5434 1885 5479 terra:
1923 5423 2194 5486 emendet,
2235 5437 2397 5477 manu
2424 5421 2639 5491 propria
2669 5420 2904 5492 jurando
2946 5433 3108 5488 super
3138 5417 3309 5473 altare

1726 5516 1893 5579 sedis,
1927 5523 2019 5568 aut
2051 5530 2216 5583 super
2245 5529 2353 5583 quo
2379 5513 2652 5578 liberavit,
2686 5527 2795 5582 quo
2824 5512 3112 5582 cpisc0pus
3129 5509 3308 5581 jussed

1724 5608 1830 5671 rit,
1872 5605 1999 5674 quia
2032 5603 2265 5674 amplius
2292 5603 2583 5659 emendare
2625 5618 2734 5659 non
2765 5601 2960 5668 debeat
2990 5616 3088 5671 pro
3125 5610 3306 5655 trans-

2829 5808 2905 5865 2's
