3834 6332
599 251 715 330 ‘m

1295 273 1465 327 SAZC.
1506 272 1568 326 XI
1606 264 1812 326 AUCT.
1857 268 2127 323 thiEll'l'l
2159 270 2314 325 ANNI
2359 271 2442 326 ET
2470 272 2734 329 SCl’thl‘.
2774 276 2996 332 'AAEE‘II.
3656 293 3718 350 ηε

595 388 878 460 gressione
925 385 1526 448 exconmnmieationis;
1579 393 1669 437 aut
1714 385 1961 438 emcndct
2009 386 2057 438 ei
2117 399 2183 436 χι
2214 386 2259 440 Λ
2288 386 2501 440 nocenti
2541 397 2632 440 aut
2663 388 2934 442 innocenti
2960 388 3157 442 malum
3193 390 3411 460 ingerat,
3440 396 3524 450 nisi
3549 406 3721 473 camp...

587 481 802 537 solidos
851 479 969 534 sine
1015 484 1378 533 sacramento.
1435 476 1676 530 Dicimus
1724 475 1917 529 iterum
1964 484 2024 530 ut
2067 475 2183 529 lucc

587 570 870 626 institutio
892 570 964 623 ab
993 569 1244 623 omnibus
1277 562 1506 622 firmiter
1550 575 1801 621 teneatur
1846 567 1988 621 sicut
2027 581 2184 634 supe—

585 664 715 718 rius
737 662 995 731 scriptum
1022 668 1106 714 est
1131 700 1146 724 ,
1199 667 1401 728 praeter
1451 673 1544 713 eos
1573 658 1664 728 qui
1697 658 1764 712 de
1793 673 1892 712 suo
1921 657 2073 713 alode
2099 659 2184 712 vel

583 753 722 806 levo
756 751 870 805 sive
914 749 1112 820 bajulia
1154 749 1497 803 institutores
1537 748 1869 803 exstiterint.
1900 747 2072 815 Quam
2106 749 2185 802 in—

595 842 938 897 stitutionem
967 842 1278 910 quicunque
1313 850 1685 910 transgressus
1728 839 1932 904 fuerit,
1964 840 2183 894 obedire

600 932 791 986 nolens
819 932 1148 1000 supradictis
1185 931 1640 998 institutionibus,
1668 931 1950 1001 presbyter
1978 931 2026 985 ei
2055 931 2185 985 mis-

601 1041 716 1080 sam
745 1041 852 1080 non
884 1034 1090 1091 cantet,
1117 1039 1296 1095 neque
1339 1025 1506 1078 ullum
1539 1040 1752 1079 sacrum
1793 1023 2046 1087 ofﬁcium,
2095 1039 2186 1078 ne-

599 1131 707 1186 que
734 1117 1096 1172 communicet
1125 1131 1247 1171 eum
1272 1159 1285 1183 ,
1325 1116 1408 1170 vel
1447 1117 1704 1185 sepeliat,
1757 1131 1814 1169 se
1864 1116 2091 1170 sciente.
2127 1113 2183 1168 Si

575 1217 786 1262 eautem
818 1206 1072 1276 quislibet
1100 1206 1378 1261 hominum
1410 1206 1491 1260 vel
1518 1205 1839 1260 feminarum
1873 1201 1939 1260 ab
1976 1206 2076 1260 hac
2099 1205 2185 1260 die

583 1295 658 1350 et
695 1297 949 1366 deinceps
995 1313 1130 1351 ausu
1183 1297 1473 1350 temerario
1523 1296 1680 1365 hujus
1731 1296 1926 1351 nostrae
1972 1295 2182 1349 institn-
2269 1328 2272 1334 -

605 1386 769 1440 tionis
811 1386 1038 1441 violator
1077 1387 1390 1450 exstiterit,
1447 1387 1809 1441 anathematis
1861 1387 2076 1442 vinculo
2108 1386 2186 1440 fe-
2231 1384 2234 1386 ⁷

601 1477 797 1540 riatur,
843 1487 897 1531 et
930 1492 958 1530 a
987 1487 1171 1532 sancta
1209 1479 1298 1532 Dei
1341 1479 1577 1532 Ecclesia
1622 1477 1805 1546 procul
1845 1478 2102 1546 pellatur,
2133 1486 2186 1531 et

577 1568 674 1621 .ab
722 1567 964 1622 omnium
1016 1578 1159 1622 coetu
1208 1568 1640 1622 Christianorum
1678 1568 1862 1622 tandiu
1904 1579 2186 1636 separetur

604 1661 775 1715 donec
805 1661 868 1715 ad
892 1659 1318 1716 satisfactionem
1348 1661 1718 1722 indubitanter
1747 1659 1946 1714 veniat.

1345 1796 1431 1849 IV.

637 1905 896 1976 Excerpta
940 1899 1326 1976 concilii'apud
1396 1917 1633 1960 sanctum
1673 1907 1951 1977 .‘Egidium
1988 1909 2149 1961 habiti

1227 1994 1366 2032 anno
1404 1979 1561 2031 lOSU.

667 2087 747 2142 Ex
785 2087 1014 2142 concilio
1044 2089 1184 2156 apud
1215 2097 1460 2142 sanctum
1492 2087 1769 2158 ngitiittnl
1800 2098 2019 2157 peracto
2043 2068 2074 2154 ,Δ
2095 2089 2181 2143 ubi

603 2180 743 2231 facta
784 2188 867 2234 cst
914 2179 1187 2249 synodalis
1242 2178 1467 2252 [collatio
1512 2179 1753 2246 Patrum,
1809 2181 2182 2250 episcoporum

567 2271 857 2325 .videlicet
938 2269 1338 2324 Gallicanorum
1415 2287 1556 2334 xxn;
1625 2287 1851 2340 quorum
1915 2273 2184 2326 unanimi-

600 2373 681 2416 ter
738 2377 1036 2416 consensus
1099 2371 1153 2415 et
1210 2379 1306 2430 par
1366 2377 1547 2416 votum
1600 2364 1703 2417 hoc
1761 2363 2002 2416 definivit
2043 2364 2181 2431 quod

615 2453 704 2505 hic
749 2451 1018 2505 titulatutn
1067 2452 1476 2506 memorandum
1524 2453 1865 2519 mandamus,
1897 2468 2018 2505 cum
2064 2469 2183 2521 per-

585 2546 752 2599 sonis
785 2544 1114 2616 suppositis.
1151 2543 1210 2598 Ili
1247 2555 1374 2599 sunt
1403 2561 1414 2598 :
1445 2543 1792 2614 liaimbaldus
1829 2543 2177 2609 Arelatensis,

589 2637 965 2707 Laudegarius
1007 2627 1365 2700 Viennensis,
1413 2651 1534 2690 cum
1582 2636 1773 2706 legatis
1816 2632 2182 2700 Narbonensis

587 2729 783 2798 primae
812 2726 1057 2798 prtesulis
1087 2727 1202 2782 vice
1233 2727 1603 2806 fungentibus,
1645 2727 1923 2780 Froterins
1951 2725 2181 2780 Nemau-

593 2820 794 2885 scnsis,
819 2819 936 2890 Ugo
982 2820 1352 2884 Uceticensis,
1394 2819 1681 2872 Wilelmus
1720 2808 2010 2880 Albieusis,
2051 2814 2180 2870 Ber-

595 2910 798 2964 nardus
857 2910 1201 2974 Lutevensis,
1251 2907 1515 2963 Geraldus
1566 2907 1939 2973 Vivariensis,
1990 2907 2180 2962 Petrus

597 2983 870 3074 VasenSis',
921 3000 1208 3056 Udalricus
1254 3000 1730 3063 'l‘ricaslrincnsis,
1783 2999 1995 3053 Franco
2041 2998 2179 3053 Ven-

2292 477 2521 530 terntino
2547 479 2864 533 malefactor
2893 481 3146 536 damnum
3195 484 3442 540 intulerit.
3479 487 3568 544 lloc
3588 506 3722 551 excutit»

2287 567 2566 620 municant
2590 569 2691 621 sub
2719 570 3063 625 anathemate
3095 572 3145 624 in
3177 584 3496 642 perpetuum.

2273 695 2282 702 .
2357 656 2407 710 5.
2443 656 2700 712 Militibus
2739 669 2921 714 autem
2961 661 3255 730 majoribus
3300 664 3376 716 vel
3422 668 3729 732 minoriltuslac

2285 747 2605 817 pra‘cipinnt
2623 790 2636 810 .
2679 758 2737 804 ut
2760 750 2827 804 ab
2850 751 3008 806 hodie
3037 769 3206 822 usque
3233 756 3287 809 in
3315 758 3597 815 nativitatem
3625 771 3727 820 sancti

2284 834 2510 891 Joannis
2540 837 2716 893 nullus
2744 854 2891 899 arma
2926 839 3072 896 ferre
3103 855 3391 911 prmsumat
3431 862 3673 920 quacunque
3695 856 3731 907 de

2285 939 2472 989 causa,
2507 928 2608 982 nisi
2637 930 2718 982 sui
2746 929 3012 985 solutione
3044 933 3304 1003 episcopi.

2295 1045 2297 1048 ι
2358 1021 2490 1076 Data
2522 1022 2698 1091 pridie
2726 1022 2866 1078 Non.
2900 1023 3250 1096 Septembris.

2321 1199 2614 1254 Concilium
2650 1201 2940 1272 Trojamtm
2981 1205 3217 1331 biiugum;
3247 1208 3312 1262 ab
3350 1208 3539 1264 Urbano
3571 1213 3616 1265 ll
3634 1233 3718 1270 uno

2846 1288 2848 1290 '
3104 1291 3157 1330 ο.

2846 1288 2848 1290 ⁷
3006 1288 3157 1330 ιυυό.

2355 1363 2512 1428 Anno
2563 1364 2854 1420 Dominicm
2884 1367 3280 1423 lncarnationis
3314 1371 3474 1437 1025,
3502 1374 3736 1434 indictarum.

2289 1451 2619 1528 hebdomada
2655 1453 3096 1532 Quadragesima:
3130 1460 3306 1526 prima
3334 1501 3349 1524 ,
3415 1478 3460 1515 γι
3500 1463 3595 1517 Idus
3625 1465 3736 1522 llaitii.

2287 1545 2541 1597 convenit
2589 1543 2762 1615 Trojze
2814 1547 2867 1599 in
2912 1549 3103 1615 Apulia
3154 1551 3441 1605 concilium
3485 1557 3738 1622 episcopatum

2288 1631 2403 1685 fere
2448 1625 2608 1700 um,
2653 1636 2908 1688 abbatum
2960 1652 3061 1690 xu.
3086 1636 3343 1693 Secundo
3369 1641 3532 1709 itaque
3570 1644 3647 1704 die,
3675 1660 3739 1698 ea.

2215 1739 2260 1797 Β
2291 1723 2355 1776 de
2388 1724 2709 1791 quibusdam
2756 1725 2892 1779 infra
2942 1729 3431 1802 consanguinitatis
3469 1733 3624 1786 lineam
3654 1750 3741 1800 cna:-

2290 1813 2412 1867 latis
2436 1823 2614 1868 actum
2646 1813 2860 1881 fuisset,
2877 1807 3101 1871 tandem
3130 1809 3574 1874 consentientibus
3591 1825 3741 1874 omnia

2290 1907 2391 1961 hoc
2421 1922 2583 1977 super
2620 1909 2699 1963 eis
2726 1895 3030 1979 capitulum
3053 1912 3450 1983 promulgatum
3479 1925 3566 1967 cst.

2362 1997 2411 2048 l.
2454 1996 2704 2067 Epi'se0pi
2767 2013 2998 2068 quorum
3060 1999 3362 2056 dimcesani
3402 2014 3516 2057 sunt
3552 2018 3624 2058 eos
3649 2019 3741 2072 asia

2290 2087 2340 2140 in
2380 2087 2736 2145 Pcntecosten
2771 2092 2908 2164 trina
2956 2083 3314 2149 advocatione
3347 2089 3742 2152 conveniantlua

2287 2180 2332 2234 si
2367 2180 2471 2234 duo
2519 2182 2619 2235 viri
2652 2182 2752 2253 (4),
2790 2185 2874 2237 vel
2921 2193 3051 2253 tres,
3093 2189 3595 2260 consanguinitatetn
3624 2189 3746 2256 ἐωσμ-

2259 2265 2262 2269 ’
2288 2275 2456 2329 rando
2491 2275 2848 2358 firmaverint,
2875 2283 2958 2334 vei
2988 2281 3202 2352 ipsimet
3231 2283 3374 2339 forte
3394 2284 3596 2340 conl’essi
3612 2284 3742 2338 luerim.

2285 2366 2536 2437 conjugia
2581 2370 2966 2425 dissolvantur.
3011 2371 3066 2426 Si
3102 2368 3234 2428 vero
3268 2385 3509 2429 neutrmn
3547 2376 3743 2441 contigerit.

2285 2457 2521 2527 episcopi
2579 2475 2671 2514 eos
2730 2475 2827 2531 per
2880 2463 3208 2533 baptismum
3265 2467 3497 2530 Christi,
3547 2483 3620 2536 per
3656 2471 3744 2518 lltlt‘ll

2282 2549 2505 2618 Christi,
2545 2567 2640 2622 per
2684 2553 2881 2610 Christi
2931 2557 3218 2626 judicium,
3280 2561 3335 2614 in
3366 2617 3369 2619 _
3395 2576 3506 2615 vera
3549 2560 3745 2613 obetliena

2283 2643 2625 2699 obtestemur
2647 2657 2916 2716 quatenus
2947 2649 3124 2718 palam
3155 2652 3369 2714 faciant,
3399 2663 3560 2706 utrum
3595 2655 3747 2714 sesua

2281 2731 2426 2787 fama
2461 2745 2578 2800 εει,
2630 2741 3062 2810 consanguineos
3099 2754 3503 2814 recognoscant.
3531 2745 3576 2798 Si
3608 2755 3746 2811 negate-

2254 2827 2422 2890 rint,
2464 2827 2562 2882 sibi
2619 2829 2751 2900 ipsis
2799 2832 3137 2904 relinquendi
3190 2846 3345 2902 smn,
3399 2837 3464 2890 ita
3494 2846 3632 2890 tamen
3656 2845 3692 2886 ut
3723 2836 3744 2885 si

2283 2915 2424 2969 aliud
2454 2917 2505 2971 in
2539 2919 2871 2976 conscientia
2908 2923 3168 2990 habeant,
3203 2940 3267 2980 sc
3306 2941 3335 2979 a
3375 2925 3613 2978 limiuilms
3641 2924 3746 2977 Eide-

2284 3008 2396 3071 siue,
2429 3023 2458 3061 a
2494 3023 2722 3078 corpore
2748 3019 2801 3066 et
2828 3015 3094 3084 sanguine
3123 3016 3368 3081 Domini,
3397 3031 3425 3078 a_
3448 3015 3638 3071 ﬁdelium
3664 3030 3745 3067 (otti—

569 3092 862 3158 .dacensis,
909 3091 1160 3145 Clemens
1194 3089 1613 3155 Cavillonensis,
1661 3089 1852 3143 Petrus
1890 3090 2178 3158 Aquensis,
2209 3107 2250 3166 ς
2285 3099 2536 3153 munione
2591 3103 2838 3156 noverint
2883 3115 3230 3176 segregatos,
3285 3118 3443 3178 atque
3481 3105 3745 3160 ίηῖεωεεριίε.

592 3184 819 3238 Pontius
869 3182 1242 3250 Massiliensis,
1295 3182 1568 3236 Deodatus
1600 3181 1938 3239 Teloncnsis.
1971 3180 2182 3234 Cance-

592 3273 735 3328 linus
756 3309 758 3311 -
778 3271 1164 3346 Forojnliensis
1190 3313 1202 3336 ,
1233 3271 1479 3326 Andreas
1537 3270 1816 3331 Nicensis,
1894 3268 2181 3324 Durandus

566 3364 902 3433 .Vinccusis,
938 3363 1269 3416 Bertrandus
1321 3363 1599 3432 Regcnsis,
1648 3363 1760 3431 ligo
1813 3351 2179 3424 Set'iaCiensis,

556 3457 814 3523 _Pontius
868 3455 1239 3519 Glandensis,
1309 3453 1422 3524 Ugo
1483 3440 1788 3523 Dignensis.
1861 3453 1924 3507 lli
1991 3468 2181 3507 omnes

591 3549 804 3613 collecti
852 3549 906 3616 in
963 3562 1128 3600 unum
1185 3547 1289 3600 tale
1351 3547 1618 3601 sancitum
1676 3538 1938 3601 ded-erunt
1992 3548 2181 3602 decre-

596 3651 727 3694 tum.

665 3732 718 3784 1.
748 3728 1078 3802 Canonicam
1131 3719 1536 3799 promulgantes
1578 3732 1928 3795 sententiam,
1959 3739 2014 3785 ut
2060 3730 2176 3786 loca

557 3821 1002 3891 .canouicorum,
1031 3835 1094 3875 ac
1127 3822 1515 3875 monachorum
1569 3823 1844 3886 eoenobia,
1897 3822 1982 3874 vel
2021 3821 2179 3875 villas

593 3901 768 3984 sacris
793 3912 1076 3967 ordinibus
1098 3911 1450 3966 ecclesiarum
1483 3913 1797 3982 designatas
1829 3912 2027 3968 nullius
2049 3929 2179 3967 con-

593 4004 820 4066 ditionis
848 4018 1080 4073 persona
1115 4003 1372 4058 invadere
1414 4014 1588 4059 tentet
1630 4005 1697 4058 ab
1736 4004 1894 4058 hodie
1925 4019 2094 4073 usque
2126 4003 2175 4057 in

594 4107 912 4167 perpetuum
975 4111 1073 4151 nec
1131 4098 1520 4168 hospitalitatis
1559 4112 1746 4160 causa,
1804 4112 1903 4151 nec
1964 4096 2178 4166 ingenio

572 4183 748 4246 ‘ntala:
804 4191 981 4244 insitae
1044 4176 1496 4257 consuetudinis,
1550 4188 1651 4242 nisi
1706 4203 1828 4241 cum
1881 4189 2178 4242 necessitas

592 4280 850 4350 coegerit,
877 4290 1141 4349 quantum
1169 4281 1238 4336 ad
1267 4295 1421 4334 usum
1451 4288 1660 4333 naturae
1685 4277 2031 4348 pertinuerit,
2063 4278 2178 4333 sine

593 4371 965 4426 destructione
1003 4370 1127 4426 loci.

645 4465 715 4519 .2.
756 4463 1030 4518 Ecclesias
1067 4472 1246 4517 autem
1288 4479 1406 4533 quae
1438 4464 1578 4518 intra
1613 4462 1890 4518 castellum
1925 4473 2019 4517 aut
2042 4464 2175 4518 civi-
2206 4441 2253 4498 Ῑ)
2278 4469 2530 4526 omnibus
2562 4489 2574 4524 ;
2608 4441 2745 4526 Fiat.

596 4563 760 4609 tatem
789 4539 1273 4620 fttndatzefuerinI,
1304 4561 1394 4606 aut
1425 4554 1478 4607 in
1512 4553 1653 4609 villis
1681 4555 1759 4609 vel
1791 4555 1842 4608 in
1874 4555 2042 4625 agris,
2072 4556 2175 4610 illae

596 4644 848 4699 \idelicet
890 4643 942 4697 in
982 4643 1179 4712 quibus
1219 4643 1505 4697 aedilicium
1535 4644 1603 4698 ad
1645 4643 2020 4699 debellandum
2070 4661 2174 4700 non

595 4737 847 4801 habetur,
873 4735 957 4789 vel
1001 4750 1123 4790 cum
1150 4734 1349 4805 quibus
1380 4736 1573 4790 seditio
1605 4753 1709 4792 non
1737 4746 2044 4803 exercetur,
2077 4753 2174 4794 nec

576 4826 1004 4884 .malcfactorum
1029 4840 1295 4882 excursus
1335 4828 1401 4881 ad
1440 4829 1740 4896 reparanda
1775 4831 1968 4884 damna
1997 4831 2173 4886 civilia

593 4917 677 4971 vel
705 4916 1012 4972 communia
1039 4916 1153 4971 fieri
1183 4918 1588 4987 comprobatur,
1612 4918 1751 4973 hanc
1773 4920 1886 4988 pari
1909 4935 2174 4975 consensu

592 5009 783 5071 volunt
843 5017 899 5062 et
954 5007 1223 5062 definiunt
1271 5007 1471 5062 habere
1529 5017 1853 5078 potestatem
1903 5019 1962 5065 ut
2015 5026 2175 5066 nemo

597 5102 736 5157 infra
773 5105 1064 5160 terminum
1094 5119 1204 5164 xxx
1234 5104 1546 5159 dextrorum
1600 5106 1744 5160 circa
1774 5105 2038 5161 ecclesias
2081 5123 2175 5176 pos
2239 5166 2243 5172 ,

595 5195 759 5250 situm
791 5197 1096 5267 quidquam,
1115 5211 1309 5267 rapere
1337 5207 1653 5266 praesumat,
1685 5214 1787 5254 nec
1809 5199 1899 5253 ulli
1921 5214 2174 5269 persona:

666 5351 747 5423 (ᾧ)
778 5353 876 5422 Ap.
908 5354 1176 5414 Gratiam.
1203 5355 1294 5416 55,
1325 5354 1490 5422 q._6.,
1516 5370 1635 5423 cap.
1671 5354 1728 5409 Si
1753 5356 1878 5409 duo.

547 5597 560 5605 -
598 5563 837 5634 privatas
870 5562 1153 5618 facultates
1199 5566 1247 5625 in
1283 5566 1659 5634 patrimonium
1691 5565 1958 5620 asciscere
1993 5562 2172 5634 εἶτ-ρο-

602 5642 743 5687 runt.
775 5633 1079 5687 'l'rauslatio
1114 5636 1259 5703 regni
1285 5633 1355 5687 ad
1396 5634 1666 5702 llugonetn
1709 5635 1917 5688 illorum
1949 5633 2172 5690 conatus

597 5704 887 5772 plurimum
922 5705 1122 5772 adjuvit
1155 5723 1164 5756 :
1200 5706 1486 5772 pr0\'it:('i:t'
1518 5722 1618 5758 non
1657 5707 1884 5774 amplius
1915 5722 1976 5760 ex
2018 5717 2165 5760 antc-

2245 3199 2248 3204 '
2285 3200 2420 3254 ctus,
2459 3193 2631 3247 donec
2668 3195 2738 3248 ab
2782 3195 2969 3250 incesti
3008 3196 3254 3254 facinore
3295 3201 3552 3256 desinant.
3579 3200 3621 3254 Si
3643 3214 3680 3251 se
3700 3201 3745 3265 ju-

2285 3279 2425 3332 dicio
2449 3282 2830 3353 episcoporum
2881 3291 3315 3359 segregaverint,
3364 3295 3407 3345 si
3444 3291 3629 3360 juvenes
3663 3297 3746 3340 sunt.

2292 3372 2396 3424 alia
2429 3375 2773 3430 matrimonia
2812 3381 3138 3435 contrahere
3169 3397 3280 3435 non
3322 3384 3666 3452 prohibeantur.

2353 3464 2404 3516 2.
2465 3466 2518 3518 Si
2568 3467 2690 3534 quis
2757 3471 2982 3524 treviam
3029 3471 3123 3526 Dei
3155 3455 3427 3544 fregerit,
3474 3489 3615 3542 usque.
3657 3471 3746 3523 lt‘rliv

2294 3556 2360 3609 ad
2427 3557 2852 3614 satisfactionem
2916 3563 2984 3616 ab
3039 3565 3299 3635 episc0po
3364 3579 3622 3622 moneatur.
3659 3561 3744 3626 Quoi

2290 3648 2334 3699 si
2394 3663 2493 3702 nec
2541 3651 2700 3706 tertio
2755 3653 3071 3709 satisfacere
3129 3660 3486 3721 consenserit,
3541 3658 3740 3724 ορίεεπψεεεε

2287 3740 2370 3795 vel
2442 3756 2563 3795 cum
2633 3745 3031 3817 metropolitani
3076 3748 3356 3811 ‘consilio,
3417 3761 3502 3803 aut
3548 3762 3638 3802 cum
3671 3746 3744 3794 due-

2282 3832 2382 3887 bus
2434 3841 2530 3888 aut
2588 3849 2695 3890 uno
2750 3837 3050 3891 vicinorum
3116 3839 3522 3911 episcoporum,
3569 3838 3608 3890 in
3648 3832 3744 3886 nlul-

2289 3923 2394 3978 lcm
2429 3926 2794 3981 anathematis
2830 3931 3157 3984 sententiam
3187 3930 3340 3986 dicat
3366 3972 3380 3996 ,
3423 3940 3473 3985 et
3507 3943 3585 3999 per
3606 3926 3744 3991 scrip“?

2288 4031 2403 4068 ram
2429 4016 2701 4086 episcopis
2735 4017 3157 4090 circumquaque
3193 4021 3494 4082 denuntiet.
3522 4020 3594 4074 Sic
3614 4027 3744 4070 exust-

2283 4106 2614 4160 municatum
2663 4107 3042 4179 episcoporum
3094 4111 3276 4166 nullus
3333 4115 3384 4167 in
3431 4107 3743 4167 communicem

2246 4196 2580 4265 -ευδθίρίλιῖ
2643 4196 2794 4266 im“,
2849 4200 3118 4268 εστίνιιιη
3173 4212 3467 4272 suscepta,
3528 4204 3742 4252 scatentes:

2280 4289 2510 4358 quisque
2553 4289 2858 4345 continuet.
2919 4290 2976 4346 Si
3033 4293 3154 4361 quis
3209 4293 3374 4347 aliter
3419 4283 3741 4360 prmsnmpsttil-

2282 4379 2485 4434 ordinis
2533 4380 2614 4434 ε¹¹ί
2652 4379 2896 4450 Ρθτίουιο
2947 4382 3271 4452 subjacebit.
3310 4384 3611 4452 Responsum
3639 4373 3743 4429 ﬁlii!

3023 4542 3109 4599 Ἣ.

2279 4651 2543 4727 synodali:
2579 4655 2840 4727 decretum
2889 4656 2954 4709 de
2981 4672 3131 4724 pace,
3163 4673 3282 4725 qua?
3321 4658 3466 4727 uulgo
3507 4653 3659 4727 farm
3690 4643 3740 4695 De

2348 4725 2542 4798 dicitur
2585 4725 2683 4794 t5),
2721 4727 3059 4798 constitulum
3111 4745 3141 4779 (ι
3186 4725 3447 4781 Willelnio
3487 4725 3656 4798 seniore,
3681 4731 3727 4778 πῖ

2348 4793 2633 4862 Anglorum
2683 4811 2744 4846 ac
2785 4799 2915 4848 duce
2966 4795 3474 4862 Northmnnnontm,
3507 4806 3546 4846 el
3581 4793 3740 4862 opimi"

2354 4859 2779 4927 Non/immittite,
2818 4865 2957 4932 apud
2989 4864 3281 4918 Codomnm
3309 4885 3398 4920 an.
3429 4859 3549 4919 ill-li
3575 4859 3645 4928 (0).

2281 4957 2471 5026 (ilassr
2514 4955 2715 5009 Concil.
2755 4966 2796 5010 t.
2830 4955 2971 5022 XIX,
3003 4959 3106 5011 col.
3154 4958 3256 5012 597
3285 4974 3348 5013 ex
3384 4958 3584 5015 835515.,
3615 4944 3737 5002 Corol-

2841 5043 2986 5096 prov.
3023 5026 3297 5099 Rothom.)

2349 5117 2571 5172 Fratres
2603 5118 2655 5172 in
2693 5117 2921 5172 Domino
2953 5119 3283 5188 charissimi,
3314 5121 3364 5174 in
3392 5131 3509 5189 pace
3531 5126 3624 5184 qum
3647 5105 3738 5170 Vult"

2234 5259 2236 5264 .
2277 5211 2472 5266 dicitur
2514 5212 2681 5268 trevia
2728 5211 2856 5276 Dei,
2894 5219 2960 5266 et'
2990 5227 3111 5279 qua:
3150 5213 3238 5266 die
3276 5211 3506 5267 Mercurii
3534 5206 3621 5261 sole
3649 5196 3735 5252 oeci-

2275 5363 2476 5416 riornm
2519 5363 2695 5432 legum
2737 5365 3059 5418 auctoritate
3086 5365 3337 5428 directre;
3379 5365 3464 5420 sed
3496 5358 3736 5432 quisque}?5

667 5422 745 5492 (5)
791 5423 966 5478 Caroli
1013 5423 1185 5493 Magni
1227 5426 1396 5494 stirpe
1439 5429 1506 5478 ad
1543 5422 1792 5478 oecasnm
1847 5425 2169 5491 inclinante,
2233 5434 2241 5438 ‘

600 5493 846 5564 comites,
880 5493 958 5564 sui
983 5493 1380 5562 provinciarum
1412 5506 1653 5548 rectores
1672 5510 1764 5548 cas
1790 5495 1890 5548 sibi
1919 5505 2170 5564 tanquam
2231 5529 2234 5532 ~

2277 5434 2450 5501 magis
2470 5448 2538 5487 "ex
2558 5419 2676 5487 com
2686 5435 2840 5487 modo
2858 5450 3019 5502 quam
3042 5451 3108 5489 ex
3126 5419 3529 5506 quoio'rdinarc

3170 5535 3172 5538 ν
3683 5515 3690 5534 ,
3715 5509 3721 5526 .

2346 5643 2422 5711 (6)
2468 5643 2557 5696 Sic
2609 5643 2912 5700 restituitur
2957 5643 3142 5697 titulus
3187 5660 3252 5699 ex
3301 5660 3394 5698 ms.
3440 5641 3490 5692 ς..
3526 5625 3727 5711 Μίςιξῇθηξ·

2274 5701 2720 5779 quorumcaetera
2766 5724 2887 5768 sunt
2933 5716 3147 5780 collata,
3200 5715 3353 5770 simul
3391 5724 3434 5766 ct
3483 5720 3579 5763 cum
3618 5701 3724 5762 liigtrl.
