3834 6332
73 282 197 336 τις)

1259 278 1554 356 NONUM.
1591 280 1677 335 DE
1711 281 1991 340 TREUGA
2027 281 2283 338 DOMINI.
2331 353 2335 356 .

3250 289 3362 350 :750

71 403 257 454 dente
291 401 507 470 incipit,
539 381 600 454 et.
627 400 708 455 die
741 401 905 456 Luna:
944 401 1054 454 sole
1101 409 1353 456 nascente
1390 399 1526 462 linit,
1565 402 1677 454 lucc
1708 403 1749 461 Α
1783 402 2095 470 episcopatu
2135 399 2265 453 nihil
2293 400 2409 469 plus
2437 414 2595 469 quam
2621 398 2723 454 sibi
2753 414 2814 454 ac.
2851 400 2963 454 suis
2992 402 3144 471 equis
3171 417 3360 459 ncces-

73 509 212 560 quze
234 494 410 547 dicam
437 493 588 547 vobis
608 493 1004 564 promptissima
1031 493 1417 548 mcntedehine
1443 493 1493 546 in
1520 500 1675 546 antea

73 585 304 641 debetis
331 587 642 659 observare.
685 585 871 641 Nullus
904 586 1094 650 homo,
1129 599 1227 639 nec
1264 583 1463 639 femina
1503 584 1676 638 homi-

74 692 216 730 nem
261 685 356 730 aut
399 664 934 744 feminam-unquam
973 675 1224 739 assaliat,
1266 691 1365 730 nec
1417 675 1675 751 vulneret,

74 785 194 824 nec
227 769 461 834 occidat,
496 784 594 824 nec
621 769 923 833 castellum,
954 783 1051 823 nec
1086 769 1336 838 burgum,
1370 785 1468 822 nec
1499 769 1676 822 villam

77 865 137 916 ἱει
187 864 294 918 hoc
347 863 522 931 spatio
564 872 755 933 quat-er
801 863 1007 935 dierum
1054 871 1109 914 et
1155 861 1391 929 quinque
1441 860 1676 914 noctium

77 955 338 1019 ass-.aliat,
367 971 467 1009 nec
487 955 848 1023 dcprccdetur,
877 969 974 1029 nec
1006 953 1206 1022 capiat,
1239 967 1337 1006 nec
1365 952 1553 1005 ardeat
1574 951 1680 1005 ullo

75 1049 335 1119 ingenio,
369 1057 467 1100 aut
508 1047 781 1110 violentia,
826 1057 920 1100 aut
963 1045 1139 1114 aliqua
1181 1043 1387 1100 fraude.
1431 1044 1583 1110 Quod
1636 1043 1680 1098 si

75 1138 316 1206 aliquis,
345 1138 488 1206 quod
529 1138 691 1213 absit,
731 1137 875 1213 illam
914 1153 1021 1192 non
1067 1137 1296 1190 tenendo
1335 1150 1452 1204 quae
1491 1135 1680 1204 praeci-

75 1231 274 1298 pimus
305 1228 616 1298 infregerit:
645 1229 692 1281 si
730 1244 835 1282 non
870 1245 974 1282 xxx
1009 1221 1274 1282 annorum
1306 1227 1677 1297 paenitentiam

79 1320 141 1372 in
184 1319 378 1372 exsilio
414 1318 617 1380 fecerit,
644 1327 698 1372 ct
729 1325 1016 1387 antequam
1051 1319 1118 1371 ab
1146 1319 1456 1386 episcopatu
1494 1327 1680 1372 nostro

75 1419 279 1474 exeat,
311 1410 567 1479 quidquid
606 1409 734 1464 fecit
768 1419 956 1464 contra
994 1423 1204 1476 pacem,
1233 1410 1620 1476 ememlavcrit,
1650 1426 1679 1464 a

79 1497 326 1553 Domino
359 1499 466 1554 Deo
495 1499 566 1562 sit
591 1499 1192 1564 excommunimtns,'et
1220 1516 1247 1553 a
1278 1509 1386 1554 tota
1412 1501 1680 1555 Christia-

80 1591 278 1644 nitate
309 1592 384 1645 sit
414 1601 715 1661 separatus.
745 1591 1060 1660 Quicunque
1087 1608 1214 1646 vero
1244 1592 1317 1646 illi
1340 1593 1519 1662 aliqua
1544 1594 1594 1647 in
1623 1610 1681 1649 re

73 1671 604 1748 comniunicavcrit,
649 1693 741 1737 aut
769 1683 1052 1737 consilium
1085 1684 1198 1739 sive
1237 1686 1561 1755 adjutorium
1591 1689 1681 1743 de-

76 1775 257 1837 derit,
291 1787 383 1830 aut
416 1776 582 1829 ullum
613 1775 958 1844 colloquimn,
989 1776 1089 1832 nisi
1123 1787 1179 1831 ut
1214 1779 1278 1832 ad
1308 1780 1680 1847 paenitentiam

77 1865 300 1930 veniat,
347 1876 400 1919 et
440 1850 742 1937 ut‘dictum
786 1875 891 1930 est,
930 1866 996 1920 ab
1038 1867 1139 1921 hoc
1184 1867 1494 1938 episcopatu
1524 1852 1685 1923 exeat

79 1954 371 2018 habuerit,
425 1955 676 2010 similiter
728 1956 796 2010 sit
841 1959 1363 2021 exconminnicatus,
1403 1960 1570 2014 doncc
1619 1961 1683 2015 ad

83 2033 535 2099 emendationem
595 2030 1032 2118 veneriis-Quod
1077 2047 1120 2102 si
1153 2048 1239 2100 ille
1287 2058 1486 2104 sancta:
1543 2050 1686 2118 pacis

83 2136 334 2189 violator
363 2137 724 2202 miserrimus,
761 2139 1076 2209 priusquam
1107 2149 1326 2209 accepta
1369 2142 1685 2209 pmnitentia

83 2243 204 2280 xxx
238 2244 501 2284 annorum
535 2231 685 2284 exsul
728 2233 1018 2298 moriatur,
1051 2233 1224 2288 nullus
1250 2233 1684 2290 Christianorum

90 2330 394 2387 praesumat
428 2320 573 2375 illum
619 2322 880 2398 visitare,
911 2334 1001 2378 ant
1033 2340 1229 2393 corpus
1255 2342 1284 2379 a
1328 2327 1445 2382 loco
1485 2327 1537 2381 in
1581 2343 1688 2396 quo

80 2412 330 2479 jacuerit
371 2413 577 2476 tollere,
624 2429 724 2468 nec
766 2415 1058 2485 quidquam
1104 2432 1168 2471 ex
1219 2417 1537 2489 substantia:
1580 2435 1688 2475 sua:

89 2504 259 2555 bonis
287 2505 553 2572 accipere.
813 2555 816 2558 .

173 2594 478 2660 Prtetetea,
531 2596 752 2660 fratres,
795 2597 931 2653 hanc
968 2614 1160 2668 pacem
1201 2610 1257 2656 et
1294 2603 1518 2656 treviam
1566 2603 1687 2666 Dei,

86 2689 162 2741 de
215 2691 376 2743 terris
405 2705 469 2743 ac
510 2691 576 2744 de
608 2691 828 2757 bestiis,
877 2694 1094 2762 insuper
1137 2695 1201 2750 de
1241 2696 1401 2751 rebus
1443 2697 1692 2767 omnibus

95 2798 226 2849 qua:
268 2782 454 2837 haberi
507 2793 754 2852 possunt,
805 2785 1057 2855 tenehilis
1106 2785 1247 2841 inter
1290 2801 1402 2842 vos.
1454 2787 1606 2855 Quod
1645 2791 1689 2845 si

92 2873 228 2940 quis
259 2884 350 2926 aut
388 2873 621 2942 aliquam
660 2875 922 2940 bestiam,
966 2884 1059 2930 aut
1105 2877 1269 2930 etiam
1316 2877 1530 2933 obolum
1581 2859 1692 2934 sive

89 2966 484 3020 vestimentum
531 2968 581 3020 in
616 2965 714 3021 ista
760 2982 891 3036 pace
924 2967 1108 3023 tulerit
1134 2968 1292 3023 aiicni
1321 3009 1335 3032 ,
1368 2970 1438 3024 sit
1468 2984 1692 3025 excom-

98 3059 417 3113 municatns
448 3063 616 3114 donec
657 3066 722 3113 ad
755 3061 1185 3115 emendationem
1230 3063 1426 3116 veniat.
1467 3061 1619 3129 Quod
1645 3064 1687 3119 si
1721 3093 1763 3154 η

91 3153 167 3206 ad
203 3153 651 3207 emendationem
695 3153 923 3209 voluerit
972 3156 1174 3224 venire,
1226 3157 1461 3224 primum
1505 3157 1693 3212 reddat

98 3245 248 3311 quod
301 3245 497 3311 rapuit,
544 3253 637 3297 aut
689 3253 894 3298 tantum
941 3247 1126 3316 quanti
1175 3255 1294 3300 crat
1345 3248 1499 3317 pretii
1551 3249 1690 3318 quod

95 3337 346 3390 ηιεμιηιίι.
384 3337 586 3392 Dehinc
621 3354 693 3391 vi:
734 3338 891 3406 annis
933 3339 1195 3407 poeniteat
1233 3341 1366 3393 infra
1412 3341 1692 3410 episcopa-

91 3437 241 3479 ttm.
294 3427 352 3480 Si
403 3436 581 3481 autem
633 3429 900 3482 moriatur
941 3431 1254 3499 priusquam
1304 3431 1601 3503 satisfaciat
1641 3441 1695 3487 et

95 3518 482 3584 pmnitentiam
512 3532 723 3582 sumat,
757 3536 860 3574 non
905 3522 1217 3589 sepeliatur,
1245 3537 1344 3577 nec
1371 3539 1398 3576 a
1439 3523 1557 3579 loco
1589 3540 1695 3594 quo

93 3608 246 3661 obiit
295 3618 600 3672 moveatur,
643 3609 764 3671 nisi.
789 3625 886 3679 pro
918 3611 1005 3670 illo
1049 3622 1301 3680 parentes
1335 3612 1452 3682 ejus
1479 3613 1692 3670 satisfe—

101 3698 287 3752 cerint
326 3700 397 3762 ei,
433 3700 516 3752 cui
559 3699 808 3767 injuriam
855 3701 1002 3755 fecit.
1042 3701 1307 3758 lecrum
1350 3704 1401 3758 in
1434 3705 1534 3760 hac
1565 3720 1695 3774 pace

102 3788 286 3843 nullus
329 3791 431 3843 nisi
473 3806 563 3844 rex
619 3802 712 3845 aut
751 3808 934 3847 comes
972 3792 1131 3863 hujus
1173 3794 1362 3864 patriae
1407 3794 1695 3851 caballica-

102 3882 310 3933 tionem
360 3891 452 3935 aut
508 3881 858 3937 hostilitatcm
905 3882 1073 3938 faciat
1117 3902 1130 3938 :
1181 3892 1235 3940 et
1285 3884 1596 3954 quicunque
1642 3887 1694 3940 in

99 3973 521 4028 caliallieatiouc
573 3985 665 4029 aut
711 3975 1004 4030 hostilitate
1065 3967 1209 4046 regis
1258 3975 1440 4043 fuerit,
1493 3977 1548 4031 in
1594 3979 1696 4034 hoc

104 4104 304 4179 Vicine
332 4105 568 4179 vicinum
622 4107 889 4179 invidere,
922 4107 1069 4162 rixas
1097 4121 1346 4174 movere,
1376 4123 1581 4179 pugnas
1611 4110 1694 4164 in-

99 4177 282 4227 \it‘ettl
309 4178 682 4249 committere.
727 4178 776 4230 in
831 4193 1035 4249 ruerent
1090 4179 1333 4249 devenit.
1378 4177 1694 4249 'Magnatum

92 4245 356 4317 evempla
380 4248 712 4312 privatorum
737 4263 925 4315 pugna:
947 4257 999 4300 ct
1020 4248 1153 4301 bella
1180 4249 1335 4317 quasi
1365 4245 1692 4315 domestica;

103 4315 249 4366 faida
275 4330 434 4382 quam
457 4317 760 4397 vocitabant
777 4317 1078 4397 antenquasi
1104 4315 1455 4397 intermortua
1477 4321 1692 4386 revixit,
1723 4324 1728 4328 ’

100 4395 160 4436 et
194 4400 300 4460 quo
345 4386 523 4460 semel
554 4387 675 4460 quis
705 4389 1011 4460 quempiam
1052 4389 1374 4460 occidisset,
1407 4391 1691 4460 prOpinqui

104 4458 310 4527 «aettem
343 4455 549 4527 ulcisci,
579 4466 631 4509 et.
661 4457 710 4510 in
737 4455 1028 4510 vindictam
1064 4458 1237 4527 ipsum
1284 4455 1690 4514 interfectorem

105 4523 192 4577 Vel
220 4526 562 4599 queunt/ise:
586 4527 713 4599 ejus
747 4542 943 4596 genere
987 4523 1206 4599 impune
1237 4529 1484 4582 occidere
1513 4545 1692 4599 cmpe—

107 4606 254 4647 runt.
287 4597 364 4647 Ad
398 4596 689 4650 tollendum
723 4607 829 4649 tam
859 4611 1024 4666 grave
1052 4597 1272 4662 malum,
1300 4599 1552 4667 quoniam
1586 4596 1691 4654 non

107 4673 326 4732 poterat
371 4667 553 4718 statim
599 4668 808 4731 curari,
843 4669 958 4720 hac.
985 4676 1102 4721 arte
1147 4668 1280 4721 itum
1319 4677 1422 4722 est.
1462 4667 1689 4735 Quidam

105 4735 228 4807 dies
260 4737 516 4801 :tssigttati
549 4747 674 4789 sunt
701 4737 896 4804 quibus
925 4737 1078 4806 quies
1107 4746 1251 4792 esset
1281 4739 1349 4793 ab
1385 4738 1691 4807 hujusmodi

108 4805 290 4876 hellis,
314 4822 413 4858 nec
436 4808 600 4859 alium
625 4808 800 4874 quivis
825 4805 1072 4876 persequi
1101 4807 1344 4872 auderet,
1373 4805 1467 4864 sed
1494 4810 1688 4876 singuli

109 4875 328 4942 publica
374 4877 554 4943 quiete
597 4878 776 4931 securi
818 4875 1165 4931 fruerentur:
1210 4887 1263 4932 et
1300 4879 1400 4932 has
1447 4875 1694 4936 inducias

110 4959 357 5014 U‘l'llgalll
392 4947 479 4999 Dei
512 4963 603 5000 seu
639 4949 861 5000 trcviam
898 4947 1105 5000 Domini
1137 4949 1461 5012 vocitarunt,
1493 4951 1559 5003 de
1588 4966 1692 5016 qua

110 5017 316 5085 passim
360 5018 498 5084 apml
543 5027 791 5071 auctores
846 5017 985 5071 iltius
1035 5019 1312 5086 temporis.
1363 5019 1556 5072 Trevia
1602 5020 1692 5072 illa

97 5085 351 5138 decretis
377 5088 750 5153 cnttt'iiimttm,
793 5095 848 5140 et
882 5085 1216 5140 summorum
1255 5088 1573 5156 pontiﬁcum
1609 5089 1696 5143 lit-

109 5157 246 5208 teris
279 5157 544 5210 eciebrata
573 5166 656 5210 est
691 5171 747 5211 et
778 5158 1221 5225 approbata;qui
1268 5160 1397 5212 Vero
1430 5159 1572 5212 hanc
1608 5159 1692 5212 in-

109 5227 395 5279 duc-iurum
429 5227 600 5296 legem
637 5237 839 5281 temere
875 5227 1078 5280 violare
1115 5227 1231 5281 ausi
1265 5237 1469 5291 essent,
1502 5230 1696 5298 capitis

189 5315 269 5385 (7)
292 5317 493 5369 Judicii
524 5319 720 5386 ferrum
747 5327 933 5386 portet.
965 5316 1020 5370 In
1047 5313 1350 5371 PontifiCali
1392 5327 1521 5372 ante
1557 5319 1696 5373 1000

101 5403 208 5440 an.
239 5387 465 5453 scripto,
488 5389 628 5456 quod
654 5388 705 5441 in
729 5388 1146 5443 Gemmeticensi
1173 5387 1494 5444 bibliotheca
1522 5406 1697 5445 asser-

107 5469 294 5528 vatnr,
328 5460 463 5511 ritus
489 5458 672 5523 iudicii
696 5475 795 5528 per
820 5459 1020 5512 ferrum
1049 5458 1288 5512 candens
1319 5458 1391 5512 ita
1417 5474 1476 5513 se
1501 5461 1692 5514 habet.

109 5527 346 5579 Ferrum
377 5527 714 5595 proferatur,
744 5529 885 5597 quod
926 5547 958 5580 η
993 5528 1204 5596 culpata
1243 5545 1420 5581 coram
1455 5531 1697 5583 omnibus

79 5599 434 5664 accipiatur,
470 5607 522 5649 et
553 5615 642 5666 iter
666 5615 961 5651 mensuram
995 5614 1174 5651 novem
1195 5599 1391 5666 pedum
1415 5609 1694 5668 portetur;

107 5684 307 5718 manus
354 5668 632 5736 sigilletm',
687 5669 782 5720 sub
829 5669 1004 5736 sigillo
1049 5679 1307 5739 servetur,
1351 5680 1400 5721 et
1446 5680 1556 5739 post
1595 5681 1696 5722 tres

105 5751 293 5789 auctr-5
323 5739 590 5805 (qicriumr
615 5753 634 5789 .'
665 5750 712 5792 et
751 5740 795 5790 si
835 5740 1059 5790 mundus
1089 5748 1189 5803 est,
1227 5738 1333 5791 Dro
1366 5738 1693 5808 gratuletur;

1781 495 1923 549 saria
1971 493 2286 567 ad‘victum
2331 494 2618 566 accipiant.
2675 493 3000 549 Mcreatores
3041 504 3260 568 (autem,
3309 508 3366 554 et

1778 603 1967 643 omnes
1994 587 2238 642 homines
2264 586 2353 654 qui
2381 586 2448 659 ab
2475 587 2596 640 aliis
2621 587 2927 656 regionibus
2953 602 3049 657 per
3070 603 3162 642 vos
3189 598 3368 645 trans-

1781 681 1962 739 ierint,
1987 692 2175 748 pacem
2207 677 2441 750 habeant
2467 693 2495 729 a
2527 677 2698 731 vobis.

1853 769 2004 824 llanc
2030 769 2192 824 etiam
2225 766 2318 821 Dei
2348 767 2574 820 treviam
2605 768 2672 820 ab
2698 767 2850 822 initio
2879 770 3152 823 Adventus
3182 765 3364 822 Domi-

1783 861 1888 914 uici
1918 873 2086 928 usque
2114 859 2180 911 ad
2211 867 2434 911 octavas
2461 857 2796 928 Epiphauize,
2823 869 2872 912 et
2895 874 2922 912 a
2951 858 3138 929 Capite
3167 857 3365 928 chunii

1783 967 1952 1020 usque
1989 952 2055 1004 ad
2086 959 2313 1005 octavas
2336 933 2583 1014 -PaSchae,
2628 959 2682 1002 et
2722 967 2750 1002 a
2787 943 2975 1004 diebus
3014 951 3366 1020 liogationum

1775 1045 2166 1119 inchoantibus
2225 1053 2395 1114 usqite
2452 1042 2518 1095 ad
2577 1051 2801 1096 octavas
2869 1041 3217 1097 Pentecostes
3270 1058 3370 1112 per

1779 1151 1971 1192 omnes
2009 1137 2125 1195 dies
2157 1124 2428 1197 tenebitis.
2462 1133 2801 1204 Presbyteris
2832 1130 3010 1188 autem
3059 1135 3370 1202 prtecipitur

1783 1235 1839 1281 ut
1881 1227 1930 1281 in
1969 1226 2355 1281 festivitatibus
2393 1240 2456 1278 ac
2482 1226 2670 1279 diebus
2711 1225 3003 1278 Dominicis
3033 1241 3100 1276 on
3124 1240 3220 1278 nes
3250 1224 3366 1277 illos

1783 1317 1872 1386 qui
1931 1319 2070 1376 hanc
2117 1331 2306 1388 pacem
2361 1302 2809 1376 observaveriut,
2862 1329 2959 1383 pro
3014 1313 3117 1366 illis
3174 1328 3362 1383 prece;

1781 1408 2012 1476 agendo,
2062 1406 2418 1469 benedicant;
2459 1404 2577 1458 illos
2618 1419 2746 1458 vero
2774 1404 2862 1472 qni
2903 1403 3240 1473 infregerint,
3269 1412 3363 1456 aut

1777 1484 1872 1568 qui
1916 1488 2312 1553 infraclorihns
2339 1498 2744 1559 consenserint,
2776 1496 3117 1551 maledicunt.
3150 1496 3207 1550 Si
3243 1497 3364 1565 quis

1782 1599 1963 1645 autem
1988 1607 2045 1644 se
2063 1606 2250 1661 pacem
2276 1590 2582 1645 nescicntcr
2597 1589 2791 1643 dixerit
2814 1589 3096 1660 infregisse
3123 1590 3270 1659 prius
3285 1605 3370 1644 sa-

1776 1669 2116 1753 cramentum
2131 1681 2938 1753 faciat,calidumque(7)judicii
2958 1681 3157 1738 ferrum
3172 1693 3373 1753 portet.

2525 1795 2632 1850 VII.

1788 1885 2173 1940 Germaniam
2215 1888 2396 1940 incerti
2443 1886 2543 1940 loci
2586 1884 2865 1939 concilium
2916 1900 3017 1953 quo
3058 1884 3371 1939 Trevarlnci

1858 1959 1943 2026 pia
1975 1969 2018 2008 et
2051 1968 2231 2009 snnctu
2275 1957 2529 2010 institutio
2562 1955 2794 2010 ειιιὺὲιὶια
2831 1965 2926 2021 est,
2979 1971 3116 2009 anno
3166 1956 3372 2008 circiter

1866 2027 1995 2080 10M
2027 2027 2361 2084 celebratum.

1793 2140 2005 2211 (MANSI,
2061 2125 2266 2194 Concil.
2306 2149 2343 2194 t.
2374 2139 2516 2206 XIX,
2556 2140 2659 2196 col.
2691 2140 2813 2202 593,
2851 2156 2915 2195 ex
2953 2155 3053 2194 tns.
3086 2139 3372 2210 Talvcrze.)

1787 2298 1790 2300 _
1862 2234 1916 2287 In
1945 2216 2178 2286 nomine
2229 2232 2322 2287 Dei
2369 2218 2550 2287 Patris
2589 2233 2997 2302 ontnipotentis,
3046 2241 3101 2287 ct
3139 2231 3281 2294 Fitii,
3321 2241 3376 2285 et

1793 2323 2031 2394 Spiritus
2071 2325 2272 2379 sancti.
2319 2323 2685 2394 Raginbaldus
2738 2324 3067 2379 Arelatensis
3101 2324 3377 2393 archiepi-

1791 2402 2047 2486 scopus,
2079 2431 2201 2470 cum
2251 2415 2543 2494 Benedicto
2592 2417 2994 2479 Avenionensi,
3046 2426 3102 2470 et
3157 2415 3377 2468 Nitardo

1795 2509 2009 2564 Nicensi
2075 2506 2382 2576 episcopis,
2440 2522 2648 2564 necnon
2712 2517 2767 2562 et
2826 2507 3118 2562 venerabili
3181 2508 3377 2559 abbate

1793 2601 1992 2655 domno
2025 2601 2104 2668 (8)
2143 2598 2370 2654 Odilone
2406 2614 2509 2653 una
2549 2615 2670 2654 eum
2706 2599 2959 2654 omnibus
2998 2598 3286 2668 episc0pis,
3320 2607 3376 2652 et

1796 2695 2082 2749 abbatibus
2108 2735 2122 2756 ,
2164 2702 2219 2748 et
2258 2702 2457 2769 cuncto
2485 2679 2628 2748 clero
2671 2709 2766 2763 per
2814 2693 3118 2747 universam
3149 2691 3377 2745 Galbam

1795 2788 2197 2851 habitantibus,
2251 2783 3015 2855 omnibus'archiepiscopis,
3069 2783 3374 2853 episcopis,

1796 2878 2162 2954 presbyteris,
2191 2885 2245 2932 et
2271 2883 2468 2956 cuncto
2497 2876 2644 2932 clero
2670 2889 2766 2953 per
2797 2884 2962 2930 letam
2997 2873 3200 2926 Italiam
3229 2887 3380 2928 com--

1800 2951 2161 3033 morantibus,
2195 2950 2369 3036 gratia
2410 2966 2564 3020 vobis
2598 2974 2652 3020 et
2681 2950 2778 3035 pax
2821 2981 2851 3018 a
2891 2966 2998 3019 Deo
3026 2963 3182 3019 Patre
3205 2963 3380 3018 omni-

1795 3067 2036 3128 potente,
2064 3057 2155 3126 qui
2185 3066 2288 3124 est,
2322 3064 2377 3111 et
2401 3057 2488 3125 qui
2517 3066 2655 3120 erat,
2687 3064 2741 3109 et
2767 3057 2858 3124 qui
2893 3041 3151 3109 venturus
3181 3063 3282 3108 cst.
3347 3039 3355 3121 ί

1789 3214 1792 3217 ,
1866 3157 2137 3223 Rogamus
2169 3166 2284 3213 vos,
2319 3159 2373 3205 et
2398 3147 2748 3205 obsecramus
2795 3165 3006 3215 omnes,
3047 3149 3137 3218 qui
3181 3147 3379 3201 timetis

1785 3249 1985 3314 Deum,
2009 3259 2062 3304 et
2085 3247 2306 3305 creditis
2331 3245 2382 3300 in
2407 3257 2554 3307 eum,
2571 3250 2624 3298 et
2647 3242 2816 3312 ipsius
2837 3240 3095 3310 sanguine
3117 3236 3380 3307 redempti

1795 3342 1926 3396 estis
1947 3382 1961 3405 ,
1991 3353 2050 3395 ut
2077 3335 2314 3396 caveatis
2345 3347 2400 3392 et
2429 3334 2756 3406 providentis
2788 3348 2882 3387 vos
2909 3333 2976 3386 ad
3005 3331 3232 3386 salutem
3264 3329 3382 3383 ani-

1795 3450 2003 3487 marum
2050 3442 2104 3486 et
2155 3444 2471 3498 corporum,
2524 3435 2578 3481 et
2619 3423 2922 3496 sequamini
2984 3422 3212 3492 vestigia
3259 3420 3378 3485 Dei,

1795 3537 1984 3593 pacem
2013 3521 2274 3575 habentes
2307 3517 2372 3571 ad
2403 3515 2656 3580 invicem,
2683 3522 2884 3568 utcum
2913 3513 3029 3582 ipso
3063 3509 3380 3565 mereamini

1799 3626 2014 3682 pacem,
2045 3618 2102 3664 et
2137 3605 2582 3677 tranquillitatem
2612 3612 2927 3674 perpetuam
2953 3602 3248 3674 possidere.
3278 3601 3386 3654 Re-

1795 3700 1958 3770 cipite
1986 3713 2137 3768 ergo,
2172 3705 2227 3751 et
2265 3703 2443 3750 tenete
2471 3707 2688 3764 pacem,
2725 3701 2782 3747 et
2827 3691 2972 3746 illam
3013 3701 3217 3746 trevatn
3261 3690 3379 3759 Dei,

1795 3807 1957 3862 quam
1984 3801 2038 3846 et
2061 3805 2180 3856 nos,
2215 3788 2395 3844 divina
2430 3787 2731 3857 inspirante
2757 3785 3127 3841 misericordia
3155 3783 3222 3840 de
3243 3783 3383 3841 caelo

1796 3884 1954 3940 nobis
1983 3882 2360 3937 transmissam
2389 3879 2499 3950 jam
2527 3879 2836 3948 accepimus
2878 3886 2934 3934 et
2966 3877 3197 3932 firmiter
3230 3881 3393 3933 tene-'

1797 3988 1940 4038 mus,
1970 3973 2046 4026 ita
2080 3971 2465 4036 constitutam,
2495 3977 2552 4023 ct
2573 3967 2914 4038 dispositam,
2942 3966 3194 4024 videlicet
3221 3976 3282 4022 ut.
3310 3967 3379 4023 ab

1793 4115 1890 4161 aut
1911 4105 2087 4161 exsilii
2109 4119 2268 4175 ptena
2290 4102 2374 4158 vel
2391 4100 2954 4175 excommunicatione
2970 4099 3379 4175 plectebantur:

1796 4179 1906 4231 imo
1933 4177 2072 4245 apud
2104 4169 2398 4243 scriptores
2430 4173 2572 4245 illius
2605 4172 2704 4225 aevi
2734 4172 2931 4245 legitur
2966 4169 3233 4245 plurimos
3259 4169 3382 4245 ipso

1798 4249 1908 4302 Deo
1932 4239 2145 4300 vindice
2172 4239 2491 4313 prostratos.
2529 4241 2646 4296 Non
2670 4239 2862 4313 eodem
2908 4249 3153 4313 tempore
3182 4239 3384 4313 ubique

1795 4327 2045 4386 suscepta
2103 4308 2224 4386 fuit.
2283 4314 2438 4386 Anno
2505 4313 2607 4367 997
2669 4311 2970 4380 Daghertus
3026 4308 3384 4386 Bitungcpsis

1801 4377 2045 4454 archicp.
2107 4385 2350 4439 chartam
2403 4385 2470 4454 de
2530 4391 2716 4454 treuga
2753 4377 2821 4435 _ct
2874 4394 3008 4450 pace
3060 4377 3384 4454 a__Widone

1725 4441 1772 4498 Ῑ)
1799 4441 2072 4510 Anieieiisi
2110 4456 2341 4525 aliisque
2373 4441 3035 4525 episcoptsvfactaitfcum
3066 4447 3382 4525 'libeqbaldo

1795 4526 2089 4582 Viennensi
2147 4518 2817 4592 arct'iiepfconiirmavit.
2875 4522 3032 4592 Anno
3093 4518 3234 4592 1055
3286 4531 3384 4588 per

1791 4597 2168 4669 Arelatensem
2210 4605 2286 4669 et”
2305 4590 2718 4669 Lugdunensem
2735 4590 3091 4669 _.provipcias,
3108 4659 3121 4669 ‘
3139 4591 3384 4669 adepque

1793 4682 1892 4735 per
1919 4667 2224 4720 universam
2256 4658 2652 4735 Burgbndiam,
2682 4658 2887 4727 editum
2929 4658 3033 4713 fuit
3073 4659 3140 4712 ab
3170 4658 3382 4735 episeo-

1797 4728 1883 4805 ius
1917 4738 2198 4812 decretum
2233 4736 2300 4788 de
2343 4728 2693 4812 rcformanda
2732 4745 2863 4801 pace
2905 4744 2999 4785 seu
3033 4737 3220 4812 treuga
3254 4728 3381 4812 Pici,

1790 4797 1937 4876 quod
1967 4806 2200 4860 universi
2233 4805 2496 4876 promptis
2529 4797 3102 4876 animisaccepertmt.
3141 4797 3220 4853 Ex
3252 4797 3382 4854 Gla-

1795 4869 1895 4931 bro
1923 4876 2152 4932 Radnlfo
2178 4876 2212 4928 Ι.
2238 4869 2314 4939 iv,
2340 4869 2469 4937 c.'5,
2495 4872 2772 4937 anJOM,
2797 4869 3127 4941 treugaiDei,
3160 4880 3384 4923 auctore

1769 4946 2296 5016 'in-pritnisOdone
2333 4942 2673 5016 gluniaccnsi
2715 4940 2936 5016 abbate,
2973 4940 3149 5016 denuo
3177 4948 3382 5016 statuta

1792 5010 1902 5075 esn'.
1926 5027 2062 5072 teste
2084 5015 2308 5084 llugone
2333 5013 2728 5084 Flaviniacensi
2751 5011 2962 5084 abbate.
2989 5010 3140 5065 Haiic
3164 5011 3383 5084 austra-

1797 5089 1864 5142 sii
1887 5079 2202 5156 probavere:
2234 5085 2548 5156 actandetu
2589 5081 2886 5156 Neustt-asii
2921 5081 2977 5136 in
3006 5079 3254 5137 conetliis
3283 5094 3376 5136 ca-

1793 5153 1940 5213 denti
1974 5158 2174 5212 habitis
2201 5173 2292 5210 an.
2330 5154 2468 5209 1045
2502 5163 2557 5212 et
2589 5153 2747 5208 1061.

1793 5318 1840 5370 si
1867 5327 2038 5370 autent
2065 5311 2558 5369 saniescrudescens
2587 5313 2641 5366 in
2664 5311 2876 5382 vestigio
2904 5311 3034 5382 ferri
3059 5311 3382 5380 inveniatur,

1791 5387 2072 5452 culpabilis
2100 5397 2147 5437 et
2179 5384 2479 5438 immundus
2511 5394 2797 5452 reputatur.

1865 5458 1950 5525 (8)
1999 5453 2639 5527 llugo,_Flaviniacensis
2691 5454 2868 5527 abbas
2905 5463 3113 5527 trevam
3157 5459 3382 5527 auctore

1795 5522 2132 5581 S.'0dilon'c
2179 5525 2232 5578 in
2283 5523 2472 5592 primis
2517 5523 2787 5577 firmatam
2844 5523 3011 5580 fuisse
3039 5539 3194 5579 anno
3241 5522 3374 5579 lOl‘l

1793 5598 2013 5651 disertis
2063 5596 2269 5649 verbis
2303 5594 2500 5648 asserit
2547 5594 2599 5648 in
2655 5593 2948 5659 Chronico,
3000 5608 3229 5663 eamque
3268 5609 3378 5648 non

1795 5668 1970 5720 solum
2001 5669 2234 5719 humana
2265 5666 2627 5731 auctoritate,
2659 5666 2752 5719 sed
2781 5667 2944 5719 etiam
2974 5665 3169 5720 divinis
3197 5672 3374 5718 terro—

1795 5740 1944 5792 ribus
1973 5741 2367 5791 confirmatam.
2401 5736 2683 5790 MARTENE.
