3834 6332
21 441 105 497 153
1169 433 1258 490 Rll
1273 431 1553 490 YTIIMUS
1600 432 2011 492 SATYRICUS.
2630 429 2633 431 ”
3153 441 3259 497 754

21 554 241 623 reginam
274 551 393 619 ejus
423 560 665 623 matrem,
698 564 816 623 quae
870 548 1113 623 lleurico
1150 548 1558 623 adversabatur.
1609 546 1923 623 constantia
1954 548 2109 623 petit_
2126 548 2446 623 Yascouiam
2477 564 2491 603 :
2528 566 2649 606 cum
2678 552 2911 623 interim
2940 551 3257 622 Acnitophe‘

21 617 98 680 seu
122 617 419 678 Landricus
449 622 682 684 Ilertzttn,
713 617 783 676 ob
821 618 1307 693 consanguinitatis
1331 628 1385 674 et
1416 617 1693 693 afliuitatis
1720 617 1991 693 vinculum
2018 636 2046 673 a
2080 619 2311 693 Roberto
2333 619 2579 693 Gregorii
2610 622 2871 689 Vjudicio
2914 634 3072 677 antea
3102 617 3259 693 sepa-

21 703 198 765 ratam,
246 694 299 747 in
339 694 541 765 regium
601 701 777 765 torum
808 691 984 760 (quod
1017 688 1254 765 _aliunde
1294 688 1656 765 incognitum)
1692 690 1946 765 reduxitL
1967 699 2129 765 atque
2160 691 2379 765 lloberti
2420 688 2869 765 tilioan’guuem
2907 688 3257 765 montachum,

21 764 292 817 Henricum
320 758 595 824 :edituum,
628 758 919 817 “ubertum
946 760 1257 831 episcopum
1300 758 1415 831 fieri
1448 759 1879 823 machinabatur,
1911 758 2131 815 Pruvini
2183 760 2297 830 ipse
2334 758 2706 831 promissione
2733 764 2804 819 ob
2853 763 3025 819 malas
3058 775 3205 820 artes
3230 758 3261 819 a

21 834 158 887 Berl:
188 833 431 887 delusus.
459 833 506 886 Is
533 833 663 887 mihi
691 831 903 887 videtur
930 831 1086 900 hujus
1111 829 1683 901 aenigmaticazsatyrze
1723 844 1941 897 sensus;
1974 832 2064 901 qui
2095 832 2142 886 si
2174 829 2496 901 quihusdam
2523 834 2700 889 minus
2728 834 2953 897 arridet,
2987 834 3152 889 alium
3182 832 3261 889 af-

22 903 197 966 lcrant,
229 919 329 972 per
358 919 443 958 me
468 902 613 965 licet,
642 901 939 957 meliorem.
966 901 1129 957 Certe
1155 901 1299 972 quod
1328 900 1624 972 Landricus
1654 900 1949 972 Robertum
1977 900 2153 972 regem
2178 900 2359 958 facere
2381 903 2691 972 episcopum
2730 904 3115 970 meditabatur,
3146 920 3254 959 non

22 977 71 1029 ie
94 973 198 1043 alio
224 969 391 1043 quam
420 973 486 1028 de
514 973 751 1027 lluherto
776 972 995 1027 Roberti
1036 969 1185 1043 regis
1208 969 1317 1043 filio
1363 971 1708 1043 interpretari
1739 970 1827 1043 vix
1877 969 2069 1027 cmtera
2099 973 2281 1043 sinunt
2318 990 2331 1026 :
2365 969 2487 1043 cum
2520 969 2578 1027 id
2605 974 2657 1027 in
2685 973 2859 1042 ipsum
2902 969 3109 1043 patrem
3147 976 3260 1043 agi-

21 1053 117 1097 tare
146 1041 302 1113 longe
332 1053 479 1099 esset
506 1058 536 1096 a
574 1042 822 1097 Landrici
847 1044 1048 1105 animo,
1092 1042 1181 1111 qui
1223 1041 1437 1113 Bertam
1465 1041 1513 1095 ei
1564 1041 2227 1113 reconciliaveratuﬂugo
2263 1041 2494 1113 Absalon
2540 1044 2643 1098 dici
2680 1041 2987 1099 videtur'ob
3012 1041 3265 1100 decoram

21 1110 320 1183 iormamjet
348 1113 651 1176 ca-sariem,
681 1113 773 1181 qui
813 1112 1063 1167 Landrici
1094 1110 1316 1167 consilia
1346 1112 1632 1183 spreverit.
1662 1110 1819 1183 Lapis
1842 1112 1930 1183 ille
1959 1113 2014 1166 in
2038 1110 2186 1175 Sion,
2226 1113 2316 1183 qui
2341 1112 2663 1169 Landricum
2702 1113 3047 1183 spiritualiter
3067 1114 3269 1169 οεοηινίηΔ

21 1185 91 1245 rit,
119 1199 221 1237 non
250 1182 414 1245 alius,
449 1194 505 1236 ut
529 1184 642 1253 jam
668 1184 799 1245 dixi,
832 1199 991 1249 quam
1014 1183 1129 1238 Odo
1154 1182 1460 1254 campanae
1496 1196 1703 1254 comes,
1732 1182 2356 1254 Landriciadversarius
2380 1182 2782 1254 et_debellator,
2820 1200 2887 1238 ex
2931 1183 3022 1238 lib.
3068 1186 3142 1238 De
3174 1198 3251 1254 ge

21 1255 99 1308 stis
121 1254 405 1308 cmsulum
436 1251 929 1323 Andegaveusium,
952 1268 1073 1323 cap.
1102 1254 1153 1307 8.
1181 1251 1533 1317 Necmirum,
1562 1252 1704 1322 quod
1727 1252 2099 1307 Constantiam
2128 1256 2393 1324 reginam,
2425 1252 2628 1309 Odonis
2662 1270 2927 1316 sororem,
2950 1251 3272 1319 Landricus,

21 1324 202 1379 Ddonis
236 1324 490 1383 annulus.
522 1340 588 1378 ex
635 1323 756 1377 aula
798 1324 1087 1377 deturbare
1113 1324 1328 1394 sategit,
1356 1323 1516 1394 idque
1543 1324 1757 1376 laudent
1784 1338 1842 1377 re
1866 1338 1991 1377 vera
2021 1324 2266 1393 perfecit.
2297 1323 2563 1379 Caeterum
2592 1324 2752 1379 Berta
2787 1325 2837 1379 in
2877 1323 3096 1378 Roberti
3116 1338 3269 1377 amo-

21 1339 202 1379 Ductus
236 1339 490 1383 :emutus.
522 1340 588 1378 ex
635 1339 756 1377 auta
798 1339 1087 1377 deturbare
1113 1339 1328 1394 sategit,
1356 1339 1516 1446 ululae
1543 1339 1757 1376 tandem
1784 1339 1842 1377 re
1866 1339 1991 1377 vera
2021 1339 2266 1393 perlectt.
2297 1339 2563 1379 ueterum
2592 1339 2752 1379 uerta
2787 1341 2837 1379 ιιι
2877 1339 3096 1378 noneru
3116 1339 3269 1377 amo-

21 1408 91 1447 res
119 1394 293 1464 redire
326 1395 712 1464 meditabatur,
761 1402 899 1448 teste
924 1394 1233 1464 Odoranno,
1278 1409 1398 1448 cum
1449 1394 1698 1464 loliertus
1726 1394 1827 1447 iter
1851 1393 2153 1448 Ronunanum
2180 1410 2469 1464 aggressus
2507 1404 2609 1450 est.
2648 1396 2718 1449 At
2745 1394 3019 1449 diversmn
3062 1394 3273 1464 videtur

21 1464 163 1519 fuisse
190 1463 333 1518 istud
365 1462 591 1532 factum,
627 1466 769 1535 quod
801 1464 1039 1535 rhythmi
1070 1462 1229 1533 hujus
1256 1472 1445 1519 auctor
1473 1464 1574 1518 hoc
1597 1462 1717 1520 loco
1747 1473 2158 1531 commemorat,
2189 1462 2312 1521 cuin
2347 1473 2557 1536 tempus
2600 1476 2654 1521 et
2685 1465 2804 1520 alia:
2849 1462 3275 1520 circumstantia

21 1552 107 1589 uou
133 1536 480 1591 conveniant.

1499 1675 1793 1692 ﬂ

21 1819 158 1874 Orbis
191 1818 376 1888 magni
410 1820 780 1875 monarchiam
812 1820 965 1878 dolus
1005 1821 1257 1880 Landrici
1291 1823 1483 1886 nititur
1617 1806 1662 1863 Α
1694 1825 1846 1881 Prius
1875 1824 2087 1881 Widoni
2114 1826 2365 1893 gratiam,
2396 1826 2592 1882 timens
2606 1840 2817 1896 sponsae
2838 1826 3201 1895 prudentiam.

21 1908 106 1961 Per
139 1909 372 1979 energia:
395 1909 635 1965 studium
664 1910 974 1967 soletnniter
1001 1924 1268 1971 evertere.
1691 1916 1837 1971 Uxor
1876 1917 2009 1987 petit
2036 1916 2379 1981 Vascouiam,
2405 1917 2729 1988 Achitophel
2760 1918 3022 1972 malitiam
3047 1958 3062 1983 ,

21 1998 98 2053 Est
117 2000 247 2069 lapis
284 2016 430 2057 unus
476 2001 529 2056 in
561 2000 715 2069 Sion,
758 2018 916 2074 quem
971 2005 1155 2062 dicunt
1194 2016 1405 2078 petram
1430 2024 1585 2064 scan-
1689 2013 1823 2065 Dum
1858 2009 2188 2082 perjuraudi
2213 2011 2484 2067 sarcinam
2514 2021 2678 2065 totam
2713 2012 2997 2066 conturbat
3022 2010 3275 2080 patriam.

1364 2096 1513 2170 [dali.
1692 2104 1919 2160 llouoris
1951 2105 2123 2160 fundit
2156 2105 2467 2171 terminum,
2497 2106 2702 2161 intrans
2731 2106 2892 2175 Regis
2918 2104 3205 2176 palatium,

21 2180 129 2246 Quze
155 2182 349 2237 cecidit
377 2196 547 2253 super
570 2192 731 2255 caput
763 2184 1081 2256 Achitophel
1105 2186 1217 2258 jam
1242 2189 1443 2259 septies
1690 2194 1959 2250 Henricus
1989 2195 2059 2251 sit
2088 2197 2340 2263 aedituus,
2377 2196 2510 2251 dicit
2540 2196 2772 2251 Bodonis
2804 2195 2967 2251 filius.

23 2273 110 2326 Sed
143 2290 257 2328 cum
288 2274 441 2329 cadit
462 2274 600 2345 lapis
634 2276 823 2341 semel,
852 2277 997 2332 cadit
1020 2279 1073 2334 vi
1110 2280 1418 2349 septenaria
1447 2294 1462 2333 :
1690 2286 1812 2341 Fiat
1843 2302 1934 2342 rex
1968 2287 2120 2358 Hugo
2150 2289 2469 2353 monachus,
2498 2303 2591 2341 rex
2629 2287 2901 2342 Robertus
2941 2274 3230 2357 cpiscopus
3259 2300 3275 2350 ;

22 2366 300 2421 Cotitritum
332 2368 659 2438 spiritaliter
683 2368 1117 2441 Burgundionem
1147 2373 1404 2431 vidimus.
1698 2380 1916 2436 llabens
1961 2381 2051 2436 hic
2084 2382 2253 2437 vitam
2296 2381 2620 2451 simplicem,
2679 2380 2815 2436 alter
2846 2380 2993 2436 vocis
3042 2377 3283 2435 dulcedi-

24 2459 316 2529 Achitophel
346 2458 660 2531 Burgundia
698 2464 840 2519 artati
870 2474 1070 2522 nostra:
1097 2468 1330 2525 reddidit
1356 2508 1373 2533 ,
3043 2468 3210 2540 [nem-

24 2548 220 2604 Ltuttum
250 2552 492 2608 crinitus
520 2554 756 2609 Absalon
783 2556 938 2627 cujus
965 2559 1169 2628 sprevit
1199 2560 1507 2616 consilium.
1691 2559 1936 2616 Obscura
1965 2559 2215 2616 fraudum
2247 2559 2386 2630 legio
2415 2570 2606 2627 regnat
2634 2558 2884 2615 Landrici
2912 2560 3214 2623 stomacho,

26 2643 172 2698 lntrat
198 2661 339 2718 smpe
372 2648 579 2719 palatia
604 2649 905 2719 versipellis
930 2651 1129 2722 regalia
1149 2692 1165 2717 ,
1692 2652 1858 2726 Cujus
1889 2654 2063 2709 munit
2090 2653 2392 2709 sententias
2431 2651 2792 2709 Nabuzardan
2816 2651 3129 2708 auctoritas.

28 2736 244 2791 Occultat
272 2754 471 2794 nasum
492 2739 742 2810 pellibus,
776 2750 964 2809 pectus
993 2741 1268 2797 subdendo
1291 2740 1590 2800 fraudibus.
1693 2744 1987 2800 Caehinnis
2017 2745 2257 2801 ostendit
2298 2744 2502 2809 dolum,
2548 2752 2829 2814 respectus
2851 2752 2906 2799 et
2930 2740 3236 2815 periculum
3266 2756 3284 2797 :

29 2827 126 2883 iam
152 2831 373 2886 Catilina
405 2832 636 2902 nequior
665 2834 854 2888 amicis
875 2834 1080 2903 praebet
1103 2834 1378 2898 osculum;
1698 2836 1871 2890 Acuta
1895 2845 2021 2891 sunt
2048 2836 2312 2892 novacula
2340 2836 2581 2907 perfidia:
2619 2836 2838 2891 duritia.

32 2919 119 2972 Sed
145 2923 423 2988 puetendit
450 2923 724 2994 decipulas
753 2938 948 2993 sapore
977 2922 1117 2979 felli's
1140 2924 1343 2981 ebrias.
1698 2925 2079 2981 Promissionis
2102 2926 2296 2982 scissio
2318 2934 2674 2996 prmsentatus
2710 2926 2764 2980 in
2800 2922 3050 2989 subdolo,

34 3013 160 3067 Alter
179 3013 442 3085 Jugurtha
473 3016 732 3086 loquitur.
763 3032 868 3071 non
896 3032 960 3073 ex
988 3017 1113 3084 fide,
1137 3018 1232 3074 sed
1262 3017 1327 3074 de
1350 3016 1475 3086 fide,
1701 3017 2001 3073 Verborum
2031 3018 2133 3074 sub
2162 3016 2531 3074 membraculo
2571 3018 2626 3072 in
2664 3018 2922 3072 mendoso
2949 3013 3251 3071 volutabra.

36 3102 122 3157 Pro
143 3107 270 3162 veris
291 3108 554 3164 amicitiis
584 3108 814 3165 reddens
842 3110 1174 3166 inimicitias.
1701 3107 1882 3163 Saliva
1912 3110 2073 3165 mista
2104 3109 2383 3166 fraudibus
2407 3108 2524 3179 ejus
2548 3116 2799 3165 versatur
2827 3107 3107 3163 fraudibus
3143 3123 3156 3159 :

38 3193 103 3247 Ad
136 3211 304 3267 regum
327 3213 565 3269 pergens
592 3199 807 3267 solium,
834 3199 1005 3271 Ceges
1028 3200 1245 3267 salutat,
1276 3216 1380 3257 non
1411 3210 1555 3257 amat
1581 3218 1596 3257 :
1632 3194 1675 3250 Β
1704 3203 1995 3257 Sermones
2025 3216 2150 3257 cum
2197 3202 2450 3273 periculis
2476 3200 2591 3271 ejus
2620 3210 2908 3257 versantur
2937 3197 3182 3271 syllabis.

41 3286 128 3341 Sed
154 3298 229 3343 est
252 3292 409 3361 quasi
446 3291 718 3362 tugurium
748 3292 859 3347 alto
888 3294 1283 3349 cucumerario.
1704 3295 2019 3351 ll:-rodiadis
2046 3296 2259 3366 nuptias
2290 3295 2566 3350 renovavit
2596 3294 2815 3349 illicitas
2849 3311 2863 3346 :

42 3376 135 3432 Non
158 3391 233 3435 est
260 3382 482 3437 auditus
510 3382 563 3436 in
600 3381 843 3450 'l‘hevan,
894 3398 994 3439 nec
1036 3385 1285 3440 inventus
1314 3384 1367 3439 in
1398 3384 1600 3441 Corba-
1703 3388 1913 3442 Incesta
1940 3398 2160 3457 propter
2187 3387 2334 3441 basia
2364 3395 2579 3455 spereat
2605 3383 2825 3438 Pruvini
2848 3379 3071 3437 mcenia.

1377 3478 1529 3550 [nam
1704 3475 2119 3531 Architriclinus
2148 3474 2345 3542 impius
2370 3474 2589 3543 gavisus
2626 3482 2709 3527 est
2734 3486 2832 3541 pro
2882 3469 3151 3525 menibus
3179 3484 3191 3521 :

45 3559 175 3616 Prior
204 3565 341 3621 risus
373 3572 437 3621 ln
470 3566 729 3632 vultibus,
761 3568 951 3624 amicis
991 3569 1387 3640 ignorantibus.
1707 3565 2075 3619 Potentiorem
2122 3563 2237 3617 ﬁeri
2274 3578 2331 3617 se
2359 3563 2588 3618 credidit
2614 3577 2711 3631 pro
2737 3560 2960 3631 nuptiis.

48 3656 134 3710 Sed
160 3658 334 3713 didicit
363 3658 676 3730 episcopus,
705 3662 848 3731 quod
880 3662 1054 3717 tristis
1085 3662 1186 3717 fuit
1207 3662 1439 3717 clericus
1472 3679 1486 3716 :
1710 3658 1974 3713 Dormivit
2002 3672 2094 3712 rex
2125 3657 2178 3711 in
2206 3656 2428 3719 lectulo,
2463 3654 2714 3710 Landrici
2756 3652 3033 3724 pontificio
3062 3670 3075 3704 :

47 3743 137 3798 ltar
159 3762 184 3799 a
210 3748 365 3805 Chela
394 3749 709 3819 Worchias,
741 3767 772 3807 a
800 3751 1073 3808 Worchiis
1096 3752 1353 3808 Parisius.
1712 3752 1920 3806 Dormit
1946 3750 2122 3807 Bertre
2150 3750 2459 3821 promissio,
2490 3748 2743 3803 irascitur
2773 3746 3099 3816 Burgundio.

48 3833 199 3894 Crassi
229 3843 366 3897 risus
389 3844 689 3899 commodo
722 3855 805 3901 est
847 3846 995 3916 regni
1030 3845 1368 3915 perturbatio
1396 3863 1409 3898 :
1713 3844 1878 3916 Egion
1902 3855 2088 3901 noster
2111 3844 2457 3910 noviSsimus,
2480 3842 2631 3912 cujus
2659 3850 2715 3895 ut
2743 3854 2849 3893 non
2882 3838 3221 3909 turpissimus
3247 3853 3260 3888 :

50 3926 235 3996 ltjuxta
264 3949 471 4006 saepem
511 3936 750 4005 mingere
789 3938 881 4008 qui
926 3954 1083 4009 reges
1122 3939 1227 3993 scit
1249 3938 1533 3994 seducere.
1713 3940 1894 3996 Multis
1917 3950 2001 3996 est
2025 3940 2201 3995 fastus
2236 3939 2487 4009 dapibus,
2512 3953 2619 3993 non
2654 3938 2828 4008 placet
2851 3935 3294 3992 Pruvincnsibus.

52 4013 234 4075 Statuit:
262 4025 536 4079 subvertit
558 4027 883 4097 principum,
921 4028 1093 4083 hostis
1124 4027 1456 4084 Francorum
1489 4043 1613 4098 pro-
1715 4032 2023 4087 Secundum
2048 4030 2228 4085 lunam
2264 4031 2487 4099 patitur,
2524 4044 2619 4099 spe
2654 4029 2801 4081 varia
2826 4025 3184 4096 coufriugitur
3212 4044 3224 4078 :

1303 4120 1543 4193 [cerum,
1714 4123 2007 4179 Pruvinum
2033 4137 2305 4192 nunquam
2346 4120 2613 4192 perdidit;
2632 4120 2773 4191 quod
2812 4119 3013 4173 habere
3058 4133 3163 4172 non
3202 4130 3301 4185 po.

56 4194 241 4258 Ditiusis
262 4221 489 4263 currens
516 4208 741 4275 ratibus,
775 4211 916 4266 sicut
942 4211 1170 4269 Crassus
1196 4213 1541 4283 vulpcnnius.
3080 4208 3227 4280 [ιιιίῑο

58 4287 152 4343 Non
180 4300 395 4369 percipit
428 4300 718 4369 Adalbero,
750 4304 1075 4376 Achitophel
1109 4322 1208 4361 cur
1238 4308 1411 4362 rideat
1438 4324 1451 4359 :
1717 4304 1928 4360 lenbi
1956 4305 2226 4360 scribatur
2251 4304 2471 4369 lamina,
2509 4317 2576 4358 ne
2604 4308 2848 4358 transeat
2874 4299 3132 4354 memoria
3165 4313 3181 4350 :

61 4379 227 4453 Vulpes
259 4400 439 4459 portat
462 4393 515 4448 in
547 4405 789 4465 pectore,
816 4398 908 4466 qui
940 4397 1052 4453 suis
1082 4399 1253 4452 nescit
1278 4411 1520 4467 parcere.
1722 4394 1790 4450 Ut
1813 4396 2012 4464 posteri
2043 4397 2149 4450 sint
2179 4395 2408 4465 providi,
2439 4396 2484 4450 si
2511 4403 2632 4465 post
2658 4401 2883 4447 mortem
2909 4386 3223 4445 surrexerit.

62 4473 182 4534 bolis
208 4487 679 4560 armatusjustifcr
701 4488 797 4561 Η..
826 4487 1069 4563 furcifer]
1104 4489 1355 4545 lleiurico
1384 4490 1520 4544 tollit
1541 4490 1617 4545 fe-
1650 4546 1685 4563 η
1720 4488 2039 4557 Achitophel
2067 4489 2396 4557 prosperitas
2426 4499 2509 4543 est
2530 4489 2758 4558 Europa:
2780 4485 3087 4555 captivitas,

1293 4579 1550 4654 [minam,
1647 4546 1688 4603 Ω
1726 4578 1828 4647 Qui
1854 4546 2003 4648 pejor
2026 4546 2084 4633 ιιί
2111 4546 2371 4649 quotidie,
2396 4546 3026 4650 periturus-tardissime.
