3834 6332
60 384 145 440 ‘lii'l
972 433 976 437 ,
1244 372 1559 429 RHYTHMI
1598 373 1936 430 VETERES.

3211 377 3318 433 758

65 505 140 552 est
167 491 430 564 eyusmodi
479 487 658 544 brevis
691 488 958 542 orationis
987 493 1282 551 structura,
1315 501 1476 557 quam
1523 503 1628 542 non
1657 491 1705 549 Α
1735 503 2044 558 quanquam
2063 487 2284 544 metrica
2300 489 2479 558 poesis
2501 490 2702 560 primas
2717 489 3028 560 arripuerit,
3047 491 3334 546 omnium--

67 584 350 649 meditatio,
386 582 479 636 sed
508 588 925 649 extemporanea
949 578 1030 632 vis
1062 577 1262 648 ingenii
1300 573 1631 642 elf-undebat,

67 688 120 733 ut
152 676 352 732 nostris
375 687 588 744 quoque
613 670 947 741 temporibus
971 670 1039 738 ab
1069 669 1134 723 iis
1163 669 1382 724 rusticis
1408 678 1634 737 praesta-

66 782 166 836 tur,
194 767 282 837 qui
327 775 687 832 extempore
728 776 920 816 versus
973 759 1200 816 faciunt.
1237 759 1380 815 Illaec.
1408 773 1632 829 poeseos

64 861 204 915 fuere
240 857 562 928 primordia.
583 855 730 912 .Cum
762 869 892 909 vero
929 853 1216 909 delectatio
1245 852 1369 908 inde
1399 852 1451 906 in
1483 852 1634 908 audi-

65 964 227 1009 torum
268 965 434 1004 aures
477 948 831 1018 animumque
869 962 974 1004 non
1003 945 1215 1001 modica
1262 944 1473 1008 ﬂueret,
1519 961 1632 1000 rem

61 1039 428 1112 imperfectam
474 1039 675 1094 sensim
725 1038 868 1094 docti
913 1047 969 1093 et
994 1037 1198 1107 egregii
1229 1036 1332 1092 viri
1385 1035 1632 1106 perfece-

60 1142 214 1197 runt,
271 1131 504 1186 invectis
556 1142 752 1200 nempe
802 1128 1076 1184 nonnullis
1133 1127 1384 1199 legibus,
1439 1128 1635 1197 quibus

71 1224 318 1293 deinceps
358 1236 552 1277 versus
593 1227 1056 1284 coustruerentur,
1085 1227 1140 1274 et
1167 1218 1406 1273 adhibita
1445 1219 1497 1271 in
1531 1217 1634 1294 illis

61 1314 399 1385 castigatiore
447 1326 702 1366 mensura
753 1311 970 1381 pedum,
1017 1309 1090 1364 ita
1140 1319 1200 1362 ut
1247 1309 1421 1379 rigide
1461 1309 1630 1364 etiam

61 1391 308 1478 temporis
359 1405 501 1460 ratio
542 1415 597 1460 et
638 1392 1349 1458 uniformitasservaretur
1413 1401 1466 1476 in
1536 1415 1634 1454 usu

61 1501 376 1570 syllabarum
409 1498 652 1553 brevium
679 1489 841 1564 atque
866 1495 1169 1565 longarum.
1199 1494 1418 1550 Priores
1448 1507 1636 1548 versus

61 1592 330 1661 rhythmici
365 1592 624 1662 appellati
657 1603 805 1659 sunt,
844 1592 1048 1646 metrici
1077 1605 1206 1645 vero
1245 1587 1486 1643 secundi.
1537 1587 1636 1638 At-

65 1699 158 1749 que
191 1683 314 1737 hinc
347 1683 706 1754 intelligimus
752 1699 849 1738 cur
882 1691 1102 1738 sanctus
1151 1679 1498 1749 Augustinus.
1538 1672 1632 1727 lib-

63 1793 140 1840 ιιι,
178 1791 298 1845 cap.
342 1775 402 1840 2,
445 1776 514 1830 de
569 1776 772 1830 musica
815 1775 1144 1845 scripserit:
1189 1773 1449 1838 Quocirca
1485 1782 1637 1822 omne

1734 589 1839 649 que
1878 580 2161 634 meliorum
2207 580 2464 651 suffragio
2502 591 2558 636 et
2604 598 2704 637 usu
2756 583 3006 651 probata,
3067 582 3319 640 laudibus

1734 668 1933 739 ubique
1981 678 2292 732 ornaretur,
2344 677 2586 724 attamen
2637 671 2946 741 rhythtnica
2991 671 3170 740 poesis
3207 687 3316 730 nczt

1735 767 2020 828 propterea
2046 757 2247 814 defecit
2283 758 2426 827 apud
2455 758 2674 814 Graecos
2701 768 2864 830 atque
2890 760 3137 816 Latinos.
3179 761 3316 817 Cum

1735 849 1877 923 enim
1929 849 2121 920 vulgus
2157 849 2434 920 indoctum
2480 860 2536 905 et
2561 853 2764 908 rustica
2811 868 2948 924 gens
2983 863 3196 923 poetam
3230 854 3320 908 in.

1738 943 1946 995 terdum
1979 957 2142 1010 agere
2183 941 2362 1008 vellet,
2394 957 2571 1013 neque
2597 943 2804 1016 legibus
2848 947 3006 1000 metri
3036 946 3318 1002 addiscen-

1737 1034 1823 1088 dis
1870 1049 1968 1104 par
2018 1045 2208 1100 esset,
2260 1035 2452 1106 quales
2499 1046 2755 1106 poterat,‘
2797 1039 3320 1095 versuseﬂb‘rmare

1736 1125 2000 1192 perrexit,
2050 1127 2152 1181 hoc
2185 1134 2270 1180 est
2317 1126 2572 1198 rhythmo
2609 1136 2878 1191 contenta,
2916 1140 3149 1184 metrum
3187 1144 3349 1185 con--

1739 1216 2251 1284 tempsit.Metrum,
2288 1219 2531 1289 inquam,
2563 1220 2664 1275 hoc
2688 1230 2772 1276 est
2798 1221 2996 1292 rigidas
3055 1223 3321 1289 prosodiae
3349 1255 3352 1259 -

1738 1309 1902 1379 leges,
1931 1325 2067 1379 quas
2115 1309 2355 1378 perfecta
2384 1312 2562 1380 poesis
2596 1312 2860 1381 sequitur.
2895 1311 3199 1386 Caeteroqui
3239 1313 3319 1368 la:-

1739 1400 1877 1452 tiore
1921 1400 2318 1470 significatione
2366 1402 2518 1456 metri
2571 1417 2786 1473 quoque
2817 1405 3038 1460 nomine
3087 1405 3319 1460 donatos

1739 1491 2010 1564 irLterduni
2040 1491 2197 1553 video
2243 1491 2583 1564 rhythinicos
2615 1509 2823 1563 versus,
2871 1495 3015 1564 quod
3058 1507 3110 1552 et
3156 1496 3211 1551 in
3253 1497 3340 1552 iis.

1737 1551 1919 1651 aliqua
1967 1599 2212 1637 mensura
2255 1585 2451 1652 pedum
2501 1595 2556 1639 et
2608 1586 2870 1654 temporis
2910 1587 3315 1641 observaretur;

1737 1671 1904 1726 Primi
1931 1683 2112 1728 autem
2137 1674 2475 1744 rhythmicos
2506 1689 2713 1742 versus,
2746 1688 2906 1745 atque
2932 1678 3068 1732 adeo
3097 1693 3130 1746 p
3147 1677 3318 1732 ocsim

1739 1763 1994 1820 invexere
2024 1765 2166 1835 apud
2199 1765 2424 1821 Latinos
2474 1767 2684 1832 rustici,
2729 1767 2924 1842 quibus
2961 1776 3138 1838 tamen
3180 1783 3318 1836 prte-

63 1878 267 1922 metrum
293 1868 574 1936 rhytltmus
597 1884 615 1932 ;
665 1884 768 1921 non
811 1868 981 1921 omnis
1025 1864 1296 1936 rhythmus
1338 1862 1494 1916 etiam
1526 1875 1637 1911 me-
1668 1846 1712 1901 Β
1740 1856 2166 1932 iverantGrteci.
2225 1856 2338 1911 Mos
2385 1858 2526 1912 enim
2573 1872 2762 1912 eorum
2791 1857 2894 1911 fuit
2934 1868 3054 1927 post
3087 1871 3318 1911 messem

67 1969 191 2010 trum
220 1967 313 2010 est.
357 1955 605 2025 Exempli
655 1958 796 2011 enim
838 1956 1012 2026 gratia
1056 1957 1106 2008 in
1150 1953 1356 2022 Virgilii
1389 1961 1481 2005 aut
1527 1949 1634 2002 llo—

66 2047 186 2100 tueri
213 2046 465 2101 versibus
496 2047 828 2102 hexametris
857 2061 963 2100 non
995 2044 1167 2101 solum
1200 2043 1493 2114 rhythmus,
1538 2055 1632 2094 seu

66 2138 371 2196 melodicum
404 2139 702 2209 quidquam
746 2139 982 2202 auditur,
1038 2138 1132 2192 sed
1182 2135 1345 2190 ctiam
1385 2143 1630 2198 metrum,

66 2230 156 2284 hoc
174 2240 254 2284 est
276 2237 534 2297 accurata
558 2229 862 2286 observatio
885 2227 1163 2296 temporis,
1189 2223 1629 2294 deprehenditur,

67 2336 174 2375 eum
228 2322 340 2375 sive
402 2320 703 2385 brevibus,
753 2319 866 2374 sive
918 2318 1092 2389 longis
1146 2317 1370 2387 pedibus
1415 2329 1633 2369 versum

70 2419 212 2478 poeta
249 2411 524 2474 cll'ormet,
560 2419 720 2479 atque
760 2411 812 2464 in
841 2409 1067 2479 singulis
1105 2407 1440 2462 hexametris
1487 2421 1632 2460 scm-

70 2514 153 2567 per
176 2500 356 2567 viginti
386 2500 497 2553 duo
531 2507 771 2568 tempora
799 2498 949 2553 vocis
979 2506 1290 2552 occurrant.
1324 2495 1522 2549 Eadem
1553 2504 1634 2550 est

69 2593 320 2659 proportio
368 2590 421 2644 in
477 2590 698 2659 reliquis
747 2605 998 2644 versuum
1031 2589 1316 2656 generibus
1348 2588 1488 2656 apud
1525 2600 1635 2640 me-

73 2681 215 2737 liores
243 2692 458 2751 poetas.
491 2684 560 2736 At
593 2683 643 2736 in
673 2681 918 2736 versibus
953 2679 1276 2751 rhythmicis
1308 2680 1382 2733 ita
1415 2680 1630 2747 quidem

71 2786 128 2825 ex
166 2773 507 2842 copulatione
534 2773 822 2827 verborum
869 2786 932 2824 ac
976 2771 1170 2840 pedum
1202 2769 1366 2822 etiam
1413 2785 1636 2825 numero

75 2863 250 2932 saepius
297 2865 594 2937 observato
639 2872 935 2918 concentus
987 2863 1182 2932 aliquis
1231 2864 1529 2926 enascitur,
1580 2871 1638 2916 ut

74 2955 287 3009 audienti
327 2955 586 3027 voluptas
623 2964 881 3022 creetur;
914 2954 1016 3024 sed
1053 2953 1258 3007 ibi‘aut
1308 2968 1496 3024 parum
1545 2964 1638 3007 aut

77 3043 190 3096 nihil
220 3044 488 3099 sollicitus
525 3053 607 3114 est
648 3042 842 3097 artifex
881 3043 1206 3098 brevibusne
1236 3059 1304 3097 an
1338 3042 1511 3114 longis
1547 3058 1638 3111 pc-

77 3135 213 3190 dibus
251 3146 439 3191 utatur
471 3154 484 3189 :
520 3136 798 3207 legemque
846 3137 1051 3206 respuit
1096 3145 1151 3191 et
1185 3139 1474 3208 compedes
1501 3150 1638 3206 quos

79 3223 164 3278 sibi
222 3237 547 3296 praestantes
599 3237 770 3295 poeta:
815 3230 926 3299 jam
981 3229 1070 3283 diu
1123 3238 1440 3299 posuerunt.
1496 3229 1639 3286 Dicis

79 3329 241 3381 causa,
290 3318 628 3388 penultimus
659 3321 958 3374 hexametri
1004 3337 1099 3391 pes
1145 3321 1638 3392 dactylumexigit,

81 3405 165 3461 hoc
188 3418 262 3464 est
293 3417 402 3466 tres
437 3411 688 3481 syllabas,
719 3427 948 3481 quarum
979 3413 1160 3484 prima
1193 3413 1351 3481 longa
1385 3413 1476 3476 sit,
1512 3412 1641 3466 reli-

80 3515 181 3566 qnze
222 3503 335 3558 dum
401 3505 616 3568 breves,
669 3505 746 3558 uti
816 3509 1072 3572 carmina,
1125 3506 1388 3573 turgidus.
1446 3503 1641 3558 Verum

83 3587 426 3653 Quinctiliano
455 3602 704 3647 monente
732 3593 823 3647 lib.
867 3609 940 3657 Ix,
972 3609 1089 3662 cap.
1122 3594 1176 3657 4,
1211 3594 1448 3663 rhythmo
1482 3594 1643 3661 indif-

83 3680 228 3746 ferens
265 3697 336 3739 est
370 3685 684 3756 dactylusne
717 3685 804 3737 ille
845 3686 1043 3753 priores
1071 3685 1257 3738 habeat
1305 3685 1476 3738 breves
1500 3726 1513 3748 ,
1572 3701 1640 3738 an

83 3786 362 3840 sequentes;
418 3791 481 3829 ac
516 3785 798 3844 pmpterca
846 3774 984 3827 idem
1013 3784 1096 3828 est
1129 3776 1442 3845 rhythmum
1474 3775 1642 3829 conli-

83 3863 224 3920 cicnti
248 3867 504 3937 adhibere
521 3869 876 3932 tribrachum,
908 3881 938 3920 c
961 3867 1409 3936 tribusrbrcvibus
1426 3881 1642 3935 coupo-

89 3954 246 4022 situm,
273 3969 329 4012 ut
352 3958 584 4024 macula,
621 3961 880 4025 canimus;
906 3978 971 4014 an
991 3971 1322 4029 auapzestum
1346 3973 1407 4012 ex
1434 3959 1642 4012 duabus
1678 4020 1688 4030 ρ

86 4043 310 4103 brevibus
361 4039 623 4120 et-Ilonga
665 4051 985 4116 conflatum,
1031 4061 1089 4104 ut
1145 4050 1415 4115 rutilnns,
1443 4048 1639 4113 Erato;

84 4146 161 4188 aut
199 4142 456 4194 creticum
485 4155 552 4194 cx
584 4140 763 4211 longa;
807 4143 954 4198 brevi
1007 4149 1063 4196 et
1111 4142 1265 4211 longa
1303 4149 1639 4203 contextum,

85 4235 130 4275 ut
168 4228 400 4296 Achates,
443 4231 680 4300 fulgidis.
713 4232 916 4307 sonum
947 4233 1062 4288 istm
1091 4247 1306 4303 quoque
1338 4246 1494 4284 voces
1521 4233 1639 4285 red-

85 4316 198 4370 dunt
224 4320 450 4376 similem
502 4333 593 4377 aut
640 4324 944 4388 proximum
972 4326 1223 4396 dactylo;
1263 4336 1318 4378 ct
1361 4324 1452 4394 qui
1483 4338 1643 4377 aures

88 4415 272 4465 tantum
295 4414 510 4484 iudices
549 4415 731 4478 habet,
783 4416 916 4470 nihil
947 4427 1036 4472 aut
1083 4434 1274 4487 parum
1307 4404 1642 4471 discriminis

1735 1961 1858 2002 sese
1883 1947 2218 2012 exhilarare,
2242 1947 2521 2008 conviciis
2551 1948 2777 2004 alternis
2805 1963 2924 2004 sese
2955 1947 3232 2014 ferientes,
3267 1955 3322 2001 et

1735 2039 1982 2095 versibus
2006 2040 2331 2116 rhythmieis
2355 2049 2650 2107 certantes,
2682 2041 2773 2110 qui
2807 2038 3123 2096 Fescetmini
3151 2038 3324 2092 etiam

1738 2131 1995 2200 appellati
2045 2140 2190 2186 sunt.
2224 2131 2361 2186 Rem
2391 2131 2651 2188 describit
2681 2131 2937 2186 Horatius
2982 2131 3072 2185 lib.
3123 2130 3318 2200 primo,

1735 2222 1966 2293 cpistola
2004 2222 2201 2293 prima,
2234 2232 2286 2277 et
2317 2223 2580 2293 Agricolis
2611 2216 2794 2294 priscis
2839 2237 3025 2278 eorum
3055 2220 3321 2291 originem

1741 2320 1950 2384 tribuit,
1982 2334 2046 2374 ac
2075 2319 2291 2372 tandem
2326 2318 2402 2372 ait
2429 2333 2442 2370 :
2552 2329 2555 2331 '
2847 2325 2851 2328 ’

1737 2408 2066 2466 Fescennina
2093 2426 2183 2479 per
2222 2411 2357 2481 hunc
2394 2409 2601 2463 inventa
2650 2408 2760 2480 [an
2811 2408 2992 2479 potius
3035 2408 3231 2462 invecta
3257 2401 3320 2475 1⁷]

2695 2525 2698 2534 ι
2759 2501 2992 2572 [licentia
3035 2514 3250 2562 morem,

1747 2594 1998 2648 Versibus
2043 2593 2257 2662 alternis
2297 2593 2574 2664 opprobria
2607 2594 2804 2646 rustica
2829 2591 2986 2661 fudit.
3030 2613 3033 2617 ι

1738 2684 1843 2738 Par
1884 2693 1968 2739 est
1993 2683 2188 2738 Tibulli
2216 2683 2484 2738 sententia
2510 2681 2603 2736 lib.
2634 2698 2695 2747 ιι,
2728 2680 2898 2749 elegia
2943 2679 3227 2733 secunda..

1739 2774 1982 2845 Agricola
2015 2775 2228 2829 assiduo
2265 2770 2492 2844 primum
2531 2773 2765 2827 lassatus
2792 2781 2972 2826 aratro

1846 2864 2085 2920 Cantavit
2117 2875 2255 2920 certo
2287 2865 2482 2918 rustica
2507 2865 2659 2918 verba
2691 2864 2839 2934 pede.

1743 2956 1925 3010 Livius
1958 2971 2172 3026 quoque
2212 2956 2368 3010 initio
2406 2954 2499 3009 lib.
2553 2970 2628 3008 vn
2676 2953 2872 3007 Annal.
2909 2951 2973 3006 de
3023 2949 3326 3022 ludionibus

1743 3049 1987 3104 Etruscis
2015 3049 2265 3122 loquens,
2320 3049 2397 3103 ait
2432 3066 2444 3101 :
2478 3046 2686 3101 Imitari
2726 3045 2914 3100 deinde
2954 3055 3040 3098 cas
3074 3045 3324 3113 juventus

1741 3139 1898 3192 sintut
1921 3138 2232 3202 inconditis,
2264 3139 2400 3191 inter
2433 3154 2486 3191 se
2511 3135 2778 3206 jocularia
2817 3135 3125 3204 fundentes,
3169 3131 3323 3186 versi-

1744 3230 1836 3280 bus
1860 3243 2072 3297 carpere.
2107 3225 2306 3282 Versus
2339 3227 2634 3280 inconditos
2662 3224 2849 3278 Livius
2878 3221 3112 3294 appellat
3137 3235 3326 3277 eorum

1743 3336 1954 3384 versus,
1985 3320 2128 3389 quod
2165 3329 2220 3373 et
2259 3318 2389 3372 facit
2425 3318 2691 3387 Vergilius
2733 3317 2785 3370 in
2826 3315 3011 3385 ecloga
3052 3310 3324 3372 secunda.

1743 3422 1905 3482 atque
1937 3413 1990 3467 in
2023 3411 2116 3466 lib.
2148 3428 2185 3465 ll
2213 3409 2552 3482 Georgicor.,
2600 3409 2691 3463 ubi
2729 3411 3017 3477 incomptos
3057 3404 3193 3487 dicit
3237 3419 3320 3457 rus

1742 3506 1992 3558 sticorum
2035 3521 2232 3568 versus,
2280 3503 2420 3573 quod
2454 3517 2648 3572 nempe
2689 3501 2852 3555 rudes
2897 3499 3105 3562 forent,
3132 3510 3328 3564 neque

1743 3605 1893 3650 certa
1925 3595 2189 3663 prosodiae
2223 3595 2434 3647 ratione
2468 3593 2800 3647 incederent.
2833 3587 3106 3660 Ejusmodi
3137 3600 3330 3642 versus

1745 3685 1881 3738 infra
1930 3685 1998 3738 ab
2033 3685 2220 3739 eodem
2259 3684 2487 3739 .lloratio
2522 3683 2824 3754 appellatur
2855 3680 3124 3744 horridus,
3156 3677 3207 3732 id
3243 3686 3329 3732 est.

1709 3803 1713 3808 λ
1745 3775 1890 3827 rudis
1920 3783 1972 3828 et
2013 3774 2326 3842 incomptus.
2365 3771 2550 3842 Neque
2590 3772 2774 3840 dispar
2814 3771 3045 3825 fortasse
3089 3768 3208 3842 fuit.
3232 3765 3331 3823 Sa.-

1743 3866 1948 3918 turnius
1970 3905 1984 3928 ,
2024 3879 2146 3917 nam
2180 3862 2399 3918 Saturni
2441 3871 2681 3932 tempore
2708 3862 2837 3917 illud
2868 3877 3118 3917 versuum
3159 3872 3335 3932 genus

1744 3956 1796 4008 iu
1827 3971 1924 4011 usu
1954 3954 2120 4009 fuisse
2146 3954 2492 4008 credebatur.
2785 3966 2788 3970 ‘

1889 4084 1906 4101 .
1951 4089 1962 4100 .
2005 4087 2017 4100 .
2064 4087 2078 4100 .
2123 4087 2137 4100 .
2186 4086 2199 4100 .
2244 4086 2257 4101 .
2301 4087 2316 4102 .
2484 4087 2497 4100 .
2542 4045 2631 4102 Sic
2662 4047 2907 4102 horridus
2931 4046 3020 4100 ille

1888 4140 2118 4211 Dte/luxit
2147 4157 2395 4194 numerus
2424 4139 2731 4194 Saturnius.
2777 4179 2792 4195 .
2837 4180 2853 4195 .
2899 4180 2910 4191 .
2951 4179 2965 4192 .
3007 4177 3023 4193 .

1749 4232 2010 4287 Numerus
2048 4233 2238 4287 Latina
2278 4250 2381 4286 vox
2425 4233 2722 4302 rhythmum
2761 4232 3008 4288 Graecum
3045 4229 3323 4300 exprimit;

1745 4326 1927 4395 l’ergit
1960 4327 2200 4380 scribere
2226 4326 2481 4382 Horatius
2511 4342 2524 4377 :
2639 4334 2642 4337 ‘

2053 4454 2066 4466 .
2116 4455 2128 4468 .
2175 4455 2244 4470 ..
2290 4455 2301 4468 .
2347 4456 2360 4469 .
2407 4413 2934 4484 ..Etgravevirus

87 4499 415 4571 deprehendit
439 4511 580 4566 inter
611 4527 804 4567 sonum
840 4513 1064 4568 istorum
1095 4514 1308 4583 pedum,
1338 4515 1428 4583 qui
1460 4524 1637 4569 tamen

1818 4505 2096 4558 Mnudilirt’
2126 4505 2389 4574 pepulere.
2420 4505 2526 4560 Sed
2553 4505 2606 4558 in
2634 4505 2845 4574 longum
2870 4515 3044 4558 tamen
3067 4519 3249 4582 mount-

89 4593 207 4658 apud
233 4601 488 4656 metricos
523 4610 709 4670 poetas
735 4602 983 4658 diversus
1024 4602 1182 4671 plane
1209 4613 1481 4674 censetur.
1525 4604 1640 4671 Qua

89 4682 196 4736 olim
230 4701 361 4756 arte,
396 4707 571 4761 quave
601 4693 905 4763 pulsatione
944 4694 1092 4749 vocis
1135 4695 1342 4763 antiqui
1372 4696 1543 4750 Graeci
1588 4704 1643 4751 et

90 4773 238 4833 Latini
278 4785 670 4854 distinguerent
696 4786 982 4839 verborum
1027 4785 1296 4855 praecipue
1319 4786 1642 4856 dissyllabo-

92 4879 192 4920 runt
250 4872 565 4927 brevitatem
628 4889 691 4929 ac
743 4874 1172 4944 longitudinem,
1246 4875 1640 4945 incompertum

93 4957 205 5013 mihi
237 4963 420 5021 fateor.
447 4965 667 5020 Frustra
693 4967 836 5020 enim
867 4967 1074 5021 intenta
1111 4982 1242 5021 aure
1268 4982 1412 5021 nunc
1432 4983 1639 5035 quarm,

103 5064 187 5102 cur
215 5069 308 5110 vox
353 5057 517 5124 mala,
571 5059 684 5114 sive
718 5074 806 5114 res
843 5059 1018 5123 malae,
1063 5059 1332 5114 diversam
1385 5061 1642 5129 temporis

97 5141 330 5201 rationem
383 5149 578 5203 habent
624 5165 655 5203 a
705 5150 867 5216 mala,
917 5150 967 5204 id
1004 5159 1089 5206 est
1124 5167 1301 5214 poma,
1352 5161 1443 5204 attt
1487 5169 1641 5220 gena,

94 5245 197 5284 cum
225 5239 495 5310 utriusque
528 5242 676 5313 vocis
711 5258 875 5297 sonus
903 5243 1042 5296 idem
1076 5244 1205 5296 mihi
1238 5243 1330 5307 sit,
1365 5242 1504 5298 alius
1548 5260 1643 5298 au-

99 5327 187 5372 tem
224 5332 507 5386 secundum
536 5319 801 5401 prosodiae
830 5334 976 5404 leges
1002 5335 1287 5390 habeatur.

156 5413 321 5487 Itaque
361 5424 554 5495 duplex
602 5441 828 5495 poeseos
879 5443 1050 5498 genus
1096 5427 1222 5484 olim
1284 5431 1638 5498 exsurrexit;

99 5503 297 5567 alterum
326 5519 619 5588 antiquius,
652 5520 745 5574 scd
796 5520 1025 5590 ignobile
1051 5535 1113 5575 ac
1142 5520 1412 5589 plebeium
1439 5538 1454 5587 ;
1511 5522 1644 5577 alte-

101 5608 202 5653 I'um
228 5607 413 5677 nobile,
447 5620 502 5667 et
547 5627 575 5664 a
620 5613 791 5666 doctis
829 5614 1202 5667 tantummodo
1241 5614 1374 5669 viris
1429 5615 1644 5670 exscul-

103 5689 217 5742 ιιιιιὶο
261 5693 384 5754 Illud
425 5701 789 5772 rhythmicum,
829 5701 953 5756 illttd
999 5703 1272 5755 metricum
1315 5704 1642 5771 appellatum

101 5783 188 5834 est.
225 5781 319 5845 Sed
365 5793 503 5862 quod
559 5794 900 5862 potissimum
942 5803 1026 5848 est
1078 5793 1640 5862 animadvertctnlutu,

1819 4600 2152 4666 Manserunt,
2185 4601 2438 4669 hodieque
2464 4601 2917 4668 manentvestiyia
2951 4600 3110 4654 ruris.

1745 4692 1858 4748 Hoc
1888 4701 2000 4757 est,
2039 4692 2290 4761 quamvis
2314 4707 2348 4745 τι
2371 4692 2576 4747 Graecis
2615 4691 2962 4746 didicerimus
2993 4690 3144 4744 metri
3170 4705 3333 4760 regu-

1747 4783 1843 4848 las,
1876 4795 1928 4838 et
1962 4801 2058 4854 pro
2093 4784 2318 4837 rudibus
2360 4784 2686 4838 rusticorum
2735 4781 2990 4851 rhythmis
3033 4781 3330 4851 castigatos

1746 4895 1888 4934 nunc
1916 4879 2220 4949 politosquc
2249 4893 2439 4932 versus
2467 4876 2840 4946 conficiamus,
2871 4882 3112 4928 attamen
3139 4875 3331 4946 rhyth-

1748 4972 1882 5025 mica
1921 4971 2100 5040 poesis
2131 4969 2445 5039 perduravit
2473 4980 2718 5034 semper,
2749 4971 2802 5017 et
2830 4964 3009 5018 adhuc
3036 4964 3176 5032 apud
3207 4965 3326 5016 vul-

1747 5080 1842 5132 gus
1869 5064 2025 5132 viget.
2059 5062 2263 5117 lloratii
2306 5062 2632 5129 interpretes
2662 5062 2714 5112 in
2756 5059 2896 5112 hunc
2940 5055 3122 5108 locum
3163 5059 3329 5112 verba

1748 5155 1920 5209 Servii
1951 5155 2250 5225 proferunt,
2282 5155 2372 5224 qui
2409 5153 2476 5206 ad
2503 5153 2595 5205 lib.
2625 5168 2660 5205 ιι
2684 5151 3000 5221 Georgicor.
3036 5168 3216 5206 versus
3242 5150 3324 5202 in-

1745 5263 1977 5322 comptos
2000 5269 2029 5306 a
2055 5252 2293 5322 Virgilio
2314 5258 2640 5304 memoratos
2668 5248 2967 5318 explicans,
2988 5246 3330 5310 carminibus,

1746 5343 1844 5408 ait,
1878 5342 2133 5397 Saturn-io
2176 5353 2340 5397 metro
2386 5340 2704 5410 compositis,
2755 5356 2872 5410 qua:
2916 5339 2985 5392 ad
3032 5337 3330 5408 rhythmum

1746 5432 1915 5486 solum
1936 5432 2172 5502 vulgares
2206 5447 2510 5499 componere
2550 5441 2943 5484 consueverunt.
2986 5427 3165 5495 Quare
3201 5441 3333 5482 con-

1741 5522 1914 5591 jicere
1939 5521 2064 5574 hinc
2089 5536 2373 5589 possumus
2410 5522 2626 5575 eosdem
2667 5523 2831 5576 fuisse
2876 5521 3004 5576 olim
3052 5520 3333 5575 Saturnios

1747 5621 1801 5666 et
1827 5610 2179 5666 Fescenninas
2213 5627 2418 5666 versus.
2461 5611 2652 5668 Obstat
2693 5623 2874 5667 tamen
2905 5611 3198 5675 Asconius,
3237 5609 3334 5679 qui

1747 5715 2207 5760 commemoratur
2259 5706 2496 5761 senarius
2567 5705 3046 5778 hypercatalectus,
3103 5705 3191 5773 qui
3280 5714 3328 5758 et

1751 5796 2035 5854 Saturnius
2060 5798 2293 5854 dicitur:
2325 5815 2439 5857 nacc
2480 5799 2625 5858 enim
2663 5799 2906 5857 indicare
2947 5804 3172 5865 possunt
3211 5809 3338 5850 vcr-
