3834 6332
524 314 630 370 739

533 449 652 488 sum
681 431 828 487 illam
861 445 968 485 non
1001 429 1401 501 rbytbmicum,
1449 430 1548 484 sed
1583 429 1870 484 metricum
1920 428 2106 484 fuisse.

526 528 778 580 Attamen
810 522 994 576 Livius
1023 521 1220 575 iterum
1257 521 1530 585 audiatur,
1561 520 1652 590 qui
1682 520 1828 588 poesi
1851 520 2110 590 paulatim

527 616 764 671 nitorem
801 613 1103 669 accessisse
1148 611 1400 668 scribens
1442 613 1582 666 libro
1631 613 1824 668 eodem
1877 614 2119 685 septimo

528 709 648 762 ait:
684 706 810 761 Non
852 708 988 760 sicut
1023 715 1147 760 ante
1187 703 1513 759 Fescennina
1553 720 1701 759 versu
1752 705 1998 770 similem,
2024 705 2114 758 in-

527 799 870 868 compositum
893 808 1104 863 temere,
1127 813 1195 850 ac
1213 795 1430 862 rudem,
1449 795 1666 850 alternis
1675 795 1967 865 jaeiebant.
1983 793 2114 861 Qui-

528 891 630 944 bus
654 889 742 943 ille
771 889 955 944 verbis
995 889 1255 944 describit
1286 888 1492 957 primos
1531 888 1850 943 Latinorum
1889 901 2109 953 versus;

525 983 923 1052 incompositos,
945 981 1202 1037 videlicet
1232 996 1300 1036 ex
1332 988 1578 1051 tempore
1610 990 1666 1035 et
1697 981 1994 1051 improviso
2033 980 2114 1038 et-

525 1077 698 1140 tusos,
735 1081 900 1146 atque
942 1086 1203 1142 procusos
1235 1072 1355 1128 sine
1395 1082 1586 1127 exacta
1633 1071 1846 1128 ordinis
1871 1086 1936 1127 ac
1967 1080 2110 1126 tem-

527 1167 680 1233 poris
724 1165 1136 1231 observatione,
1179 1179 1342 1234 quam
1385 1166 1439 1219 in
1501 1163 1690 1219 metris
1735 1163 1802 1218 ad
1843 1163 2113 1234 prosodite

528 1252 678 1322 leges
723 1253 1039 1324 compositis
1085 1255 1386 1316 sentimus,
1442 1254 1674 1324 ideoque
1724 1254 2002 1324 impolitus
2048 1268 2114 1309 ac

526 1346 710 1400 rudes.
741 1344 877 1400 Cum
902 1359 1031 1400 vero
1053 1344 1107 1400 in
1137 1344 1360 1400 nimiam
1395 1345 1740 1404 dicacitatem
1771 1360 1837 1400 ac
1865 1353 2110 1416 satyram

526 1438 793 1509 ejusmodi
837 1439 1158 1495 Fescennini
1201 1453 1297 1495 seu
1323 1437 1600 1507 ioculares
1635 1454 1827 1496 versus
1856 1445 2112 1519 ruerem,

527 1531 736 1603 legibus
766 1531 1026 1588 Romanis
1063 1546 1249 1586 eorum
1280 1531 1499 1588 licentia
1539 1546 1853 1602 compressa
1884 1539 2003 1597 est,
2038 1530 2110 1586 ita

530 1633 592 1677 ut
643 1623 730 1679 las
779 1624 1153 1680 tantummodo
1187 1623 1350 1678 fuerit
1377 1639 1474 1694 per
1509 1638 1605 1679 eos
1634 1624 1888 1680 mordere
1918 1624 1971 1678 in
2010 1639 2112 1678 nu-

527 1714 664 1785 ptiis-
699 1722 868 1784 atque
899 1713 1207 1784 triumphis.
1240 1711 1372 1768 Vide
1426 1712 1738 1768 Ferrarium
1787 1711 1882 1767 lib.
1930 1725 1990 1767 vi:
2038 1710 2111 1766 De

527 1815 700 1860 teter.
727 1804 1189 1869 acclamationib.,
1213 1803 1394 1874 capite
1427 1803 1671 1870 decimo,
1699 1803 1794 1872 qui
1833 1817 1948 1857 rem
1992 1801 2116 1856 illur

529 1906 668 1950 suat
705 1903 868 1966 atque
903 1895 1150 1966 exempla
1184 1896 1409 1966 profert.
1434 1894 1736 1951 lnclinante
1777 1901 1959 1948 autem
2006 1892 2116 1948 Ro—

530 2002 818 2042 manorum
855 1987 1114 2057 imperio,
1147 1987 1478 2043 oblectatum
1523 1987 1692 2043 fuisse
1729 1986 1985 2058 populum
2020 1985 2114 2040 hu-

523 2075 762 2144 iusmodi
805 2091 1019 2146 quoque
1057 2077 1344 2149 rhythmis,
1387 2077 1517 2132 satis
1561 2077 1741 2146 prodit
1765 2074 2029 2146 Vopiscus
2056 2074 2110 2130 in

532 2168 862 2233 Aureliano,
887 2168 1040 2238 cujus
1053 2170 1215 2225 verba
1243 2170 1427 2225 multis
1455 2169 1747 2225 illustravit
1791 2168 2115 2224 Salmasius.

532 2258 672 2313 Tum
701 2274 830 2314 vero
855 2259 958 2315 sub
975 2259 1230 2331 Augustis
1256 2260 1584 2316 Christianis
1607 2301 1622 2324 ,
1648 2263 1745 2316 sed
1773 2261 2115 2330 potissimum

533 2349 635 2403 sub
665 2349 882 2418 regibus
905 2349 1176 2415 barbaris,
1200 2351 1402 2407 multus
1425 2352 1804 2422 rhythmorum
1835 2365 1968 2406 usus
1992 2351 2114 2417 fuit,

534 2456 643 2495 nou
670 2441 737 2496 ad
779 2440 1218 2497 maledicentiam
1260 2450 1356 2496 aut
1397 2442 1872 2512 vituperationem,
1916 2441 2014 2496 sed
2047 2443 2116 2496 ad

535 2534 762 2590 honesta
789 2534 996 2605 quaevis
1028 2543 1350 2605 argumenta
1377 2573 1393 2598 ,
1433 2549 1498 2588 ac
1529 2534 1800 2604 pnecipue
1836 2536 1902 2588 ad
1929 2533 2118 2590 laudes

534 2624 632 2680 Dei
654 2635 816 2696 atque
843 2634 1187 2692 sanctorum,
1215 2627 1334 2682 sive
1352 2627 1520 2683 etiam
1566 2627 1882 2681 virentium.
1915 2625 2117 2692 Quam-

533 2715 618 2770 vis
639 2714 783 2769 enim
811 2713 966 2770 nullo
981 2730 1216 2784 unquam
1240 2724 1484 2786 tempore
1507 2715 1729 2770 Metrica
1765 2715 1942 2785 poesis
1971 2713 2118 2771 delc-

533 2803 702 2869 eerit,
762 2819 1000 2875 suosque
1065 2812 1286 2874 poetas,
1333 2804 1513 2860 vincta
1567 2804 1816 2859 oratione
1871 2813 2115 2870 utentes,

533 2877 716 2963 neque
737 2909 930 2950 omnes
957 2896 1418 2961 contemnendos,
1459 2895 1672 2966 singula
1707 2895 1903 2951 smeula
1938 2907 2118 2951 osten-

531 2988 663 3040 dere
690 2986 1002 3056 potuerint,
1026 2996 1268 3042 attamen
1309 3003 1437 3043 eum
1463 2988 1623 3043 bouis
1642 2987 1838 3044 litteris
1866 3003 2118 3059 magnum

531 3087 729 3135 vulnus
781 3077 1043 3134 inuictum
1090 3078 1320 3145 fuisset,
1372 3089 1427 3133 et
1475 3080 1780 3151 ignorantia
1831 3081 2118 3150 plerosque

530 3178 662 3225 tunc
686 3170 964 3226 hominum
992 3178 1223 3237 teneret,
1254 3171 1518 3240 prosodia:
1555 3171 1763 3240 legibus
1799 3171 1958 3241 pauci
1995 3180 2109 3224 stu-

527 3261 768 3325 debant,
798 3269 1026 3331 eratque
1067 3261 1136 3315 iis
1165 3260 1338 3315 levius
1385 3264 1657 3330 negotium
1701 3277 1820 3316 sese
1861 3277 2118 3318 exercere

528 3351 587 3406 in
621 3351 913 3422 rhythmis,
945 3353 1091 3422 quod
1143 3367 1336 3423 nempe
1368 3354 1418 3406 id
1437 3369 1608 3423 genus
1637 3353 2117 3410 lucubratiunculze

527 3445 712 3500 minus
736 3461 884 3501 cura:
920 3456 1085 3516 atque
1125 3446 1326 3501 laboris
1366 3447 1628 3513 exigeret.
1661 3445 1896 3501 Proinde
1927 3447 2115 3502 videas

527 3536 692 3588 medii
735 3537 842 3590 teri
885 3537 1183 3606 scriptores
1222 3545 1335 3590 tum
1380 3537 1695 3606 rhythmica,
1737 3545 1852 3591 tmn
1902 3539 2118 3591 metrica

528 3626 788 3695 upuscula
827 3642 1258 3682 commemorare
1293 3636 1456 3696 atque
1488 3628 1846 3697 distinguere.
1883 3627 2119 3684 Sanctus

530 3714 843 3769 Bonifacius
896 3714 1243 3784 Moguntinus
1301 3716 1582 3784 episcopus
1644 3717 1864 3771 circiter
1913 3733 2116 3771 annum

529 3805 734 3859 Christi
791 3805 916 3871 πο,
956 3791 1172 3876 epistol.
1225 3807 1259 3860 t
1309 3808 1498 3862 scribit
1544 3825 1556 3861 ε
1609 3808 1835 3863 Obsecro
1881 3821 1936 3863 ut
1989 3811 2118 3864 mihi

533 3897 797 3951 Aldhelmi
845 3900 1070 3969 episcopi
1133 3899 1312 3970 aliqua
1363 3901 1652 3969 apuscula,
1703 3918 1792 3956 seu
1841 3919 2117 3972 prosarum

531 4004 627 4042 seu
671 3999 984 4053 metrorum,
1021 4000 1114 4044 aut
1151 3993 1561 4061 rhythmicorum
1589 3994 1815 4061 dirigere
1863 3995 2114 4063 digneris.

530 4080 837 4136 Litterarite
883 4080 1134 4137 Historiae
1173 4084 1470 4153 scriptores
1531 4095 1967 4140 connuemmaut
2021 4087 2112 4140 Al-

531 4174 737 4230 dhelmi
810 4175 968 4230 istius
1030 4175 1223 4230 librum
1303 4175 1381 4230 De
1460 4175 1750 4230 Metrorum
1811 4178 2117 4247 generibus,

533 4267 648 4319 sive
681 4265 756 4318 De
781 4277 896 4320 arte
923 4268 1160 4320 metrica.
1202 4267 1278 4321 lta
1309 4268 1542 4324 Alvarus
1589 4267 1858 4339 Hispanus
1888 4272 2122 4342 scriptor

529 4357 752 4410 circiter
791 4373 994 4411 annum
1043 4359 1178 4422 847,
1231 4361 1283 4413 in
1337 4361 1453 4415 Vita
1506 4362 1678 4416 sancti
1722 4362 1961 4432 Eulogii,
2006 4364 2119 4418 lure

533 4447 699 4501 habet
725 4449 886 4502 verba
915 4465 930 4502 :
963 4446 1302 4518 Epistolatim
1340 4451 1558 4505 inuicem
1598 4453 1818 4521 egimus,
1851 4465 1898 4506 et
1939 4455 2118 4523 rhyth-

533 4539 684 4592 micis
728 4539 958 4593 uersibus
1000 4556 1093 4593 nos
1133 4540 1382 4594 laudibus
1432 4542 1805 4597 mulcebanms.
1843 4544 2117 4598 Ekkehar-

531 4629 637 4682 dus
661 4631 713 4683 in
747 4628 866 4683 Vita
901 4629 1045 4684 beati
1077 4629 1297 4684 Notkeri
1331 4630 1558 4694 Balbnli,
1603 4634 1744 4701 apud
1769 4632 2119 4700 Goldastum,

531 4732 680 4776 tonio
729 4721 930 4788 primo,
983 4736 1107 4792 pag.
1159 4722 1288 4787 257,
1340 4722 1472 4777 Rer.
1503 4724 1817 4789 Alamann.,
1855 4741 1975 4794 cap.
2029 4728 2116 4792 lti,

531 4815 650 4868 haec
676 4813 905 4868 scribit:
949 4813 1285 4883 Sequentias,
1333 4831 1464 4884 quas
1511 4814 1650 4868 idem
1698 4814 1858 4869 Pater
1903 4827 2117 4870 sanctus

532 4906 1051 4974 [ecerat,.destinarit
1069 4922 1161 4974 per
1191 4905 1428 4974 bajulum
1457 4906 1600 4960 urbis
1626 4905 1810 4962 Roma'
1835 4924 1985 4976 papa:
2017 4906 2120 4960 Ni-

530 4999 682 5052 eolao
717 5009 764 5052 et
796 4997 1097 5052 Liutwardo
1145 4995 1458 5053 Vercellensi
1500 4999 1762 5068 episcopo,
1811 5010 1934 5053 tunc
1983 5010 2114 5053 tem-

530 5107 658 5155 pore
692 5090 880 5146 Karoli
912 5091 1096 5162 Magni
1123 5090 1454 5160 imperatoris
1489 5090 1566 5159 (id
1597 5099 1682 5144 cst
1719 5090 1898 5145 Caroli
1933 5089 2114 5145 Crassi

531 5183 752 5237 circiter
781 5199 982 5237 anmnn
1000 5184 1145 5253 883).
1177 5183 1280 5248 Qui
1307 5183 1635 5237 venerandus
1661 5183 1962 5251 apostolica:
1979 5184 2117 5236 sedis

530 5272 770 5344 pontifex
795 5275 969 5326 omnia
1001 5291 1118 5343 qua:
1157 5275 1338 5329 beatus
1373 5276 1452 5328 vir
1486 5272 1748 5328 Notkerus
1796 5274 2114 5339 dictaverat,

532 5365 861 5420 canonizavit
885 5367 1119 5420 videlicet
1150 5368 1392 5436 hymnos,
1413 5367 1736 5432 sequentius,
1762 5375 1958 5435 tropos,
1995 5365 2115 5418 lita-

534 5457 675 5510 nias.
729 5471 1004 5526 omnesque
1041 5459 1327 5512 cantilenas
1373 5458 1693 5527 rhythmice,
1747 5458 1976 5520 metrice,
2039 5455 2117 5510 rel

532 5545 799 5613 prosaice,
825 5561 956 5614 quas
981 5546 1198 5613 fecerat,
1223 5556 1327 5601 etc.
1363 5546 1530 5600 Porro
1556 5547 1696 5601 idem
1727 5545 2082 5600 Ekkchardus
2100 5585 2116 5608 ,

533 5650 630 5691 seu
661 5635 818 5701 alter,
844 5637 1014 5704 cap.l
1055 5637 1126 5690 De
1155 5637 1324 5692 casib.
1359 5636 1418 5690 S.
1446 5636 1622 5703 Galli,
1660 5652 1827 5706 agens
1865 5640 1930 5694 de
1967 5636 2096 5694 Salo

533 5745 696 5786 mone
727 5731 918 5787 abbate
948 5743 999 5786 et
1024 5731 1276 5801 episcopo
1306 5729 1729 5790 Cunslanticnsi,
1760 5730 1871 5785 lucc
1895 5730 2110 5786 scribit:

1199 312 1371 368 S.~EC.
1405 313 1467 366 XI
1499 310 1709 368 AUCT.
1751 311 2025 368 lNCEllTI
2062 313 2227 368 ANNI
2256 315 2338 370 E'l'
2381 313 2644 372 SCRIPT.
2678 317 2908 376 ⁷ΛΔΕΣΠ.

3636 324 3705 378 πο

2141 434 2185 492 Α
2216 430 2436 486 Scholas
2465 433 2737 502 praeteriit,
2772 434 2966 487 ostium
3007 433 3212 498 aperuit
3240 473 3254 493 ,
3297 442 3344 484 et
3390 430 3592 485 intrarit.
3623 435 3706 490 Em

2216 525 2393 592 utique
2413 525 2506 592 jus
2536 525 2771 590 illorum,
2800 527 2934 579 sicut
2969 525 3123 579 hodie
3153 525 3369 592 quidem
3401 533 3469 576 est
3488 564 3501 583 ,
3534 530 3708 593 quoniam

2214 616 2415 686 exleges
2455 616 2664 686 quidem
2701 626 2869 681 sunt,
2901 625 2962 669 ut
2993 617 3224 685 hospites
3267 617 3512 668 intrantes
3540 617 3709 684 capita;

2215 719 2414 776 captos,
2447 707 2734 778 usquedum
2774 723 2829 761 se
2871 707 3156 769 redimam,
3204 714 3434 758 teneant.
3461 703 3576 757 Vide
3605 722 3713 773 qm

2216 807 2460 853 vetustus
2485 799 2554 853 sit
2581 798 2781 853 abusus
2817 798 2911 867 qui
2957 797 3011 850 in
3052 796 3335 851 Ticincnsi
3375 795 3618 865 gymnasio
3637 813 3712 864 μαι
3761 827 3774 850 .

2215 887 2414 942 durare
2467 888 2646 942 adhuc
2697 886 2919 942 dicitur.
2975 885 3283 956 Spupillare
3329 885 3594 955 appellant.
3633 887 3713 940 Post

2215 977 2384 1033 multa
2412 977 2664 1048 discipuli
2693 976 2792 1042 illi,
2824 976 2983 1032 medii
3005 976 3329 1046 rhgthmice,
3358 976 3522 1029 σιειεή
3549 992 3715 1031 rere-t-

2214 1055 2341 1109 trice
2369 1056 2598 1124 eﬂ'antur
2621 1070 2642 1109 :

2287 1169 2428 1234 Quid
2454 1169 2546 1222 tibi
2567 1168 2786 1237 fecimus
2810 1167 2941 1234 tale,
2968 1177 3023 1222 ut
3054 1168 3202 1222 nobis
3235 1168 3419 1237 furias
3435 1167 3597 1220 male?

2285 1261 2620 1332 Appellamus
2647 1277 2838 1332 regem,
2862 1262 2954 1333 qui
2981 1271 3214 1316 nostram
3245 1263 3466 1331 fecimus
3490 1261 3637 1331 legere.

2214 1372 2283 1428 At
2317 1373 2455 1428 alter
2483 1372 2818 1429 versiﬁcator
2838 1373 3047 1444 inquit:

2289 1486 2411 1541 Non
2439 1486 2585 1540 nobis
2606 1489 2693 1556 pia
2724 1503 2839 1557 spes
2869 1487 3062 1557 fuerat.
3092 1504 3218 1543 cum
3251 1489 3328 1541 sis
3356 1504 3511 1541 noras
3534 1488 3689 1555 hospes,

2287 1575 2356 1632 Ut
2393 1587 2533 1631 vetus
2561 1578 2614 1632 in
2641 1578 2790 1647 pejus
2815 1588 3159 1633 transuertere
3188 1589 3306 1632 tute
3335 1579 3455 1632 velis
3474 1578 3572 1648 jus.

2215 1690 2306 1746 Sic
2337 1689 2681 1745 llennaunus
2705 1690 3035 1747 Contractus
3063 1691 3206 1760 apud
3250 1689 3474 1744 Pczium
3507 1691 3554 1743 in
3589 1689 3718 1758 pals

2143 1773 2188 1833 B
2217 1781 2364 1837 tione
2404 1781 2471 1836 ad
2519 1782 2785 1836 'I‘besaur.
2829 1781 3158 1838 Anecdotor.
3215 1780 3584 1851 Rbythmicum
3618 1781 3710 1837 hunc

2215 1875 2435 1916 versum
2467 1861 2630 1915 habet
2652 1878 2666 1915 :

2284 1967 2510 2024 Carmen
2534 1985 2629 2023 oro
2647 1986 2814 2040 pange
2840 1979 3024 2030 metro,
3063 1985 3154 2023 seu
3179 1985 3383 2023 canore
3411 1966 3665 2037 rlsgthuiw.

2215 2083 2508 2140 Ordcricus
2535 2099 2752 2154 quoque
2788 2083 2980 2139 Vitalis
3013 2085 3216 2138 smeulo
3245 2100 3329 2138 xu
3359 2085 3637 2154 rhythmicos
3653 2103 3719 2137 m-

2215 2192 2304 2229 sus
2331 2175 2541 2242 laudat;
2571 2184 2630 2230 et
2653 2175 2875 2230 circiter
2903 2190 3104 2228 annum
3136 2175 3303 2241 “45,
3349 2173 3586 2230 Silvestcr
3607 2174 3706 2229 ϐίαι

2216 2267 2317 2321 dus
2347 2267 2638 2321 Britannus
2679 2266 2739 2321 in
2760 2265 2991 2336 Speculo
3032 2266 3299 2322 Ecclesia:
3337 2265 3430 2322 lib.
3460 2282 3527 2329 tv,
3553 2282 3645 2335 cap.
3669 2268 3721 2328 16,

2217 2361 2284 2416 de
2308 2361 2542 2431 quodam
2569 2359 2724 2416 Golia
2758 2361 2873 2414 hare
2903 2360 3072 2414 tradit
3100 2378 3116 2413 :
3142 2358 3442 2415 Litteratus
3465 2360 3647 2428 alatis,
3666 2361 3719 2409 at

2219 2467 2311 2503 nec
2355 2450 2478 2504 bene
2519 2449 2888 2518 morigeratus,
2922 2465 3015 2502 nec
3050 2448 3351 2518 disciplinis
3383 2449 3664 2517 informatus,
3688 2464 3720 2496 a

2217 2559 2407 2612 papam
2437 2552 2484 2595 et
2517 2543 2720 2595 curiam
2755 2539 3049 2594 Romanam
3095 2541 3342 2594 carmina
3371 2540 3558 2608 famosa
3587 2538 3714 2606 plum
3788 2575 3789 2588 ι

2217 2645 2264 2690 et
2295 2634 2547 2704 plurima,
2577 2642 2685 2686 tam
2711 2633 2927 2687 metrica
2953 2649 3111 2703 quam
3147 2633 3466 2703 rhythmicn,
3499 2648 3586 2683 non
3605 2631 3717 2681 minus

2218 2724 2549 2792 impudenter
2581 2741 2740 2792 quant
2773 2724 3134 2794 imprudenter
3177 2725 3430 2778 evomuit.
3459 2721 3577 2788 Quae
3599 2719 3716 2774 ortiab
3788 2765 3789 2780 χ

2219 2818 2350 2872 satis
2387 2816 2625 2870 indicant
2657 2822 2863 2884 quanto
2887 2815 3016 2868 olim
3062 2816 3114 2868 in
3156 2830 3260 2870 usu
3309 2814 3466 2868 fuerit
3495 2813 3713 2883 rhythmi”
3788 2859 3789 2876 ξ

2221 2907 2420 2978 poesis,
2452 2920 2628 2975 neque
2674 2901 2745 2958 ab
2789 2919 2854 2959 ea
2903 2905 3176 2960 interdum
3219 2903 3560 2960 abhorruisse
3591 2903 3714 2955 dOCllb

2220 2999 2384 3055 etiam
2433 2998 2600 3052 viros.
2653 2995 2768 3062 Qua
2822 2995 3033 3051 ratione
3079 3011 3210 3052 vero
3260 3011 3292 3050 a
3338 2995 3515 3050 metris
3556 2992 3715 3062 rhythmi

2146 3117 2187 3175 ο
2221 3086 2524 3154 dill‘errent,
2559 3086 2700 3143 Beda
2743 3086 2947 3142 smculo
2988 3101 3108 3152 Vlll,
3144 3087 3198 3140 in
3242 3086 3340 3142 lib.
3390 3085 3462 3140 De
3505 3083 3648 3137 metris
3671 3081 3714 3133 in

2220 3182 2519 3251 explicuit:
2562 3180 2784 3235 Videtur
2812 3189 2988 3234 autem
3025 3178 3303 3248 rhythmus
3341 3177 3506 3231 metris
3531 3190 3616 3228 esse
3639 3189 3712 3224 coa-

2218 3275 2427 3329 similis.
2455 3273 2545 3326 Est
2567 3284 2740 3327 autent
2767 3273 3034 3326 verborum
3057 3269 3336 3325 modulata
3354 3269 3631 3340 compositio,
3652 3279 3712 3314 nrt
3788 3311 3789 3348 1

2217 3367 2434 3420 metrica
2471 3367 2698 3430 ratione,
2735 3364 2828 3418 sed
2858 3379 3073 3418 numero
3103 3361 3433 3433 syllabarum
3452 3361 3514 3414 ad
3531 3359 3709 3429 judicium
3788 3355 3789 3376 ‘

2219 3457 2430 3510 aurium
2460 3455 2782 3519 examinata,
2809 3464 2864 3506 ut
2891 3463 3010 3506 sunt
3041 3453 3284 3506 carmina
3319 3450 3580 3520 vulgarium
3601 3454 3710 3516 poeu-

2220 3563 2358 3600 rnm.
2408 3544 2473 3598 Et
2525 3546 2736 3616 quidem
2781 3545 3055 3614 rhythmus
3107 3543 3222 3596 sine
3261 3551 3424 3596 metro
3459 3556 3553 3595 esse
3583 3545 3706 3606 pomi;

2219 3648 2440 3691 metrum
2472 3653 2590 3690 vero
2616 3636 2728 3690 sine
2767 3635 3010 3705 rhythmo
3045 3649 3158 3689 esse
3191 3650 3298 3687 non
3341 3639 3514 3702 potest.
3545 3625 3706 3693 Quodli-

2218 3730 2431 3800 guidius
2468 3730 2540 3782 ita
2574 3729 2864 3790 deﬁnitur:
2901 3726 3131 3781 Metruut
3157 3735 3232 3780 est
3267 3726 3402 3779 ratio
3424 3739 3527 3778 cum
3548 3717 3704 3773 lodllt-
3788 3719 3789 3778 ἶ

2221 3819 2390 3882 tione;
2446 3818 2718 3887 rhythmos
2780 3815 3073 3871 modulatio
3118 3817 3232 3868 sine
3292 3815 3501 3868 ratione.
3551 3809 3708 3864 lsidons

2221 3923 2435 3978 tpunptc
2469 3909 2560 3962 tib.
2590 3908 2790 3976 primo,
2813 3922 2936 3976 cap.
2963 3905 3056 3973 38,
3085 3905 3302 3976 Origin.
3334 3904 3616 3975 rhytlunosa
3636 3911 3702 3950 ne
3788 3927 3789 3934 ι

2225 3989 2327 4041 tris
2343 3988 2648 4058 distinguit.

2292 4081 2404 4150 Age
2439 4095 2567 4134 vero
2605 4079 2729 4148 quis
2773 4079 3153 4150 rhythmorum
3191 4093 3385 4135 cursus
3411 4075 3564 4136 fuerit,
3591 4067 3702 4123 ride:-

2225 4188 2364 4227 nms.
2396 4171 2592 4226 l’aucis
2619 4172 2897 4241 gressibus
2931 4171 3178 4242 plerique
3204 4172 3314 4226 iter
3356 4183 3496 4226 suum
3526 4159 3698 4220 conﬁcie-

2225 4267 2378 4329 bant,
2433 4265 2818 4328 distichornm,
2871 4265 3354 4336 epigrammatum,
3403 4262 3611 4319 odarnm,
3644 4259 3699 4303 ³⁸⁸

2225 4358 2580 4428 hynmorutn,
2633 4371 2850 4411 cursum
2897 4356 3130 4420 imitati,
3177 4357 3281 4411 hoc
3335 4364 3413 4410 est
3454 4351 3606 4419 exigua
3637 4350 3693 4394 λιιι

2151 4465 2196 4526 υ
2225 4460 2374 4505 certe
2420 4450 2678 4505 mediocri
2713 4463 2966 4505 versuum
3012 4449 3156 4504 serie
3198 4447 3452 4504 contenti.
3476 4441 3563 4498 Sed
3584 4446 3697 4502 nell"c

2218 4541 2440 4596 deluere
2493 4542 2584 4610 qui
2643 4540 2786 4594 ultra
2839 4541 3002 4594 hasce
3067 4549 3240 4595 metas
3302 4533 3694 4609 progrediebantur.

2219 4639 2378 4701 prout
2424 4630 2706 4692 materies,
2757 4638 2854 4683 aut
2899 4628 3129 4683 artiﬁcis
3189 4630 3464 4683 consilium
3511 4616 3693 4688 exigam

2221 4721 2667 4791 lthythmopteios
2705 4729 2887 4774 autem
2922 4721 2967 4775 si
2999 4721 3188 4774 dixero
3232 4719 3380 4773 muni
3413 4725 3610 4768 versuum
3629 4718 3685 4772 Si"

2219 4831 2347 4870 nere
2385 4830 2511 4868 usos
2541 4813 2668 4866 olim
2703 4814 2887 4875 fuisse,
2917 4814 3116 4882 quibus
3161 4813 3370 4882 poetica
3395 4803 3617 4871 disciplina
3641 4803 3691 4888 et

2218 4907 2520 4969 oblectata,
2562 4906 2792 4959 l‘ortasse
2835 4920 2941 4958 non
2991 4904 3266 4958 immerito
3313 4903 3488 4956 dicam.
3512 4895 3595 4947 laxo
3618 4898 3686 4982 tt"

2218 5000 2435 5054 videtur
2463 4998 2640 5053 simile
2671 4997 2897 5067 lyricum
2930 4997 3138 5066 pocsim
3186 5012 3217 5051 e
3257 4994 3584 5066 rhythmorum
3605 4987 3685 5030 aru-

2221 5089 2410 5144 liei-bus
2435 5098 2640 5141 tantam
2655 5087 2977 5140 varietatem
3003 5087 3305 5139 carminum
3330 5083 3481 5154 primo
3497 5070 3682 5128 didiciss’.

2219 5195 2450 5249 emnque
2479 5179 2736 5248 paulatim
2768 5191 2946 5232 metro
2975 5177 3231 5247 adjuncto
3263 5173 3538 5245 perfecisse.
3565 5159 3681 5223 bithy-

2221 5273 2462 5326 rantbica
2495 5271 2640 5325 enim
2695 5271 2875 5340 poesis
2926 5269 3119 5339 primis
3165 5266 3476 5339 temporibus
3499 5253 3676 5312 ittSllwuv

2217 5377 2283 5418 ex
2316 5363 2594 5433 rhythmis
2616 5361 2750 5415 varii
2781 5361 3020 5431 generis.
3048 5359 3242 5413 Proclo
3270 5359 3424 5411 etiam
3450 5358 3570 5404 teste.
3588 5350 3678 5393 conr

2217 5457 2396 5526 posita
2419 5464 2532 5520 est;
2565 5463 2729 5523 atque
2766 5464 2824 5506 ut
2851 5453 2998 5506 illinc
3024 5450 3284 5522 tragoedia
3325 5458 3378 5503 et
3401 5435 3597 5500 coeundi:

2222 5560 2336 5604 tum
2372 5549 2606 5602 traxisse
2631 5547 2894 5611 creditur,
2920 5546 2994 5600 ita
3024 5553 3080 5598 et
3110 5544 3282 5614 lyrica
3309 5533 3537 5595 credentia

2217 5642 2322 5696 hoc
2380 5641 2545 5694 etiam
2597 5638 2912 5693 consentire
2961 5637 3176 5692 videtur
3225 5632 3506 5689 srholiastes
3540 5617 3669 5696 M55“?

2222 5729 2433 5800 phanis.
2487 5728 2591 5782 Sed
2650 5729 2760 5782 liter
2817 5728 2977 5782 missa
3035 5726 3194 5780 iacio.
3248 5723 3374 5778 Illud
3417 5694 3669 5771 lanternam
