3834 6332
12 407 133 462 Ἱϐι

16 613 269 671 ϐικωςοε
297 609 569 667 suavitate
600 614 657 661 et
680 604 852 676 gratia
878 600 1143 665 excellat,
1172 607 1413 653 attamen
1442 609 1636 666 magna

20 705 271 760 licentia
316 700 447 757 ferri
499 699 552 753 in
586 694 834 752 versibus
877 693 1011 759 suis,
1061 705 1235 760 usque
1280 689 1414 743 adeo
1462 697 1522 742 ut
1570 686 1638 740 ad

23 796 414 868 rbytbmicam
448 790 754 846 libertatem
796 784 1040 842 accedat.
1074 781 1294 851 Accedit
1329 778 1473 850 quod
1519 792 1640 847 quae

25 893 212 944 verba
268 885 471 943 Horatii
503 898 668 953 supra
716 878 851 934 mihi
900 881 1330 932 commemorata
1378 878 1527 929 sunt,
1574 868 1641 922 de

27 976 412 1050 dithyrambis
436 973 579 1028 illius
599 977 759 1025 aetate
779 965 1080 1025 eliormatis
1102 964 1249 1018 dicta
1275 959 1425 1014 luere
1446 958 1537 1013 lib.
1564 971 1637 1020 tv,

25 1075 147 1131 ode
176 1074 234 1127 2.
267 1068 447 1139 lnquit
468 1065 613 1120 enim
638 1081 654 1118 :

230 1184 340 1239 Seu
369 1196 463 1252 per
489 1176 719 1232 audaces
745 1189 881 1229 nova
908 1170 1271 1242 dithyrambos

238 1273 407 1329 Verba
435 1268 680 1334 devolvit,
714 1266 1045 1336 numerisque
1075 1264 1242 1335 fertur

588 1359 722 1431 Lege
751 1357 956 1413 solutis.

32 1479 380 1551 Spartianus
421 1473 683 1546 quosdam
721 1485 909 1528 versus
942 1468 1101 1525 aﬂert
1141 1468 1364 1525 Adriani
1388 1468 1641 1541 Augusti,

32 1571 313 1628 videlicet
334 1589 349 1625 :

446 1661 560 1732 Ego
590 1658 709 1716 nolo
741 1656 934 1714 Florus
960 1674 1088 1721 esse,

444 1752 729 1807 Ambulare
754 1768 847 1821 per
877 1749 1147 1814 tabernas,

443 1845 677 1901 Latitare
702 1860 793 1913 per
817 1843 1059 1913 popinas,

452 1937 658 1995 Culices
688 1935 797 2006 pati
827 1934 1102 1989 rotundos.

38 2060 156 2115 Vix
188 2057 381 2112 dubito
408 2053 538 2126 quin
584 2052 726 2107 inter
768 2048 1104 2121 rhythmicos
1135 2045 1169 2100 ii
1204 2044 1313 2099 sint
1351 2040 1647 2105 referendi,

38 2164 111 2210 ut
135 2163 192 2207 et
220 2152 310 2204 alii
342 2162 479 2218 quos
509 2146 653 2200 idem
694 2144 968 2214 Augustus
998 2139 1236 2193 moriens
1274 2135 1528 2191 elIudisse
1568 2133 1649 2188 di-

40 2247 222 2301 citur.
259 2245 312 2297 lu
360 2241 426 2296 iis
472 2247 622 2295 certe
650 2244 902 2292 exactam
938 2232 1098 2288 metri
1132 2232 1395 2287 rationem
1428 2227 1651 2282 minime

40 2330 458 2403 deprehendas.
504 2328 785 2392 Attamen,
831 2334 891 2381 ut
938 2339 1126 2379 verum
1178 2322 1375 2383 fatear,
1408 2318 1649 2390 rhythmi

44 2425 160 2494 ipsi
202 2425 275 2477 ita
310 2419 759 2482 ell‘ormabantur,
790 2425 851 2472 ut
884 2430 1028 2485 saepe
1066 2413 1304 2484 aliquam
1350 2419 1651 2466 metrorum

47 2516 303 2584 speciem
333 2508 675 2566 exhiberem.
710 2506 843 2562 Nam
885 2505 929 2561 si
962 2519 1150 2559 verum
1189 2511 1273 2557 est
1313 2500 1457 2571 quod
1486 2499 1653 2567 Quin-

49 2606 323 2660 ctilianus
349 2603 512 2658 tradit
531 2601 624 2655 lib.
648 2615 728 2665 ix,
754 2612 872 2667 cap.
894 2596 952 2661 ὁ,
974 2593 1308 2650 Institution.
1337 2591 1649 2646 oratoriam

52 2696 279 2753 Metriri
316 2696 522 2767 quidem
555 2692 709 2763 pedes
750 2690 882 2744 adeo
932 2687 1265 2757 reperiuntur
1304 2684 1357 2737 in
1395 2683 1651 2745 oratione,

51 2801 117 2842 ut
149 2790 207 2841 in
248 2806 306 2840 ea
354 2787 650 2857 frequenter
698 2798 803 2836 non
847 2777 1184 2835 sentientibus
1232 2776 1377 2829 nobis
1421 2775 1653 2829 omnium

52 2894 315 2949 generum
357 2875 601 2931 excidant
652 2889 851 2929 versus.
885 2870 953 2923 Et
984 2879 1170 2923 contra
1216 2867 1347 2921 nihil
1392 2876 1467 2920 est
1498 2881 1655 2935 prosa

52 2972 343 3039 scriptum,
372 2967 512 3038 quod
548 2982 652 3021 non
688 2964 855 3034 redigi
881 2962 1039 3032 possit
1070 2961 1124 3014 in
1154 2959 1396 3031 quaedam
1424 2957 1656 3011 versicu—

56 3062 244 3114 lorum
271 3075 483 3129 genera.
518 3057 731 3123 Quanto
773 3070 904 3124 ergo
938 3050 1152 3107 facilius
1180 3051 1322 3105 idem
1359 3050 1413 3102 in
1464 3046 1654 3118 rhyth-

57 3152 171 3207 mis
202 3150 489 3206 occurrat?
516 3149 722 3203 Auctor
763 3161 896 3201 vero
936 3152 1015 3198 est
1049 3142 1161 3199 Leo
1188 3141 1416 3196 Allatius
1446 3140 1501 3195 in
1535 3137 1656 3194 Dia-

1276 389 1589 447 llllYTllill
1643 387 1982 445 VETERES.

17 515 614 577 aninmdvcrtemlum,
656 512 1055 566 Anacreontem
1079 549 1093 574 ,
1126 506 1225 563 etsi
1268 508 1406 559 inter
1436 506 1635 574 lyricos
1665 511 1714 564 Α

3216 384 3323 443 769

2134 502 2237 567 Qui
2269 520 2385 556 eras
2408 512 2528 557 ante
2555 518 2750 556 siccata

2130 593 2341 664 Semper
2365 612 2483 649 cum
2512 592 2673 650 Patre
2699 593 2891 650 Filius.

1740 687 1806 742 Et
1846 688 1939 741 alii
1972 686 2305 741 Ambrosiani
2341 703 2443 740 non
2470 687 2644 755 pauci.
2686 685 2816 739 Item
2858 689 2925 739 ad
2963 686 3185 755 formam
3217 700 3326 743 me-

1740 780 1809 830 tri
1853 776 2103 830 trochaici
2152 785 2348 830 canunt
2380 776 2629 845 hymnum
2678 778 2744 829 de
2781 774 2865 830 die
2892 776 3080 844 Judicii
3121 792 3212 846 per
3248 775 3324 829 al-

1739 871 2017 936 phabetum
2037 886 2054 924 :

2100 982 2381 1053 Apparebit
2408 991 2673 1051 repentina
2696 982 2806 1036 dies

2100 1074 2296 1143 Magna
2318 1072 2554 1136 Domini,
2582 1072 2671 1141 fur
2689 1074 2914 1127 obscura

2113 1161 2262 1218 Velut
2290 1173 2439 1219 nocte
2462 1162 2768 1233 improvisos
2797 1179 3082 1233 occupans.

1744 1280 1869 1336 limo
1896 1278 2062 1336 Beda.
2083 1278 2196 1335 Nisi
2220 1278 2553 1335 excidissent
2579 1279 2846 1335 innumeri
2876 1295 2943 1335 ex
2966 1280 3119 1336 hisce
3141 1277 3334 1350 rhyth-

1748 1373 1849 1425 mis
1894 1372 2092 1441 (neque
2124 1372 2267 1425 enim
2299 1385 2395 1441 par
2437 1386 2625 1427 eorum
2670 1385 2799 1424 cura
2836 1370 3018 1425 habita
3061 1380 3143 1426 est
3171 1378 3337 1439 atque

1746 1465 2065 1533 metrorum)
2093 1462 2369 1533 ingentem
2400 1462 2452 1515 in
2480 1462 2547 1518 iis
2568 1462 2817 1518 versibus
2838 1464 3160 1517 varietatem
3193 1477 3335 1516 nunc

1746 1553 2296 1624 deprehenderemus.
2332 1551 2596 1622 Equidem
2646 1567 2677 1607 e
2720 1568 2821 1607 ms.
2866 1551 3053 1606 codice
3098 1551 3333 1607 Ambro-

1747 1648 1916 1702 siame
1963 1644 2302 1702 bibliothecae
2346 1646 2676 1716 descriptum
2714 1645 2832 1700 dedi
2883 1645 3336 1715 Antiphonarium

1748 1737 2145 1795 Benchorensis
2170 1736 2505 1801 monasterii,
2537 1745 2698 1805 atque
2727 1736 2869 1790 edidi
2890 1744 3031 1790 lomo
3064 1735 3130 1789 IV
3160 1737 3329 1789 Anee-

1679 1860 1723 1915 Β
1750 1831 1923 1885 dotor.
1952 1830 2287 1884 Latinorum.
2310 1825 2441 1898 Ejus
2465 1836 2594 1882 actas
2626 1827 2963 1882 adsaeculum
2995 1826 3324 1882 Christiana:

1750 1938 1871 1978 terre
1886 1931 2135 1977 octavum
2155 1919 2432 1976 referenda
2452 1920 2681 1974 videtur.
2709 1918 3025 1987 Complures
3051 1918 3122 1971 ibi
3147 1931 3333 1971 occur-

1752 2022 1875 2080 runt
1920 2011 2128 2083 hymni,
2186 2025 2323 2080 quos
2380 2024 2569 2064 omnes
2625 2009 2676 2062 iu
2717 2007 3142 2079 rhythmicorum
3201 2020 3332 2060 cen-

1751 2120 1870 2161 sum
1909 2103 2274 2173 coujieicndos
2303 2116 2490 2172 parum
2530 2100 2796 2155 custodita
2841 2098 2997 2154 metri
3031 2097 3169 2152 ratio
3208 2110 3338 2167 per-

1751 2196 1958 2253 suadet.

1824 2286 2103 2356 Przecipue
2151 2299 2282 2339 vero
2334 2284 2386 2337 in
2442 2282 2710 2353 rhythmis
2752 2279 3006 2350 frequens
3055 2292 3184 2334 usus
3236 2277 3338 2331 fuit

1754 2391 1945 2432 versus
1989 2375 2241 2429 lrochaici
2283 2374 2609 2439 catalectici,
2658 2372 2735 2425 uti
2786 2372 2936 2425 illum
2981 2369 3344 2424 Terentianus

1755 2469 1976 2526 Maurus
2017 2466 2250 2539 appellat
2278 2467 2329 2521 in
2363 2467 2457 2521 lib.
2489 2466 2565 2520 De
2607 2466 2774 2520 littcr.
2809 2473 2863 2520 et
2895 2473 3053 2519 metr.
3087 2463 3199 2517 lmo
3226 2461 3341 2517 reli-

1755 2561 1873 2631 quit
1895 2569 1949 2614 et
1979 2558 2068 2614 ille
2096 2573 2163 2613 ex
2194 2558 2261 2613 iis
2285 2573 2391 2612 non
2420 2571 2624 2629 paucos
2649 2571 2677 2611 a
2701 2541 3124 2611 sc'lucubratos.
3144 2552 3344 2609 Exem-

1756 2653 1902 2723 plum
1934 2667 2000 2706 ex
2033 2666 2100 2707 eo
2131 2650 2494 2720 proferamus.

1830 2762 2092 2833 Syllabas,
2124 2779 2241 2827 qua:
2271 2762 2386 2817 rita:
2408 2771 2572 2814 metro
2606 2770 2897 2831 congruunt
2930 2759 3162 2824 heroico,

1827 2855 2021 2924 Captus
2053 2862 2106 2906 ut
2133 2869 2277 2907 meus
2307 2851 2528 2921 ferebat,
2553 2852 2849 2922 disputatas
2879 2849 3058 2915 attuli,
3086 2858 3196 2906 etc.

1833 2944 1923 2999 Est
1948 2945 2083 2999 celer
2101 2941 2344 3012 phaselus
2372 2941 2479 3009 ille,
2507 2959 2660 3013 quem
2685 2943 2863 2997 videtis
2890 2942 3136 3009 hospites.

1760 3061 2034 3139 Ejusmodi
2065 3074 2221 3115 versu
2268 3057 2491 3112 dicteria
2540 3056 2843 3126 praesertim
2871 3053 3259 3119 ellerebantur,
3293 3062 3354 3109 ιιι

1760 3162 1844 3209 est
1871 3154 2221 3208 deeautatum
2257 3149 2390 3205 illud
2430 3149 2662 3203 militum
2714 3149 2764 3202 in
2817 3146 3018 3202 .Iulium
3050 3145 3344 3211 Cie-sarem,

60 3206 213 3301 triba
255 3245 323 3298 de
357 3242 598 3297 Simeou.
648 3254 805 3294 usum
850 3234 1227 3309 rhythmorum
1262 3232 1402 3302 apud
1438 3229 1574 3285 Graii

1333 3232 1402 3286 “d
1438 3229 1657 3285 amicos
1682 3206 1729 3269 C
1761 3245 1888 3299 dum
1917 3243 2249 3313 triumphum
2284 3240 2551 3296 Gallicum
2586 3240 2845 3296 duceret:

57 3351 289 3409 qumque
336 3333 667 3389 recentiores
715 3329 1058 3399 perdurasse.
1104 3323 1354 3378 Politicos
1397 3335 1575 3375 uersus
1622 3319 1656 3372 ii

60 3429 435 3500 appellabant,
465 3428 579 3495 qui,
618 3434 675 3478 ut
718 3423 834 3493 ipse
889 3419 1098 3482 scribit,
1132 3413 1384 3471 lambicis
1428 3422 1475 3467 et
1514 3412 1661 3464 Ana-

60 3522 349 3576 creonticis
380 3529 433 3571 ut
464 3517 748 3595 plurimum
778 3520 1019 3568 constant
1048 3526 1067 3565 :
1098 3511 1173 3563 ita
1213 3519 1388 3562 tamen
1416 3514 1472 3557 ut
1514 3501 1660 3555 nulla

62 3611 386 3682 quantitatis
439 3607 762 3678 syllabarum
815 3604 975 3675 (quod
1021 3599 1413 3656 accuratissime
1468 3604 1663 3649 veteres

65 3703 441 3769 obseruabant)
470 3700 607 3754 ratio
636 3698 923 3759 habeatur;
956 3703 1159 3748 tantum
1184 3706 1366 3745 earum
1394 3703 1661 3751 numerus,

66 3793 555 3862 declinationesque
602 3798 911 3842 accentuum
953 3784 1316 3839 attenduntur.
1359 3779 1490 3845 Qua:
1528 3777 1662 3830 ratio

66 3885 444 3956 ﬁngendorum
483 3882 776 3936 carminum
818 3896 920 3932 non
956 3893 1091 3930 nunc
1136 3878 1363 3944 primum
1401 3875 1454 3924 in
1480 3886 1540 3922 ea
1573 3885 1668 3921 na-

70 3980 242 4039 tione,
274 3974 364 4027 sed
397 3972 574 4026 multis
613 3973 678 4025 ab
718 3972 838 4024 hinc
873 3967 1082 4023 saxulis
1114 3967 1168 4018 in
1202 3980 1299 4017 usu
1336 3962 1498 4030 fuisse
1526 3973 1666 4011 cout-

69 4070 303 4138 peritur,
329 4075 382 4119 ut
408 4065 638 4120 videmus
662 4065 714 4116 in
743 4061 917 4115 Photii
944 4056 1281 4129 patriarchte,
1305 4049 1669 4120 Christophori

68 4164 234 4232 primi
267 4180 299 4213 a
330 4159 574 4223 secretis,
609 4154 789 4222 l'selli,
830 4163 962 4218 cte.,
1004 4151 1253 4205 versibus.
1288 4147 1507 4202 Vossius
1536 4158 1670 4211 quo-

71 4272 186 4324 que
220 4255 321 4307 lib.
355 4252 552 4321 primo,
586 4264 707 4318 cap.
739 4248 793 4308 8,
820 4245 1055 4301 Institut.
1097 4241 1293 4312 poetic.
1328 4236 1672 4293 animadver-

72 4351 142 4403 tit
184 4345 523 4415 rhythmum,
554 4359 662 4397 nou
699 4349 952 4401 metrum,
991 4337 1169 4391 inesse
1201 4335 1255 4388 in
1292 4332 1538 4388 versibus
1576 4344 1673 4398 po-

71 4442 252 4494 litieis
293 4434 637 4495 Constantini
687 4432 973 4495 Mauassis,
1017 4430 1242 4490 Ttetzm,
1292 4435 1346 4479 et
1391 4422 1671 4479 similium.

73 4534 224 4588 Tum
259 4531 483 4585 subdit:
523 4527 636 4582 Nec
664 4526 882 4580 dubium
916 4522 1042 4593 quin
1079 4518 1397 4588 antiquiores
1428 4514 1530 4567 sint
1564 4526 1675 4565 ver—

71 4643 196 4691 sus,
243 4626 299 4677 in
347 4622 533 4691 quibus
572 4619 740 4674 solunt
789 4616 1062 4686 rhythmus
1115 4619 1210 4665 est.
1249 4606 1414 4661 Addit
1462 4603 1622 4656 etiam
1660 4618 1672 4653 :

77 4719 381 4773 Poetarum
422 4712 587 4782 aliqui
635 4708 746 4763 solo
794 4715 945 4761 erant
1002 4702 1242 4772 rhythmo
1283 4694 1541 4756 contenti;
1589 4706 1679 4743 nec

75 4808 198 4861 alio
224 4824 257 4858 a
286 4802 488 4875 vulgari
537 4815 773 4855 sermone
799 4793 1188 4862 discrepabunt.
1232 4787 1337 4842 Alii
1385 4786 1680 4854 rhytlunum

77 4896 400 4951 aiiimabant
444 4908 682 4946 sermone
709 4890 927 4960 poetico.
974 4884 1080 4938 Alii
1117 4882 1339 4951 denique
1382 4878 1539 4931 etiam
1577 4889 1682 4924 me-

79 5002 229 5043 trum
280 4984 718 5054 superaddebant.
765 4978 918 5045 Quod
958 4977 1073 5046 ipse
1124 4972 1314 5028 didicit
1367 4985 1395 5022 a
1441 4965 1580 5020 Beda
1630 4963 1681 5017 in

85 5084 236 5138 lilno
265 5079 336 5133 De
364 5087 480 5132 arte
505 5077 755 5130 metrica.
785 5071 926 5127 Sunt
953 5067 1070 5137 eius
1100 5067 1262 5121 verba
1288 5076 1531 5118 connexa
1560 5074 1681 5111 cum

86 5176 161 5229 iis
186 5188 308 5241 qme
336 5185 504 5237 nuper
524 5166 676 5221 attuli
704 5181 721 5219 :
758 5162 1073 5230 Plerumque
1101 5168 1275 5211 tamen
1301 5169 1428 5207 casu
1455 5148 1684 5219 quodam

88 5264 325 5317 invenies
354 5260 510 5314 etiam
544 5258 799 5311 rationem
814 5255 878 5321 in
917 5251 1182 5321 rhytlmto,
1210 5261 1313 5298 non
1340 5238 1550 5310 artificii
1575 5252 1688 5290 mo-

86 5354 370 5406 deratione
398 5357 679 5409 servatam,
704 5345 792 5398 sed
817 5358 944 5396 sono
971 5349 1016 5394 et
1046 5340 1161 5408 ipsa
1199 5331 1557 5387 modulatione
1583 5327 1686 5379 du—

89 5456 267 5507 cente,
295 5458 445 5511 quem
477 5441 718 5509 vulgares
757 5446 921 5505 poeta:
958 5447 1161 5488 necesse
1205 5437 1279 5482 est
1324 5424 1514 5478 rustice
1549 5421 1687 5473 docti

92 5537 301 5608 faciant
347 5534 515 5587 docte.
547 5529 848 5596 Quomodo
886 5536 933 5581 et
983 5525 1051 5577 ad
1073 5523 1242 5576 instar
1283 5513 1493 5570 iambici
1540 5509 1687 5565 metri

91 5604 449 5701 pulcherrime
481 5622 652 5691 factus
688 5626 765 5672 est
791 5617 1014 5686 hymnus
1044 5612 1131 5666 ille
1162 5604 1449 5680 pra'clarus

502 5733 607 5787 Rem
639 5741 829 5785 a'tcrne
857 5727 1075 5781 Domine

504 5828 695 5881 Rerum
733 5834 936 5878 creator
974 5824 1229 5887 omnium,

1832 3354 2035 3411 Gallias
2057 3354 2239 3410 (ἔωσαν
2265 3354 2464 3423 subegit
2488 3370 2507 3407 :
2546 3350 2863 3406 Nicomedes
2893 3349 3158 3405 Ctesarem
3183 3367 3201 3405 :

1835 3447 1971 3502 Ecce
1995 3448 2179 3502 Cresar
2200 3463 2338 3500 nunc
2367 3446 2676 3515 triumphat,
2708 3444 2798 3514 qui
2829 3444 3028 3513 subegit
3050 3441 3289 3497 Gallias:

1837 3540 2147 3596 Nicomedes
2183 3555 2288 3593 non
2324 3538 2636 3608 triumphat,
2662 3537 2752 3608 qui
2790 3538 2987 3607 subegit
3014 3536 3298 3591 (.‘a'sarem.

1764 3655 2006 3709 Alterura
2070 3652 2379 3722 exemplum
2439 3651 2734 3707 Suetonius
2790 3651 3118 3721 suppeditat,
3166 3662 3365 3703 versus

1768 3762 1960 3815 nempe
1987 3746 2041 3800 in
2070 3746 2321 3801 eumdem
2358 3745 2624 3800 Caesarem
2657 3754 2786 3799 tunc
2822 3745 3210 3814 depromptos:

1769 3859 1969 3914 Urbani
1997 3868 2196 3913 servate
2228 3874 2436 3911 uxores.
2486 3855 2743 3909 Mam/tum
2779 3856 2981 3909 calvum
3016 3857 3355 3913 adducimus.

1771 3955 1971 4007 Aurum
2004 3954 2059 4006 in
2086 3950 2261 4007 Callia
2286 3952 2541 4021 effutuisti
2566 3968 2582 4015 ;
2614 3950 2697 4003 hic
2722 3951 2956 4003 sumsisti
2984 3961 3249 4007 ntutuum.

1776 4065 2077 4135 Utrobique
2106 4065 2249 4119 idem
2274 4063 2445 4118 habes
2474 4071 2730 4127 metrum,
2761 4072 2815 4118 et
2842 4063 3116 4134 dactylum
3150 4064 3202 4119 in
3233 4064 3365 4133 line,

1771 4171 1827 4215 et
1853 4158 2164 4229 quindecim
2196 4156 2433 4228 syllabas
2460 4156 2689 4225 singulis
2732 4155 2787 4210 in
2829 4156 3106 4221 versibus;
3134 4158 3230 4212 sed
3257 4174 3366 4213 non

1773 4254 2018 4310 canalem
2045 4251 2289 4306 brevium
2317 4259 2371 4304 et
2399 4250 2683 4319 longarum
2711 4247 3171 4303 observationem.
3197 4248 3369 4314 Quiri-

1776 4343 1976 4405 dccim,
2024 4340 2269 4408 inquam,
2319 4337 2597 4407 syllabas:
2629 4335 2918 4405 puritatem
2955 4335 3099 4389 enim
3132 4334 3359 4405 syllaba-

1777 4450 1896 4490 rum
1950 4430 2331 4502 rbythmopmii
2391 4438 2603 4483 veteres
2650 4427 2763 4483 lere
2811 4442 3027 4497 semper
3075 4427 3374 4492 curabant,

1779 4542 1901 4580 cum
1929 4534 1983 4580 et
2013 4523 2279 4594 ejusmodi
2313 4536 2503 4575 versus
2532 4528 2859 4574 canerentur
2896 4520 2962 4574 ad
2995 4519 3229 4575 musicos
3254 4533 3369 4573 mo-

1781 4620 1897 4673 dos.
1950 4618 2062 4672 lmo
2108 4625 2165 4670 et
2202 4613 2425 4671 saltatio
2455 4612 2774 4676 addebatur,
2807 4619 2862 4664 et
2895 4611 3139 4680 quaedam
3170 4612 3369 4679 digito-

1788 4728 1907 4767 rum
1953 4708 2261 4781 percussio,
2291 4716 2351 4760 ιιι
2395 4705 2609 4768 Cicero,
2638 4702 3033 4770 Quinctiliauus
3060 4710 3116 4757 et
3158 4702 3246 4757 alii
3286 4704 3371 4757 in-

1786 4813 1977 4857 mumt.
2023 4802 2077 4855 Id
2126 4813 2343 4869 quoque
2373 4812 2402 4850 a
2434 4795 2638 4850 .lmlteis
2685 4802 2843 4848 antea
2884 4792 3090 4847 factum
3138 4793 3370 4849 videtur.

1787 4894 1970 4963 Neque
2019 4892 2165 4945 enim
2218 4886 2593 4943 tanluuuuodo
2639 4884 2780 4951 apud
2828 4882 3101 4936 Rouuanos
3143 4881 3371 4935 dicteria

1787 5002 1882 5055 per
1915 4984 2197 5054 rhythmos
2222 4980 2427 5049 jactata
2459 4978 2511 5031 in
2544 4991 2644 5031 usu
2686 4974 2853 5034 littere,
2896 4972 2990 5025 sed
3038 4971 3203 5025 etiam
3231 4971 3373 5040 apud

1786 5077 2022 5138 Judzeos,
2067 5082 2122 5127 et
2160 5072 2316 5139 longe
2364 5078 2544 5131 antea,
2593 5078 2755 5133 quam
2793 5077 2822 5114 a
2858 5059 3118 5114 Romanis
3149 5074 3373 5128 usurpa-

1788 5176 1999 5220 rentur.
2035 5162 2168 5216 Vide
2201 5160 2292 5213 lib.
2330 5158 2587 5227 primum,
2624 5158 2745 5220 cup.
2781 5165 2936 5210 xvut,
2988 5163 3130 5201 vers.
3176 5147 3231 5213 ϐ,
3274 5146 3378 5199 lle—

1792 5273 1939 5327 gum.
1969 5255 2105 5309 Cum
2159 5256 2552 5309 reverteretur,
2600 5253 2858 5311 percusso
2900 5236 3239 5300 Pbilistlueo,
3277 5234 3375 5288 Da-

1791 5351 1922 5409 vid,
1973 5345 2229 5400 mulieres
2281 5346 2605 5401 cantantes,
2651 5334 2960 5400 clior-osque
3016 5329 3274 5384 ducentes
3324 5328 3375 5381 in

1791 5456 2100 5500 OCt'lll‘Stllll.
2143 5435 2270 5489 Saul
2307 5433 2480 5500 regis,
2526 5426 2896 5497 praecinebant
2927 5422 3203 5476 dlccntes:
3249 5417 3378 5473 Per-

1792 5537 1951 5590 cussit
1988 5528 2120 5585 Saul
2147 5524 2313 5587 mille,
2340 5533 2386 5577 et
2419 5520 2584 5575 David
2612 5519 2785 5572 decent
2812 5514 2999 5568 millia.
3028 5511 3161 5566 Male
3189 5511 3380 5565 habuit

1798 5642 1976 5694 regem
2022 5620 2302 5675 aculeatus
2348 5614 2653 5685 rhythmos,
2687 5610 2841 5682 cujus
2867 5620 3027 5663 voces
3063 5603 3377 5674 antiquissi-

1798 5735 1916 5775 mus
1945 5713 2214 5783 interpri's
2244 5713 2318 5765 ita
2350 5709 2531 5773 vertit,
2560 5717 2617 5761 ut
2645 5719 2857 5760 versum
2895 5702 3229 5758 trochaicum
3257 5699 3380 5753 inde

1800 5808 2123 5867 contremit,
2198 5805 2386 5875 quales
2456 5810 2607 5857 erant
2673 5798 2974 5867 complures
3041 5813 3069 5851 e
3135 5800 3377 5849 veterum
