  <div class='ocr_page' id='page_1' title='image "/cluster/home/n/w/nwhite01/storage/ocr_20150623/151/hvd.32044015473796/387.png"; bbox 0 0 3834 6332; ppageno 0'>
   <div class='ocr_carea' id='block_1_1' title="bbox 598 357 702 417">
    <p class='ocr_par' dir='ltr' id='par_1_1' title="bbox 598 357 702 417">
     <span class='ocr_line' id='line_1_1' title="bbox 598 357 702 417; baseline 0.038 -4"><span class='ocrx_word' id='word_1_1' title='bbox 598 357 702 417; x_wconf 80' lang='lat'><strong>765</strong></span> 
     </span>
    </p>
   </div>
   <div class='ocr_carea' id='block_1_2' title="bbox 1369 368 2135 459">
    <p class='ocr_par' dir='ltr' id='par_1_2' title="bbox 1369 368 2126 426">
     <span class='ocr_line' id='line_1_2' title="bbox 1369 368 2126 426; baseline 0.001 -3"><span class='ocrx_word' id='word_1_2' title='bbox 1369 369 1542 424; x_wconf 69' lang='lat' dir='ltr'><strong>SAEC.</strong></span> <span class='ocrx_word' id='word_1_3' title='bbox 1586 368 1651 424; x_wconf 79' lang='lat' dir='ltr'><strong>XI</strong></span> <span class='ocrx_word' id='word_1_4' title='bbox 1690 371 1892 426; x_wconf 78' lang='lat' dir='ltr'><strong>AUCT.</strong></span> <span class='ocrx_word' id='word_1_5' title='bbox 1926 368 2126 426; x_wconf 70' lang='lat' dir='ltr'><strong>INCISll</strong></span> 
     </span>
    </p>
   </div>
   <div class='ocr_carea' id='block_1_3' title="bbox 2243 368 3716 459">
    <p class='ocr_par' dir='ltr' id='par_1_3' title="bbox 2243 373 3716 459">
     <span class='ocr_line' id='line_1_3' title="bbox 2243 373 3716 459; baseline 0.022 -34"><span class='ocrx_word' id='word_1_6' title='bbox 2243 373 2511 428; x_wconf 65' lang='lat' dir='ltr'><strong>ANNIE&#39;I‘</strong></span> <span class='ocrx_word' id='word_1_7' title='bbox 2553 375 2817 433; x_wconf 75' lang='lat' dir='ltr'><strong>SCRII‘T.</strong></span> <span class='ocrx_word' id='word_1_8' title='bbox 2874 384 3096 438; x_wconf 58' lang='grc' dir='ltr'><strong>Ἀλεξα.</strong></span> <span class='ocrx_word' id='word_1_9' title='bbox 3653 404 3716 459; x_wconf 68' lang='grc' dir='ltr'><strong>ιιι</strong></span> 
     </span>
    </p>
   </div>
   <div class='ocr_carea' id='block_1_4' title="bbox 521 462 3716 577">
    <p class='ocr_par' dir='ltr' id='par_1_4' title="bbox 521 462 3716 577">
     <span class='ocr_line' id='line_1_4' title="bbox 521 462 3716 577; baseline 0.013 -51"><span class='ocrx_word' id='word_1_10' title='bbox 521 462 524 463; x_wconf 17' lang='grc' dir='ltr'><em>ν</em></span> <span class='ocrx_word' id='word_1_11' title='bbox 600 475 890 546; x_wconf 82' lang='lat' dir='ltr'><strong>rhythmis.</strong></span> <span class='ocrx_word' id='word_1_12' title='bbox 914 478 1074 547; x_wconf 90' lang='lat' dir='ltr'><strong>quue</strong></span> <span class='ocrx_word' id='word_1_13' title='bbox 1097 495 1161 534; x_wconf 86' lang='lat' dir='ltr'><strong>ea</strong></span> <span class='ocrx_word' id='word_1_14' title='bbox 1187 481 1391 536; x_wconf 76' lang='lat' dir='ltr'><strong>ratione</strong></span> <span class='ocrx_word' id='word_1_15' title='bbox 1413 480 1795 555; x_wconf 84' lang='lat' dir='ltr'><strong>factum,quod</strong></span> <span class='ocrx_word' id='word_1_16' title='bbox 1823 488 1874 540; x_wconf 93' lang='lat' dir='ltr'><strong>in</strong></span> <span class='ocrx_word' id='word_1_17' title='bbox 1909 487 2172 542; x_wconf 83' lang='lat' dir='ltr'><strong>llebraico</strong></span> <span class='ocrx_word' id='word_1_18' title='bbox 2204 491 2246 545; x_wconf 87' lang='lat' dir='ltr'><strong>A</strong></span> <span class='ocrx_word' id='word_1_19' title='bbox 2279 491 2381 543; x_wconf 82' lang='lat' dir='ltr'><strong>Sed</strong></span> <span class='ocrx_word' id='word_1_20' title='bbox 2410 493 2551 559; x_wconf 89' lang='lat' dir='ltr'><strong>quod</strong></span> <span class='ocrx_word' id='word_1_21' title='bbox 2596 495 2811 560; x_wconf 87' lang='lat' dir='ltr'><strong>mirere,</strong></span> <span class='ocrx_word' id='word_1_22' title='bbox 2843 498 2926 549; x_wconf 81' lang='lat' dir='ltr'><strong>vix</strong></span> <span class='ocrx_word' id='word_1_23' title='bbox 2973 498 3116 552; x_wconf 82' lang='lat' dir='ltr'><strong>aliud</strong></span> <span class='ocrx_word' id='word_1_24' title='bbox 3165 500 3249 556; x_wconf 86' lang='lat' dir='ltr'><strong>ille</strong></span> <span class='ocrx_word' id='word_1_25' title='bbox 3291 503 3343 557; x_wconf 89' lang='lat' dir='ltr'><strong>in</strong></span> <span class='ocrx_word' id='word_1_26' title='bbox 3387 510 3570 566; x_wconf 69' lang='lat' dir='ltr'><strong>oonsilio</strong></span> <span class='ocrx_word' id='word_1_27' title='bbox 3603 531 3716 577; x_wconf 70' lang='lat' dir='ltr'><strong>mmo</strong></span> 
     </span>
    </p>
   </div>
   <div class='ocr_carea' id='block_1_5' title="bbox 597 567 2173 647">
    <p class='ocr_par' dir='ltr' id='par_1_5' title="bbox 597 567 2173 647">
     <span class='ocr_line' id='line_1_5' title="bbox 597 567 2173 647; baseline 0.01 -30"><span class='ocrx_word' id='word_1_28' title='bbox 597 579 833 620; x_wconf 85' lang='lat' dir='ltr'><strong>scouuua</strong></span> <span class='ocrx_word' id='word_1_29' title='bbox 862 567 989 622; x_wconf 89' lang='lat' dir='ltr'><strong>illud</strong></span> <span class='ocrx_word' id='word_1_30' title='bbox 1013 570 1228 628; x_wconf 79' lang='lat' dir='ltr'><strong>duobus</strong></span> <span class='ocrx_word' id='word_1_31' title='bbox 1255 574 1536 630; x_wconf 82' lang='lat' dir='ltr'><strong>versiculis</strong></span> <span class='ocrx_word' id='word_1_32' title='bbox 1560 574 1911 647; x_wconf 72' lang='lat' dir='ltr'><strong>oetosyllabis</strong></span> <span class='ocrx_word' id='word_1_33' title='bbox 1944 578 2173 633; x_wconf 85' lang='lat' dir='ltr'><strong>ell&#39;ertur</strong></span> 
     </span>
    </p>
   </div>
   <div class='ocr_carea' id='block_1_6' title="bbox 595 654 1498 714">
    <p class='ocr_par' dir='ltr' id='par_1_6' title="bbox 595 654 1498 714">
     <span class='ocr_line' id='line_1_6' title="bbox 595 654 1498 714; baseline 0.012 -4"><span class='ocrx_word' id='word_1_34' title='bbox 595 654 701 711; x_wconf 79' lang='lat' dir='ltr'><strong>hoc</strong></span> <span class='ocrx_word' id='word_1_35' title='bbox 728 659 928 714; x_wconf 82' lang='lat' dir='ltr'><strong>modo:</strong></span> <span class='ocrx_word' id='word_1_36' title='bbox 1229 655 1233 660; x_wconf 67' lang='grc'><em>’</em></span> <span class='ocrx_word' id='word_1_37' title='bbox 1495 691 1498 693; x_wconf 54' lang='grc' dir='ltr'>λ</span> 
     </span>
    </p>
   </div>
   <div class='ocr_carea' id='block_1_7' title="bbox 613 738 1622 821">
    <p class='ocr_par' dir='ltr' id='par_1_7' title="bbox 613 738 1622 821">
     <span class='ocr_line' id='line_1_7' title="bbox 613 738 1622 821; baseline 0.013 -14"><span class='ocrx_word' id='word_1_38' title='bbox 613 762 662 774; x_wconf 62' lang='grc'><strong>-’</strong></span> <span class='ocrx_word' id='word_1_39' title='bbox 734 761 735 764; x_wconf 70' lang='lat'>‘</span> <span class='ocrx_word' id='word_1_40' title='bbox 1103 738 1622 821; x_wconf 49' lang='lat' dir='ltr'><strong>ram-:3an</strong></span> 
     </span>
    </p>
   </div>
   <div class='ocr_carea' id='block_1_8' title="bbox 1081 843 1688 919">
    <p class='ocr_par' dir='ltr' id='par_1_8' title="bbox 1081 843 1688 919">
     <span class='ocr_line' id='line_1_8' title="bbox 1081 843 1688 919; baseline 0.007 -20"><span class='ocrx_word' id='word_1_41' title='bbox 1081 843 1242 900; x_wconf 66' lang='lat' dir='ltr'><strong>lcchii</strong></span> <span class='ocrx_word' id='word_1_42' title='bbox 1276 847 1403 900; x_wconf 80' lang='lat' dir='ltr'><strong>Saul</strong></span> <span class='ocrx_word' id='word_1_43' title='bbox 1433 848 1688 919; x_wconf 71' lang='lat' dir='ltr'><strong>balal‘aju,</strong></span> 
     </span>
    </p>
   </div>
   <div class='ocr_carea' id='block_1_9' title="bbox 1129 947 1578 1003">
    <p class='ocr_par' dir='ltr' id='par_1_9' title="bbox 1129 947 1578 1003">
     <span class='ocr_line' id='line_1_9' title="bbox 1129 947 1578 1003; baseline 0.018 -8"><span class='ocrx_word' id='word_1_44' title='bbox 1129 967 1134 972; x_wconf 90' lang='lat'><strong>-</strong></span> <span class='ocrx_word' id='word_1_45' title='bbox 1184 947 1432 1000; x_wconf 62' lang='lat' dir='ltr'><strong>unum</strong></span> <span class='ocrx_word' id='word_1_46' title='bbox 1458 954 1578 1003; x_wconf 57' lang='grc' dir='ltr'><strong>ειη-ιτ</strong></span> 
     </span>
    </p>
   </div>
   <div class='ocr_carea' id='block_1_10' title="bbox 1054 1029 1705 1107">
    <p class='ocr_par' dir='ltr' id='par_1_10' title="bbox 1054 1029 1705 1107">
     <span class='ocr_line' id='line_1_10' title="bbox 1054 1029 1705 1107; baseline 0.009 -23"><span class='ocrx_word' id='word_1_47' title='bbox 1054 1029 1290 1086; x_wconf 83' lang='lat' dir='ltr'><strong>Vedavid</strong></span> <span class='ocrx_word' id='word_1_48' title='bbox 1335 1034 1705 1107; x_wconf 83' lang='lat' dir='ltr'><strong>berivvodaju.</strong></span> 
     </span>
    </p>
   </div>
   <div class='ocr_carea' id='block_1_11' title="bbox 584 1111 2162 1199">
    <p class='ocr_par' dir='ltr' id='par_1_11' title="bbox 584 1111 2162 1199">
     <span class='ocr_line' id='line_1_11' title="bbox 584 1111 2162 1199; baseline 0.014 -34"><span class='ocrx_word' id='word_1_49' title='bbox 584 1111 761 1183; x_wconf 86' lang='lat' dir='ltr'><strong>Atque</strong></span> <span class='ocrx_word' id='word_1_50' title='bbox 798 1116 886 1170; x_wconf 87' lang='lat' dir='ltr'><strong>hic</strong></span> <span class='ocrx_word' id='word_1_51' title='bbox 915 1126 1128 1178; x_wconf 79' lang='lat' dir='ltr'><strong>malure</strong></span> <span class='ocrx_word' id='word_1_52' title='bbox 1157 1124 1563 1181; x_wconf 66' lang='lat' dir='ltr'><strong>animadvertas</strong></span> <span class='ocrx_word' id='word_1_53' title='bbox 1593 1128 1784 1193; x_wconf 85' lang='lat' dir='ltr'><strong>velim,</strong></span> <span class='ocrx_word' id='word_1_54' title='bbox 1818 1130 1870 1183; x_wconf 92' lang='lat' dir='ltr'><strong>in</strong></span> <span class='ocrx_word' id='word_1_55' title='bbox 1903 1131 2162 1199; x_wconf 83' lang='lat' dir='ltr'><strong>ejusmodi</strong></span> 
     </span>
    </p>
   </div>
   <div class='ocr_carea' id='block_1_12' title="bbox 586 1207 2180 1306">
    <p class='ocr_par' dir='ltr' id='par_1_12' title="bbox 586 1207 2180 1306">
     <span class='ocr_line' id='line_1_12' title="bbox 586 1207 2180 1306; baseline 0.011 -50"><span class='ocrx_word' id='word_1_56' title='bbox 586 1207 976 1262; x_wconf 60' lang='lat' dir='ltr'><strong>versiculorum</strong></span> <span class='ocrx_word' id='word_1_57' title='bbox 1009 1211 1116 1267; x_wconf 82' lang='lat' dir='ltr'><strong>line</strong></span> <span class='ocrx_word' id='word_1_58' title='bbox 1154 1215 1392 1284; x_wconf 80' lang='lat' dir='ltr'><strong>syllabas</strong></span> <span class='ocrx_word' id='word_1_59' title='bbox 1426 1233 1712 1284; x_wconf 79' lang='lat' dir='ltr'><strong>consonus,</strong></span> <span class='ocrx_word' id='word_1_60' title='bbox 1738 1238 1874 1290; x_wconf 86' lang='lat' dir='ltr'><strong>quas</strong></span> <span class='ocrx_word' id='word_1_61' title='bbox 1906 1225 2031 1298; x_wconf 82' lang='lat' dir='ltr'><strong>rime</strong></span> <span class='ocrx_word' id='word_1_62' title='bbox 2062 1224 2180 1306; x_wconf 24' lang='lat' dir='ltr'><strong>Ita-l.</strong></span> 
     </span>
    </p>
   </div>
   <div class='ocr_carea' id='block_1_13' title="bbox 586 1293 2162 1384">
    <p class='ocr_par' dir='ltr' id='par_1_13' title="bbox 586 1293 2162 1384">
     <span class='ocr_line' id='line_1_13' title="bbox 586 1293 2162 1384; baseline 0.014 -35"><span class='ocrx_word' id='word_1_63' title='bbox 586 1297 688 1352; x_wconf 86' lang='lat' dir='ltr'><strong>liee</strong></span> <span class='ocrx_word' id='word_1_64' title='bbox 723 1293 1078 1369; x_wconf 80' lang='lat' dir='ltr'><strong>appellamus.</strong></span> <span class='ocrx_word' id='word_1_65' title='bbox 1121 1305 1357 1373; x_wconf 90' lang='lat' dir='ltr'><strong>Casunc,</strong></span> <span class='ocrx_word' id='word_1_66' title='bbox 1390 1326 1458 1366; x_wconf 90' lang='lat' dir='ltr'><strong>an</strong></span> <span class='ocrx_word' id='word_1_67' title='bbox 1506 1324 1622 1369; x_wconf 88' lang='lat' dir='ltr'><strong>arte</strong></span> <span class='ocrx_word' id='word_1_68' title='bbox 1663 1316 1896 1381; x_wconf 87' lang='lat' dir='ltr'><strong>factum,</strong></span> <span class='ocrx_word' id='word_1_69' title='bbox 1921 1316 2162 1384; x_wconf 83' lang='lat' dir='ltr'><strong>judicent</strong></span> 
     </span>
    </p>
   </div>
   <div class='ocr_carea' id='block_1_14' title="bbox 584 1388 2160 1472">
    <p class='ocr_par' dir='ltr' id='par_1_14' title="bbox 584 1388 2160 1472">
     <span class='ocr_line' id='line_1_14' title="bbox 584 1388 2160 1472; baseline 0.016 -34"><span class='ocrx_word' id='word_1_70' title='bbox 584 1388 695 1442; x_wconf 84' lang='lat' dir='ltr'><strong>alii.</strong></span> <span class='ocrx_word' id='word_1_71' title='bbox 731 1391 801 1442; x_wconf 86' lang='lat' dir='ltr'><strong>De</strong></span> <span class='ocrx_word' id='word_1_72' title='bbox 831 1393 914 1447; x_wconf 88' lang='lat' dir='ltr'><strong>his</strong></span> <span class='ocrx_word' id='word_1_73' title='bbox 944 1393 1084 1448; x_wconf 85' lang='lat' dir='ltr'><strong>infra</strong></span> <span class='ocrx_word' id='word_1_74' title='bbox 1113 1411 1290 1453; x_wconf 86' lang='lat' dir='ltr'><strong>sermo</strong></span> <span class='ocrx_word' id='word_1_75' title='bbox 1330 1401 1451 1456; x_wconf 92' lang='lat' dir='ltr'><strong>erit.</strong></span> <span class='ocrx_word' id='word_1_76' title='bbox 1481 1402 1666 1472; x_wconf 86' lang='lat' dir='ltr'><strong>itaque</strong></span> <span class='ocrx_word' id='word_1_77' title='bbox 1697 1405 1854 1459; x_wconf 79' lang='lat' dir='ltr'><strong>sicuti</strong></span> <span class='ocrx_word' id='word_1_78' title='bbox 1883 1407 2160 1463; x_wconf 74' lang='lat' dir='ltr'><strong>cantilena:</strong></span> 
     </span>
    </p>
   </div>
   <div class='ocr_carea' id='block_1_15' title="bbox 585 1483 2177 1575">
    <p class='ocr_par' dir='ltr' id='par_1_15' title="bbox 585 1483 2177 1575">
     <span class='ocr_line' id='line_1_15' title="bbox 585 1483 2177 1575; baseline 0.015 -46"><span class='ocrx_word' id='word_1_79' title='bbox 585 1489 785 1539; x_wconf 76' lang='lat' dir='ltr'><strong>nostra:</strong></span> <span class='ocrx_word' id='word_1_80' title='bbox 815 1483 978 1537; x_wconf 79' lang='lat' dir='ltr'><strong>certis</strong></span> <span class='ocrx_word' id='word_1_81' title='bbox 1009 1487 1236 1554; x_wconf 85' lang='lat' dir='ltr'><strong>pedibus</strong></span> <span class='ocrx_word' id='word_1_82' title='bbox 1265 1485 1519 1548; x_wconf 70' lang='lat' dir='ltr'><strong>constant</strong></span> <span class='ocrx_word' id='word_1_83' title='bbox 1553 1495 1604 1549; x_wconf 89' lang='lat' dir='ltr'><strong>in</strong></span> <span class='ocrx_word' id='word_1_84' title='bbox 1642 1497 1867 1567; x_wconf 83' lang='lat' dir='ltr'><strong>singulis</strong></span> <span class='ocrx_word' id='word_1_85' title='bbox 1901 1499 2177 1575; x_wconf 71' lang='lat' dir='ltr'><strong>struphis,</strong></span> 
     </span>
    </p>
   </div>
   <div class='ocr_carea' id='block_1_16' title="bbox 584 1571 2159 1654">
    <p class='ocr_par' dir='ltr' id='par_1_16' title="bbox 584 1571 2159 1654">
     <span class='ocr_line' id='line_1_16' title="bbox 584 1571 2159 1654; baseline 0.017 -36"><span class='ocrx_word' id='word_1_86' title='bbox 584 1581 638 1643; x_wconf 84' lang='lat' dir='ltr'><strong>ut</strong></span> <span class='ocrx_word' id='word_1_87' title='bbox 673 1571 812 1623; x_wconf 76' lang='lat' dir='ltr'><strong>ilctn</strong></span> <span class='ocrx_word' id='word_1_88' title='bbox 860 1574 930 1628; x_wconf 89' lang='lat' dir='ltr'><strong>sit</strong></span> <span class='ocrx_word' id='word_1_89' title='bbox 975 1576 1025 1629; x_wconf 91' lang='lat' dir='ltr'><strong>in</strong></span> <span class='ocrx_word' id='word_1_90' title='bbox 1067 1581 1316 1636; x_wconf 85' lang='lat' dir='ltr'><strong>omnibus</strong></span> <span class='ocrx_word' id='word_1_91' title='bbox 1349 1585 1587 1640; x_wconf 89' lang='lat' dir='ltr'><strong>musicus</strong></span> <span class='ocrx_word' id='word_1_92' title='bbox 1629 1597 1946 1654; x_wconf 75' lang='lat' dir='ltr'><strong>concentus,</strong></span> <span class='ocrx_word' id='word_1_93' title='bbox 1997 1590 2069 1642; x_wconf 87' lang='lat' dir='ltr'><strong>ita</strong></span> <span class='ocrx_word' id='word_1_94' title='bbox 2105 1601 2159 1645; x_wconf 90' lang='lat' dir='ltr'><strong>et</strong></span> 
     </span>
    </p>
   </div>
   <div class='ocr_carea' id='block_1_17' title="bbox 581 1665 2154 1743">
    <p class='ocr_par' dir='ltr' id='par_1_17' title="bbox 581 1665 2154 1743">
     <span class='ocr_line' id='line_1_17' title="bbox 581 1665 2154 1743; baseline 0.015 -33"><span class='ocrx_word' id='word_1_95' title='bbox 581 1671 826 1732; x_wconf 81' lang='lat' dir='ltr'><strong>veterum</strong></span> <span class='ocrx_word' id='word_1_96' title='bbox 863 1665 1096 1736; x_wconf 89' lang='lat' dir='ltr'><strong>rhythmi</strong></span> <span class='ocrx_word' id='word_1_97' title='bbox 1137 1686 1470 1740; x_wconf 82' lang='lat' dir='ltr'><strong>processere.</strong></span> <span class='ocrx_word' id='word_1_98' title='bbox 1506 1676 1760 1743; x_wconf 78' lang='lat' dir='ltr'><strong>Eumdem</strong></span> <span class='ocrx_word' id='word_1_99' title='bbox 1788 1693 1918 1733; x_wconf 90' lang='lat' dir='ltr'><strong>vero</strong></span> <span class='ocrx_word' id='word_1_100' title='bbox 1950 1696 2154 1736; x_wconf 91' lang='lat' dir='ltr'><strong>morem</strong></span> 
     </span>
    </p>
   </div>
   <div class='ocr_carea' id='block_1_18' title="bbox 581 1754 2154 1840">
    <p class='ocr_par' dir='ltr' id='par_1_18' title="bbox 581 1754 2154 1840">
     <span class='ocr_line' id='line_1_18' title="bbox 581 1754 2154 1840; baseline 0.015 -35"><span class='ocrx_word' id='word_1_101' title='bbox 581 1754 855 1812; x_wconf 73' lang='lat' dir='ltr'><strong>retinuere</strong></span> <span class='ocrx_word' id='word_1_102' title='bbox 905 1758 1196 1818; x_wconf 82' lang='lat' dir='ltr'><strong>Christiani</strong></span> <span class='ocrx_word' id='word_1_103' title='bbox 1255 1765 1548 1823; x_wconf 87' lang='lat' dir='ltr'><strong>barbaricis</strong></span> <span class='ocrx_word' id='word_1_104' title='bbox 1609 1771 1974 1840; x_wconf 78' lang='lat' dir='ltr'><strong>temporibus,</strong></span> <span class='ocrx_word' id='word_1_105' title='bbox 2031 1790 2154 1828; x_wconf 89' lang='lat' dir='ltr'><strong>cmn</strong></span> 
     </span>
    </p>
   </div>
   <div class='ocr_carea' id='block_1_19' title="bbox 2278 585 3715 674">
    <p class='ocr_par' dir='ltr' id='par_1_19' title="bbox 2278 585 3715 674">
     <span class='ocr_line' id='line_1_19' title="bbox 2278 585 3715 674; baseline 0.018 -40"><span class='ocrx_word' id='word_1_106' title='bbox 2278 585 2499 652; x_wconf 87' lang='lat' dir='ltr'><strong>reperit,</strong></span> <span class='ocrx_word' id='word_1_107' title='bbox 2535 587 2634 639; x_wconf 90' lang='lat' dir='ltr'><strong>nisi</strong></span> <span class='ocrx_word' id='word_1_108' title='bbox 2668 599 3044 657; x_wconf 82' lang='lat' dir='ltr'><strong>argumentum</strong></span> <span class='ocrx_word' id='word_1_109' title='bbox 3086 591 3181 646; x_wconf 71' lang='lat' dir='ltr'><strong>iraa</strong></span> <span class='ocrx_word' id='word_1_110' title='bbox 3210 605 3367 664; x_wconf 91' lang='lat' dir='ltr'><strong>atque</strong></span> <span class='ocrx_word' id='word_1_111' title='bbox 3392 614 3604 658; x_wconf 65' lang='lat' dir='ltr'><strong>censura.</strong></span> <span class='ocrx_word' id='word_1_112' title='bbox 3631 609 3715 674; x_wconf 68' lang='lat' dir='ltr'><strong>Qud</strong></span> 
     </span>
    </p>
   </div>
   <div class='ocr_carea' id='block_1_20' title="bbox 2277 672 3718 759">
    <p class='ocr_par' dir='ltr' id='par_1_20' title="bbox 2277 672 3718 759">
     <span class='ocr_line' id='line_1_20' title="bbox 2277 672 3718 759; baseline 0.019 -37"><span class='ocrx_word' id='word_1_113' title='bbox 2277 672 2453 726; x_wconf 88' lang='lat' dir='ltr'><strong>amico</strong></span> <span class='ocrx_word' id='word_1_114' title='bbox 2483 674 2598 728; x_wconf 88' lang='lat' dir='ltr'><strong>viro</strong></span> <span class='ocrx_word' id='word_1_115' title='bbox 2630 676 2715 729; x_wconf 92' lang='lat' dir='ltr'><strong>hic</strong></span> <span class='ocrx_word' id='word_1_116' title='bbox 2748 677 2968 754; x_wconf 77' lang='lat' dir='ltr'><strong>minime</strong></span> <span class='ocrx_word' id='word_1_117' title='bbox 2990 684 3275 749; x_wconf 87' lang='lat' dir='ltr'><strong>probatum</strong></span> <span class='ocrx_word' id='word_1_118' title='bbox 3317 683 3483 748; x_wconf 88' lang='lat' dir='ltr'><strong>fuerit.</strong></span> <span class='ocrx_word' id='word_1_119' title='bbox 3507 672 3718 759; x_wconf 19' lang='lat' dir='ltr'><strong>quidverille</strong></span> 
     </span>
    </p>
   </div>
   <div class='ocr_carea' id='block_1_21' title="bbox 2275 765 3720 859">
    <p class='ocr_par' dir='ltr' id='par_1_21' title="bbox 2275 765 3720 859">
     <span class='ocr_line' id='line_1_21' title="bbox 2275 765 3720 859; baseline 0.015 -40"><span class='ocrx_word' id='word_1_120' title='bbox 2275 765 2550 834; x_wconf 86' lang='lat' dir='ltr'><strong>scripserit</strong></span> <span class='ocrx_word' id='word_1_121' title='bbox 2600 768 2651 820; x_wconf 92' lang='lat' dir='ltr'><strong>in</strong></span> <span class='ocrx_word' id='word_1_122' title='bbox 2697 769 3108 839; x_wconf 82' lang='lat' dir='ltr'><strong>Dissertatione,</strong></span> <span class='ocrx_word' id='word_1_123' title='bbox 3140 791 3301 845; x_wconf 82' lang='lat' dir='ltr'><strong>quam</strong></span> <span class='ocrx_word' id='word_1_124' title='bbox 3333 779 3397 833; x_wconf 89' lang='lat' dir='ltr'><strong>de</strong></span> <span class='ocrx_word' id='word_1_125' title='bbox 3421 782 3584 836; x_wconf 81' lang='lat' dir='ltr'><strong>versib.</strong></span> <span class='ocrx_word' id='word_1_126' title='bbox 3605 787 3720 859; x_wconf 69' lang='lat' dir='ltr'><strong>rhyth-</strong></span> 
     </span>
    </p>
   </div>
   <div class='ocr_carea' id='block_1_22' title="bbox 2188 856 3438 927">
    <p class='ocr_par' dir='ltr' id='par_1_22' title="bbox 2188 856 3438 927">
     <span class='ocr_line' id='line_1_22' title="bbox 2188 856 3438 927; baseline 0.013 -20"><span class='ocrx_word' id='word_1_127' title='bbox 2188 904 2190 907; x_wconf 89' lang='lat'><strong>.</strong></span> <span class='ocrx_word' id='word_1_128' title='bbox 2272 856 2428 909; x_wconf 90' lang='lat' dir='ltr'><strong>micis</strong></span> <span class='ocrx_word' id='word_1_129' title='bbox 2455 872 2595 911; x_wconf 87' lang='lat' dir='ltr'><strong>anno</strong></span> <span class='ocrx_word' id='word_1_130' title='bbox 2622 859 2759 913; x_wconf 73' lang='lat'><strong>1727</strong></span> <span class='ocrx_word' id='word_1_131' title='bbox 2782 862 2968 927; x_wconf 86' lang='lat' dir='ltr'><strong>edidit,</strong></span> <span class='ocrx_word' id='word_1_132' title='bbox 2997 867 3171 921; x_wconf 88' lang='lat' dir='ltr'><strong>amice</strong></span> <span class='ocrx_word' id='word_1_133' title='bbox 3196 869 3438 924; x_wconf 80' lang='lat' dir='ltr'><strong>referam.</strong></span> 
     </span>
    </p>
   </div>
   <div class='ocr_carea' id='block_1_23' title="bbox 2297 945 3722 1032">
    <p class='ocr_par' dir='ltr' id='par_1_23' title="bbox 2297 945 3722 1032">
     <span class='ocr_line' id='line_1_23' title="bbox 2297 945 3722 1032; baseline 0.018 -34"><span class='ocrx_word' id='word_1_134' title='bbox 2297 945 2563 1001; x_wconf 49' lang='lat' dir='ltr'><strong>&#39;Moleste</strong></span> <span class='ocrx_word' id='word_1_135' title='bbox 2595 949 2702 1003; x_wconf 85' lang='lat' dir='ltr'><strong>fert</strong></span> <span class='ocrx_word' id='word_1_136' title='bbox 2729 950 2819 1006; x_wconf 90' lang='lat' dir='ltr'><strong>ille</strong></span> <span class='ocrx_word' id='word_1_137' title='bbox 2837 955 3014 1022; x_wconf 88' lang='lat' dir='ltr'><strong>primo</strong></span> <span class='ocrx_word' id='word_1_138' title='bbox 3043 955 3306 1024; x_wconf 72' lang='lat' dir='ltr'><strong>ejdsmodi</strong></span> <span class='ocrx_word' id='word_1_139' title='bbox 3337 960 3722 1032; x_wconf 63' lang='lat' dir='ltr'><strong>rhythmosamlrls</strong></span> 
     </span>
    </p>
   </div>
   <div class='ocr_carea' id='block_1_24' title="bbox 2268 1036 3720 1125">
    <p class='ocr_par' dir='ltr' id='par_1_24' title="bbox 2268 1036 3720 1125">
     <span class='ocr_line' id='line_1_24' title="bbox 2268 1036 3720 1125; baseline 0.018 -36"><span class='ocrx_word' id='word_1_140' title='bbox 2268 1036 2433 1092; x_wconf 87' lang='lat' dir='ltr'><strong>fuisse</strong></span> <span class='ocrx_word' id='word_1_141' title='bbox 2459 1041 2763 1108; x_wconf 89' lang='lat' dir='ltr'><strong>productos,</strong></span> <span class='ocrx_word' id='word_1_142' title='bbox 2795 1045 2981 1113; x_wconf 80' lang='lat' dir='ltr'><strong>quales</strong></span> <span class='ocrx_word' id='word_1_143' title='bbox 3003 1047 3055 1101; x_wconf 90' lang='lat' dir='ltr'><strong>in</strong></span> <span class='ocrx_word' id='word_1_144' title='bbox 3081 1065 3210 1105; x_wconf 90' lang='lat' dir='ltr'><strong>mss.</strong></span> <span class='ocrx_word' id='word_1_145' title='bbox 3237 1054 3499 1108; x_wconf 78' lang='lat' dir='ltr'><strong>codicibus</strong></span> <span class='ocrx_word' id='word_1_146' title='bbox 3520 1056 3720 1125; x_wconf 52' lang='lat' dir='ltr'><strong>deprehe-</strong></span> 
     </span>
    </p>
   </div>
   <div class='ocr_carea' id='block_1_25' title="bbox 2267 1127 3721 1202">
    <p class='ocr_par' dir='ltr' id='par_1_25' title="bbox 2267 1127 3721 1202">
     <span class='ocr_line' id='line_1_25' title="bbox 2267 1127 3721 1202; baseline 0.015 -23"><span class='ocrx_word' id='word_1_147' title='bbox 2267 1127 2463 1193; x_wconf 87' lang='lat' dir='ltr'><strong>dimus,</strong></span> <span class='ocrx_word' id='word_1_148' title='bbox 2504 1131 2607 1185; x_wconf 89' lang='lat' dir='ltr'><strong>hoc</strong></span> <span class='ocrx_word' id='word_1_149' title='bbox 2629 1143 2712 1193; x_wconf 86' lang='lat' dir='ltr'><strong>est</strong></span> <span class='ocrx_word' id='word_1_150' title='bbox 2739 1135 3018 1192; x_wconf 90' lang='lat' dir='ltr'><strong>erroribus</strong></span> <span class='ocrx_word' id='word_1_151' title='bbox 3044 1147 3334 1195; x_wconf 90' lang='lat' dir='ltr'><strong>scatentes.</strong></span> <span class='ocrx_word' id='word_1_152' title='bbox 3369 1141 3543 1199; x_wconf 83' lang='lat' dir='ltr'><strong>Deinde</strong></span> <span class='ocrx_word' id='word_1_153' title='bbox 3579 1163 3647 1202; x_wconf 78' lang='lat' dir='ltr'><strong>not</strong></span> <span class='ocrx_word' id='word_1_154' title='bbox 3673 1167 3721 1201; x_wconf 75' lang='lat' dir='ltr'><strong>u-</strong></span> 
     </span>
    </p>
   </div>
   <div class='ocr_carea' id='block_1_26' title="bbox 2263 1218 3719 1303">
    <p class='ocr_par' dir='ltr' id='par_1_26' title="bbox 2263 1218 3719 1303">
     <span class='ocr_line' id='line_1_26' title="bbox 2263 1218 3719 1303; baseline 0.016 -35"><span class='ocrx_word' id='word_1_155' title='bbox 2263 1218 2378 1286; x_wconf 84' lang='lat' dir='ltr'><strong>guit</strong></span> <span class='ocrx_word' id='word_1_156' title='bbox 2421 1223 2563 1288; x_wconf 88' lang='lat' dir='ltr'><strong>quod</strong></span> <span class='ocrx_word' id='word_1_157' title='bbox 2623 1238 2728 1276; x_wconf 88' lang='lat' dir='ltr'><strong>non</strong></span> <span class='ocrx_word' id='word_1_158' title='bbox 2769 1227 3020 1290; x_wconf 83' lang='lat' dir='ltr'><strong>versibus</strong></span> <span class='ocrx_word' id='word_1_159' title='bbox 3051 1229 3341 1303; x_wconf 83' lang='lat' dir='ltr'><strong>distinctis,</strong></span> <span class='ocrx_word' id='word_1_160' title='bbox 3389 1234 3477 1288; x_wconf 73' lang='lat' dir='ltr'><strong>sed</strong></span> <span class='ocrx_word' id='word_1_161' title='bbox 3514 1238 3719 1291; x_wconf 73' lang='lat' dir='ltr'><strong>comitium</strong></span> 
     </span>
    </p>
   </div>
   <div class='ocr_carea' id='block_1_27' title="bbox 2262 1309 3721 1394">
    <p class='ocr_par' dir='ltr' id='par_1_27' title="bbox 2262 1309 3721 1394">
     <span class='ocr_line' id='line_1_27' title="bbox 2262 1309 3721 1394; baseline 0.01 -30"><span class='ocrx_word' id='word_1_162' title='bbox 2262 1309 2504 1364; x_wconf 86' lang='lat' dir='ltr'><strong>oratione</strong></span> <span class='ocrx_word' id='word_1_163' title='bbox 2533 1312 2598 1364; x_wconf 88' lang='lat' dir='ltr'><strong>ad</strong></span> <span class='ocrx_word' id='word_1_164' title='bbox 2623 1311 2795 1366; x_wconf 89' lang='lat' dir='ltr'><strong>instar</strong></span> <span class='ocrx_word' id='word_1_165' title='bbox 2821 1330 3019 1384; x_wconf 62' lang='lat' dir='ltr'><strong>prosae,</strong></span> <span class='ocrx_word' id='word_1_166' title='bbox 3045 1330 3260 1374; x_wconf 85' lang='lat' dir='ltr'><strong>servato</strong></span> <span class='ocrx_word' id='word_1_167' title='bbox 3303 1323 3539 1376; x_wconf 73' lang='lat' dir='ltr'><strong>duntaxat</strong></span> <span class='ocrx_word' id='word_1_168' title='bbox 3563 1329 3721 1394; x_wconf 68' lang='lat' dir='ltr'><strong>stropha-</strong></span> 
     </span>
    </p>
   </div>
   <div class='ocr_carea' id='block_1_28' title="bbox 2263 1402 3720 1484">
    <p class='ocr_par' dir='ltr' id='par_1_28' title="bbox 2263 1402 3720 1484">
     <span class='ocr_line' id='line_1_28' title="bbox 2263 1402 3720 1484; baseline 0.011 -32"><span class='ocrx_word' id='word_1_169' title='bbox 2263 1416 2379 1453; x_wconf 91' lang='lat' dir='ltr'><strong>rum</strong></span> <span class='ocrx_word' id='word_1_170' title='bbox 2404 1402 2590 1458; x_wconf 90' lang='lat' dir='ltr'><strong>ordine</strong></span> <span class='ocrx_word' id='word_1_171' title='bbox 2613 1413 2897 1474; x_wconf 90' lang='lat' dir='ltr'><strong>utrumque</strong></span> <span class='ocrx_word' id='word_1_172' title='bbox 2913 1408 3222 1479; x_wconf 82' lang='lat' dir='ltr'><strong>rhythmum</strong></span> <span class='ocrx_word' id='word_1_173' title='bbox 3243 1413 3391 1481; x_wconf 91' lang='lat' dir='ltr'><strong>prelo</strong></span> <span class='ocrx_word' id='word_1_174' title='bbox 3410 1415 3720 1484; x_wconf 69' lang='lat' dir='ltr'><strong>SUbjecel&#39;illlilS:</strong></span> 
     </span>
    </p>
   </div>
   <div class='ocr_carea' id='block_1_29' title="bbox 2262 1489 3724 1576">
    <p class='ocr_par' dir='ltr' id='par_1_29' title="bbox 2262 1489 3724 1576">
     <span class='ocr_line' id='line_1_29' title="bbox 2262 1489 3724 1576; baseline 0.013 -34"><span class='ocrx_word' id='word_1_175' title='bbox 2262 1489 2324 1544; x_wconf 75' lang='lat' dir='ltr'><strong>Si</strong></span> <span class='ocrx_word' id='word_1_176' title='bbox 2353 1491 2472 1558; x_wconf 75' lang='lat' dir='ltr'><strong>fatti</strong></span> <span class='ocrx_word' id='word_1_177' title='bbox 2499 1499 2837 1565; x_wconf 78' lang='lat' dir='ltr'><strong>monumenti,</strong></span> <span class='ocrx_word' id='word_1_178' title='bbox 2886 1500 3071 1554; x_wconf 88' lang='lat' dir='ltr'><strong>scribit</strong></span> <span class='ocrx_word' id='word_1_179' title='bbox 3117 1502 3226 1568; x_wconf 88' lang='lat' dir='ltr'><strong>ille,</strong></span> <span class='ocrx_word' id='word_1_180' title='bbox 3256 1521 3358 1558; x_wconf 87' lang='lat' dir='ltr'><strong>non</strong></span> <span class='ocrx_word' id='word_1_181' title='bbox 3387 1523 3536 1559; x_wconf 79' lang='lat' dir='ltr'><strong>vanno</strong></span> <span class='ocrx_word' id='word_1_182' title='bbox 3570 1515 3724 1576; x_wconf 50' lang='lat' dir='ltr'><strong>stantini</strong></span> 
     </span>
    </p>
   </div>
   <div class='ocr_carea' id='block_1_30' title="bbox 2260 1583 3723 1665">
    <p class='ocr_par' dir='ltr' id='par_1_30' title="bbox 2260 1583 3723 1665">
     <span class='ocr_line' id='line_1_30' title="bbox 2260 1583 3723 1665; baseline 0.012 -31"><span class='ocrx_word' id='word_1_183' title='bbox 2260 1597 2402 1637; x_wconf 84' lang='lat' dir='ltr'><strong>come</strong></span> <span class='ocrx_word' id='word_1_184' title='bbox 2431 1583 2476 1638; x_wconf 86' lang='lat' dir='ltr'><strong>le</strong></span> <span class='ocrx_word' id='word_1_185' title='bbox 2505 1586 2795 1654; x_wconf 81' lang='lat' dir='ltr'><strong>iscrizioni,</strong></span> <span class='ocrx_word' id='word_1_186' title='bbox 2837 1607 2867 1644; x_wconf 87' lang='grc' dir='ltr'><em>ο</em></span> <span class='ocrx_word' id='word_1_187' title='bbox 2903 1608 3045 1645; x_wconf 83' lang='lat' dir='ltr'><strong>come</strong></span> <span class='ocrx_word' id='word_1_188' title='bbox 3088 1594 3104 1646; x_wconf 86' lang='lat' dir='ltr'><strong>i</strong></span> <span class='ocrx_word' id='word_1_189' title='bbox 3135 1595 3309 1648; x_wconf 84' lang='lat' dir='ltr'><strong>recc/ti</strong></span> <span class='ocrx_word' id='word_1_190' title='bbox 3348 1599 3723 1665; x_wconf 33' lang='lat' dir='ltr'><strong>stramentum:</strong></span> 
     </span>
    </p>
   </div>
   <div class='ocr_carea' id='block_1_31' title="bbox 2258 1675 3722 1759">
    <p class='ocr_par' dir='ltr' id='par_1_31' title="bbox 2258 1675 3722 1759">
     <span class='ocr_line' id='line_1_31' title="bbox 2258 1675 3722 1759; baseline 0.012 -36"><span class='ocrx_word' id='word_1_191' title='bbox 2258 1683 2430 1726; x_wconf 84' lang='lat' dir='ltr'><strong>ntutar</strong></span> <span class='ocrx_word' id='word_1_192' title='bbox 2458 1675 2670 1743; x_wconf 85' lang='lat' dir='ltr'><strong>Iettera,</strong></span> <span class='ocrx_word' id='word_1_193' title='bbox 2707 1681 2922 1734; x_wconf 80' lang='lat' dir='ltr'><strong>essendo</strong></span> <span class='ocrx_word' id='word_1_194' title='bbox 2959 1682 3052 1736; x_wconf 79' lang='lat' dir='ltr'><strong>cite</strong></span> <span class='ocrx_word' id='word_1_195' title='bbox 3074 1684 3212 1759; x_wconf 78' lang='lat' dir='ltr'><strong>ultro</strong></span> <span class='ocrx_word' id='word_1_196' title='bbox 3234 1685 3262 1738; x_wconf 80' lang='grc' dir='ltr'><em>ὲ</em></span> <span class='ocrx_word' id='word_1_197' title='bbox 3293 1686 3381 1739; x_wconf 83' lang='lat' dir='ltr'><strong>un‘</strong></span> <span class='ocrx_word' id='word_1_198' title='bbox 3409 1688 3618 1756; x_wconf 76' lang='lat' dir='ltr'><strong>originale</strong></span> <span class='ocrx_word' id='word_1_199' title='bbox 3636 1690 3722 1740; x_wconf 66' lang='lat' dir='ltr'><strong>Jan-</strong></span> 
     </span>
    </p>
   </div>
   <div class='ocr_carea' id='block_1_32' title="bbox 2256 1765 3722 1848">
    <p class='ocr_par' dir='ltr' id='par_1_32' title="bbox 2256 1765 3722 1848">
     <span class='ocr_line' id='line_1_32' title="bbox 2256 1765 3722 1848; baseline 0.011 -32"><span class='ocrx_word' id='word_1_200' title='bbox 2256 1765 2357 1818; x_wconf 87' lang='lat' dir='ltr'><strong>tico</strong></span> <span class='ocrx_word' id='word_1_201' title='bbox 2387 1770 2586 1832; x_wconf 85' lang='lat' dir='ltr'><strong>notaio,</strong></span> <span class='ocrx_word' id='word_1_202' title='bbox 2610 1770 2738 1824; x_wconf 86' lang='lat' dir='ltr'><strong>dove</strong></span> <span class='ocrx_word' id='word_1_203' title='bbox 2766 1773 2851 1838; x_wconf 69' lang='lat' dir='ltr'><strong>pii:</strong></span> <span class='ocrx_word' id='word_1_204' title='bbox 2883 1789 3000 1827; x_wconf 78' lang='lat' dir='ltr'><strong>cose</strong></span> <span class='ocrx_word' id='word_1_205' title='bbox 3031 1775 3320 1846; x_wconf 82' lang='lat' dir='ltr'><strong>insegnauo</strong></span> <span class='ocrx_word' id='word_1_206' title='bbox 3345 1779 3496 1832; x_wconf 80' lang='lat' dir='ltr'><strong>anclte</strong></span> <span class='ocrx_word' id='word_1_207' title='bbox 3521 1780 3576 1848; x_wconf 86' lang='lat' dir='ltr'><strong>gli</strong></span> <span class='ocrx_word' id='word_1_208' title='bbox 3604 1784 3722 1842; x_wconf 71' lang='lat' dir='ltr'><strong>mori,-</strong></span> 
     </span>
    </p>
   </div>
   <div class='ocr_carea' id='block_1_33' title="bbox 579 1834 2135 1944">
    <p class='ocr_par' dir='ltr' id='par_1_33' title="bbox 579 1834 2135 1926">
     <span class='ocr_line' id='line_1_33' title="bbox 579 1834 2135 1926; baseline 0.017 -34"><span class='ocrx_word' id='word_1_209' title='bbox 579 1834 810 1912; x_wconf 82' lang='lat' dir='ltr'><strong>liyinnos</strong></span> <span class='ocrx_word' id='word_1_210' title='bbox 836 1853 1258 1918; x_wconf 86' lang='lat' dir='ltr'><strong>entnponebanl;</strong></span> <span class='ocrx_word' id='word_1_211' title='bbox 1307 1859 1448 1926; x_wconf 89' lang='lat' dir='ltr'><strong>quod</strong></span> <span class='ocrx_word' id='word_1_212' title='bbox 1481 1859 1644 1914; x_wconf 87' lang='lat' dir='ltr'><strong>etiam</strong></span> <span class='ocrx_word' id='word_1_213' title='bbox 1689 1877 1720 1914; x_wconf 88' lang='lat' dir='ltr'><strong>e</strong></span> <span class='ocrx_word' id='word_1_214' title='bbox 1761 1862 2135 1918; x_wconf 67' lang='lat' dir='ltr'><strong>Bcncltorensi</strong></span> 
     </span>
    </p>
   </div>
   <div class='ocr_carea' id='block_1_34' title="bbox 2243 1834 3723 1944">
    <p class='ocr_par' dir='ltr' id='par_1_34' title="bbox 2256 1857 3723 1944">
     <span class='ocr_line' id='line_1_34' title="bbox 2256 1857 3723 1944; baseline 0.012 -38"><span class='ocrx_word' id='word_1_215' title='bbox 2256 1857 2318 1908; x_wconf 86' lang='lat' dir='ltr'><strong>ed</strong></span> <span class='ocrx_word' id='word_1_216' title='bbox 2345 1857 2481 1913; x_wconf 83' lang='lat' dir='ltr'><strong>ultro</strong></span> <span class='ocrx_word' id='word_1_217' title='bbox 2522 1859 2550 1912; x_wconf 79' lang='grc' dir='ltr'><strong><em>ὲ</em></strong></span> <span class='ocrx_word' id='word_1_218' title='bbox 2580 1862 2669 1914; x_wconf 85' lang='lat' dir='ltr'><strong>un’</strong></span> <span class='ocrx_word' id='word_1_219' title='bbox 2696 1863 2902 1929; x_wconf 83' lang='lat' dir='ltr'><strong>istoria,</strong></span> <span class='ocrx_word' id='word_1_220' title='bbox 2935 1883 2963 1918; x_wconf 93' lang='grc' dir='ltr'><em>ο</em></span> <span class='ocrx_word' id='word_1_221' title='bbox 2998 1863 3412 1944; x_wconf 77' lang='lat' dir='ltr'><strong>componimento</strong></span> <span class='ocrx_word' id='word_1_222' title='bbox 3451 1875 3723 1926; x_wconf 62' lang='lat' dir='ltr'><strong>tremendam</strong></span> 
     </span>
    </p>
   </div>
   <div class='ocr_carea' id='block_1_35' title="bbox 576 1929 2153 2020">
    <p class='ocr_par' dir='ltr' id='par_1_35' title="bbox 576 1929 2153 2020">
     <span class='ocr_line' id='line_1_35' title="bbox 576 1929 2153 2020; baseline 0.018 -39"><span class='ocrx_word' id='word_1_223' title='bbox 576 1929 676 1996; x_wconf 76' lang='lat' dir='ltr'><strong>bus</strong></span> <span class='ocrx_word' id='word_1_224' title='bbox 709 1949 880 2003; x_wconf 82' lang='lat' dir='ltr'><strong>nuper</strong></span> <span class='ocrx_word' id='word_1_225' title='bbox 917 1943 1230 1997; x_wconf 82' lang='lat' dir='ltr'><strong>memoratis</strong></span> <span class='ocrx_word' id='word_1_226' title='bbox 1261 1945 1506 2013; x_wconf 88' lang='lat' dir='ltr'><strong>liquebit.</strong></span> <span class='ocrx_word' id='word_1_227' title='bbox 1563 1949 1802 2018; x_wconf 76' lang='lat' dir='ltr'><strong>Exempli</strong></span> <span class='ocrx_word' id='word_1_228' title='bbox 1847 1954 2017 2020; x_wconf 78' lang='lat' dir='ltr'><strong>gratia</strong></span> <span class='ocrx_word' id='word_1_229' title='bbox 2055 1955 2153 2009; x_wconf 89' lang='lat' dir='ltr'><strong>hos</strong></span> 
     </span>
    </p>
   </div>
   <div class='ocr_carea' id='block_1_36' title="bbox 487 2015 2153 2100">
    <p class='ocr_par' dir='ltr' id='par_1_36' title="bbox 487 2015 2153 2100">
     <span class='ocr_line' id='line_1_36' title="bbox 487 2015 2153 2100; baseline 0.02 -33"><span class='ocrx_word' id='word_1_230' title='bbox 487 2081 491 2084; x_wconf 17' lang='grc' dir='ltr'>ν</span> <span class='ocrx_word' id='word_1_231' title='bbox 577 2031 784 2077; x_wconf 88' lang='lat' dir='ltr'><strong>tantum</strong></span> <span class='ocrx_word' id='word_1_232' title='bbox 825 2015 1223 2100; x_wconf 83' lang='lat' dir='ltr'><strong>commemoro,</strong></span> <span class='ocrx_word' id='word_1_233' title='bbox 1272 2053 1436 2092; x_wconf 89' lang='lat' dir='ltr'><strong>unum</strong></span> <span class='ocrx_word' id='word_1_234' title='bbox 1476 2055 1692 2094; x_wconf 88' lang='lat' dir='ltr'><strong>versum</strong></span> <span class='ocrx_word' id='word_1_235' title='bbox 1726 2059 1776 2095; x_wconf 89' lang='lat' dir='ltr'><strong>Ill</strong></span> <span class='ocrx_word' id='word_1_236' title='bbox 1814 2043 1949 2098; x_wconf 88' lang='lat' dir='ltr'><strong>duos</strong></span> <span class='ocrx_word' id='word_1_237' title='bbox 1985 2047 2153 2100; x_wconf 85' lang='lat' dir='ltr'><strong>versi-</strong></span> 
     </span>
    </p>
   </div>
   <div class='ocr_carea' id='block_1_37' title="bbox 572 2114 1041 2178">
    <p class='ocr_par' dir='ltr' id='par_1_37' title="bbox 572 2114 1041 2178">
     <span class='ocr_line' id='line_1_37' title="bbox 572 2114 1041 2178; baseline 0.017 -8"><span class='ocrx_word' id='word_1_238' title='bbox 572 2114 725 2172; x_wconf 79' lang='lat' dir='ltr'><strong>culos</strong></span> <span class='ocrx_word' id='word_1_239' title='bbox 755 2119 1041 2178; x_wconf 87' lang='lat' dir='ltr'><strong>dividens:</strong></span> 
     </span>
    </p>
   </div>
   <div class='ocr_carea' id='block_1_38' title="bbox 960 2214 1598 2288">
    <p class='ocr_par' dir='ltr' id='par_1_38' title="bbox 960 2214 1598 2288">
     <span class='ocr_line' id='line_1_38' title="bbox 960 2214 1598 2288; baseline 0.022 -21"><span class='ocrx_word' id='word_1_240' title='bbox 960 2214 1025 2268; x_wconf 85' lang='lat' dir='ltr'><strong>In</strong></span> <span class='ocrx_word' id='word_1_241' title='bbox 1045 2220 1310 2288; x_wconf 82' lang='lat' dir='ltr'><strong>prop/telis</strong></span> <span class='ocrx_word' id='word_1_242' title='bbox 1352 2223 1598 2281; x_wconf 78' lang='lat' dir='ltr'><strong>inveniris</strong></span> 
     </span>
    </p>
   </div>
   <div class='ocr_carea' id='block_1_39' title="bbox 963 2306 1605 2373">
    <p class='ocr_par' dir='ltr' id='par_1_39' title="bbox 963 2306 1605 2373">
     <span class='ocr_line' id='line_1_39' title="bbox 963 2306 1605 2373; baseline 0.022 -14"><span class='ocrx_word' id='word_1_243' title='bbox 963 2306 1163 2362; x_wconf 80' lang='lat' dir='ltr'><strong>Nostro</strong></span> <span class='ocrx_word' id='word_1_244' title='bbox 1191 2324 1343 2366; x_wconf 85' lang='lat' dir='ltr'><strong>natus</strong></span> <span class='ocrx_word' id='word_1_245' title='bbox 1380 2317 1605 2373; x_wconf 78' lang='lat' dir='ltr'><strong>sa’culo.</strong></span> 
     </span>
    </p>
   </div>
   <div class='ocr_carea' id='block_1_40' title="bbox 958 2389 1534 2473">
    <p class='ocr_par' dir='ltr' id='par_1_40' title="bbox 958 2389 1534 2473">
     <span class='ocr_line' id='line_1_40' title="bbox 958 2389 1534 2473; baseline 0.019 -25"><span class='ocrx_word' id='word_1_246' title='bbox 958 2397 1091 2454; x_wconf 83' lang='lat' dir='ltr'><strong>Ante</strong></span> <span class='ocrx_word' id='word_1_247' title='bbox 1111 2401 1266 2455; x_wconf 78' lang='lat' dir='ltr'><strong>swcla</strong></span> <span class='ocrx_word' id='word_1_248' title='bbox 1297 2389 1352 2456; x_wconf 17' lang='lat' dir='ltr'><strong>tiu</strong></span> <span class='ocrx_word' id='word_1_249' title='bbox 1383 2406 1534 2473; x_wconf 77' lang='lat' dir='ltr'><strong>fuisti</strong></span> 
     </span>
    </p>
   </div>
   <div class='ocr_carea' id='block_1_41' title="bbox 895 2478 1685 2565">
    <p class='ocr_par' dir='ltr' id='par_1_41' title="bbox 895 2486 1685 2565">
     <span class='ocr_line' id='line_1_41' title="bbox 895 2486 1685 2565; baseline 0.02 -28"><span class='ocrx_word' id='word_1_250' title='bbox 895 2534 898 2536; x_wconf 89' lang='lat'><strong>.</strong></span> <span class='ocrx_word' id='word_1_251' title='bbox 960 2486 1568 2565; x_wconf 9' lang='grc' dir='ltr'><strong>Ναί-τοι·ρι’ἱηιὶιδαιειιίὲ,</strong></span> <span class='ocrx_word' id='word_1_252' title='bbox 1600 2509 1685 2553; x_wconf 88' lang='lat' dir='ltr'><strong>etc</strong></span> 
     </span>
    </p>
   </div>
   <div class='ocr_carea' id='block_1_42' title="bbox 958 2579 1716 2656">
    <p class='ocr_par' dir='ltr' id='par_1_42' title="bbox 958 2579 1716 2656">
     <span class='ocr_line' id='line_1_42' title="bbox 958 2579 1716 2656; baseline 0.016 -24"><span class='ocrx_word' id='word_1_253' title='bbox 958 2579 1089 2634; x_wconf 86' lang='lat' dir='ltr'><strong>Cum</strong></span> <span class='ocrx_word' id='word_1_254' title='bbox 1111 2583 1261 2651; x_wconf 86' lang='lat' dir='ltr'><strong>jubet</strong></span> <span class='ocrx_word' id='word_1_255' title='bbox 1299 2604 1490 2656; x_wconf 78' lang='lat' dir='ltr'><strong>parvos</strong></span> <span class='ocrx_word' id='word_1_256' title='bbox 1516 2593 1716 2656; x_wconf 75' lang='lat' dir='ltr'><strong>necari,</strong></span> 
     </span>
    </p>
   </div>
   <div class='ocr_carea' id='block_1_43' title="bbox 959 2671 1629 2750">
    <p class='ocr_par' dir='ltr' id='par_1_43' title="bbox 959 2671 1629 2750">
     <span class='ocr_line' id='line_1_43' title="bbox 959 2671 1629 2750; baseline 0.018 -26"><span class='ocrx_word' id='word_1_257' title='bbox 959 2671 1134 2727; x_wconf 84' lang='lat' dir='ltr'><strong>Turba</strong></span> <span class='ocrx_word' id='word_1_258' title='bbox 1163 2675 1282 2744; x_wconf 82' lang='lat' dir='ltr'><strong>fecit</strong></span> <span class='ocrx_word' id='word_1_259' title='bbox 1317 2693 1629 2750; x_wconf 81' lang='lat' dir='ltr'><strong>martyrum.</strong></span> 
     </span>
    </p>
   </div>
   <div class='ocr_carea' id='block_1_44' title="bbox 954 2762 1743 2842">
    <p class='ocr_par' dir='ltr' id='par_1_44' title="bbox 954 2762 1743 2842">
     <span class='ocr_line' id='line_1_44' title="bbox 954 2762 1743 2842; baseline 0.022 -29"><span class='ocrx_word' id='word_1_260' title='bbox 954 2762 1152 2818; x_wconf 75' lang='lat' dir='ltr'><strong>Fertur</strong></span> <span class='ocrx_word' id='word_1_261' title='bbox 1182 2769 1360 2836; x_wconf 82' lang='lat' dir='ltr'><strong>infans</strong></span> <span class='ocrx_word' id='word_1_262' title='bbox 1405 2773 1743 2842; x_wconf 76' lang='lat' dir='ltr'><strong>occulendus,</strong></span> 
     </span>
    </p>
   </div>
   <div class='ocr_carea' id='block_1_45' title="bbox 953 2853 1770 2934">
    <p class='ocr_par' dir='ltr' id='par_1_45' title="bbox 953 2853 1770 2934">
     <span class='ocr_line' id='line_1_45' title="bbox 953 2853 1770 2934; baseline 0.021 -27"><span class='ocrx_word' id='word_1_263' title='bbox 953 2853 1068 2910; x_wconf 89' lang='lat' dir='ltr'><strong>Nili</strong></span> <span class='ocrx_word' id='word_1_264' title='bbox 1094 2860 1294 2928; x_wconf 81' lang='lat' dir='ltr'><strong>ﬂumen</strong></span> <span class='ocrx_word' id='word_1_265' title='bbox 1319 2879 1421 2932; x_wconf 87' lang='lat' dir='ltr'><strong>quo</strong></span> <span class='ocrx_word' id='word_1_266' title='bbox 1461 2866 1598 2934; x_wconf 81' lang='lat' dir='ltr'><strong>ﬂuit.</strong></span> <span class='ocrx_word' id='word_1_267' title='bbox 1765 2921 1770 2924; x_wconf 88' lang='lat'><strong>.</strong></span> 
     </span>
    </p>
   </div>
   <div class='ocr_carea' id='block_1_46' title="bbox 564 2941 2146 3025">
    <p class='ocr_par' dir='ltr' id='par_1_46' title="bbox 564 2941 2146 3025">
     <span class='ocr_line' id='line_1_46' title="bbox 564 2941 2146 3025; baseline 0.018 -29"><span class='ocrx_word' id='word_1_268' title='bbox 564 2941 792 2998; x_wconf 83' lang='lat' dir='ltr'><strong>Allalius</strong></span> <span class='ocrx_word' id='word_1_269' title='bbox 833 2960 1048 3016; x_wconf 89' lang='lat' dir='ltr'><strong>quoque</strong></span> <span class='ocrx_word' id='word_1_270' title='bbox 1092 2952 1454 3020; x_wconf 72' lang='lat' dir='ltr'><strong>prtelaudatus</strong></span> <span class='ocrx_word' id='word_1_271' title='bbox 1497 2959 1880 3017; x_wconf 82' lang='lat' dir='ltr'><strong>animadvertit</strong></span> <span class='ocrx_word' id='word_1_272' title='bbox 1931 2967 1982 3021; x_wconf 89' lang='lat' dir='ltr'><strong>in</strong></span> <span class='ocrx_word' id='word_1_273' title='bbox 2026 2985 2146 3025; x_wconf 90' lang='lat' dir='ltr'><strong>ver-</strong></span> 
     </span>
    </p>
   </div>
   <div class='ocr_carea' id='block_1_47' title="bbox 563 3035 2142 3128">
    <p class='ocr_par' dir='ltr' id='par_1_47' title="bbox 563 3035 2142 3128">
     <span class='ocr_line' id='line_1_47' title="bbox 563 3035 2142 3128; baseline 0.016 -40"><span class='ocrx_word' id='word_1_274' title='bbox 563 3035 714 3090; x_wconf 86' lang='lat' dir='ltr'><strong>sibus</strong></span> <span class='ocrx_word' id='word_1_275' title='bbox 739 3035 1052 3094; x_wconf 66' lang='lat' dir='ltr'><strong>Graecorum</strong></span> <span class='ocrx_word' id='word_1_276' title='bbox 1096 3042 1338 3112; x_wconf 75' lang='lat' dir='ltr'><strong>politicis,</strong></span> <span class='ocrx_word' id='word_1_277' title='bbox 1370 3049 1424 3102; x_wconf 89' lang='lat' dir='ltr'><strong>in</strong></span> <span class='ocrx_word' id='word_1_278' title='bbox 1451 3051 1658 3118; x_wconf 78' lang='lat' dir='ltr'><strong>quibus,</strong></span> <span class='ocrx_word' id='word_1_279' title='bbox 1707 3064 1765 3107; x_wconf 92' lang='lat' dir='ltr'><strong>ut</strong></span> <span class='ocrx_word' id='word_1_280' title='bbox 1788 3056 1900 3126; x_wconf 91' lang='lat' dir='ltr'><strong>ipse</strong></span> <span class='ocrx_word' id='word_1_281' title='bbox 1935 3040 2142 3128; x_wconf 86' lang='lat' dir='ltr'><strong>scribit,</strong></span> 
     </span>
    </p>
   </div>
   <div class='ocr_carea' id='block_1_48' title="bbox 561 3127 2142 3222">
    <p class='ocr_par' dir='ltr' id='par_1_48' title="bbox 561 3127 2142 3222">
     <span class='ocr_line' id='line_1_48' title="bbox 561 3127 2142 3222; baseline 0.02 -45"><span class='ocrx_word' id='word_1_282' title='bbox 561 3127 792 3198; x_wconf 61' lang='lat' dir='ltr'><strong>syllaba:</strong></span> <span class='ocrx_word' id='word_1_283' title='bbox 840 3131 1135 3200; x_wconf 84' lang='lat' dir='ltr'><strong>quindecim</strong></span> <span class='ocrx_word' id='word_1_284' title='bbox 1179 3153 1444 3210; x_wconf 84' lang='lat' dir='ltr'><strong>nunquam</strong></span> <span class='ocrx_word' id='word_1_285' title='bbox 1490 3144 1776 3213; x_wconf 79' lang='lat' dir='ltr'><strong>excedunt;</strong></span> <span class='ocrx_word' id='word_1_286' title='bbox 1845 3161 1893 3203; x_wconf 85' lang='lat' dir='ltr'><strong>et</strong></span> <span class='ocrx_word' id='word_1_287' title='bbox 1937 3153 1983 3205; x_wconf 82' lang='lat' dir='ltr'><strong>si</strong></span> <span class='ocrx_word' id='word_1_288' title='bbox 2023 3127 2142 3222; x_wconf 66' lang='lat' dir='ltr'><strong>quia</strong></span> 
     </span>
    </p>
   </div>
   <div class='ocr_carea' id='block_1_49' title="bbox 562 3217 2146 3313">
    <p class='ocr_par' dir='ltr' id='par_1_49' title="bbox 562 3217 2146 3313">
     <span class='ocr_line' id='line_1_49' title="bbox 562 3217 2146 3313; baseline 0.019 -44"><span class='ocrx_word' id='word_1_289' title='bbox 562 3217 700 3272; x_wconf 85' lang='lat' dir='ltr'><strong>ultra</strong></span> <span class='ocrx_word' id='word_1_290' title='bbox 741 3221 1001 3289; x_wconf 82' lang='lat' dir='ltr'><strong>videntur,</strong></span> <span class='ocrx_word' id='word_1_291' title='bbox 1033 3243 1120 3280; x_wconf 81' lang='lat' dir='ltr'><strong>eas</strong></span> <span class='ocrx_word' id='word_1_292' title='bbox 1151 3244 1243 3297; x_wconf 83' lang='lat' dir='ltr'><strong>per</strong></span> <span class='ocrx_word' id='word_1_293' title='bbox 1275 3231 1594 3300; x_wconf 77' lang='lat' dir='ltr'><strong>aphtct&#39;esin,</strong></span> <span class='ocrx_word' id='word_1_294' title='bbox 1637 3235 1742 3290; x_wconf 76' lang='lat' dir='ltr'><strong>sive</strong></span> <span class='ocrx_word' id='word_1_295' title='bbox 1774 3217 2146 3313; x_wconf 67' lang='lat' dir='ltr'><strong>synalwplien,‘</strong></span> 
     </span>
    </p>
   </div>
   <div class='ocr_carea' id='block_1_50' title="bbox 559 3311 2137 3391">
    <p class='ocr_par' dir='ltr' id='par_1_50' title="bbox 559 3311 2137 3391">
     <span class='ocr_line' id='line_1_50' title="bbox 559 3311 2137 3391; baseline 0.022 -34"><span class='ocrx_word' id='word_1_296' title='bbox 559 3311 831 3369; x_wconf 70' lang='lat' dir='ltr'><strong>decurtata</strong></span> <span class='ocrx_word' id='word_1_297' title='bbox 873 3327 921 3369; x_wconf 81' lang='lat' dir='ltr'><strong>et</strong></span> <span class='ocrx_word' id='word_1_298' title='bbox 949 3316 1256 3373; x_wconf 77' lang='lat' dir='ltr'><strong>absumunt.</strong></span> <span class='ocrx_word' id='word_1_299' title='bbox 1300 3320 1554 3389; x_wconf 84' lang='lat' dir='ltr'><strong>Ejusdem</strong></span> <span class='ocrx_word' id='word_1_300' title='bbox 1604 3340 1788 3384; x_wconf 87' lang='lat' dir='ltr'><strong>autem</strong></span> <span class='ocrx_word' id='word_1_301' title='bbox 1825 3311 1980 3386; x_wconf 89' lang='lat' dir='ltr'><strong>metri</strong></span> <span class='ocrx_word' id='word_1_302' title='bbox 2010 3311 2137 3391; x_wconf 86' lang='lat' dir='ltr'><strong>sunt</strong></span> 
     </span>
    </p>
   </div>
   <div class='ocr_carea' id='block_1_51' title="bbox 559 3398 2138 3484">
    <p class='ocr_par' dir='ltr' id='par_1_51' title="bbox 559 3398 2138 3484">
     <span class='ocr_line' id='line_1_51' title="bbox 559 3398 2138 3484; baseline 0.02 -33"><span class='ocrx_word' id='word_1_303' title='bbox 559 3398 812 3460; x_wconf 76' lang='lat' dir='ltr'><strong>Planctus</strong></span> <span class='ocrx_word' id='word_1_304' title='bbox 859 3408 1183 3479; x_wconf 70' lang='lat' dir='ltr'><strong>Myl/unicus</strong></span> <span class='ocrx_word' id='word_1_305' title='bbox 1225 3421 1600 3484; x_wconf 85' lang='lat' dir='ltr'><strong>super&#39;morte</strong></span> <span class='ocrx_word' id='word_1_306' title='bbox 1639 3408 1973 3482; x_wconf 61' lang='lat' dir='ltr'><strong>Consiantini</strong></span> <span class='ocrx_word' id='word_1_307' title='bbox 2024 3443 2138 3482; x_wconf 83' lang='lat' dir='ltr'><strong>mo-</strong></span> 
     </span>
    </p>
   </div>
   <div class='ocr_carea' id='block_1_52' title="bbox 557 3495 2132 3584">
    <p class='ocr_par' dir='ltr' id='par_1_52' title="bbox 557 3495 2132 3584">
     <span class='ocr_line' id='line_1_52' title="bbox 557 3495 2132 3584; baseline 0.019 -40"><span class='ocrx_word' id='word_1_308' title='bbox 557 3495 733 3548; x_wconf 92' lang='lat' dir='ltr'><strong>nachi.</strong></span> <span class='ocrx_word' id='word_1_309' title='bbox 761 3496 1117 3557; x_wconf 78' lang='lat' dir='ltr'><strong>Luxovieusls</strong></span> <span class='ocrx_word' id='word_1_310' title='bbox 1156 3519 1186 3557; x_wconf 88' lang='lat' dir='ltr'><strong>a</strong></span> <span class='ocrx_word' id='word_1_311' title='bbox 1228 3504 1437 3576; x_wconf 77' lang='lat' dir='ltr'><strong>Gudino</strong></span> <span class='ocrx_word' id='word_1_312' title='bbox 1473 3513 1728 3567; x_wconf 75' lang='lat' dir='ltr'><strong>monac/to</strong></span> <span class='ocrx_word' id='word_1_313' title='bbox 1765 3501 2132 3584; x_wconf 80' lang='lat' dir='ltr'><strong>cetnpositus,</strong></span> 
     </span>
    </p>
   </div>
   <div class='ocr_carea' id='block_1_53' title="bbox 553 3586 2137 3676">
    <p class='ocr_par' dir='ltr' id='par_1_53' title="bbox 553 3586 2137 3676">
     <span class='ocr_line' id='line_1_53' title="bbox 553 3586 2137 3676; baseline 0.018 -39"><span class='ocrx_word' id='word_1_314' title='bbox 553 3593 608 3637; x_wconf 87' lang='lat' dir='ltr'><strong>et</strong></span> <span class='ocrx_word' id='word_1_315' title='bbox 640 3586 951 3646; x_wconf 83' lang='lat' dir='ltr'><strong>Adelmanni</strong></span> <span class='ocrx_word' id='word_1_316' title='bbox 988 3593 1298 3651; x_wconf 78' lang='lat' dir='ltr'><strong>Scholastici</strong></span> <span class='ocrx_word' id='word_1_317' title='bbox 1337 3600 1578 3672; x_wconf 81' lang='lat' dir='ltr'><strong>thytltmi</strong></span> <span class='ocrx_word' id='word_1_318' title='bbox 1610 3607 1921 3676; x_wconf 83' lang='lat' dir='ltr'><strong>alpltabetici</strong></span> <span class='ocrx_word' id='word_1_319' title='bbox 1963 3610 2028 3664; x_wconf 90' lang='lat' dir='ltr'><strong>de</strong></span> <span class='ocrx_word' id='word_1_320' title='bbox 2056 3611 2137 3664; x_wconf 85' lang='lat' dir='ltr'><strong>vi-</strong></span> 
     </span>
    </p>
   </div>
   <div class='ocr_carea' id='block_1_54' title="bbox 559 3675 2174 3770">
    <p class='ocr_par' dir='ltr' id='par_1_54' title="bbox 559 3675 2174 3770">
     <span class='ocr_line' id='line_1_54' title="bbox 559 3675 2174 3770; baseline 0.019 -45"><span class='ocrx_word' id='word_1_321' title='bbox 559 3675 632 3727; x_wconf 89' lang='lat' dir='ltr'><strong>ris</strong></span> <span class='ocrx_word' id='word_1_322' title='bbox 660 3677 961 3735; x_wconf 83' lang='lat' dir='ltr'><strong>illustribus</strong></span> <span class='ocrx_word' id='word_1_323' title='bbox 994 3684 1074 3738; x_wconf 89' lang='lat' dir='ltr'><strong>sui</strong></span> <span class='ocrx_word' id='word_1_324' title='bbox 1109 3690 1391 3758; x_wconf 85' lang='lat' dir='ltr'><strong>temporis,</strong></span> <span class='ocrx_word' id='word_1_325' title='bbox 1434 3707 1570 3762; x_wconf 91' lang='lat' dir='ltr'><strong>quos</strong></span> <span class='ocrx_word' id='word_1_326' title='bbox 1597 3675 1797 3751; x_wconf 68' lang='lat' dir='ltr'><strong>sarculo</strong></span> <span class='ocrx_word' id='word_1_327' title='bbox 1832 3713 1886 3751; x_wconf 79' lang='lat' dir='ltr'><strong>XI</strong></span> <span class='ocrx_word' id='word_1_328' title='bbox 1917 3713 2135 3770; x_wconf 87' lang='lat' dir='ltr'><strong>compo—</strong></span> <span class='ocrx_word' id='word_1_329' title='bbox 2171 3707 2174 3709; x_wconf 36' lang='grc' dir='ltr'>λ</span> 
     </span>
    </p>
   </div>
   <div class='ocr_carea' id='block_1_55' title="bbox 555 3764 2135 3855">
    <p class='ocr_par' dir='ltr' id='par_1_55' title="bbox 555 3764 2135 3855">
     <span class='ocr_line' id='line_1_55' title="bbox 555 3764 2135 3855; baseline 0.017 -40"><span class='ocrx_word' id='word_1_330' title='bbox 555 3764 687 3818; x_wconf 86' lang='lat' dir='ltr'><strong>sitos</strong></span> <span class='ocrx_word' id='word_1_331' title='bbox 718 3767 1058 3827; x_wconf 79' lang='lat' dir='ltr'><strong>Mabillonius</strong></span> <span class='ocrx_word' id='word_1_332' title='bbox 1104 3773 1166 3829; x_wconf 85' lang='lat' dir='ltr'><strong>V.</strong></span> <span class='ocrx_word' id='word_1_333' title='bbox 1206 3776 1274 3830; x_wconf 92' lang='lat' dir='ltr'><strong>cl.</strong></span> <span class='ocrx_word' id='word_1_334' title='bbox 1315 3779 1456 3834; x_wconf 90' lang='lat' dir='ltr'><strong>inter</strong></span> <span class='ocrx_word' id='word_1_335' title='bbox 1495 3793 1676 3838; x_wconf 85' lang='lat' dir='ltr'><strong>vetera</strong></span> <span class='ocrx_word' id='word_1_336' title='bbox 1719 3785 1978 3842; x_wconf 79' lang='lat' dir='ltr'><strong>Analecta</strong></span> <span class='ocrx_word' id='word_1_337' title='bbox 2020 3788 2135 3855; x_wconf 48' lang='lat' dir='ltr'><strong>edis</strong></span> 
     </span>
    </p>
   </div>
   <div class='ocr_carea' id='block_1_56' title="bbox 556 3852 2134 3949">
    <p class='ocr_par' dir='ltr' id='par_1_56' title="bbox 556 3852 2134 3949">
     <span class='ocr_line' id='line_1_56' title="bbox 556 3852 2134 3949; baseline 0.018 -44"><span class='ocrx_word' id='word_1_338' title='bbox 556 3852 650 3906; x_wconf 87' lang='lat' dir='ltr'><strong>dit.</strong></span> <span class='ocrx_word' id='word_1_339' title='bbox 683 3853 814 3910; x_wconf 78' lang='lat' dir='ltr'><strong>Vide</strong></span> <span class='ocrx_word' id='word_1_340' title='bbox 849 3860 1052 3926; x_wconf 88' lang='lat' dir='ltr'><strong>pariter</strong></span> <span class='ocrx_word' id='word_1_341' title='bbox 1082 3861 1224 3938; x_wconf 84' lang='lat' dir='ltr'><strong>inter</strong></span> <span class='ocrx_word' id='word_1_342' title='bbox 1252 3867 1427 3935; x_wconf 87' lang='lat' dir='ltr'><strong>Opera</strong></span> <span class='ocrx_word' id='word_1_343' title='bbox 1465 3873 1637 3926; x_wconf 90' lang='lat' dir='ltr'><strong>sancti</strong></span> <span class='ocrx_word' id='word_1_344' title='bbox 1670 3873 1905 3930; x_wconf 87' lang='lat' dir='ltr'><strong>Fulberti</strong></span> <span class='ocrx_word' id='word_1_345' title='bbox 1944 3853 2134 3949; x_wconf 56' lang='lat' dir='ltr'><strong>rhytlné</strong></span> 
     </span>
    </p>
   </div>
   <div class='ocr_carea' id='block_1_57' title="bbox 555 3951 2132 4040">
    <p class='ocr_par' dir='ltr' id='par_1_57' title="bbox 555 3951 2132 4040">
     <span class='ocr_line' id='line_1_57' title="bbox 555 3951 2132 4040; baseline 0.017 -42"><span class='ocrx_word' id='word_1_346' title='bbox 555 3961 693 4011; x_wconf 91' lang='lat' dir='ltr'><strong>mos,</strong></span> <span class='ocrx_word' id='word_1_347' title='bbox 725 3951 1222 4010; x_wconf 87' lang='lat' dir='ltr'><strong>versibus-minime</strong></span> <span class='ocrx_word' id='word_1_348' title='bbox 1257 3959 1527 4017; x_wconf 84' lang='lat' dir='ltr'><strong>distinctis</strong></span> <span class='ocrx_word' id='word_1_349' title='bbox 1554 3965 1749 4040; x_wconf 85' lang='lat' dir='ltr'><strong>editos.</strong></span> <span class='ocrx_word' id='word_1_350' title='bbox 1789 3967 2002 4023; x_wconf 88' lang='lat' dir='ltr'><strong>Floruit</strong></span> <span class='ocrx_word' id='word_1_351' title='bbox 2045 3970 2132 4027; x_wconf 90' lang='lat' dir='ltr'><strong>ille</strong></span> 
     </span>
    </p>
   </div>
   <div class='ocr_carea' id='block_1_58' title="bbox 550 4029 2132 4128">
    <p class='ocr_par' dir='ltr' id='par_1_58' title="bbox 550 4029 2132 4128">
     <span class='ocr_line' id='line_1_58' title="bbox 550 4029 2132 4128; baseline 0.015 -36"><span class='ocrx_word' id='word_1_352' title='bbox 550 4029 770 4109; x_wconf 82' lang='lat' dir='ltr'><strong>quoque</strong></span> <span class='ocrx_word' id='word_1_353' title='bbox 817 4045 1015 4100; x_wconf 73' lang='lat' dir='ltr'><strong>Steculo</strong></span> <span class='ocrx_word' id='word_1_354' title='bbox 1039 4063 1112 4103; x_wconf 80' lang='grc' dir='ltr'>ιιι.</span> <span class='ocrx_word' id='word_1_355' title='bbox 1143 4047 1384 4106; x_wconf 84' lang='lat' dir='ltr'><strong>Similem</strong></span> <span class='ocrx_word' id='word_1_356' title='bbox 1431 4035 1594 4108; x_wconf 86' lang='lat' dir='ltr'><strong>etiam</strong></span> <span class='ocrx_word' id='word_1_357' title='bbox 1644 4042 1955 4128; x_wconf 85' lang='lat' dir='ltr'><strong>rhythmum</strong></span> <span class='ocrx_word' id='word_1_358' title='bbox 1993 4060 2132 4115; x_wconf 86' lang='lat' dir='ltr'><strong>Lan-</strong></span> 
     </span>
    </p>
   </div>
   <div class='ocr_carea' id='block_1_59' title="bbox 555 4130 2129 4215">
    <p class='ocr_par' dir='ltr' id='par_1_59' title="bbox 555 4130 2129 4215">
     <span class='ocr_line' id='line_1_59' title="bbox 555 4130 2129 4215; baseline 0.014 -32"><span class='ocrx_word' id='word_1_359' title='bbox 555 4130 791 4200; x_wconf 90' lang='lat' dir='ltr'><strong>dulphus</strong></span> <span class='ocrx_word' id='word_1_360' title='bbox 831 4136 1012 4189; x_wconf 87' lang='lat' dir='ltr'><strong>senior</strong></span> <span class='ocrx_word' id='word_1_361' title='bbox 1042 4137 1332 4194; x_wconf 85' lang='lat' dir='ltr'><strong>historicus</strong></span> <span class='ocrx_word' id='word_1_362' title='bbox 1364 4141 1774 4202; x_wconf 84' lang='lat' dir='ltr'><strong>Mediolaneusis</strong></span> <span class='ocrx_word' id='word_1_363' title='bbox 1804 4132 2070 4215; x_wconf 73' lang='lat' dir='ltr'><strong>exhibuit,</strong></span> <span class='ocrx_word' id='word_1_364' title='bbox 2100 4167 2129 4205; x_wconf 89' lang='lat' dir='ltr'><strong>a</strong></span> 
     </span>
    </p>
   </div>
   <div class='ocr_carea' id='block_1_60' title="bbox 544 4225 2130 4312">
    <p class='ocr_par' dir='ltr' id='par_1_60' title="bbox 544 4225 2130 4312">
     <span class='ocr_line' id='line_1_60' title="bbox 544 4225 2130 4312; baseline 0.015 -38"><span class='ocrx_word' id='word_1_365' title='bbox 544 4238 639 4276; x_wconf 76' lang='lat' dir='ltr'><strong>me</strong></span> <span class='ocrx_word' id='word_1_366' title='bbox 671 4225 977 4296; x_wconf 78' lang='lat' dir='ltr'><strong>evulgatum</strong></span> <span class='ocrx_word' id='word_1_367' title='bbox 1020 4231 1257 4308; x_wconf 83' lang='lat' dir='ltr'><strong>to&#39;molV</strong></span> <span class='ocrx_word' id='word_1_368' title='bbox 1289 4232 1416 4288; x_wconf 81' lang='lat' dir='ltr'><strong>Rcr.</strong></span> <span class='ocrx_word' id='word_1_369' title='bbox 1465 4235 1698 4294; x_wconf 86' lang='lat' dir='ltr'><strong>ltalicar.</strong></span> <span class='ocrx_word' id='word_1_370' title='bbox 1746 4239 1871 4293; x_wconf 76' lang='lat' dir='ltr'><strong>Milli</strong></span> <span class='ocrx_word' id='word_1_371' title='bbox 1907 4242 1972 4296; x_wconf 87' lang='lat' dir='ltr'><strong>de</strong></span> <span class='ocrx_word' id='word_1_372' title='bbox 2015 4244 2130 4312; x_wconf 87' lang='lat' dir='ltr'><strong>ipso</strong></span> 
     </span>
    </p>
   </div>
   <div class='ocr_carea' id='block_1_61' title="bbox 551 4313 2129 4398">
    <p class='ocr_par' dir='ltr' id='par_1_61' title="bbox 551 4313 2129 4398">
     <span class='ocr_line' id='line_1_61' title="bbox 551 4313 2129 4398; baseline 0.015 -32"><span class='ocrx_word' id='word_1_373' title='bbox 551 4313 690 4367; x_wconf 89' lang='lat' dir='ltr'><strong>infra</strong></span> <span class='ocrx_word' id='word_1_374' title='bbox 733 4330 916 4371; x_wconf 89' lang='lat' dir='ltr'><strong>sermo</strong></span> <span class='ocrx_word' id='word_1_375' title='bbox 955 4332 1218 4376; x_wconf 86' lang='lat' dir='ltr'><strong>recurret.</strong></span> <span class='ocrx_word' id='word_1_376' title='bbox 1250 4324 1495 4380; x_wconf 78' lang='lat' dir='ltr'><strong>Alterum</strong></span> <span class='ocrx_word' id='word_1_377' title='bbox 1546 4344 1760 4398; x_wconf 89' lang='lat' dir='ltr'><strong>quoque</strong></span> <span class='ocrx_word' id='word_1_378' title='bbox 1803 4331 1922 4385; x_wconf 87' lang='lat' dir='ltr'><strong>vide</strong></span> <span class='ocrx_word' id='word_1_379' title='bbox 1969 4350 1996 4386; x_wconf 89' lang='lat' dir='ltr'><strong>a</strong></span> <span class='ocrx_word' id='word_1_380' title='bbox 2044 4351 2129 4390; x_wconf 91' lang='lat' dir='ltr'><strong>tne</strong></span> 
     </span>
    </p>
   </div>
   <div class='ocr_carea' id='block_1_62' title="bbox 549 4406 2125 4497">
    <p class='ocr_par' dir='ltr' id='par_1_62' title="bbox 549 4406 2125 4497">
     <span class='ocr_line' id='line_1_62' title="bbox 549 4406 2125 4497; baseline 0.015 -39"><span class='ocrx_word' id='word_1_381' title='bbox 549 4406 749 4473; x_wconf 88' lang='lat' dir='ltr'><strong>publici</strong></span> <span class='ocrx_word' id='word_1_382' title='bbox 775 4406 914 4475; x_wconf 85' lang='lat' dir='ltr'><strong>juris</strong></span> <span class='ocrx_word' id='word_1_383' title='bbox 950 4408 1148 4466; x_wconf 85' lang='lat' dir='ltr'><strong>factum</strong></span> <span class='ocrx_word' id='word_1_384' title='bbox 1191 4415 1243 4468; x_wconf 89' lang='lat' dir='ltr'><strong>in</strong></span> <span class='ocrx_word' id='word_1_385' title='bbox 1285 4418 1390 4471; x_wconf 83' lang='lat' dir='ltr'><strong>line</strong></span> <span class='ocrx_word' id='word_1_386' title='bbox 1429 4417 1822 4488; x_wconf 81' lang='lat' dir='ltr'><strong>Paralipomen.</strong></span> <span class='ocrx_word' id='word_1_387' title='bbox 1862 4425 2125 4497; x_wconf 81' lang='lat' dir='ltr'><strong>Anonymi</strong></span> 
     </span>
    </p>
   </div>
   <div class='ocr_carea' id='block_1_63' title="bbox 549 4499 2204 4606">
    <p class='ocr_par' dir='ltr' id='par_1_63' title="bbox 549 4499 2204 4606">
     <span class='ocr_line' id='line_1_63' title="bbox 549 4499 2204 4606; baseline 0.013 -54"><span class='ocrx_word' id='word_1_388' title='bbox 549 4499 902 4566; x_wconf 84' lang='lat' dir='ltr'><strong>Salernitani,</strong></span> <span class='ocrx_word' id='word_1_389' title='bbox 935 4513 1076 4571; x_wconf 86' lang='lat' dir='ltr'><strong>part.</strong></span> <span class='ocrx_word' id='word_1_390' title='bbox 1116 4521 1154 4559; x_wconf 90' lang='grc' dir='ltr'><strong>ιι</strong></span> <span class='ocrx_word' id='word_1_391' title='bbox 1207 4509 1333 4563; x_wconf 85' lang='grc' dir='ltr'>ιοιιιί</span> <span class='ocrx_word' id='word_1_392' title='bbox 1376 4509 1417 4563; x_wconf 90' lang='lat' dir='ltr'><strong>ll</strong></span> <span class='ocrx_word' id='word_1_393' title='bbox 1461 4510 1588 4566; x_wconf 69' lang='lat' dir='ltr'><strong>lter.</strong></span> <span class='ocrx_word' id='word_1_394' title='bbox 1641 4513 1968 4603; x_wconf 79' lang='lat' dir='ltr'><strong>Italicarum.</strong></span> <span class='ocrx_word' id='word_1_395' title='bbox 2019 4518 2126 4602; x_wconf 85' lang='lat' dir='ltr'><strong>Sed</strong></span> <span class='ocrx_word' id='word_1_396' title='bbox 2161 4551 2204 4606; x_wconf 71' lang='lat' dir='ltr'>D</span> 
     </span>
    </p>
   </div>
   <div class='ocr_carea' id='block_1_64' title="bbox 548 4595 2125 4673">
    <p class='ocr_par' dir='ltr' id='par_1_64' title="bbox 548 4595 2125 4673">
     <span class='ocr_line' id='line_1_64' title="bbox 548 4595 2125 4673; baseline 0.012 -29"><span class='ocrx_word' id='word_1_397' title='bbox 548 4607 711 4660; x_wconf 87' lang='lat' dir='ltr'><strong>supra</strong></span> <span class='ocrx_word' id='word_1_398' title='bbox 751 4604 977 4650; x_wconf 67' lang='lat' dir='ltr'><strong>caeteros</strong></span> <span class='ocrx_word' id='word_1_399' title='bbox 1004 4598 1289 4668; x_wconf 86' lang='lat' dir='ltr'><strong>rhythmos</strong></span> <span class='ocrx_word' id='word_1_400' title='bbox 1326 4602 1360 4656; x_wconf 90' lang='lat' dir='ltr'><strong>ii</strong></span> <span class='ocrx_word' id='word_1_401' title='bbox 1411 4601 1662 4659; x_wconf 81' lang='lat' dir='ltr'><strong>fortassis</strong></span> <span class='ocrx_word' id='word_1_402' title='bbox 1691 4595 2013 4673; x_wconf 75' lang='lat' dir='ltr'><strong>:estimandi,</strong></span> <span class='ocrx_word' id='word_1_403' title='bbox 2046 4598 2125 4662; x_wconf 88' lang='lat' dir='ltr'><strong>ut-</strong></span> 
     </span>
    </p>
   </div>
   <div class='ocr_carea' id='block_1_65' title="bbox 548 4678 2122 4767">
    <p class='ocr_par' dir='ltr' id='par_1_65' title="bbox 548 4678 2122 4767">
     <span class='ocr_line' id='line_1_65' title="bbox 548 4678 2122 4767; baseline 0.013 -34"><span class='ocrx_word' id='word_1_404' title='bbox 548 4693 674 4751; x_wconf 87' lang='lat' dir='ltr'><strong>pote</strong></span> <span class='ocrx_word' id='word_1_405' title='bbox 727 4679 1115 4756; x_wconf 70' lang='lat' dir='ltr'><strong>antiquissimi,</strong></span> <span class='ocrx_word' id='word_1_406' title='bbox 1174 4678 1336 4760; x_wconf 83' lang='lat' dir='ltr'><strong>atque</strong></span> <span class='ocrx_word' id='word_1_407' title='bbox 1387 4695 1450 4748; x_wconf 89' lang='lat' dir='ltr'><strong>ad</strong></span> <span class='ocrx_word' id='word_1_408' title='bbox 1513 4696 1791 4750; x_wconf 87' lang='lat' dir='ltr'><strong>historiam</strong></span> <span class='ocrx_word' id='word_1_409' title='bbox 1843 4701 2122 4767; x_wconf 81' lang='lat' dir='ltr'><strong>perutiles,</strong></span> 
     </span>
    </p>
   </div>
   <div class='ocr_carea' id='block_1_66' title="bbox 535 4776 2126 4857">
    <p class='ocr_par' dir='ltr' id='par_1_66' title="bbox 535 4776 2126 4857">
     <span class='ocr_line' id='line_1_66' title="bbox 535 4776 2126 4857; baseline 0.015 -33"><span class='ocrx_word' id='word_1_410' title='bbox 535 4790 776 4841; x_wconf 77' lang='lat' dir='ltr'><strong>quorum</strong></span> <span class='ocrx_word' id='word_1_411' title='bbox 807 4777 1063 4846; x_wconf 89' lang='lat' dir='ltr'><strong>primum,</strong></span> <span class='ocrx_word' id='word_1_412' title='bbox 1095 4776 1323 4838; x_wconf 65' lang='lat' dir='ltr'><strong>Verona:</strong></span> <span class='ocrx_word' id='word_1_413' title='bbox 1351 4787 1597 4840; x_wconf 89' lang='lat' dir='ltr'><strong>encomia</strong></span> <span class='ocrx_word' id='word_1_414' title='bbox 1629 4791 1989 4857; x_wconf 80' lang='lat' dir='ltr'><strong>cntnplexum,</strong></span> <span class='ocrx_word' id='word_1_415' title='bbox 2014 4796 2126 4850; x_wconf 86' lang='lat' dir='ltr'><strong>suis</strong></span> 
     </span>
    </p>
   </div>
   <div class='ocr_carea' id='block_1_67' title="bbox 544 4864 2124 4943">
    <p class='ocr_par' dir='ltr' id='par_1_67' title="bbox 544 4864 2124 4943">
     <span class='ocr_line' id='line_1_67' title="bbox 544 4864 2124 4943; baseline 0.013 -27"><span class='ocrx_word' id='word_1_416' title='bbox 544 4864 822 4922; x_wconf 81' lang='lat' dir='ltr'><strong>Analectis</strong></span> <span class='ocrx_word' id='word_1_417' title='bbox 881 4867 1222 4926; x_wconf 81' lang='lat' dir='ltr'><strong>Mabillonius</strong></span> <span class='ocrx_word' id='word_1_418' title='bbox 1281 4875 1420 4928; x_wconf 90' lang='lat' dir='ltr'><strong>idem</strong></span> <span class='ocrx_word' id='word_1_419' title='bbox 1472 4877 1735 4943; x_wconf 77' lang='lat' dir='ltr'><strong>adjunxit.</strong></span> <span class='ocrx_word' id='word_1_420' title='bbox 1783 4880 2022 4936; x_wconf 83' lang='lat' dir='ltr'><strong>Alterum</strong></span> <span class='ocrx_word' id='word_1_421' title='bbox 2070 4885 2124 4937; x_wconf 93' lang='lat' dir='ltr'><strong>in</strong></span> 
     </span>
    </p>
   </div>
   <div class='ocr_carea' id='block_1_68' title="bbox 546 4953 2122 5039">
    <p class='ocr_par' dir='ltr' id='par_1_68' title="bbox 546 4953 2122 5039">
     <span class='ocr_line' id='line_1_68' title="bbox 546 4953 2122 5039; baseline 0.012 -31"><span class='ocrx_word' id='word_1_422' title='bbox 546 4953 841 5039; x_wconf 73' lang='lat' dir='ltr'><strong>Mediolani</strong></span> <span class='ocrx_word' id='word_1_423' title='bbox 880 4958 1095 5016; x_wconf 87' lang='lat' dir='ltr'><strong>laudem</strong></span> <span class='ocrx_word' id='word_1_424' title='bbox 1147 4964 1468 5021; x_wconf 88' lang='lat' dir='ltr'><strong>fabricatum</strong></span> <span class='ocrx_word' id='word_1_425' title='bbox 1510 4956 1664 5023; x_wconf 83' lang='lat' dir='ltr'><strong>edidi</strong></span> <span class='ocrx_word' id='word_1_426' title='bbox 1699 4986 1798 5039; x_wconf 79' lang='lat' dir='ltr'><strong>ego</strong></span> <span class='ocrx_word' id='word_1_427' title='bbox 1847 4973 1900 5026; x_wconf 91' lang='lat' dir='ltr'><strong>in</strong></span> <span class='ocrx_word' id='word_1_428' title='bbox 1936 4975 2122 5030; x_wconf 87' lang='lat' dir='ltr'><strong>eadem</strong></span> 
     </span>
    </p>
   </div>
   <div class='ocr_carea' id='block_1_69' title="bbox 545 5031 2121 5132">
    <p class='ocr_par' dir='ltr' id='par_1_69' title="bbox 545 5031 2121 5132">
     <span class='ocr_line' id='line_1_69' title="bbox 545 5031 2121 5132; baseline 0.015 -36"><span class='ocrx_word' id='word_1_429' title='bbox 545 5045 689 5115; x_wconf 80' lang='lat' dir='ltr'><strong>part.</strong></span> <span class='ocrx_word' id='word_1_430' title='bbox 728 5065 765 5103; x_wconf 88' lang='grc' dir='ltr'><strong>ιι</strong></span> <span class='ocrx_word' id='word_1_431' title='bbox 807 5031 934 5107; x_wconf 67' lang='lat' dir='ltr'><strong>lenti</strong></span> <span class='ocrx_word' id='word_1_432' title='bbox 985 5053 1028 5108; x_wconf 82' lang='lat' dir='ltr'><strong>ll</strong></span> <span class='ocrx_word' id='word_1_433' title='bbox 1081 5054 1487 5132; x_wconf 82' lang='lat' dir='ltr'><strong>ller._ltalic:tr.</strong></span> <span class='ocrx_word' id='word_1_434' title='bbox 1541 5061 1778 5132; x_wconf 73' lang='lat' dir='ltr'><strong>Uterque</strong></span> <span class='ocrx_word' id='word_1_435' title='bbox 1826 5065 2121 5120; x_wconf 76' lang='lat' dir='ltr'><strong>Veroucnsi</strong></span> 
     </span>
    </p>
   </div>
   <div class='ocr_carea' id='block_1_70' title="bbox 548 5124 2124 5216">
    <p class='ocr_par' dir='ltr' id='par_1_70' title="bbox 548 5124 2124 5216">
     <span class='ocr_line' id='line_1_70' title="bbox 548 5124 2124 5216; baseline 0.014 -27"><span class='ocrx_word' id='word_1_436' title='bbox 548 5139 944 5212; x_wconf 75' lang='lat' dir='ltr'><strong>t&#39;lt)’lltttt0p03i0</strong></span> <span class='ocrx_word' id='word_1_437' title='bbox 976 5124 1395 5203; x_wconf 43' lang='lat' dir='ltr'><strong>natalem&#39;sutt&#39;m</strong></span> <span class='ocrx_word' id='word_1_438' title='bbox 1426 5151 1602 5216; x_wconf 88' lang='lat' dir='ltr'><strong>debet,</strong></span> <span class='ocrx_word' id='word_1_439' title='bbox 1629 5162 1718 5205; x_wconf 90' lang='lat' dir='ltr'><strong>aut</strong></span> <span class='ocrx_word' id='word_1_440' title='bbox 1748 5154 1936 5208; x_wconf 83' lang='lat' dir='ltr'><strong>saltent</strong></span> <span class='ocrx_word' id='word_1_441' title='bbox 1965 5155 2124 5210; x_wconf 88' lang='lat' dir='ltr'><strong>debet</strong></span> 
     </span>
    </p>
   </div>
   <div class='ocr_carea' id='block_1_71' title="bbox 542 5228 2123 5306">
    <p class='ocr_par' dir='ltr' id='par_1_71' title="bbox 542 5228 2123 5306">
     <span class='ocr_line' id='line_1_71' title="bbox 542 5228 2123 5306; baseline 0.014 -27"><span class='ocrx_word' id='word_1_442' title='bbox 542 5228 746 5294; x_wconf 87' lang='lat' dir='ltr'><strong>vitam,</strong></span> <span class='ocrx_word' id='word_1_443' title='bbox 784 5248 889 5301; x_wconf 89' lang='lat' dir='ltr'><strong>qua</strong></span> <span class='ocrx_word' id='word_1_444' title='bbox 927 5252 1072 5292; x_wconf 92' lang='lat' dir='ltr'><strong>nunc</strong></span> <span class='ocrx_word' id='word_1_445' title='bbox 1113 5238 1332 5306; x_wconf 85' lang='lat' dir='ltr'><strong>fruitur,</strong></span> <span class='ocrx_word' id='word_1_446' title='bbox 1372 5257 1493 5294; x_wconf 92' lang='lat' dir='ltr'><strong>cum</strong></span> <span class='ocrx_word' id='word_1_447' title='bbox 1538 5256 1602 5296; x_wconf 75' lang='lat' dir='ltr'><strong>ex</strong></span> <span class='ocrx_word' id='word_1_448' title='bbox 1645 5244 1920 5299; x_wconf 87' lang='lat' dir='ltr'><strong>codicibus</strong></span> <span class='ocrx_word' id='word_1_449' title='bbox 1960 5246 2123 5301; x_wconf 84' lang='lat' dir='ltr'><strong>Vero-</strong></span> 
     </span>
    </p>
   </div>
   <div class='ocr_carea' id='block_1_72' title="bbox 538 5318 2118 5398">
    <p class='ocr_par' dir='ltr' id='par_1_72' title="bbox 538 5318 2118 5398">
     <span class='ocr_line' id='line_1_72' title="bbox 538 5318 2118 5398; baseline 0.014 -28"><span class='ocrx_word' id='word_1_450' title='bbox 538 5318 803 5375; x_wconf 86' lang='lat' dir='ltr'><strong>nensibus</strong></span> <span class='ocrx_word' id='word_1_451' title='bbox 848 5325 1006 5379; x_wconf 89' lang='lat' dir='ltr'><strong>ambo</strong></span> <span class='ocrx_word' id='word_1_452' title='bbox 1053 5328 1353 5398; x_wconf 82' lang='lat' dir='ltr'><strong>deprompti</strong></span> <span class='ocrx_word' id='word_1_453' title='bbox 1404 5348 1533 5386; x_wconf 92' lang='lat' dir='ltr'><strong>cura</strong></span> <span class='ocrx_word' id='word_1_454' title='bbox 1586 5322 2023 5390; x_wconf 83' lang='lat' dir='ltr'><strong>tandcmnoslra</strong></span> <span class='ocrx_word' id='word_1_455' title='bbox 2068 5337 2118 5392; x_wconf 92' lang='lat' dir='ltr'><strong>in</strong></span> 
     </span>
    </p>
   </div>
   <div class='ocr_carea' id='block_1_73' title="bbox 543 5411 2120 5494">
    <p class='ocr_par' dir='ltr' id='par_1_73' title="bbox 543 5411 2120 5494">
     <span class='ocr_line' id='line_1_73' title="bbox 543 5411 2120 5494; baseline 0.013 -32"><span class='ocrx_word' id='word_1_456' title='bbox 543 5411 719 5462; x_wconf 77' lang='lat' dir='ltr'><strong>lucem</strong></span> <span class='ocrx_word' id='word_1_457' title='bbox 751 5417 1094 5471; x_wconf 89' lang='lat' dir='ltr'><strong>emerserint.</strong></span> <span class='ocrx_word' id='word_1_458' title='bbox 1121 5420 1187 5474; x_wconf 84' lang='lat' dir='ltr'><strong>Et</strong></span> <span class='ocrx_word' id='word_1_459' title='bbox 1208 5437 1339 5475; x_wconf 90' lang='lat' dir='ltr'><strong>sane</strong></span> <span class='ocrx_word' id='word_1_460' title='bbox 1373 5423 1473 5478; x_wconf 91' lang='lat' dir='ltr'><strong>hoc</strong></span> <span class='ocrx_word' id='word_1_461' title='bbox 1502 5425 1770 5494; x_wconf 74' lang='lat' dir='ltr'><strong>principue</strong></span> <span class='ocrx_word' id='word_1_462' title='bbox 1803 5427 1976 5489; x_wconf 86' lang='lat' dir='ltr'><strong>titulo,</strong></span> <span class='ocrx_word' id='word_1_463' title='bbox 2011 5437 2120 5481; x_wconf 87' lang='lat' dir='ltr'><strong>lam</strong></span> 
     </span>
    </p>
   </div>
   <div class='ocr_carea' id='block_1_74' title="bbox 542 5499 2119 5588">
    <p class='ocr_par' dir='ltr' id='par_1_74' title="bbox 542 5499 2119 5588">
     <span class='ocr_line' id='line_1_74' title="bbox 542 5499 2119 5588; baseline 0.012 -35"><span class='ocrx_word' id='word_1_464' title='bbox 542 5499 856 5556; x_wconf 83' lang='lat' dir='ltr'><strong>Mabillonio</strong></span> <span class='ocrx_word' id='word_1_465' title='bbox 885 5520 1049 5575; x_wconf 88' lang='lat' dir='ltr'><strong>quam</strong></span> <span class='ocrx_word' id='word_1_466' title='bbox 1082 5511 1208 5564; x_wconf 88' lang='lat' dir='ltr'><strong>mihi</strong></span> <span class='ocrx_word' id='word_1_467' title='bbox 1237 5529 1360 5581; x_wconf 91' lang='lat' dir='ltr'><strong>spes</strong></span> <span class='ocrx_word' id='word_1_468' title='bbox 1385 5514 1565 5568; x_wconf 87' lang='lat' dir='ltr'><strong>futura</strong></span> <span class='ocrx_word' id='word_1_469' title='bbox 1591 5526 1732 5580; x_wconf 76' lang='lat' dir='ltr'><strong>erat,</strong></span> <span class='ocrx_word' id='word_1_470' title='bbox 1765 5533 1862 5571; x_wconf 87' lang='lat' dir='ltr'><strong>nos</strong></span> <span class='ocrx_word' id='word_1_471' title='bbox 1888 5519 2119 5588; x_wconf 79' lang='lat' dir='ltr'><strong>gratiam</strong></span> 
     </span>
    </p>
   </div>
   <div class='ocr_carea' id='block_1_75' title="bbox 540 5591 2117 5676">
    <p class='ocr_par' dir='ltr' id='par_1_75' title="bbox 540 5591 2117 5676">
     <span class='ocr_line' id='line_1_75' title="bbox 540 5591 2117 5676; baseline 0.013 -32"><span class='ocrx_word' id='word_1_472' title='bbox 540 5591 775 5648; x_wconf 90' lang='lat' dir='ltr'><strong>inituros</strong></span> <span class='ocrx_word' id='word_1_473' title='bbox 803 5595 1089 5651; x_wconf 80' lang='lat' dir='ltr'><strong>clarissimi</strong></span> <span class='ocrx_word' id='word_1_474' title='bbox 1121 5602 1221 5655; x_wconf 88' lang='lat' dir='ltr'><strong>viri</strong></span> <span class='ocrx_word' id='word_1_475' title='bbox 1262 5607 1589 5662; x_wconf 89' lang='lat' dir='ltr'><strong>marchionis</strong></span> <span class='ocrx_word' id='word_1_476' title='bbox 1621 5607 1891 5676; x_wconf 88' lang='lat' dir='ltr'><strong>Scipionis</strong></span> <span class='ocrx_word' id='word_1_477' title='bbox 1925 5609 2117 5666; x_wconf 72' lang='lat' dir='ltr'><strong>Malleii</strong></span> 
     </span>
    </p>
   </div>
   <div class='ocr_carea' id='block_1_76' title="bbox 543 5683 2120 5768">
    <p class='ocr_par' dir='ltr' id='par_1_76' title="bbox 543 5683 2120 5768">
     <span class='ocr_line' id='line_1_76' title="bbox 543 5683 2120 5768; baseline 0.01 -31"><span class='ocrx_word' id='word_1_478' title='bbox 543 5683 800 5750; x_wconf 82' lang='lat' dir='ltr'><strong>Veronis,</strong></span> <span class='ocrx_word' id='word_1_479' title='bbox 855 5687 945 5757; x_wconf 89' lang='lat' dir='ltr'><strong>qui</strong></span> <span class='ocrx_word' id='word_1_480' title='bbox 1001 5697 1108 5741; x_wconf 92' lang='lat' dir='ltr'><strong>lum</strong></span> <span class='ocrx_word' id='word_1_481' title='bbox 1163 5693 1392 5758; x_wconf 89' lang='lat' dir='ltr'><strong>patriam</strong></span> <span class='ocrx_word' id='word_1_482' title='bbox 1445 5710 1627 5756; x_wconf 83' lang='lat' dir='ltr'><strong>suam,</strong></span> <span class='ocrx_word' id='word_1_483' title='bbox 1683 5707 1793 5750; x_wconf 89' lang='lat' dir='ltr'><strong>tum</strong></span> <span class='ocrx_word' id='word_1_484' title='bbox 1839 5700 2120 5768; x_wconf 87' lang='lat' dir='ltr'><strong>antiquam</strong></span> 
     </span>
    </p>
   </div>
   <div class='ocr_carea' id='block_1_77' title="bbox 534 5760 2112 5862">
    <p class='ocr_par' dir='ltr' id='par_1_77' title="bbox 534 5760 2112 5862">
     <span class='ocr_line' id='line_1_77' title="bbox 534 5760 2112 5862; baseline 0.007 -29"><span class='ocrx_word' id='word_1_485' title='bbox 534 5760 897 5836; x_wconf 80' lang='lat' dir='ltr'><strong>eruditionem</strong></span> <span class='ocrx_word' id='word_1_486' title='bbox 949 5776 1158 5837; x_wconf 74' lang='lat' dir='ltr'><strong>Summa</strong></span> <span class='ocrx_word' id='word_1_487' title='bbox 1210 5778 1330 5838; x_wconf 86' lang='lat' dir='ltr'><strong>cuin</strong></span> <span class='ocrx_word' id='word_1_488' title='bbox 1383 5785 1540 5841; x_wconf 87' lang='lat' dir='ltr'><strong>laude</strong></span> <span class='ocrx_word' id='word_1_489' title='bbox 1602 5788 1871 5846; x_wconf 85' lang='lat' dir='ltr'><strong>illustrare</strong></span> <span class='ocrx_word' id='word_1_490' title='bbox 1920 5791 2112 5862; x_wconf 75' lang='lat' dir='ltr'><strong>pergit.</strong></span> 
     </span>
    </p>
   </div>
   <div class='ocr_carea' id='block_1_78' title="bbox 2256 1950 3723 2026">
    <p class='ocr_par' dir='ltr' id='par_1_78' title="bbox 2256 1950 3723 2026">
     <span class='ocr_line' id='line_1_78' title="bbox 2256 1950 3723 2026; baseline 0.012 -25"><span class='ocrx_word' id='word_1_491' title='bbox 2256 1950 2342 2002; x_wconf 72' lang='lat' dir='ltr'><strong>da‘</strong></span> <span class='ocrx_word' id='word_1_492' title='bbox 2371 1951 2578 2019; x_wconf 78' lang='lat' dir='ltr'><strong>cepisti,</strong></span> <span class='ocrx_word' id='word_1_493' title='bbox 2621 1955 2639 2006; x_wconf 90' lang='lat' dir='ltr'><strong>i</strong></span> <span class='ocrx_word' id='word_1_494' title='bbox 2677 1956 2821 2024; x_wconf 86' lang='lat' dir='ltr'><strong>quali</strong></span> <span class='ocrx_word' id='word_1_495' title='bbox 2857 1956 3001 2010; x_wconf 82' lang='lat' dir='ltr'><strong>dalla</strong></span> <span class='ocrx_word' id='word_1_496' title='bbox 3031 1960 3222 2026; x_wconf 78' lang='lat' dir='ltr'><strong>mente,</strong></span> <span class='ocrx_word' id='word_1_497' title='bbox 3258 1978 3286 2013; x_wconf 81' lang='grc' dir='ltr'><em>ε</em></span> <span class='ocrx_word' id='word_1_498' title='bbox 3315 1961 3451 2014; x_wconf 77' lang='lat' dir='ltr'><strong>(Iullo</strong></span> <span class='ocrx_word' id='word_1_499' title='bbox 3493 1965 3631 2016; x_wconf 75' lang='lat' dir='ltr'><strong>scritto</strong></span> <span class='ocrx_word' id='word_1_500' title='bbox 3655 1966 3723 2018; x_wconf 66' lang='lat' dir='ltr'><strong>del</strong></span> 
     </span>
    </p>
   </div>
   <div class='ocr_carea' id='block_1_79' title="bbox 2254 2026 3724 2124">
    <p class='ocr_par' dir='ltr' id='par_1_79' title="bbox 2254 2036 3724 2124">
     <span class='ocr_line' id='line_1_79' title="bbox 2254 2036 3724 2124; baseline 0.011 -31"><span class='ocrx_word' id='word_1_501' title='bbox 2254 2051 2436 2096; x_wconf 69' lang='grc' dir='ltr'><strong>αιτιοι-ε</strong></span> <span class='ocrx_word' id='word_1_502' title='bbox 2470 2036 2692 2098; x_wconf 77' lang='lat' dir='ltr'><strong>abbiano</strong></span> <span class='ocrx_word' id='word_1_503' title='bbox 2726 2048 2930 2101; x_wconf 83' lang='lat' dir='ltr'><strong>devian</strong></span> <span class='ocrx_word' id='word_1_504' title='bbox 2967 2051 3363 2106; x_wconf 75' lang='lat' dir='ltr'><strong>sciorcamente.</strong></span> <span class='ocrx_word' id='word_1_505' title='bbox 3411 2053 3470 2107; x_wconf 80' lang='lat' dir='ltr'><strong>In</strong></span> <span class='ocrx_word' id='word_1_506' title='bbox 3494 2067 3632 2124; x_wconf 71' lang='lat' dir='ltr'><strong>questo</strong></span> <span class='ocrx_word' id='word_1_507' title='bbox 3655 2073 3724 2108; x_wconf 70' lang='lat'><strong>€850</strong></span> 
     </span>
    </p>
   </div>
   <div class='ocr_carea' id='block_1_80' title="bbox 2252 2133 3724 2207">
    <p class='ocr_par' dir='ltr' id='par_1_80' title="bbox 2252 2133 3724 2207">
     <span class='ocr_line' id='line_1_80' title="bbox 2252 2133 3724 2207; baseline 0.007 -23"><span class='ocrx_word' id='word_1_508' title='bbox 2252 2133 2395 2200; x_wconf 76' lang='lat' dir='ltr'><strong>eglié</strong></span> <span class='ocrx_word' id='word_1_509' title='bbox 2426 2137 2714 2189; x_wconf 77' lang='lat' dir='ltr'><strong>necessario</strong></span> <span class='ocrx_word' id='word_1_510' title='bbox 2745 2153 2870 2190; x_wconf 77' lang='lat' dir='ltr'><strong>usar</strong></span> <span class='ocrx_word' id='word_1_511' title='bbox 2908 2137 3121 2192; x_wconf 83' lang='lat' dir='ltr'><strong>lucerna</strong></span> <span class='ocrx_word' id='word_1_512' title='bbox 3165 2143 3375 2207; x_wconf 81' lang='lat' dir='ltr'><strong>critica,</strong></span> <span class='ocrx_word' id='word_1_513' title='bbox 3412 2161 3438 2197; x_wconf 86' lang='lat' dir='ltr'><strong>e</strong></span> <span class='ocrx_word' id='word_1_514' title='bbox 3470 2157 3724 2198; x_wconf 65' lang='lat' dir='ltr'><strong>continerent</strong></span> 
     </span>
    </p>
   </div>
   <div class='ocr_carea' id='block_1_81' title="bbox 2251 2226 3725 2299">
    <p class='ocr_par' dir='ltr' id='par_1_81' title="bbox 2251 2226 3725 2299">
     <span class='ocr_line' id='line_1_81' title="bbox 2251 2226 3725 2299; baseline 0.008 -22"><span class='ocrx_word' id='word_1_515' title='bbox 2251 2226 2545 2290; x_wconf 82' lang='lat' dir='ltr'><strong>emendare,</strong></span> <span class='ocrx_word' id='word_1_516' title='bbox 2595 2244 2685 2281; x_wconf 83' lang='lat' dir='ltr'><strong>ove</strong></span> <span class='ocrx_word' id='word_1_517' title='bbox 2725 2231 2952 2298; x_wconf 75' lang='lat' dir='ltr'><strong>passiam</strong></span> <span class='ocrx_word' id='word_1_518' title='bbox 3009 2231 3146 2299; x_wconf 78' lang='lat' dir='ltr'><strong>farlo</strong></span> <span class='ocrx_word' id='word_1_519' title='bbox 3180 2241 3307 2287; x_wconf 80' lang='lat' dir='ltr'><strong>&#39;con</strong></span> <span class='ocrx_word' id='word_1_520' title='bbox 3354 2237 3603 2289; x_wconf 74' lang='lat' dir='ltr'><strong>sicurezza.</strong></span> <span class='ocrx_word' id='word_1_521' title='bbox 3646 2235 3725 2289; x_wconf 72' lang='lat' dir='ltr'><strong>Tm</strong></span> 
     </span>
    </p>
   </div>
   <div class='ocr_carea' id='block_1_82' title="bbox 2254 2301 3725 2397">
    <p class='ocr_par' dir='ltr' id='par_1_82' title="bbox 2254 2301 3725 2397">
     <span class='ocr_line' id='line_1_82' title="bbox 2254 2301 3725 2397; baseline 0.008 -30"><span class='ocrx_word' id='word_1_522' title='bbox 2254 2301 2574 2385; x_wconf 55' lang='lat' dir='ltr'><strong>rhytlunu’m‘</strong></span> <span class='ocrx_word' id='word_1_523' title='bbox 2616 2334 2646 2372; x_wconf 86' lang='lat' dir='ltr'><strong>a</strong></span> <span class='ocrx_word' id='word_1_524' title='bbox 2686 2319 2994 2376; x_wconf 79' lang='lat' dir='ltr'><strong>Mabillonio</strong></span> <span class='ocrx_word' id='word_1_525' title='bbox 3015 2325 3221 2378; x_wconf 88' lang='lat' dir='ltr'><strong>editum</strong></span> <span class='ocrx_word' id='word_1_526' title='bbox 3279 2343 3459 2380; x_wconf 85' lang='lat' dir='ltr'><strong>rursus</strong></span> <span class='ocrx_word' id='word_1_527' title='bbox 3493 2329 3586 2397; x_wconf 83' lang='lat' dir='ltr'><strong>ipse</strong></span> <span class='ocrx_word' id='word_1_528' title='bbox 3604 2332 3725 2386; x_wconf 72' lang='lat' dir='ltr'><strong>exerit,</strong></span> 
     </span>
    </p>
   </div>
   <div class='ocr_carea' id='block_1_83' title="bbox 2251 2405 3723 2487">
    <p class='ocr_par' dir='ltr' id='par_1_83' title="bbox 2251 2405 3723 2487">
     <span class='ocr_line' id='line_1_83' title="bbox 2251 2405 3723 2487; baseline 0.01 -29"><span class='ocrx_word' id='word_1_529' title='bbox 2251 2405 2493 2477; x_wconf 82' lang='lat' dir='ltr'><strong>singulos</strong></span> <span class='ocrx_word' id='word_1_530' title='bbox 2543 2424 2728 2465; x_wconf 78' lang='lat' dir='ltr'><strong>versus</strong></span> <span class='ocrx_word' id='word_1_531' title='bbox 2774 2413 3142 2483; x_wconf 83' lang='lat' dir='ltr'><strong>distinguens;</strong></span> <span class='ocrx_word' id='word_1_532' title='bbox 3183 2427 3238 2470; x_wconf 84' lang='lat' dir='ltr'><strong>et</strong></span> <span class='ocrx_word' id='word_1_533' title='bbox 3285 2433 3508 2482; x_wconf 74' lang='lat' dir='ltr'><strong>errores,</strong></span> <span class='ocrx_word' id='word_1_534' title='bbox 3547 2434 3723 2487; x_wconf 72' lang='lat' dir='ltr'><strong>quoscun-</strong></span> 
     </span>
    </p>
   </div>
   <div class='ocr_carea' id='block_1_84' title="bbox 2251 2499 3723 2566">
    <p class='ocr_par' dir='ltr' id='par_1_84' title="bbox 2251 2499 3723 2566">
     <span class='ocr_line' id='line_1_84' title="bbox 2251 2499 3723 2566; baseline 0.009 -18"><span class='ocrx_word' id='word_1_535' title='bbox 2251 2509 2355 2564; x_wconf 80' lang='lat' dir='ltr'><strong>que</strong></span> <span class='ocrx_word' id='word_1_536' title='bbox 2386 2499 2562 2566; x_wconf 84' lang='lat' dir='ltr'><strong>potest</strong></span> <span class='ocrx_word' id='word_1_537' title='bbox 2595 2503 3241 2563; x_wconf 77' lang='lat' dir='ltr'><strong>adhibitaenn-ndatione</strong></span> <span class='ocrx_word' id='word_1_538' title='bbox 3277 2511 3428 2564; x_wconf 90' lang='lat' dir='ltr'><strong>tollit.</strong></span> <span class='ocrx_word' id='word_1_539' title='bbox 3455 2510 3723 2564; x_wconf 75' lang='lat' dir='ltr'><strong>Criticamriri</strong></span> 
     </span>
    </p>
   </div>
   <div class='ocr_carea' id='block_1_85' title="bbox 2252 2580 3724 2668">
    <p class='ocr_par' dir='ltr' id='par_1_85' title="bbox 2252 2580 3724 2668">
     <span class='ocr_line' id='line_1_85' title="bbox 2252 2580 3724 2668; baseline 0.01 -31"><span class='ocrx_word' id='word_1_540' title='bbox 2252 2581 2550 2642; x_wconf 80' lang='lat' dir='ltr'><strong>doctiSsiuii</strong></span> <span class='ocrx_word' id='word_1_541' title='bbox 2573 2591 2861 2646; x_wconf 80' lang='lat' dir='ltr'><strong>lucernam</strong></span> <span class='ocrx_word' id='word_1_542' title='bbox 2923 2580 3100 2649; x_wconf 81' lang='lat' dir='ltr'><strong>hercle</strong></span> <span class='ocrx_word' id='word_1_543' title='bbox 3133 2613 3234 2668; x_wconf 75' lang='lat' dir='ltr'><strong>ego</strong></span> <span class='ocrx_word' id='word_1_544' title='bbox 3263 2602 3338 2652; x_wconf 41' lang='lat' dir='ltr'><strong>‘ct</strong></span> <span class='ocrx_word' id='word_1_545' title='bbox 3367 2601 3521 2668; x_wconf 88' lang='lat' dir='ltr'><strong>probo</strong></span> <span class='ocrx_word' id='word_1_546' title='bbox 3565 2612 3606 2654; x_wconf 83' lang='lat' dir='ltr'><strong>et</strong></span> <span class='ocrx_word' id='word_1_547' title='bbox 3636 2615 3724 2651; x_wconf 68' lang='lat' dir='ltr'><strong>cont-</strong></span> 
     </span>
    </p>
   </div>
   <div class='ocr_carea' id='block_1_86' title="bbox 2251 2670 3724 2758">
    <p class='ocr_par' dir='ltr' id='par_1_86' title="bbox 2251 2670 3724 2758">
     <span class='ocr_line' id='line_1_86' title="bbox 2251 2670 3724 2758; baseline 0.01 -29"><span class='ocrx_word' id='word_1_548' title='bbox 2251 2681 2463 2744; x_wconf 81' lang='lat' dir='ltr'><strong>inendo,</strong></span> <span class='ocrx_word' id='word_1_549' title='bbox 2521 2685 2660 2750; x_wconf 87' lang='lat' dir='ltr'><strong>quod</strong></span> <span class='ocrx_word' id='word_1_550' title='bbox 2729 2670 2933 2740; x_wconf 82' lang='lat' dir='ltr'><strong>estad</strong></span> <span class='ocrx_word' id='word_1_551' title='bbox 2990 2691 3340 2758; x_wconf 83' lang='lat' dir='ltr'><strong>castigandus</strong></span> <span class='ocrx_word' id='word_1_552' title='bbox 3394 2693 3724 2758; x_wconf 67' lang='lat' dir='ltr'><strong>defzecaiidosque</strong></span> 
     </span>
    </p>
   </div>
   <div class='ocr_carea' id='block_1_87' title="bbox 2248 2771 3722 2850">
    <p class='ocr_par' dir='ltr' id='par_1_87' title="bbox 2248 2771 3722 2850">
     <span class='ocr_line' id='line_1_87' title="bbox 2248 2771 3722 2850; baseline 0.007 -28"><span class='ocrx_word' id='word_1_553' title='bbox 2248 2771 2463 2824; x_wconf 76' lang='lat' dir='ltr'><strong>eosdem</strong></span> <span class='ocrx_word' id='word_1_554' title='bbox 2508 2773 2787 2843; x_wconf 74' lang='lat' dir='ltr'><strong>rhythmos</strong></span> <span class='ocrx_word' id='word_1_555' title='bbox 2821 2796 2831 2828; x_wconf 93' lang='lat'><em>:</em></span> <span class='ocrx_word' id='word_1_556' title='bbox 2865 2779 2956 2831; x_wconf 86' lang='lat' dir='ltr'><strong>sed</strong></span> <span class='ocrx_word' id='word_1_557' title='bbox 3007 2796 3165 2834; x_wconf 90' lang='lat' dir='ltr'><strong>nemo</strong></span> <span class='ocrx_word' id='word_1_558' title='bbox 3195 2781 3439 2837; x_wconf 83' lang='lat' dir='ltr'><strong>fortassis</strong></span> <span class='ocrx_word' id='word_1_559' title='bbox 3465 2783 3552 2836; x_wconf 89' lang='lat' dir='ltr'><strong>erit</strong></span> <span class='ocrx_word' id='word_1_560' title='bbox 3583 2783 3644 2850; x_wconf 81' lang='lat' dir='ltr'><strong>qui</strong></span> <span class='ocrx_word' id='word_1_561' title='bbox 3666 2782 3722 2833; x_wconf 78' lang='lat' dir='ltr'><strong>ho-</strong></span> 
     </span>
    </p>
   </div>
   <div class='ocr_carea' id='block_1_88' title="bbox 2249 2864 3723 2942">
    <p class='ocr_par' dir='ltr' id='par_1_88' title="bbox 2249 2864 3723 2942">
     <span class='ocr_line' id='line_1_88' title="bbox 2249 2864 3723 2942; baseline 0.007 -27"><span class='ocrx_word' id='word_1_562' title='bbox 2249 2864 2378 2917; x_wconf 89' lang='lat' dir='ltr'><strong>mini</strong></span> <span class='ocrx_word' id='word_1_563' title='bbox 2437 2865 2655 2933; x_wconf 80' lang='lat' dir='ltr'><strong>plaudat</strong></span> <span class='ocrx_word' id='word_1_564' title='bbox 2710 2868 3034 2940; x_wconf 83' lang='lat' dir='ltr'><strong>insurgenti,</strong></span> <span class='ocrx_word' id='word_1_565' title='bbox 3085 2889 3192 2928; x_wconf 90' lang='lat' dir='ltr'><strong>non</strong></span> <span class='ocrx_word' id='word_1_566' title='bbox 3241 2876 3436 2941; x_wconf 88' lang='lat' dir='ltr'><strong>dicam,</strong></span> <span class='ocrx_word' id='word_1_567' title='bbox 3480 2877 3522 2929; x_wconf 91' lang='lat' dir='ltr'><strong>in</strong></span> <span class='ocrx_word' id='word_1_568' title='bbox 3568 2877 3723 2942; x_wconf 59' lang='lat' dir='ltr'><strong>multa:</strong></span> 
     </span>
    </p>
   </div>
   <div class='ocr_carea' id='block_1_89' title="bbox 2246 2955 3724 3031">
    <p class='ocr_par' dir='ltr' id='par_1_89' title="bbox 2246 2955 3724 3031">
     <span class='ocr_line' id='line_1_89' title="bbox 2246 2955 3724 3031; baseline 0.007 -25"><span class='ocrx_word' id='word_1_569' title='bbox 2246 2955 2388 3030; x_wconf 89' lang='lat' dir='ltr'><strong>enim</strong></span> <span class='ocrx_word' id='word_1_570' title='bbox 2439 2957 2570 3011; x_wconf 86' lang='lat' dir='ltr'><strong>nihil</strong></span> <span class='ocrx_word' id='word_1_571' title='bbox 2598 2959 2784 3026; x_wconf 86' lang='lat' dir='ltr'><strong>refert)</strong></span> <span class='ocrx_word' id='word_1_572' title='bbox 2815 2963 2908 3015; x_wconf 90' lang='lat' dir='ltr'><strong>sed</strong></span> <span class='ocrx_word' id='word_1_573' title='bbox 2941 2963 2991 3016; x_wconf 89' lang='lat' dir='ltr'><strong>in</strong></span> <span class='ocrx_word' id='word_1_574' title='bbox 3026 2962 3419 3031; x_wconf 85' lang='lat' dir='ltr'><strong>Mabillonium,</strong></span> <span class='ocrx_word' id='word_1_575' title='bbox 3451 2977 3541 3020; x_wconf 85' lang='lat' dir='ltr'><strong>tam</strong></span> <span class='ocrx_word' id='word_1_576' title='bbox 3576 2968 3724 3022; x_wconf 75' lang='lat' dir='ltr'><strong>bencde</strong></span> 
     </span>
    </p>
   </div>
   <div class='ocr_carea' id='block_1_90' title="bbox 2246 3043 3720 3123">
    <p class='ocr_par' dir='ltr' id='par_1_90' title="bbox 2246 3043 3720 3123">
     <span class='ocr_line' id='line_1_90' title="bbox 2246 3043 3720 3123; baseline 0.007 -25"><span class='ocrx_word' id='word_1_577' title='bbox 2246 3043 2438 3102; x_wconf 89' lang='lat' dir='ltr'><strong>litteris</strong></span> <span class='ocrx_word' id='word_1_578' title='bbox 2461 3056 2519 3123; x_wconf 87' lang='lat' dir='ltr'><strong>et</strong></span> <span class='ocrx_word' id='word_1_579' title='bbox 2542 3051 2607 3104; x_wconf 88' lang='lat' dir='ltr'><strong>de</strong></span> <span class='ocrx_word' id='word_1_580' title='bbox 2632 3052 2903 3120; x_wconf 89' lang='lat' dir='ltr'><strong>republica</strong></span> <span class='ocrx_word' id='word_1_581' title='bbox 2943 3053 3202 3110; x_wconf 75' lang='lat' dir='ltr'><strong>litterario</strong></span> <span class='ocrx_word' id='word_1_582' title='bbox 3230 3060 3498 3123; x_wconf 82' lang='lat' dir='ltr'><strong>meritum,</strong></span> <span class='ocrx_word' id='word_1_583' title='bbox 3521 3076 3570 3114; x_wconf 88' lang='lat' dir='ltr'><strong>ac</strong></span> <span class='ocrx_word' id='word_1_584' title='bbox 3586 3073 3720 3113; x_wconf 66' lang='lat' dir='ltr'><strong>summa</strong></span> 
     </span>
    </p>
   </div>
   <div class='ocr_carea' id='block_1_91' title="bbox 2246 3120 3720 3215">
    <p class='ocr_par' dir='ltr' id='par_1_91' title="bbox 2246 3120 3720 3215">
     <span class='ocr_line' id='line_1_91' title="bbox 2246 3120 3720 3215; baseline 0.008 -29"><span class='ocrx_word' id='word_1_585' title='bbox 2246 3120 2592 3194; x_wconf 81' lang='lat' dir='ltr'><strong>veneratione</strong></span> <span class='ocrx_word' id='word_1_586' title='bbox 2623 3143 2763 3210; x_wconf 90' lang='lat' dir='ltr'><strong>apud</strong></span> <span class='ocrx_word' id='word_1_587' title='bbox 2804 3127 2993 3199; x_wconf 85' lang='lat' dir='ltr'><strong>omnes</strong></span> <span class='ocrx_word' id='word_1_588' title='bbox 3017 3146 3262 3215; x_wconf 83' lang='lat' dir='ltr'><strong>dignum.</strong></span> <span class='ocrx_word' id='word_1_589' title='bbox 3296 3149 3427 3203; x_wconf 88' lang='lat' dir='ltr'><strong>Cum</strong></span> <span class='ocrx_word' id='word_1_590' title='bbox 3451 3167 3506 3204; x_wconf 73' lang='lat' dir='ltr'><strong>ex</strong></span> <span class='ocrx_word' id='word_1_591' title='bbox 3533 3165 3614 3202; x_wconf 86' lang='lat' dir='ltr'><strong>uno</strong></span> <span class='ocrx_word' id='word_1_592' title='bbox 3635 3147 3720 3200; x_wconf 84' lang='lat' dir='ltr'><strong>iuti-</strong></span> 
     </span>
    </p>
   </div>
   <div class='ocr_carea' id='block_1_92' title="bbox 2244 3227 3720 3302">
    <p class='ocr_par' dir='ltr' id='par_1_92' title="bbox 2244 3227 3720 3302">
     <span class='ocr_line' id='line_1_92' title="bbox 2244 3227 3720 3302; baseline 0.012 -25"><span class='ocrx_word' id='word_1_593' title='bbox 2244 3227 2504 3294; x_wconf 87' lang='lat' dir='ltr'><strong>quissiuto</strong></span> <span class='ocrx_word' id='word_1_594' title='bbox 2535 3246 2633 3284; x_wconf 89' lang='lat' dir='ltr'><strong>ms.</strong></span> <span class='ocrx_word' id='word_1_595' title='bbox 2673 3232 2887 3302; x_wconf 85' lang='lat' dir='ltr'><strong>aliquod</strong></span> <span class='ocrx_word' id='word_1_596' title='bbox 2919 3245 3162 3290; x_wconf 87' lang='lat' dir='ltr'><strong>veterum</strong></span> <span class='ocrx_word' id='word_1_597' title='bbox 3193 3250 3572 3299; x_wconf 82' lang='lat' dir='ltr'><strong>monumentum</strong></span> <span class='ocrx_word' id='word_1_598' title='bbox 3592 3239 3720 3294; x_wconf 70' lang='lat' dir='ltr'><strong>destri-</strong></span> 
     </span>
    </p>
   </div>
   <div class='ocr_carea' id='block_1_93' title="bbox 2241 3315 3724 3398">
    <p class='ocr_par' dir='ltr' id='par_1_93' title="bbox 2241 3315 3724 3398">
     <span class='ocr_line' id='line_1_93' title="bbox 2241 3315 3724 3398; baseline 0.009 -28"><span class='ocrx_word' id='word_1_599' title='bbox 2241 3315 2388 3371; x_wconf 86' lang='lat' dir='ltr'><strong>bitur</strong></span> <span class='ocrx_word' id='word_1_600' title='bbox 2415 3327 2469 3373; x_wconf 90' lang='lat' dir='ltr'><strong>et</strong></span> <span class='ocrx_word' id='word_1_601' title='bbox 2493 3321 2792 3392; x_wconf 81' lang='lat' dir='ltr'><strong>evulgatur,</strong></span> <span class='ocrx_word' id='word_1_602' title='bbox 2829 3325 2933 3380; x_wconf 91' lang='lat' dir='ltr'><strong>rite</strong></span> <span class='ocrx_word' id='word_1_603' title='bbox 2962 3330 3178 3397; x_wconf 75' lang='lat' dir='ltr'><strong>SBIllpel‘</strong></span> <span class='ocrx_word' id='word_1_604' title='bbox 3211 3346 3436 3386; x_wconf 86' lang='lat' dir='ltr'><strong>munere</strong></span> <span class='ocrx_word' id='word_1_605' title='bbox 3458 3347 3542 3385; x_wconf 89' lang='lat' dir='ltr'><strong>suo</strong></span> <span class='ocrx_word' id='word_1_606' title='bbox 3567 3332 3724 3398; x_wconf 69' lang='lat' dir='ltr'><strong>{tingitur</strong></span> 
     </span>
    </p>
   </div>
   <div class='ocr_carea' id='block_1_94' title="bbox 2240 3409 3717 3491">
    <p class='ocr_par' dir='ltr' id='par_1_94' title="bbox 2240 3409 3717 3491">
     <span class='ocr_line' id='line_1_94' title="bbox 2240 3409 3717 3491; baseline 0.008 -29"><span class='ocrx_word' id='word_1_607' title='bbox 2240 3409 2434 3476; x_wconf 88' lang='lat' dir='ltr'><strong>editor,</strong></span> <span class='ocrx_word' id='word_1_608' title='bbox 2463 3412 2507 3466; x_wconf 89' lang='lat' dir='ltr'><strong>si</strong></span> <span class='ocrx_word' id='word_1_609' title='bbox 2540 3414 2800 3484; x_wconf 90' lang='lat' dir='ltr'><strong>quidquid</strong></span> <span class='ocrx_word' id='word_1_610' title='bbox 2837 3419 3009 3472; x_wconf 81' lang='lat' dir='ltr'><strong>codex</strong></span> <span class='ocrx_word' id='word_1_611' title='bbox 3039 3436 3140 3474; x_wconf 92' lang='lat' dir='ltr'><strong>ms.</strong></span> <span class='ocrx_word' id='word_1_612' title='bbox 3175 3421 3362 3488; x_wconf 88' lang='lat' dir='ltr'><strong>habet,</strong></span> <span class='ocrx_word' id='word_1_613' title='bbox 3394 3423 3717 3491; x_wconf 74' lang='lat' dir='ltr'><strong>ﬁdelitercxpri—</strong></span> 
     </span>
    </p>
   </div>
   <div class='ocr_carea' id='block_1_95' title="bbox 2238 3500 3716 3583">
    <p class='ocr_par' dir='ltr' id='par_1_95' title="bbox 2238 3500 3716 3583">
     <span class='ocr_line' id='line_1_95' title="bbox 2238 3500 3716 3583; baseline 0.011 -29"><span class='ocrx_word' id='word_1_614' title='bbox 2238 3500 2359 3566; x_wconf 84' lang='lat' dir='ltr'><strong>mit,</strong></span> <span class='ocrx_word' id='word_1_615' title='bbox 2411 3505 2652 3573; x_wconf 63' lang='lat' dir='ltr'><strong>esceptis</strong></span> <span class='ocrx_word' id='word_1_616' title='bbox 2700 3509 3059 3564; x_wconf 88' lang='lat' dir='ltr'><strong>crassioribus</strong></span> <span class='ocrx_word' id='word_1_617' title='bbox 3106 3512 3433 3580; x_wconf 87' lang='lat' dir='ltr'><strong>quibusdam</strong></span> <span class='ocrx_word' id='word_1_618' title='bbox 3478 3512 3716 3583; x_wconf 72' lang='lat' dir='ltr'><strong>sphalmatis.</strong></span> 
     </span>
    </p>
   </div>
   <div class='ocr_carea' id='block_1_96' title="bbox 2238 3596 3715 3673">
    <p class='ocr_par' dir='ltr' id='par_1_96' title="bbox 2238 3596 3715 3673">
     <span class='ocr_line' id='line_1_96' title="bbox 2238 3596 3715 3673; baseline 0.012 -28"><span class='ocrx_word' id='word_1_619' title='bbox 2238 3608 2356 3661; x_wconf 67' lang='lat' dir='ltr'><strong>qum</strong></span> <span class='ocrx_word' id='word_1_620' title='bbox 2400 3596 2475 3650; x_wconf 90' lang='lat' dir='ltr'><strong>uti</strong></span> <span class='ocrx_word' id='word_1_621' title='bbox 2511 3599 2561 3652; x_wconf 91' lang='lat' dir='ltr'><strong>itt</strong></span> <span class='ocrx_word' id='word_1_622' title='bbox 2612 3601 2851 3655; x_wconf 88' lang='lat' dir='ltr'><strong>omnittm</strong></span> <span class='ocrx_word' id='word_1_623' title='bbox 2891 3605 3076 3659; x_wconf 88' lang='lat' dir='ltr'><strong>oculos</strong></span> <span class='ocrx_word' id='word_1_624' title='bbox 3124 3607 3431 3673; x_wconf 88' lang='lat' dir='ltr'><strong>incurrunt,</strong></span> <span class='ocrx_word' id='word_1_625' title='bbox 3483 3612 3542 3664; x_wconf 83' lang='lat' dir='ltr'><strong>ita</strong></span> <span class='ocrx_word' id='word_1_626' title='bbox 3582 3608 3715 3662; x_wconf 68' lang='lat' dir='ltr'><strong>veniam</strong></span> 
     </span>
    </p>
   </div>
   <div class='ocr_carea' id='block_1_97' title="bbox 2237 3685 3715 3765">
    <p class='ocr_par' dir='ltr' id='par_1_97' title="bbox 2237 3685 3715 3765">
     <span class='ocr_line' id='line_1_97' title="bbox 2237 3685 3715 3765; baseline 0.005 -26"><span class='ocrx_word' id='word_1_627' title='bbox 2237 3685 2365 3739; x_wconf 88' lang='lat' dir='ltr'><strong>dant</strong></span> <span class='ocrx_word' id='word_1_628' title='bbox 2397 3689 2599 3754; x_wconf 90' lang='lat' dir='ltr'><strong>cuncti,</strong></span> <span class='ocrx_word' id='word_1_629' title='bbox 2627 3699 2704 3752; x_wconf 88' lang='grc' dir='ltr'>ιιι,</span> <span class='ocrx_word' id='word_1_630' title='bbox 2734 3707 2798 3745; x_wconf 89' lang='lat' dir='ltr'><strong>ne</strong></span> <span class='ocrx_word' id='word_1_631' title='bbox 2831 3695 3034 3748; x_wconf 86' lang='lat' dir='ltr'><strong>monito</strong></span> <span class='ocrx_word' id='word_1_632' title='bbox 3065 3697 3286 3765; x_wconf 89' lang='lat' dir='ltr'><strong>quidem</strong></span> <span class='ocrx_word' id='word_1_633' title='bbox 3321 3700 3529 3762; x_wconf 83' lang='lat' dir='ltr'><strong>lectore,</strong></span> <span class='ocrx_word' id='word_1_634' title='bbox 3549 3698 3715 3750; x_wconf 70' lang='lat' dir='ltr'><strong>aliteran-</strong></span> 
     </span>
    </p>
   </div>
   <div class='ocr_carea' id='block_1_98' title="bbox 2238 3778 3714 3860">
    <p class='ocr_par' dir='ltr' id='par_1_98' title="bbox 2238 3778 3714 3860">
     <span class='ocr_line' id='line_1_98' title="bbox 2238 3778 3714 3860; baseline 0.003 -28"><span class='ocrx_word' id='word_1_635' title='bbox 2238 3787 2342 3832; x_wconf 88' lang='lat' dir='ltr'><strong>tur.</strong></span> <span class='ocrx_word' id='word_1_636' title='bbox 2377 3778 2660 3849; x_wconf 80' lang='lat' dir='ltr'><strong>Nunquam</strong></span> <span class='ocrx_word' id='word_1_637' title='bbox 2685 3783 2941 3839; x_wconf 83' lang='lat' dir='ltr'><strong>lectorem</strong></span> <span class='ocrx_word' id='word_1_638' title='bbox 2979 3785 3126 3854; x_wconf 89' lang='lat' dir='ltr'><strong>fallo,</strong></span> <span class='ocrx_word' id='word_1_639' title='bbox 3157 3789 3286 3842; x_wconf 90' lang='lat' dir='ltr'><strong>dum</strong></span> <span class='ocrx_word' id='word_1_640' title='bbox 3315 3806 3414 3860; x_wconf 84' lang='lat' dir='ltr'><strong>ego</strong></span> <span class='ocrx_word' id='word_1_641' title='bbox 3449 3807 3538 3844; x_wconf 91' lang='lat' dir='ltr'><strong>non</strong></span> <span class='ocrx_word' id='word_1_642' title='bbox 3562 3788 3714 3843; x_wconf 80' lang='lat' dir='ltr'><strong>lallarin</strong></span> 
     </span>
    </p>
   </div>
   <div class='ocr_carea' id='block_1_99' title="bbox 2237 3870 3716 3953">
    <p class='ocr_par' dir='ltr' id='par_1_99' title="bbox 2237 3870 3716 3953">
     <span class='ocr_line' id='line_1_99' title="bbox 2237 3870 3716 3953; baseline 0.005 -31"><span class='ocrx_word' id='word_1_643' title='bbox 2237 3870 2577 3942; x_wconf 73' lang='lat' dir='ltr'><strong>intelligenda</strong></span> <span class='ocrx_word' id='word_1_644' title='bbox 2612 3885 2865 3946; x_wconf 88' lang='lat' dir='ltr'><strong>recteque</strong></span> <span class='ocrx_word' id='word_1_645' title='bbox 2894 3879 3166 3934; x_wconf 85' lang='lat' dir='ltr'><strong>reddenda</strong></span> <span class='ocrx_word' id='word_1_646' title='bbox 3197 3885 3408 3953; x_wconf 86' lang='lat' dir='ltr'><strong>antiqui</strong></span> <span class='ocrx_word' id='word_1_647' title='bbox 3444 3884 3564 3937; x_wconf 84' lang='lat' dir='ltr'><strong>illius</strong></span> <span class='ocrx_word' id='word_1_648' title='bbox 3583 3880 3716 3935; x_wconf 75' lang='lat' dir='ltr'><strong>codicis</strong></span> 
     </span>
    </p>
   </div>
   <div class='ocr_carea' id='block_1_100' title="bbox 2235 3949 3716 4044">
    <p class='ocr_par' dir='ltr' id='par_1_100' title="bbox 2235 3949 3716 4044">
     <span class='ocr_line' id='line_1_100' title="bbox 2235 3949 3716 4044; baseline 0.003 -29"><span class='ocrx_word' id='word_1_649' title='bbox 2235 3949 2522 4031; x_wconf 82' lang='lat' dir='ltr'><strong>scriptura.</strong></span> <span class='ocrx_word' id='word_1_650' title='bbox 2587 3966 2791 4022; x_wconf 91' lang='lat' dir='ltr'><strong>Deinde</strong></span> <span class='ocrx_word' id='word_1_651' title='bbox 2846 3984 2974 4023; x_wconf 84' lang='lat' dir='ltr'><strong>vero</strong></span> <span class='ocrx_word' id='word_1_652' title='bbox 3023 3970 3253 4027; x_wconf 88' lang='lat' dir='ltr'><strong>liberum</strong></span> <span class='ocrx_word' id='word_1_653' title='bbox 3287 3976 3562 4044; x_wconf 72' lang='lat' dir='ltr'><strong>cuicunque</strong></span> <span class='ocrx_word' id='word_1_654' title='bbox 3590 3971 3716 4026; x_wconf 71' lang='lat' dir='ltr'><strong>critiu</strong></span> 
     </span>
    </p>
   </div>
   <div class='ocr_carea' id='block_1_101' title="bbox 2234 4052 3716 4135">
    <p class='ocr_par' dir='ltr' id='par_1_101' title="bbox 2234 4052 3716 4135">
     <span class='ocr_line' id='line_1_101' title="bbox 2234 4052 3716 4135; baseline 0.006 -28"><span class='ocrx_word' id='word_1_655' title='bbox 2234 4052 2424 4110; x_wconf 89' lang='lat' dir='ltr'><strong>lectori</strong></span> <span class='ocrx_word' id='word_1_656' title='bbox 2450 4052 2550 4123; x_wconf 79' lang='lat' dir='ltr'><strong>cst,</strong></span> <span class='ocrx_word' id='word_1_657' title='bbox 2579 4059 2800 4114; x_wconf 87' lang='lat' dir='ltr'><strong>iunuere</strong></span> <span class='ocrx_word' id='word_1_658' title='bbox 2825 4062 3074 4117; x_wconf 87' lang='lat' dir='ltr'><strong>meliores</strong></span> <span class='ocrx_word' id='word_1_659' title='bbox 3115 4063 3397 4130; x_wconf 87' lang='lat' dir='ltr'><strong>lectiones,</strong></span> <span class='ocrx_word' id='word_1_660' title='bbox 3428 4069 3640 4135; x_wconf 76' lang='lat' dir='ltr'><strong>castigare</strong></span> <span class='ocrx_word' id='word_1_661' title='bbox 3658 4063 3716 4112; x_wconf 64' lang='lat' dir='ltr'><strong>tle-</strong></span> 
     </span>
    </p>
   </div>
   <div class='ocr_carea' id='block_1_102' title="bbox 2233 4149 3712 4220">
    <p class='ocr_par' dir='ltr' id='par_1_102' title="bbox 2233 4149 3712 4220">
     <span class='ocr_line' id='line_1_102' title="bbox 2233 4149 3712 4220; baseline 0.007 -23"><span class='ocrx_word' id='word_1_662' title='bbox 2233 4156 2479 4214; x_wconf 89' lang='lat' dir='ltr'><strong>pravata,</strong></span> <span class='ocrx_word' id='word_1_663' title='bbox 2539 4149 2786 4219; x_wconf 87' lang='lat' dir='ltr'><strong>supplere</strong></span> <span class='ocrx_word' id='word_1_664' title='bbox 2848 4167 2967 4220; x_wconf 69' lang='lat' dir='ltr'><strong>quae</strong></span> <span class='ocrx_word' id='word_1_665' title='bbox 3015 4151 3230 4208; x_wconf 87' lang='lat' dir='ltr'><strong>desunt.</strong></span> <span class='ocrx_word' id='word_1_666' title='bbox 3280 4158 3392 4210; x_wconf 86' lang='lat' dir='ltr'><strong>luto</strong></span> <span class='ocrx_word' id='word_1_667' title='bbox 3447 4171 3576 4211; x_wconf 87' lang='lat' dir='ltr'><strong>secus</strong></span> <span class='ocrx_word' id='word_1_668' title='bbox 3612 4163 3712 4220; x_wconf 59' lang='lat' dir='ltr'><strong>aget!</strong></span> 
     </span>
    </p>
   </div>
   <div class='ocr_carea' id='block_1_103' title="bbox 2233 4238 3712 4314">
    <p class='ocr_par' dir='ltr' id='par_1_103' title="bbox 2233 4238 3712 4314">
     <span class='ocr_line' id='line_1_103' title="bbox 2233 4238 3712 4314; baseline 0.001 -26"><span class='ocrx_word' id='word_1_669' title='bbox 2233 4238 2592 4305; x_wconf 82' lang='lat' dir='ltr'><strong>periculosum</strong></span> <span class='ocrx_word' id='word_1_670' title='bbox 2617 4242 2880 4303; x_wconf 83' lang='lat' dir='ltr'><strong>videatur,</strong></span> <span class='ocrx_word' id='word_1_671' title='bbox 2917 4253 2968 4297; x_wconf 87' lang='lat' dir='ltr'><strong>et</strong></span> <span class='ocrx_word' id='word_1_672' title='bbox 3011 4245 3282 4314; x_wconf 75' lang='lat' dir='ltr'><strong>praecipue</strong></span> <span class='ocrx_word' id='word_1_673' title='bbox 3307 4263 3424 4300; x_wconf 89' lang='lat' dir='ltr'><strong>cum</strong></span> <span class='ocrx_word' id='word_1_674' title='bbox 3452 4247 3508 4300; x_wconf 87' lang='lat' dir='ltr'><strong>de</strong></span> <span class='ocrx_word' id='word_1_675' title='bbox 3537 4243 3712 4298; x_wconf 63' lang='lat' dir='ltr'><strong>catinius-</strong></span> 
     </span>
    </p>
   </div>
   <div class='ocr_carea' id='block_1_104' title="bbox 2234 4329 3708 4410">
    <p class='ocr_par' dir='ltr' id='par_1_104' title="bbox 2234 4329 3708 4410">
     <span class='ocr_line' id='line_1_104' title="bbox 2234 4329 3708 4410; baseline 0.004 -28"><span class='ocrx_word' id='word_1_676' title='bbox 2234 4329 2332 4382; x_wconf 86' lang='lat' dir='ltr'><strong>bus</strong></span> <span class='ocrx_word' id='word_1_677' title='bbox 2355 4342 2590 4384; x_wconf 89' lang='lat' dir='ltr'><strong>veterum</strong></span> <span class='ocrx_word' id='word_1_678' title='bbox 2623 4335 2819 4403; x_wconf 79' lang='lat' dir='ltr'><strong>agitur,</strong></span> <span class='ocrx_word' id='word_1_679' title='bbox 2855 4350 3081 4404; x_wconf 90' lang='lat' dir='ltr'><strong>quorum</strong></span> <span class='ocrx_word' id='word_1_680' title='bbox 3134 4340 3342 4394; x_wconf 90' lang='lat' dir='ltr'><strong>similes</strong></span> <span class='ocrx_word' id='word_1_681' title='bbox 3375 4339 3580 4410; x_wconf 77' lang='lat' dir='ltr'><strong>rhythmi</strong></span> <span class='ocrx_word' id='word_1_682' title='bbox 3604 4343 3708 4389; x_wconf 77' lang='lat' dir='ltr'><strong>sunt:</strong></span> 
     </span>
    </p>
   </div>
   <div class='ocr_carea' id='block_1_105' title="bbox 2232 4421 3708 4499">
    <p class='ocr_par' dir='ltr' id='par_1_105' title="bbox 2232 4421 3708 4499">
     <span class='ocr_line' id='line_1_105' title="bbox 2232 4421 3708 4499; baseline 0.004 -27"><span class='ocrx_word' id='word_1_683' title='bbox 2232 4421 2516 4475; x_wconf 69' lang='lat' dir='ltr'><strong>delicatum</strong></span> <span class='ocrx_word' id='word_1_684' title='bbox 2546 4425 2687 4476; x_wconf 80' lang='lat' dir='ltr'><strong>enim</strong></span> <span class='ocrx_word' id='word_1_685' title='bbox 2716 4426 3004 4481; x_wconf 79' lang='lat' dir='ltr'><strong>artificium</strong></span> <span class='ocrx_word' id='word_1_686' title='bbox 3026 4429 3238 4483; x_wconf 91' lang='lat' dir='ltr'><strong>illorum</strong></span> <span class='ocrx_word' id='word_1_687' title='bbox 3263 4442 3366 4496; x_wconf 86' lang='lat' dir='ltr'><strong>est,</strong></span> <span class='ocrx_word' id='word_1_688' title='bbox 3390 4446 3543 4499; x_wconf 77' lang='lat' dir='ltr'><strong>nquIe</strong></span> <span class='ocrx_word' id='word_1_689' title='bbox 3563 4425 3708 4479; x_wconf 81' lang='lat' dir='ltr'><strong>nimium</strong></span> 
     </span>
    </p>
   </div>
   <div class='ocr_carea' id='block_1_106' title="bbox 2234 4511 3710 4584">
    <p class='ocr_par' dir='ltr' id='par_1_106' title="bbox 2234 4511 3710 4584">
     <span class='ocr_line' id='line_1_106' title="bbox 2234 4511 3710 4584; baseline 0 -22"><span class='ocrx_word' id='word_1_690' title='bbox 2234 4511 2283 4563; x_wconf 90' lang='lat' dir='ltr'><strong>in</strong></span> <span class='ocrx_word' id='word_1_691' title='bbox 2335 4512 2400 4564; x_wconf 89' lang='lat' dir='ltr'><strong>iis</strong></span> <span class='ocrx_word' id='word_1_692' title='bbox 2429 4514 2758 4584; x_wconf 78' lang='lat' dir='ltr'><strong>castigandis</strong></span> <span class='ocrx_word' id='word_1_693' title='bbox 2800 4516 3128 4584; x_wconf 88' lang='lat' dir='ltr'><strong>audendum,</strong></span> <span class='ocrx_word' id='word_1_694' title='bbox 3174 4520 3275 4574; x_wconf 90' lang='lat' dir='ltr'><strong>nisi</strong></span> <span class='ocrx_word' id='word_1_695' title='bbox 3314 4523 3379 4576; x_wconf 87' lang='lat' dir='ltr'><strong>de</strong></span> <span class='ocrx_word' id='word_1_696' title='bbox 3419 4517 3592 4574; x_wconf 79' lang='lat' dir='ltr'><strong>medela</strong></span> <span class='ocrx_word' id='word_1_697' title='bbox 3615 4511 3710 4567; x_wconf 73' lang='lat' dir='ltr'><strong>adhi-</strong></span> 
     </span>
    </p>
   </div>
   <div class='ocr_carea' id='block_1_107' title="bbox 2234 4603 3708 4671">
    <p class='ocr_par' dir='ltr' id='par_1_107' title="bbox 2234 4603 3708 4671">
     <span class='ocr_line' id='line_1_107' title="bbox 2234 4603 3708 4671; baseline 0 -16"><span class='ocrx_word' id='word_1_698' title='bbox 2234 4603 2342 4656; x_wconf 90' lang='lat' dir='ltr'><strong>l.ita</strong></span> <span class='ocrx_word' id='word_1_699' title='bbox 2374 4603 2540 4658; x_wconf 89' lang='lat' dir='ltr'><strong>lector</strong></span> <span class='ocrx_word' id='word_1_700' title='bbox 2571 4616 2872 4671; x_wconf 83' lang='lat' dir='ltr'><strong>moneatur,</strong></span> <span class='ocrx_word' id='word_1_701' title='bbox 2912 4611 3313 4666; x_wconf 78' lang='lat' dir='ltr'><strong>cuimcditanti</strong></span> <span class='ocrx_word' id='word_1_702' title='bbox 3363 4611 3562 4667; x_wconf 80' lang='lat' dir='ltr'><strong>forsitan</strong></span> <span class='ocrx_word' id='word_1_703' title='bbox 3588 4606 3708 4658; x_wconf 67' lang='lat' dir='ltr'><strong>lllt’ilﬂf</strong></span> 
     </span>
    </p>
   </div>
   <div class='ocr_carea' id='block_1_108' title="bbox 2231 4693 3706 4768">
    <p class='ocr_par' dir='ltr' id='par_1_108' title="bbox 2231 4693 3706 4768">
     <span class='ocr_line' id='line_1_108' title="bbox 2231 4693 3706 4768; baseline 0.008 -24"><span class='ocrx_word' id='word_1_704' title='bbox 2231 4693 2280 4746; x_wconf 89' lang='lat' dir='ltr'><strong>itt</strong></span> <span class='ocrx_word' id='word_1_705' title='bbox 2315 4704 2544 4748; x_wconf 86' lang='lat' dir='ltr'><strong>mentem</strong></span> <span class='ocrx_word' id='word_1_706' title='bbox 2577 4700 2762 4752; x_wconf 89' lang='lat' dir='ltr'><strong>venire</strong></span> <span class='ocrx_word' id='word_1_707' title='bbox 2788 4701 2974 4768; x_wconf 89' lang='lat' dir='ltr'><strong>possit.</strong></span> <span class='ocrx_word' id='word_1_708' title='bbox 3009 4702 3063 4755; x_wconf 91' lang='lat' dir='ltr'><strong>Si</strong></span> <span class='ocrx_word' id='word_1_709' title='bbox 3102 4703 3252 4757; x_wconf 88' lang='lat' dir='ltr'><strong>locus</strong></span> <span class='ocrx_word' id='word_1_710' title='bbox 3294 4705 3493 4758; x_wconf 84' lang='lat' dir='ltr'><strong>futurus</strong></span> <span class='ocrx_word' id='word_1_711' title='bbox 3517 4707 3626 4755; x_wconf 69' lang='lat' dir='ltr'><strong>esse!</strong></span> <span class='ocrx_word' id='word_1_712' title='bbox 3655 4710 3706 4745; x_wconf 75' lang='grc' dir='ltr'><strong>η·</strong></span> 
     </span>
    </p>
   </div>
   <div class='ocr_carea' id='block_1_109' title="bbox 2229 4785 3703 4877">
    <p class='ocr_par' dir='ltr' id='par_1_109' title="bbox 2229 4785 3703 4877">
     <span class='ocr_line' id='line_1_109' title="bbox 2229 4785 3703 4877; baseline 0.001 -43"><span class='ocrx_word' id='word_1_713' title='bbox 2229 4785 2364 4853; x_wconf 64' lang='lat' dir='ltr'><strong>gula!</strong></span> <span class='ocrx_word' id='word_1_714' title='bbox 2406 4801 2729 4854; x_wconf 87' lang='lat' dir='ltr'><strong>quamnunc</strong></span> <span class='ocrx_word' id='word_1_715' title='bbox 2773 4791 3006 4859; x_wconf 90' lang='lat' dir='ltr'><strong>primum</strong></span> <span class='ocrx_word' id='word_1_716' title='bbox 3046 4795 3510 4860; x_wconf 84' lang='lat' dir='ltr'><strong>procuditanticus</strong></span> <span class='ocrx_word' id='word_1_717' title='bbox 3527 4786 3703 4877; x_wconf 58' lang='lat' dir='ltr'><strong>Mallum.</strong></span> 
     </span>
    </p>
   </div>
   <div class='ocr_carea' id='block_1_110' title="bbox 2230 4878 3705 4953">
    <p class='ocr_par' dir='ltr' id='par_1_110' title="bbox 2230 4878 3705 4953">
     <span class='ocr_line' id='line_1_110' title="bbox 2230 4878 3705 4953; baseline 0.009 -24"><span class='ocrx_word' id='word_1_718' title='bbox 2230 4878 2456 4932; x_wconf 84' lang='lat' dir='ltr'><strong>miseros</strong></span> <span class='ocrx_word' id='word_1_719' title='bbox 2474 4878 2584 4945; x_wconf 87' lang='lat' dir='ltr'><strong>jam</strong></span> <span class='ocrx_word' id='word_1_720' title='bbox 2635 4882 2904 4949; x_wconf 85' lang='lat' dir='ltr'><strong>appellare</strong></span> <span class='ocrx_word' id='word_1_721' title='bbox 2951 4883 3136 4937; x_wconf 84' lang='lat' dir='ltr'><strong>liceret</strong></span> <span class='ocrx_word' id='word_1_722' title='bbox 3166 4887 3385 4953; x_wconf 87' lang='lat' dir='ltr'><strong>quosvis</strong></span> <span class='ocrx_word' id='word_1_723' title='bbox 3417 4882 3631 4938; x_wconf 77' lang='lat' dir='ltr'><strong>eruditos.</strong></span> <span class='ocrx_word' id='word_1_724' title='bbox 3650 4887 3705 4942; x_wconf 64' lang='lat'><strong>9&#39;&quot;</strong></span> 
     </span>
    </p>
   </div>
   <div class='ocr_carea' id='block_1_111' title="bbox 2229 4969 3702 5061">
    <p class='ocr_par' dir='ltr' id='par_1_111' title="bbox 2229 4969 3702 5061">
     <span class='ocr_line' id='line_1_111' title="bbox 2229 4969 3702 5061; baseline -0.001 -40"><span class='ocrx_word' id='word_1_725' title='bbox 2229 4981 2579 5024; x_wconf 87' lang='lat' dir='ltr'><strong>monumenta</strong></span> <span class='ocrx_word' id='word_1_726' title='bbox 2632 4982 2875 5026; x_wconf 88' lang='lat' dir='ltr'><strong>veterum</strong></span> <span class='ocrx_word' id='word_1_727' title='bbox 2910 4976 3168 5041; x_wconf 88' lang='lat' dir='ltr'><strong>tenebris,</strong></span> <span class='ocrx_word' id='word_1_728' title='bbox 3219 4987 3402 5031; x_wconf 88' lang='lat' dir='ltr'><strong>nostro</strong></span> <span class='ocrx_word' id='word_1_729' title='bbox 3457 4969 3702 5061; x_wconf 73' lang='lat' dir='ltr'><strong>potissimth</strong></span> 
     </span>
    </p>
   </div>
   <div class='ocr_carea' id='block_1_112' title="bbox 2227 5059 3702 5132">
    <p class='ocr_par' dir='ltr' id='par_1_112' title="bbox 2227 5059 3702 5132">
     <span class='ocr_line' id='line_1_112' title="bbox 2227 5059 3702 5132; baseline -0.003 -20"><span class='ocrx_word' id='word_1_730' title='bbox 2227 5061 2438 5125; x_wconf 64' lang='lat' dir='ltr'><strong>sacculo,</strong></span> <span class='ocrx_word' id='word_1_731' title='bbox 2470 5062 2806 5130; x_wconf 88' lang='lat' dir='ltr'><strong>eripuerttnt,</strong></span> <span class='ocrx_word' id='word_1_732' title='bbox 2834 5079 3006 5132; x_wconf 86' lang='lat' dir='ltr'><strong>neque</strong></span> <span class='ocrx_word' id='word_1_733' title='bbox 3038 5065 3311 5120; x_wconf 84' lang='lat' dir='ltr'><strong>lucernam</strong></span> <span class='ocrx_word' id='word_1_734' title='bbox 3335 5059 3618 5120; x_wconf 82' lang='lat' dir='ltr'><strong>criticantad</strong></span> <span class='ocrx_word' id='word_1_735' title='bbox 3633 5059 3702 5107; x_wconf 70' lang='lat' dir='ltr'><strong>sil:-</strong></span> 
     </span>
    </p>
   </div>
   <div class='ocr_carea' id='block_1_113' title="bbox 2225 5144 3698 5228">
    <p class='ocr_par' dir='ltr' id='par_1_113' title="bbox 2225 5144 3698 5228">
     <span class='ocr_line' id='line_1_113' title="bbox 2225 5144 3698 5228; baseline -0.003 -25"><span class='ocrx_word' id='word_1_736' title='bbox 2225 5153 2345 5223; x_wconf 82' lang='lat' dir='ltr'><strong>gula</strong></span> <span class='ocrx_word' id='word_1_737' title='bbox 2378 5155 2760 5228; x_wconf 87' lang='lat' dir='ltr'><strong>accenderunt.</strong></span> <span class='ocrx_word' id='word_1_738' title='bbox 2795 5155 2970 5224; x_wconf 80' lang='lat' dir='ltr'><strong>Atque</strong></span> <span class='ocrx_word' id='word_1_739' title='bbox 3001 5171 3119 5210; x_wconf 89' lang='lat' dir='ltr'><strong>mea</strong></span> <span class='ocrx_word' id='word_1_740' title='bbox 3170 5158 3221 5211; x_wconf 91' lang='lat' dir='ltr'><strong>in</strong></span> <span class='ocrx_word' id='word_1_741' title='bbox 3253 5158 3434 5228; x_wconf 90' lang='lat' dir='ltr'><strong>primis</strong></span> <span class='ocrx_word' id='word_1_742' title='bbox 3465 5144 3698 5222; x_wconf 71' lang='lat' dir='ltr'><strong>deplorandi</strong></span> 
     </span>
    </p>
   </div>
   <div class='ocr_carea' id='block_1_114' title="bbox 2225 5225 3696 5312">
    <p class='ocr_par' dir='ltr' id='par_1_114' title="bbox 2225 5225 3696 5312">
     <span class='ocr_line' id='line_1_114' title="bbox 2225 5225 3696 5312; baseline -0.001 -16"><span class='ocrx_word' id='word_1_743' title='bbox 2225 5243 2441 5299; x_wconf 89' lang='lat' dir='ltr'><strong>fortuna</strong></span> <span class='ocrx_word' id='word_1_744' title='bbox 2459 5225 2625 5308; x_wconf 79' lang='lat' dir='ltr'><strong>foret,</strong></span> <span class='ocrx_word' id='word_1_745' title='bbox 2653 5245 2741 5312; x_wconf 92' lang='lat' dir='ltr'><strong>qui</strong></span> <span class='ocrx_word' id='word_1_746' title='bbox 2768 5246 2820 5298; x_wconf 88' lang='lat' dir='ltr'><strong>in</strong></span> <span class='ocrx_word' id='word_1_747' title='bbox 2847 5245 3046 5300; x_wconf 80' lang='lat' dir='ltr'><strong>Rerum</strong></span> <span class='ocrx_word' id='word_1_748' title='bbox 3071 5225 3373 5301; x_wconf 69' lang='lat' dir='ltr'><strong>ltalicairum</strong></span> <span class='ocrx_word' id='word_1_749' title='bbox 3405 5238 3696 5300; x_wconf 65' lang='lat' dir='ltr'><strong>Collectiottt&#39;ul</strong></span> 
     </span>
    </p>
   </div>
   <div class='ocr_carea' id='block_1_115' title="bbox 2216 5335 3696 5407">
    <p class='ocr_par' dir='ltr' id='par_1_115' title="bbox 2216 5335 3696 5407">
     <span class='ocr_line' id='line_1_115' title="bbox 2216 5335 3696 5407; baseline -0.001 -17"><span class='ocrx_word' id='word_1_750' title='bbox 2216 5335 2303 5392; x_wconf 86' lang='lat' dir='ltr'><strong>tot</strong></span> <span class='ocrx_word' id='word_1_751' title='bbox 2346 5337 2598 5391; x_wconf 85' lang='lat' dir='ltr'><strong>historias</strong></span> <span class='ocrx_word' id='word_1_752' title='bbox 2637 5336 2791 5390; x_wconf 90' lang='lat' dir='ltr'><strong>intuli</strong></span> <span class='ocrx_word' id='word_1_753' title='bbox 2844 5353 3122 5407; x_wconf 86' lang='lat' dir='ltr'><strong>nunquam</strong></span> <span class='ocrx_word' id='word_1_754' title='bbox 3160 5347 3317 5392; x_wconf 76' lang='lat' dir='ltr'><strong>antea</strong></span> <span class='ocrx_word' id='word_1_755' title='bbox 3352 5336 3522 5396; x_wconf 73' lang='lat' dir='ltr'><strong>editas,</strong></span> <span class='ocrx_word' id='word_1_756' title='bbox 3565 5335 3696 5389; x_wconf 66' lang='lat'><strong>639]“</strong></span> 
     </span>
    </p>
   </div>
   <div class='ocr_carea' id='block_1_116' title="bbox 2223 5425 3694 5508">
    <p class='ocr_par' dir='ltr' id='par_1_116' title="bbox 2223 5425 3694 5508">
     <span class='ocr_line' id='line_1_116' title="bbox 2223 5425 3694 5508; baseline -0.005 -28"><span class='ocrx_word' id='word_1_757' title='bbox 2223 5429 2341 5482; x_wconf 80' lang='lat' dir='ltr'><strong>dedi</strong></span> <span class='ocrx_word' id='word_1_758' title='bbox 2367 5427 2554 5497; x_wconf 84' lang='lat' dir='ltr'><strong>quales</strong></span> <span class='ocrx_word' id='word_1_759' title='bbox 2585 5444 2616 5483; x_wconf 91' lang='lat' dir='ltr'><strong>e</strong></span> <span class='ocrx_word' id='word_1_760' title='bbox 2646 5443 2775 5482; x_wconf 79' lang='lat' dir='ltr'><strong>mss.</strong></span> <span class='ocrx_word' id='word_1_761' title='bbox 2823 5429 3030 5497; x_wconf 81' lang='lat' dir='ltr'><strong>accepi,</strong></span> <span class='ocrx_word' id='word_1_762' title='bbox 3077 5429 3224 5483; x_wconf 89' lang='lat' dir='ltr'><strong>vitiis</strong></span> <span class='ocrx_word' id='word_1_763' title='bbox 3279 5428 3504 5482; x_wconf 83' lang='lat' dir='ltr'><strong>videlicet</strong></span> <span class='ocrx_word' id='word_1_764' title='bbox 3529 5425 3694 5508; x_wconf 39' lang='lat' dir='ltr'><strong>vetere?</strong></span> 
     </span>
    </p>
   </div>
   <div class='ocr_carea' id='block_1_117' title="bbox 2224 5503 3691 5610">
    <p class='ocr_par' dir='ltr' id='par_1_117' title="bbox 2224 5503 3691 5610">
     <span class='ocr_line' id='line_1_117' title="bbox 2224 5503 3691 5610; baseline 0 -38"><span class='ocrx_word' id='word_1_765' title='bbox 2224 5519 2564 5574; x_wconf 74' lang='lat' dir='ltr'><strong>librariorum</strong></span> <span class='ocrx_word' id='word_1_766' title='bbox 2614 5533 2756 5587; x_wconf 70' lang='lat' dir='ltr'><strong>sche</strong></span> <span class='ocrx_word' id='word_1_767' title='bbox 2807 5519 3052 5574; x_wconf 76' lang='lat' dir='ltr'><strong>l&#39;tedatas.</strong></span> <span class='ocrx_word' id='word_1_768' title='bbox 3091 5519 3199 5573; x_wconf 86' lang='lat' dir='ltr'><strong>Sed</strong></span> <span class='ocrx_word' id='word_1_769' title='bbox 3244 5519 3383 5572; x_wconf 89' lang='lat' dir='ltr'><strong>aliud</strong></span> <span class='ocrx_word' id='word_1_770' title='bbox 3415 5525 3540 5571; x_wconf 82' lang='lat' dir='ltr'><strong>certe</strong></span> <span class='ocrx_word' id='word_1_771' title='bbox 3561 5503 3691 5610; x_wconf 58' lang='grc' dir='ltr'><strong>εξυάηξ</strong></span> 
     </span>
    </p>
   </div>
   <div class='ocr_carea' id='block_1_118' title="bbox 2221 5604 3691 5697">
    <p class='ocr_par' dir='ltr' id='par_1_118' title="bbox 2221 5604 3691 5697">
     <span class='ocr_line' id='line_1_118' title="bbox 2221 5604 3691 5697; baseline -0.005 -32"><span class='ocrx_word' id='word_1_772' title='bbox 2221 5612 2367 5665; x_wconf 89' lang='lat' dir='ltr'><strong>orbis</strong></span> <span class='ocrx_word' id='word_1_773' title='bbox 2410 5610 2668 5678; x_wconf 90' lang='lat' dir='ltr'><strong>judicium</strong></span> <span class='ocrx_word' id='word_1_774' title='bbox 2725 5613 2849 5666; x_wconf 87' lang='lat' dir='ltr'><strong>erit.</strong></span> <span class='ocrx_word' id='word_1_775' title='bbox 2902 5610 3230 5677; x_wconf 80' lang='lat' dir='ltr'><strong>Mabillonio,</strong></span> <span class='ocrx_word' id='word_1_776' title='bbox 3285 5610 3403 5663; x_wconf 87' lang='lat' dir='ltr'><strong>mihi</strong></span> <span class='ocrx_word' id='word_1_777' title='bbox 3466 5604 3691 5697; x_wconf 40' lang='lat' dir='ltr'><strong>caeterule</strong></span> 
     </span>
    </p>
   </div>
   <div class='ocr_carea' id='block_1_119' title="bbox 2221 5688 3687 5772">
    <p class='ocr_par' dir='ltr' id='par_1_119' title="bbox 2221 5688 3687 5772">
     <span class='ocr_line' id='line_1_119' title="bbox 2221 5688 3687 5772; baseline -0.002 -23"><span class='ocrx_word' id='word_1_778' title='bbox 2221 5703 2605 5755; x_wconf 79' lang='lat' dir='ltr'><strong>anecdolot&#39;um</strong></span> <span class='ocrx_word' id='word_1_779' title='bbox 2627 5703 2928 5757; x_wconf 87' lang='lat' dir='ltr'><strong>editoribus</strong></span> <span class='ocrx_word' id='word_1_780' title='bbox 2958 5718 3122 5761; x_wconf 88' lang='lat' dir='ltr'><strong>unum</strong></span> <span class='ocrx_word' id='word_1_781' title='bbox 3169 5702 3468 5772; x_wconf 85' lang='lat' dir='ltr'><strong>plerumque</strong></span> <span class='ocrx_word' id='word_1_782' title='bbox 3489 5688 3687 5750; x_wconf 71' lang='lat' dir='ltr'><strong>consilium</strong></span> 
     </span>
    </p>
   </div>
   <div class='ocr_carea' id='block_1_120' title="bbox 2221 5780 3686 5862">
    <p class='ocr_par' dir='ltr' id='par_1_120' title="bbox 2221 5780 3686 5862">
     <span class='ocr_line' id='line_1_120' title="bbox 2221 5780 3686 5862; baseline -0.006 -17"><span class='ocrx_word' id='word_1_783' title='bbox 2221 5791 2340 5858; x_wconf 88' lang='lat' dir='ltr'><strong>l&#39;nit,</strong></span> <span class='ocrx_word' id='word_1_784' title='bbox 2358 5809 2419 5848; x_wconf 87' lang='lat' dir='ltr'><strong>ac</strong></span> <span class='ocrx_word' id='word_1_785' title='bbox 2434 5793 2670 5847; x_wconf 83' lang='lat' dir='ltr'><strong>futurum</strong></span> <span class='ocrx_word' id='word_1_786' title='bbox 2683 5803 2757 5848; x_wconf 82' lang='lat' dir='ltr'><strong>cst</strong></span> <span class='ocrx_word' id='word_1_787' title='bbox 2771 5833 2785 5859; x_wconf 93' lang='lat'><strong>,</strong></span> <span class='ocrx_word' id='word_1_788' title='bbox 2804 5807 2993 5862; x_wconf 89' lang='lat' dir='ltr'><strong>nempe</strong></span> <span class='ocrx_word' id='word_1_789' title='bbox 3010 5793 3060 5846; x_wconf 91' lang='lat' dir='ltr'><strong>in</strong></span> <span class='ocrx_word' id='word_1_790' title='bbox 3081 5793 3423 5847; x_wconf 81' lang='lat' dir='ltr'><strong>litteratorum</strong></span> <span class='ocrx_word' id='word_1_791' title='bbox 3443 5780 3686 5842; x_wconf 67' lang='lat' dir='ltr'><strong>conuii-tilum</strong></span> 
     </span>
    </p>
   </div>
  </div>
