3834 6332
567 369 666 423 76³7

1282 365 1453 422 SASC.
1492 365 1562 422 Kl
1602 364 1808 422 AUCT.
1853 361 2125 418 INCERTI
2165 358 2324 414 ΔΝΜ
2366 358 2450 413 ΕΤ
2486 357 2749 414 SCRIPT.
2790 357 3012 414 ’AAESII.
3632 363 3694 421 τω

566 478 830 550 Vopiscus
859 482 1020 533 etiam
1069 477 1120 530 in
1148 475 1439 531 Aureliano
1489 477 1780 532 militarem
1831 476 2144 547 rhythmum
2177 475 2224 534 Α
2325 469 2501 526 Unum
2553 467 2926 524 tantummodo
2989 462 3267 534 adjiciam,
3329 481 3495 537 nempe
3530 473 3697 544 cogi.“

568 569 754 633 refert,
786 570 932 624 hisce
960 567 1140 624 verbis
1177 576 1495 637 conceptum
1527 584 1539 620 2

565 699 733 763 Mille,
757 698 916 766 mille,
944 697 1106 766 mille,
1139 698 1302 764 mille,
1336 698 1478 752 mille
1507 698 1898 752 decollavintus.

565 792 712 845 Unus
735 791 889 844 homo
914 790 1072 852 mille,
1105 790 1265 853 mille,
1296 790 1437 844 mille
1459 790 1848 844 decollavimus.
1883 827 1898 840 .

564 880 733 946 Mille,
767 881 929 949 mille,
964 881 1104 936 mille
1136 883 1293 948 vivat,
1329 883 1419 952 qui
1448 880 1591 935 mille
1616 881 1822 934 occidit.

566 977 790 1034 Tantum
821 979 923 1034 riui
945 979 1094 1034 habet
1123 977 1184 1033 η’.
1217 977 1364 1032 bibit‘
1393 995 1564 1040 nemo,
1587 987 1840 1033 auantum
1860 975 1998 1046 fudit
2024 990 2148 1030 san-

1858 1066 2074 1140 [guinis.

563 1205 648 1260 lta-
684 1206 1000 1262 scribendos
1025 1220 1118 1261 eos
1145 1219 1336 1262 versus
1359 1215 1514 1276 puto,
1543 1220 1573 1262 e
1599 1205 1796 1276 quibus
1825 1208 2038 1273 tertius,
2069 1206 2146 1260 uti

563 1297 801 1361 videtur,
858 1307 1045 1353 contra
1094 1298 1239 1366 leges
1284 1297 1556 1353 clauditur
1605 1298 1771 1354 verbo
1813 1298 2023 1352 occidit.
2076 1298 2149 1354 At

565 1389 863 1442 hexametri
894 1404 1107 1459 quoque
1150 1389 1416 1444 interdum
1449 1404 1553 1444 non
1590 1389 1826 1461 dactylo,
1860 1389 1955 1445 sed
1985 1405 2148 1460 spon-

565 1479 680 1534 daro
706 1479 1031 1534 clamlnntur
1061 1479 1201 1550 apttd
1231 1480 1478 1534 meliores
1508 1489 1714 1550 poetas.

636 1569 788 1636 Quod
821 1570 992 1624 estad
1034 1569 1342 1641 rhythmum
1381 1571 1457 1625 De
1489 1571 1737 1625 laudibus
1784 1570 2076 1627 Mediolani
2115 1587 2145 1626 a

566 1673 654 1712 me
691 1659 910 1721 editum,
963 1661 1310 1717 doctissintns
1359 1676 1554 1717 censor
1604 1662 1957 1732 conqueritur
2004 1663 2146 1732 quod

565 1764 732 1818 prave
762 1750 1060 1820 descriptus
1088 1750 1252 1806 fuerit
1296 1768 1362 1807 ex
1396 1761 1707 1824 pervetusto
1751 1753 1938 1809 codice
1975 1753 2148 1810 Vero-

2251 563 2472 618 crcdere
2500 561 2734 616 amicum
2759 557 3027 614 Mvall‘eium
3051 557 3255 628 ingenti
3282 559 3699 629 pruriginem

2251 652 2414 722 virga:
2439 651 2777 717 adhibendae,
2799 665 2921 705 eum
2949 652 3065 703 haec
3091 647 3339 718 scripsit,
3365 649 3700 717 agitatnmlaisg,

2250 742 2434 814 Neque
2459 744 2604 799 enim
2633 743 2783 798 hisce
2810 752 3120 805 contentus,
3167 753 3228 795 et
3264 750 3414 796 extra
3431 747 3705 818 semitam”.

2251 846 2455 904 reptus,
2485 833 2681 888 invasit
2698 833 2863 888 etiam
2884 830 3168 902 frustulum
3188 829 3328 883 Vita:
3348 832 3705 895 sancticcm
3772 853 3773 888 ξ

2249 923 2486 994 t‘piSt'opi
2511 922 2852 987 Mutinensis,
2867 936 3027 990 quam
3043 935 3110 975 ex
3133 920 3311 974 altero
3335 917 3584 978 Veronensi
3599 929 3709 982 cedit:
3772 935 3773 946 ‘

2249 1023 2560 1085 excerptam
2591 1012 2791 1084 protuli
2842 1012 2896 1066 in
2937 1012 3127 1068 eadem
3175 1020 3338 1080 parte
3379 1026 3418 1066 tt
3453 1013 3558 1066 torni
3583 1014 3610 1067 ll
3636 1015 3708 1071 lie.

2248 1106 2580 1170 Italicarum,
2604 1104 2720 1173 ejus
2754 1114 3031 1160 auctorem
3059 1104 3386 1168 arbitratus,
3419 1104 3712 1160 citatum:-

2250 1196 2445 1253 Cltristi
2474 1198 2576 1253 9l0
2603 1197 2872 1252 floruisse.
2915 1194 3044 1250 Mihi
3075 1195 3326 1264 profecto
3369 1193 3412 1248 si
3438 1193 3590 1248 eadem
3619 1195 3716 1250 libido

2251 1292 2530 1356 insideret,
2554 1291 2709 1360 sique
2737 1305 2835 1360 par
2857 1288 2974 1358 pari
3007 1279 3242 1342 reddere
3290 1285 3494 1341 animus
3516 1285 3632 1352 foret,
3656 1306 3714 1341 nati

2249 1383 2524 1448 deessent,
2567 1397 2688 1452 qum
2717 1381 2770 1435 in
2802 1379 3043 1434 censoris
3084 1376 3390 1432 doctissimi
3437 1375 3564 1430 libris
3583 1378 3718 1445 aqum

2249 1489 2495 1531 censurae
2546 1482 2813 1544 paterent.
2858 1471 3060 1526 Verum
3114 1469 3378 1524 amicitia:
3420 1466 3549 1536 leges
3585 1470 3716 1522 mittiue

2249 1566 2470 1631 oblitus,
2502 1565 2690 1638 clypeo
2723 1572 2954 1630 tantum,
2989 1575 3094 1616 non
3123 1575 3260 1614 ense
3297 1558 3386 1613 hic
3423 1566 3544 1610 utar.
3569 1557 3720 1626 Ιιιεετςῡ

2250 1662 2438 1717 scribit
2471 1662 2834 1732 fragmentum
2871 1672 3044 1728 nuper
3089 1663 3455 1710 memoratum
3487 1651 3593 1706 Vitae
3621 1655 3718 1704 sum

2250 1752 2554 1809 Geminiani
2599 1752 2940 1820 desumplum
2985 1747 3156 1802 fuisse
3195 1760 3229 1800 e
3268 1742 3571 1801 Lcctionario
3601 1743 3721 1794 circite:

567 1839 723 1895 nensi
751 1858 763 1895 :
793 1841 992 1910 quibus
1020 1843 1201 1898 verbis
1236 1845 1396 1898 tacite
1424 1845 1749 1914 imperitiam
1797 1845 2036 1917 objicere
2063 1847 2148 1902 vi-
2181 1824 2225 1880 Β
2251 1845 2504 1901 swculum
2541 1861 2630 1900 xw
2656 1845 2871 1914 scripto.
2903 1841 2974 1897 Ut
2998 1841 3149 1896 lubet
3187 1857 3202 1893 :
3241 1837 3476 1892 rariores
3495 1837 3620 1890 etiam
3639 1853 3720 1904 gua-

566 1931 724 1984 detur
771 1932 1083 1988 doctissimo
1133 1933 1252 1989 viro
1317 1934 1710 1992 Bartholomaro
1748 1937 2148 2009 Campagnolae,

563 2022 784 2091 capituli
816 2025 1200 2080 canonicorutn
1255 2027 1644 2084 Veronensium
1690 2031 2038 2097 cancellario,
2095 2040 2152 2090 et

570 2129 714 2168 nunc
742 2115 793 2168 in
820 2117 1010 2172 eadem
1043 2118 1176 2174 urbe
1221 2120 1696 2194 archipresbytcro
1733 2125 1975 2182 ecclesia:
2023 2141 2151 2181 san-

567 2215 668 2259 uta:
688 2204 938 2273 Czeciliae,
981 2223 1012 2263 a
1041 2224 1150 2278 quo
1173 2212 1492 2280 opusculum
1518 2215 1850 2287 descriptum
1874 2228 2036 2288 atque
2081 2218 2150 2274 ad

566 2309 656 2349 me
683 2296 906 2351 missum
944 2297 1066 2353 fuit.
1113 2297 1220 2355 Sed
1257 2301 1451 2356 mirum
1495 2306 1616 2374 quei
1650 2306 1750 2370 vir,
1795 2307 1992 2378 alioqui
2024 2323 2148 2378 per-

567 2392 973 2462 spicacissitnus
1004 2410 1107 2450 non
1145 2405 1273 2452 ante
1313 2413 1499 2452 secum
1531 2398 1864 2466 reputaverit
1915 2414 1983 2452 an
2014 2414 2151 2468 pra:-

567 2482 748 2552 cipitis
809 2485 1007 2555 judicis
1061 2497 1245 2542 notam
1315 2489 1593 2543 incurrere
1665 2498 1884 2558 posset,
1935 2490 2150 2558 quando

567 2576 754 2632 codice
780 2593 882 2632 ms.
909 2579 1130 2634 minime
1173 2581 1416 2650 inspecto
1441 2581 1542 2636 sibi
1571 2581 1638 2636 de
1671 2595 1729 2636 re
1758 2581 1937 2651 ignota
1969 2581 2149 2636 feren-

570 2664 698 2720 dum
725 2676 846 2720 erat
883 2667 1168 2735 judicium.
1201 2670 1365 2740 Atqui
1393 2670 1670 2725 erroribus
1697 2669 1936 2724 abundat
1965 2671 2151 2741 rhyth-

569 2772 712 2812 mus.
738 2757 855 2813 Non
883 2758 1100 2814 abnuo:
1131 2761 1226 2816 sed
1248 2761 1376 2831 quid
1415 2761 1538 2817 inde
1580 2763 1720 2832 apud
1761 2771 1980 2817 cautum
2008 2762 2152 2832 judi-

569 2862 688 2902 cem
719 2850 1103 2919 consequitur?
1132 2850 1250 2906 Non
1284 2852 1490 2906 minora
1526 2852 1652 2907 vitia
1684 2853 1738 2907 in
1768 2851 2150 2910 Mabilluniano

570 2926 823 3009 rhythmo
851 2952 1167 3009 occurrunt,
1221 2943 1698 3013 incomparabilem
1755 2957 1933 3002 tamen
1975 2947 2148 3004 virum

568 3038 719 3085 certe
745 3045 905 3085 nemo
927 3042 1103 3102 neget,
1151 3039 1387 3103 antiqua}
1431 3037 1713 3105 scripturae
1741 3038 2146 3108 peritissimum.

568 3123 661 3187 At,
699 3123 900 3194 regerit
930 3123 1191 3188 lllaﬂ'eius,
1226 3127 1666 3196 paucissimorum
1689 3145 1828 3184 nunc
1857 3140 1930 3184 est
1956 3130 2151 3186 intelli-

567 3231 688 3284 gere
717 3225 942 3270 veterum
964 3218 1312 3284 characteres,
1345 3236 1478 3289 quos
1517 3220 1607 3277 ille
1632 3224 1805 3278 antica
1835 3225 2033 3280 corsivo
2053 3239 2154 3297 ap-

569 3306 752 3375 pellat.
796 3307 902 3364 Sed
951 3310 1080 3380 qnid
1137 3312 1182 3366 si
1216 3312 1358 3368 inter
1396 3313 1562 3370 hosce
1605 3315 1960 3385 paucissimos
2003 3318 2154 3375 locus

567 3398 944 3470 Campagnola:
970 3403 1068 3472 ipsi
1109 3405 1382 3475 ncgandns
1411 3422 1516 3462 non
1544 3409 1720 3464 esset?
1764 3409 2018 3466 Liberum
2068 3420 2155 3468 est

568 3506 732 3557 nunc,
767 3504 826 3546 ut
859 3505 1007 3563 puto,
1057 3495 1269 3552 lllalfeio
1305 3498 1402 3568 ipsi
1455 3501 1619 3570 (quod
1656 3500 1783 3556 olim
1831 3518 1937 3558 non
1981 3503 2151 3576 licuit)

567 3581 670 3636 sub
725 3584 910 3639 oculos
960 3586 1161 3640 habere
1223 3591 1473 3644 eumdem
1520 3591 1786 3658 codicem,
1839 3607 1944 3663 qua
2000 3604 2154 3664 parte

571 3671 881 3742 rhythmum
913 3690 943 3728 a
975 3692 1061 3731 me
1089 3678 1294 3732 editum
1322 3679 1720 3750 complectitur.
1757 3683 1893 3738 Tum
1921 3686 2156 3754 pruden-

573 3761 677 3816 tius
691 3761 957 3830 judicabit
983 3767 1335 3826 tribuendane
1362 3773 1474 3827 sint
1500 3773 1881 3844 antiquissimo
1909 3775 2151 3845 librario,

574 3867 642 3908 ne
671 3853 844 3908 dicam
908 3857 1141 3928 rhythmi
1173 3861 1342 3930 ipsius
1387 3865 1620 3930 auctori,
1677 3880 1746 3919 an
1798 3867 2155 3926 solertissime

571 3941 970 4012 Campagnolae,
987 3962 1107 4016 qum
1123 3959 1214 4003 attt
1239 3961 1630 4022 corruplahaut
1649 3956 1878 4012 obscura
1906 3957 1960 4012 in
1984 3959 2156 4018 hocce

575 4034 1034 4105 rhythtnozttlhttc
1057 4040 1553 4109 deprehenduntur.
1606 4046 1670 4100 Et
1692 4061 1792 4117 ego
1839 4051 2153 4120 rhythmum

570 4128 818 4181 eumdem
845 4131 1189 4188 exactissime
1209 4133 1646 4205 describendum,
1679 4138 1977 4210 iisdemque
1999 4142 2156 4211 plane

571 4220 950 4277 characterem
998 4226 1186 4282 formis
1237 4244 1302 4284 ex
1350 4245 1450 4285 ms.
1501 4232 1912 4301 exprimendum
1945 4237 2152 4303 curavi,

573 4317 646 4374 ita
677 4325 734 4371 ut
758 4319 992 4387 pmpriis
1030 4319 1193 4374 veluti
1217 4321 1387 4376 oculis
1418 4323 1658 4378 codicem
1689 4324 1860 4393 ipsum
1905 4326 2156 4397 inspexe-

572 4409 674 4463 rint
709 4423 724 4464 :
755 4424 821 4465 ac
868 4425 1031 4464 tnanu
1085 4411 1232 4482 tetigi
1283 4412 1414 4468 nihil
1437 4413 1506 4470 ab
1529 4413 1768 4483 ejusdem
1823 4416 2024 4472 codicis
2052 4417 2155 4473 fide

2250 1952 2371 1992 mas
2395 1938 2664 1993 interdum
2712 1942 3000 1992 servarunt
3030 1932 3191 1987 nobis
3240 1928 3543 1996 saeculiejns
3577 1928 3718 1981 codices.

2248 2026 2492 2082 videlicet
2525 2035 2582 2081 et
2626 2025 2726 2096 ipsi
2776 2025 2844 2081 ab
2883 2021 3287 2092 antiquioribus
3314 2018 3562 2087 descripti.
3597 2017 3716 2072 Addi:

2251 2116 2394 2173 Poco
2419 2129 2572 2173 conto
2592 2119 2636 2172 si
2669 2119 2773 2188 pub
2797 2117 2970 2186 farue,
2999 2124 3199 2168 mentre
3253 2111 3610 2180 interpolaziotti
3630 2111 3718 2159 uti:

2248 2211 2405 2266 inette
2432 2212 2607 2266 hanno
2631 2210 2677 2266 lc
2695 2208 2806 2264 Vite
2835 2209 2888 2262 in
2905 2208 2979 2262 tal
2996 2207 3228 2261 Leziona
3238 2206 3318 2258 rio
3339 2221 3358 2259 :
3377 2221 3404 2258 e
3424 2202 3521 2256 cori
3539 2211 3601 2254 ιη
3620 2199 3718 2250 fa‘m

2248 2303 2420 2376 quella
2445 2305 2501 2357 (li
2526 2321 2622 2360 san
2643 2301 2872 2357 Zenone.
2889 2301 3042 2370 Quod
3069 2301 3124 2355 in
3147 2299 3273 2354 Vita
3303 2297 3472 2354 sancti
3489 2293 3659 2349 Zenonis
3676 2292 3719 2343 in-

2251 2397 2477 2466 terpolat
2488 2396 2637 2451 iones
2646 2410 2776 2452 occu
2787 2403 2960 2458 rrant,
2974 2393 3248 2450 deducere
3263 2391 3418 2455 velle,
3432 2385 3717 2458 reliquasctial

2257 2486 2405 2543 Vitas
2445 2487 2648 2543 codicis
2692 2486 2836 2542 illius
2883 2483 3401 2556 interpolationibus
3455 2488 3634 2536 scatere,
3660 2489 3717 2526 non

2252 2582 2578 2651 probabunt,
2605 2591 2667 2636 ut
2691 2592 2848 2652 puto,
2879 2581 3098 2635 eruditi.
3131 2578 3292 2647 Quod
3330 2577 3446 2648 plus
3478 2584 3573 2636 est,
3599 2571 3715 2626 nulla

2253 2670 2306 2724 in
2361 2670 2688 2739 pra-laudata
2740 2669 2799 2725 S.
2846 2669 3150 2726 Geminiani
3197 2669 3323 2724 Vita
3372 2664 3715 2736 interpolation

2253 2762 2539 2832 quisquam
2569 2761 2838 2817 ostendet.
2872 2762 2984 2816 Cur
3026 2776 3154 2830 ergo
3203 2760 3323 2815 bare
3363 2752 3717 2819 Malicins?l’cr;it

2254 2852 2341 2908 iHe
2371 2872 2384 2908 :
2415 2853 2634 2908 L’autor
2676 2852 2817 2908 della
2864 2853 3047 2923 giunta
3096 2853 3152 2919 fa
3200 2850 3466 2905 mettzione
3503 2846 3595 2900 ΔΑΓ
3614 2843 3715 2894 entia

2251 2947 2508 3001 scorreria
2540 2946 2676 3018 degli
2701 2945 2964 3016 Unglteri;
2995 2962 3079 3000 ma
3110 2961 3217 2998 non
3246 2953 3441 2998 nwstra
3471 2954 3582 2993 esset
3602 2937 3714 2987 nstin

2251 3053 2285 3091 a
2314 3047 2483 3104 tempo
2509 3037 2564 3090 di
2593 3037 2801 3109 quella,
2838 3037 2983 3091 bens‘z
3024 3035 3258 3090 d’alcun'
3289 3033 3422 3087 altra
3455 3030 3564 3084 delle
3583 3024 3715 3095 fatuis

2253 3127 2428 3199 quella
2483 3137 2652 3199 gente.
2705 3126 2869 3197 Atqui
2919 3136 3128 3182 certum
3178 3125 3325 3195 apud
3373 3135 3539 3177 omnes
3573 3116 3716 3171 emnlitté

2255 3218 2497 3274 futurum
2522 3227 2624 3286 est,
2672 3219 2918 3276 eamdem
2945 3219 3145 3284 Vitam,
3177 3233 3286 3272 una
3315 3231 3432 3271 eum
3461 3212 3612 3267 lacinia
3633 3223 3651 3259 a
3671 3218 3714 3256 ne
3772 3221 3773 3224 ‘

2255 3311 2420 3376 edita,
2452 3321 2572 3366 ante
2601 3311 2829 3366 medium
2859 3310 3117 3367 swculum
3149 3327 3178 3364 χ
3223 3309 3389 3364 fuisse
3431 3303 3591 3361 litteris
3612 3296 3716 3354 tonsi

2255 3411 2494 3470 gnatam.
2521 3403 2647 3458 Mihi
2677 3419 3078 3475 persuaseram,
3103 3402 3520 3457 additamentum
3545 3393 3636 3484 illud
3653 3391 3716 3484 Ιθίξε

2257 3495 2538 3566 hucusque
2579 3498 2838 3560 caruisse,
2885 3497 3028 3567 quod
3070 3496 3123 3550 in
3157 3495 3284 3550 Vita
3332 3510 3359 3548 a
3389 3491 3454 3548 cl.
3485 3489 3534 3544 P.
3559 3479 3718 3577 Bblbmb

2256 3589 2398 3644 edita
2436 3590 2503 3644 ad
2537 3589 2678 3646 diem
2710 3605 2835 3644 tum
2867 3588 3110 3644 Januarii
3159 3588 3338 3657 ipsum
3385 3576 3625 3639 desiderari
3655 3576 3717 3623 m-

2258 3683 2689 3738 tnadvertisscm.
2721 3682 2826 3737 Sed
2855 3682 2969 3738 haec
2990 3682 3265 3747 scribens,
3295 3692 3436 3734 nunc
3470 3666 3715 3742 deprehendat.

2259 3776 2324 3830 ab
2373 3783 2561 3831 eodem
2595 3775 2854 3830 Bollando
2906 3776 2960 3829 in
3003 3773 3154 3830 calce
3187 3774 3320 3828 tomi
3376 3772 3425 3825 in
3458 3763 3660 3845 Addemlis
3684 3759 3716 3807 il

2256 3880 2375 3920 eam
2402 3865 2543 3920 diem
2571 3882 2635 3920 ea:
2664 3865 2844 3920 codice
2869 3882 2968 3918 ms.
2997 3864 3291 3918 Bodecensi
3318 3862 3622 3932 fmgntenlunt
3641 3850 3718 3902 iis

2258 3956 2424 4013 fuisse
2445 3956 2554 4026 jam
2591 3958 2677 4012 diu
2709 3959 3067 4028 productum,
3100 3967 3410 4026 quanquam
3437 3966 3491 4005 ea
3519 3940 3716 4000 diversius”

2257 4056 2316 4102 ιιι
2345 4064 2431 4103 me
2461 4051 2775 4119 neutiquam
2807 4048 3070 4117 pteniteat
3114 4047 3246 4100 illud
3278 4046 3446 4114 ipsum
3477 4048 3619 4092 rursus
3637 4029 3718 4128 eiul:

2257 4157 2430 4213 gasse.
2462 4141 2580 4196 Jam
2609 4155 2738 4211 ergo
2763 4141 3024 4195 habemus
3061 4156 3166 4195 non
3203 4142 3299 4194 uni
3345 4136 3504 4194 codici
3529 4131 3716 4214 Veronae

2260 4235 2616 4304 fragmentum
2673 4232 2800 4286 illud
2851 4242 3130 4302 acceptum
3181 4248 3308 4287 esse
3363 4215 3716 4284 referendnmJlH

2256 4340 2385 4382 vero
2411 4325 2671 4396 scriptum
2699 4333 2782 4381 est
2813 4342 2826 4378 :
2854 4323 2957 4379 Sed
2991 4326 3113 4396 quia
3150 4326 3284 4378 tanti
3327 4322 3490 4376 l’atris
3515 4312 3645 4371 domi
3662 4305 3716 4361 ϐαι

2257 4417 2501 4483 miniani,
2547 4429 2700 4486 prout
2734 4417 3032 4487 potuimus,
3079 4414 3249 4469 Vitam
3301 4417 3426 4486 stylo
3467 4405 3716 4473 transegit!“

570 4503 910 4575 discrepasse
935 4506 1240 4576 exemplum
1270 4508 1396 4563 olim
1438 4511 1505 4565 ad
1540 4524 1626 4564 me
1649 4511 1871 4565 missum
1906 4511 1974 4565 ab
1997 4526 2154 4567 accu-
2181 4523 2231 4582 ι)
2257 4509 2376 4562 libet
2418 4524 2621 4578 quoque
2651 4508 2714 4562 de
2757 4509 2863 4561 situ
2895 4507 3038 4560 urbis
3082 4508 3134 4560 in
3165 4523 3269 4576 qua
3318 4504 3489 4559 resedit
3523 4497 3713 4565 ιρίιίομιίι

571 4597 846 4652 ratissimo
878 4597 994 4666 ipso
1019 4596 1402 4668 Campagnola.
1433 4598 1706 4670 Quidquid
1755 4601 1808 4654 in
1857 4601 2094 4656 editione
2123 4618 2152 4655 a

571 4703 658 4744 me
685 4689 827 4744 facta
845 4689 1116 4744 dissideta
1145 4689 1351 4768 codice,
1372 4691 1712 4745 immutatum
1743 4691 2154 4747 emendatumve

569 4798 600 4837 a
635 4797 720 4837 me
749 4799 856 4838 uno
886 4782 1006 4837 fuit.
1036 4781 1347 4853 lndnlgetur
1377 4783 1520 4837 enim
1566 4783 1642 4853 (id
1671 4791 1878 4852 repeto,
1912 4793 2074 4853 atque
2099 4784 2152 4839 id

570 4872 732 4927 etiam
761 4872 1004 4942 praecipit
1038 4871 1376 4927 clarissimus
1411 4869 1674 4942 Malieius)
1705 4872 2030 4928 describenti
2062 4889 2154 4929 ve-

571 4975 746 5018 terum
780 4973 1127 5019 monumenta
1161 4978 1193 5019 e
1242 4963 1518 5020 codicibus
1570 4964 1822 5034 (quorum
1874 4965 2030 5035 pauci
2089 4965 2149 5020 li-

571 5055 877 5109 brariortttn
915 5055 1196 5111 erroribus
1230 5056 1441 5126 carent)
1495 5055 1734 5124 patentia
1792 5055 1916 5110 inde
1966 5057 2153 5112 tollere

573 5145 786 5211 menda,
811 5163 872 5201 ea
909 5157 1088 5204 tamen
1118 5156 1347 5216 tantum,
1379 5163 1500 5218 quae
1544 5157 1692 5202 recte
1719 5145 1986 5215 conjicere
2031 5163 2154 5216 pos-

570 5249 758 5290 sumus
781 5251 847 5296 ex
877 5239 1283 5295 amanuensium
1304 5239 1592 5296 oscitantia
1612 5240 1962 5308 processisse.
2001 5240 2151 5294 Reli-

570 5344 736 5398 quum
765 5331 1082 5400 egodimisi,
1109 5333 1339 5403 ingentis
1366 5334 1548 5404 operis
1579 5332 1720 5389 mole
1763 5332 1831 5386 ad
1873 5331 1976 5385 alia
2007 5331 2156 5386 solli-

570 5422 770 5476 citatus
797 5430 957 5489 atque
1001 5421 1259 5478 intentus.
1305 5422 1490 5494 Neque
1546 5439 1675 5479 veto
1717 5421 1918 5491 majora
1955 5421 2153 5476 audere

571 5512 654 5568 fas
677 5522 951 5582 putassem
981 5513 1163 5568 insciis
1191 5514 1501 5572 lectoribus.
1537 5516 1689 5571 Nunc
1717 5516 1880 5571 etiam
1911 5514 2153 5567 animad-

573 5615 726 5661 verto
757 5605 891 5661 nihil
906 5623 1043 5674 opus
1073 5605 1237 5661 fuisse
1259 5609 1499 5663 scribere
1522 5619 1722 5678 (μανείη
1741 5624 1836 5678 pro
1858 5617 2149 5677 quwstum;

571 5705 668 5763 sed
698 5704 834 5759 ultra
870 5719 973 5755 non
1011 5699 1192 5766 'vacat,
1231 5699 1435 5757 levibus
1467 5703 1613 5759 hisce
1643 5701 2029 5758 controversiis
2060 5717 2154 5757 seu

569 5799 721 5859 tricis
746 5797 1013 5856 insistere.

2257 4601 2456 4672 aliquid
2491 4599 2767 4654 enucleare
2804 4600 3060 4654 aeracius.
3093 4598 3280 4652 Palam
3313 4599 3420 4651 lure
3457 4589 3635 4662 produnt
3653 4593 3712 4632 non

2213 4743 2216 4746 .
2257 4671 2543 4750 abaliena
2587 4708 2769 4759 manu,
2803 4693 2899 4748 sed
2945 4693 3014 4746 ab
3058 4692 3174 4760 ipso
3219 4700 3436 4745 auctore
3461 4685 3567 4737 Vita:
3587 4671 3711 4740 aliis!)

2257 4782 2444 4849 fuisse,
2493 4797 2615 4852 qua:
2659 4780 2727 4835 ad
2777 4780 2940 4835 situm
2991 4780 3315 4834 Mutinensis
3357 4775 3490 4830 urbis
3526 4764 3708 4852 pertinet.

2255 4875 2498 4942 Quonam
2527 4883 2706 4929 autem
2739 4881 2980 4943 tempore
3029 4872 3168 4926 idem
3217 4882 3402 4924 auctor
3429 4857 3710 4949 ﬂorueribf'l'f

2255 4937 2572 5019 (lentissime
2622 4979 2689 5018 ex
2735 4961 2856 5016 aliis
2906 4960 3025 5028 ejus
3068 4960 3248 5015 verbis
3295 4942 3644 5025 colligitur,ubi
3672 4937 3705 4987 έί

2257 5056 2633 5128 llungarorum
2670 5056 2958 5118 swvissinm
3011 5071 3072 5108 ac
3121 5069 3249 5122 pene
3288 5029 3705 5148 omuilntsmutthttf

2256 5123 2405 5218 gente
2436 5148 2480 5200 is
2507 5147 2772 5216 loquitur,
2807 5161 2964 5215 quant
2986 5185 2999 5205 ,
3043 5144 3210 5213 inquit
3236 5183 3250 5206 ,
3295 5142 3347 5194 in
3389 5132 3541 5191 nostris
3569 5123 3698 5218 inter

2255 5217 2480 5291 tionibus
2531 5247 2846 5305 compertam
2896 5234 3168 5288 habemus.
3207 5230 3401 5286 Deinde
3432 5217 3700 5305 sttb'Ji'vE‘O“

2211 5332 2220 5334 “
2256 5342 2404 5399 parte
2431 5301 2732 5399 aquilonari
2771 5325 2984 5380 ltaliant
3033 5325 3323 5394 ingressos,
3356 5309 3625 5383 Forojulictut

2257 5398 2396 5476 stata
2440 5398 2708 5484 marchia,
2751 5418 3008 5472 Veronam
3047 5433 3207 5486 usque
3257 5408 3538 5468 transiliissc’i
3572 5403 3604 5486 εξ
3630 5398 3692 5484 Ψ

2259 5529 2456 5566 versam
2524 5512 2783 5579 regionem
2846 5509 3219 5578 depopulatos,
3286 5512 3450 5558 cuncta
3504 5487 3684 5582 ﬁrmi???

2262 5606 2466 5659 urbium
2517 5603 2741 5665 mwniu,
2791 5610 3078 5669 cunctaque
3127 5609 3362 5658 lllut'ttltt,
3397 5586 3508 5646 nullo
3531 5573 3685 5699 quifit:

2417 5696 2424 5699 Δ
2664 5695 2673 5699 Δ
2701 5695 2710 5699 -
2800 5694 2828 5699 -77
2917 5691 2926 5699 .
3180 5690 3210 5699 ’³
3237 5689 3247 5698 ⁸
3381 5682 3410 5699 Ἀ
3457 5691 3512 5699 ν-ιγ-
3557 5678 3594 5699 ul
3653 5689 3668 5696 ι.

2261 5696 2507 5751 invasisse
2555 5695 2764 5763 oppida.
2799 5691 3040 5759 Denique
3089 5689 3276 5743 scribit
3317 5704 3327 5739 :
3372 5669 3668 5763 Itaque“?

2263 5739 2506 5751 ""“"'"""
2556 5739 2764 5763 “rr-"m
2799 5739 3037 5759 *νη-,η-
3451 5739 3459 5745 ν
3543 5755 3585 5792 ,ν’
3632 5739 3676 5792 πά

2263 5790 2436 5856 (quam
2489 5789 2683 5839 "(itit/nt
2730 5781 3215 5848 itrscitt‘ntus.’}mm
3251 5781 3359 5830 diro
3394 5768 3615 5824 rr'mnnus,
