  <div class='ocr_page' id='page_1' title='image "/cluster/home/n/w/nwhite01/storage/ocr_20150623/151/hvd.32044015473796/390.png"; bbox 0 0 3834 6332; ppageno 0'>
   <div class='ocr_carea' id='block_1_1' title="bbox 33 319 101 373">
    <p class='ocr_par' dir='ltr' id='par_1_1' title="bbox 33 319 101 373">
     <span class='ocr_line' id='line_1_1' title="bbox 33 319 101 373; baseline -0.015 0"><span class='ocrx_word' id='word_1_1' title='bbox 33 319 101 373; x_wconf 63' lang='lat' dir='ltr'><strong>l(39</strong></span> 
     </span>
    </p>
   </div>
   <div class='ocr_carea' id='block_1_2' title="bbox 34 414 1626 495">
    <p class='ocr_par' dir='ltr' id='par_1_2' title="bbox 34 414 1626 495">
     <span class='ocr_line' id='line_1_2' title="bbox 34 414 1626 495; baseline -0.013 -12"><span class='ocrx_word' id='word_1_2' title='bbox 34 430 184 485; x_wconf 80' lang='lat' dir='ltr'><strong>nsoliti</strong></span> <span class='ocrx_word' id='word_1_3' title='bbox 224 426 447 495; x_wconf 76' lang='lat' dir='ltr'><strong>funeris,</strong></span> <span class='ocrx_word' id='word_1_4' title='bbox 480 431 613 487; x_wconf 87' lang='lat' dir='ltr'><strong>etc.,</strong></span> <span class='ocrx_word' id='word_1_5' title='bbox 645 419 849 473; x_wconf 81' lang='lat' dir='ltr'><strong>tandem</strong></span> <span class='ocrx_word' id='word_1_6' title='bbox 901 417 967 471; x_wconf 79' lang='lat' dir='ltr'><strong>ad</strong></span> <span class='ocrx_word' id='word_1_7' title='bbox 1015 414 1306 469; x_wconf 75' lang='lat' dir='ltr'><strong>Mutinense</strong></span> <span class='ocrx_word' id='word_1_8' title='bbox 1350 414 1549 467; x_wconf 82' lang='lat' dir='ltr'><strong>devenit</strong></span> <span class='ocrx_word' id='word_1_9' title='bbox 1582 416 1626 471; x_wconf 77' lang='grc' dir='ltr'><strong>Α</strong></span> 
     </span>
    </p>
   </div>
   <div class='ocr_carea' id='block_1_3' title="bbox 34 518 1476 604">
    <p class='ocr_par' dir='ltr' id='par_1_3' title="bbox 34 518 1476 604">
     <span class='ocr_line' id='line_1_3' title="bbox 34 518 1476 604; baseline 0 -29"><span class='ocrx_word' id='word_1_10' title='bbox 34 518 449 592; x_wconf 77' lang='lat' dir='ltr'><strong>piscopium,etc.</strong></span> <span class='ocrx_word' id='word_1_11' title='bbox 856 600 866 604; x_wconf 26' lang='grc' dir='ltr'><strong>Δ</strong></span> <span class='ocrx_word' id='word_1_12' title='bbox 1013 597 1032 604; x_wconf 35' lang='grc' dir='ltr'><strong>Δ</strong></span> <span class='ocrx_word' id='word_1_13' title='bbox 1067 596 1080 604; x_wconf 73' lang='lat'>_</span> <span class='ocrx_word' id='word_1_14' title='bbox 1254 596 1267 604; x_wconf 73' lang='lat'>_</span> <span class='ocrx_word' id='word_1_15' title='bbox 1334 595 1346 604; x_wconf 78' lang='lat'>_</span> <span class='ocrx_word' id='word_1_16' title='bbox 1466 594 1476 604; x_wconf 42' lang='lat'>.</span> 
     </span>
    </p>
   </div>
   <div class='ocr_carea' id='block_1_4' title="bbox 71 595 1552 669">
    <p class='ocr_par' dir='ltr' id='par_1_4' title="bbox 71 595 1552 669">
     <span class='ocr_line' id='line_1_4' title="bbox 71 595 1552 669; baseline -0.014 -3"><span class='ocrx_word' id='word_1_17' title='bbox 71 612 224 666; x_wconf 79' lang='lat' dir='ltr'><strong>Nemo</strong></span> <span class='ocrx_word' id='word_1_18' title='bbox 268 623 371 662; x_wconf 90' lang='lat' dir='ltr'><strong>non</strong></span> <span class='ocrx_word' id='word_1_19' title='bbox 429 606 571 660; x_wconf 87' lang='lat' dir='ltr'><strong>videt</strong></span> <span class='ocrx_word' id='word_1_20' title='bbox 606 604 722 659; x_wconf 62' lang='lat' dir='ltr'><strong>haec</strong></span> <span class='ocrx_word' id='word_1_21' title='bbox 763 600 963 669; x_wconf 89' lang='lat' dir='ltr'><strong>scripta</strong></span> <span class='ocrx_word' id='word_1_22' title='bbox 1009 596 1174 653; x_wconf 80' lang='lat' dir='ltr'><strong>fuisse</strong></span> <span class='ocrx_word' id='word_1_23' title='bbox 1221 596 1289 650; x_wconf 91' lang='lat' dir='ltr'><strong>ab</strong></span> <span class='ocrx_word' id='word_1_24' title='bbox 1334 595 1552 649; x_wconf 83' lang='lat' dir='ltr'><strong>homine</strong></span> 
     </span>
    </p>
   </div>
   <div class='ocr_carea' id='block_1_5' title="bbox 33 688 1550 778">
    <p class='ocr_par' dir='ltr' id='par_1_5' title="bbox 33 688 1550 778">
     <span class='ocr_line' id='line_1_5' title="bbox 33 688 1550 778; baseline -0.014 -18"><span class='ocrx_word' id='word_1_25' title='bbox 33 706 89 778; x_wconf 85' lang='grc' dir='ltr'><strong>ιιιί</strong></span> <span class='ocrx_word' id='word_1_26' title='bbox 118 720 213 759; x_wconf 88' lang='lat' dir='ltr'><strong>non</strong></span> <span class='ocrx_word' id='word_1_27' title='bbox 240 710 446 757; x_wconf 90' lang='lat' dir='ltr'><strong>tantum</strong></span> <span class='ocrx_word' id='word_1_28' title='bbox 483 699 718 758; x_wconf 85' lang='lat' dir='ltr'><strong>viderat,</strong></span> <span class='ocrx_word' id='word_1_29' title='bbox 747 695 840 750; x_wconf 90' lang='lat' dir='ltr'><strong>sed</strong></span> <span class='ocrx_word' id='word_1_30' title='bbox 869 693 1028 748; x_wconf 91' lang='lat' dir='ltr'><strong>etiam</strong></span> <span class='ocrx_word' id='word_1_31' title='bbox 1073 698 1328 761; x_wconf 80' lang='lat' dir='ltr'><strong>expertus</strong></span> <span class='ocrx_word' id='word_1_32' title='bbox 1356 688 1550 751; x_wconf 78' lang='lat' dir='ltr'><strong>fuerat,</strong></span> 
     </span>
    </p>
   </div>
   <div class='ocr_carea' id='block_1_6' title="bbox 33 787 1554 868">
    <p class='ocr_par' dir='ltr' id='par_1_6' title="bbox 33 787 1554 868">
     <span class='ocr_line' id='line_1_6' title="bbox 33 787 1554 868; baseline -0.012 -18"><span class='ocrx_word' id='word_1_33' title='bbox 33 804 186 868; x_wconf 71' lang='lat' dir='ltr'><strong>[nauta</strong></span> <span class='ocrx_word' id='word_1_34' title='bbox 232 794 377 848; x_wconf 96' lang='lat' dir='ltr'><strong>rabie</strong></span> <span class='ocrx_word' id='word_1_35' title='bbox 432 790 634 845; x_wconf 79' lang='lat' dir='ltr'><strong>Italiam</strong></span> <span class='ocrx_word' id='word_1_36' title='bbox 683 787 987 850; x_wconf 85' lang='lat' dir='ltr'><strong>dilaniaret,</strong></span> <span class='ocrx_word' id='word_1_37' title='bbox 1039 792 1131 837; x_wconf 88' lang='lat' dir='ltr'><strong>aut</strong></span> <span class='ocrx_word' id='word_1_38' title='bbox 1179 797 1377 849; x_wconf 91' lang='lat' dir='ltr'><strong>paucos</strong></span> <span class='ocrx_word' id='word_1_39' title='bbox 1428 790 1554 833; x_wconf 88' lang='lat' dir='ltr'><strong>ante</strong></span> 
     </span>
    </p>
   </div>
   <div class='ocr_carea' id='block_1_7' title="bbox 34 872 1554 948">
    <p class='ocr_par' dir='ltr' id='par_1_7' title="bbox 34 872 1554 948">
     <span class='ocr_line' id='line_1_7' title="bbox 34 872 1554 948; baseline -0.014 -1"><span class='ocrx_word' id='word_1_40' title='bbox 34 907 159 948; x_wconf 84' lang='lat' dir='ltr'><strong>mnos</strong></span> <span class='ocrx_word' id='word_1_41' title='bbox 202 888 505 944; x_wconf 84' lang='lat' dir='ltr'><strong>dilaniasset</strong></span> <span class='ocrx_word' id='word_1_42' title='bbox 534 880 785 937; x_wconf 87' lang='lat' dir='ltr'><strong>immanis</strong></span> <span class='ocrx_word' id='word_1_43' title='bbox 818 877 1192 947; x_wconf 82' lang='lat' dir='ltr'><strong>Hungarorum</strong></span> <span class='ocrx_word' id='word_1_44' title='bbox 1237 872 1491 944; x_wconf 88' lang='lat' dir='ltr'><strong>populus,</strong></span> <span class='ocrx_word' id='word_1_45' title='bbox 1525 887 1554 926; x_wconf 91' lang='lat' dir='ltr'><strong>e</strong></span> 
     </span>
    </p>
   </div>
   <div class='ocr_carea' id='block_1_8' title="bbox 33 966 1549 1053">
    <p class='ocr_par' dir='ltr' id='par_1_8' title="bbox 33 966 1549 1053">
     <span class='ocr_line' id='line_1_8' title="bbox 33 966 1549 1053; baseline -0.014 -16"><span class='ocrx_word' id='word_1_46' title='bbox 33 982 203 1053; x_wconf 66' lang='lat' dir='ltr'><strong>Scythia</strong></span> <span class='ocrx_word' id='word_1_47' title='bbox 248 980 299 1033; x_wconf 94' lang='lat' dir='ltr'><strong>in</strong></span> <span class='ocrx_word' id='word_1_48' title='bbox 348 974 706 1040; x_wconf 76' lang='lat' dir='ltr'><strong>Pannoniam,</strong></span> <span class='ocrx_word' id='word_1_49' title='bbox 755 984 918 1040; x_wconf 90' lang='lat' dir='ltr'><strong>quam</strong></span> <span class='ocrx_word' id='word_1_50' title='bbox 965 967 1065 1022; x_wconf 86' lang='lat' dir='ltr'><strong>sibi</strong></span> <span class='ocrx_word' id='word_1_51' title='bbox 1114 966 1340 1035; x_wconf 89' lang='lat' dir='ltr'><strong>subjecit</strong></span> <span class='ocrx_word' id='word_1_52' title='bbox 1374 975 1549 1027; x_wconf 84' lang='lat' dir='ltr'><strong>antea,</strong></span> 
     </span>
    </p>
   </div>
   <div class='ocr_carea' id='block_1_9' title="bbox 33 1057 1551 1129">
    <p class='ocr_par' dir='ltr' id='par_1_9' title="bbox 33 1057 1551 1129">
     <span class='ocr_line' id='line_1_9' title="bbox 33 1057 1551 1129; baseline -0.013 1"><span class='ocrx_word' id='word_1_53' title='bbox 33 1090 97 1129; x_wconf 85' lang='lat' dir='ltr'><strong>IOC</strong></span> <span class='ocrx_word' id='word_1_54' title='bbox 122 1081 197 1128; x_wconf 88' lang='lat' dir='ltr'><strong>est</strong></span> <span class='ocrx_word' id='word_1_55' title='bbox 235 1069 456 1125; x_wconf 85' lang='lat' dir='ltr'><strong>circiter</strong></span> <span class='ocrx_word' id='word_1_56' title='bbox 491 1080 689 1119; x_wconf 87' lang='lat' dir='ltr'><strong>annttm</strong></span> <span class='ocrx_word' id='word_1_57' title='bbox 736 1062 937 1119; x_wconf 86' lang='lat' dir='ltr'><strong>Christi</strong></span> <span class='ocrx_word' id='word_1_58' title='bbox 968 1060 1072 1117; x_wconf 90' lang='lat'><strong>889</strong></span> <span class='ocrx_word' id='word_1_59' title='bbox 1100 1060 1340 1128; x_wconf 87' lang='lat' dir='ltr'><strong>illapsus.</strong></span> <span class='ocrx_word' id='word_1_60' title='bbox 1372 1057 1551 1110; x_wconf 87' lang='lat' dir='ltr'><strong>Prima</strong></span> 
     </span>
    </p>
   </div>
   <div class='ocr_carea' id='block_1_10' title="bbox 33 1148 1557 1229">
    <p class='ocr_par' dir='ltr' id='par_1_10' title="bbox 33 1148 1557 1229">
     <span class='ocr_line' id='line_1_10' title="bbox 33 1148 1557 1229; baseline -0.009 -14"><span class='ocrx_word' id='word_1_61' title='bbox 33 1179 173 1219; x_wconf 79' lang='lat' dir='ltr'><strong>:orum</strong></span> <span class='ocrx_word' id='word_1_62' title='bbox 208 1158 488 1229; x_wconf 87' lang='lat' dir='ltr'><strong>impressio</strong></span> <span class='ocrx_word' id='word_1_63' title='bbox 532 1158 585 1211; x_wconf 91' lang='lat' dir='ltr'><strong>in</strong></span> <span class='ocrx_word' id='word_1_64' title='bbox 634 1155 842 1211; x_wconf 89' lang='lat' dir='ltr'><strong>Italiam</strong></span> <span class='ocrx_word' id='word_1_65' title='bbox 868 1195 883 1217; x_wconf 90' lang='lat'><strong>,</strong></span> <span class='ocrx_word' id='word_1_66' title='bbox 912 1163 1047 1208; x_wconf 91' lang='lat' dir='ltr'><strong>teste</strong></span> <span class='ocrx_word' id='word_1_67' title='bbox 1086 1152 1395 1206; x_wconf 90' lang='lat' dir='ltr'><strong>llermanno</strong></span> <span class='ocrx_word' id='word_1_68' title='bbox 1416 1148 1557 1204; x_wconf 85' lang='lat' dir='ltr'><strong>Con-</strong></span> 
     </span>
    </p>
   </div>
   <div class='ocr_carea' id='block_1_11' title="bbox 34 1238 1557 1306">
    <p class='ocr_par' dir='ltr' id='par_1_11' title="bbox 34 1238 1557 1306">
     <span class='ocr_line' id='line_1_11' title="bbox 34 1238 1557 1306; baseline -0.009 0"><span class='ocrx_word' id='word_1_69' title='bbox 34 1260 158 1306; x_wconf 88' lang='lat' dir='ltr'><strong>racto</strong></span> <span class='ocrx_word' id='word_1_70' title='bbox 185 1257 235 1303; x_wconf 88' lang='lat' dir='ltr'><strong>et</strong></span> <span class='ocrx_word' id='word_1_71' title='bbox 257 1248 644 1303; x_wconf 87' lang='lat' dir='ltr'><strong>Continuatore</strong></span> <span class='ocrx_word' id='word_1_72' title='bbox 674 1242 962 1297; x_wconf 88' lang='lat' dir='ltr'><strong>Annalium</strong></span> <span class='ocrx_word' id='word_1_73' title='bbox 1004 1241 1349 1296; x_wconf 87' lang='lat' dir='ltr'><strong>Fuldensium</strong></span> <span class='ocrx_word' id='word_1_74' title='bbox 1368 1281 1381 1304; x_wconf 95' lang='lat'><strong>,</strong></span> <span class='ocrx_word' id='word_1_75' title='bbox 1408 1238 1557 1293; x_wconf 83' lang='lat' dir='ltr'><strong>aliis-</strong></span> 
     </span>
    </p>
   </div>
   <div class='ocr_carea' id='block_1_12' title="bbox 33 1329 1560 1413">
    <p class='ocr_par' dir='ltr' id='par_1_12' title="bbox 33 1329 1560 1413">
     <span class='ocr_line' id='line_1_12' title="bbox 33 1329 1560 1413; baseline -0.01 -16"><span class='ocrx_word' id='word_1_76' title='bbox 33 1358 117 1413; x_wconf 71' lang='lat' dir='ltr'><strong>lue,</strong></span> <span class='ocrx_word' id='word_1_77' title='bbox 142 1340 382 1412; x_wconf 78' lang='lat' dir='ltr'><strong>illiganda</strong></span> <span class='ocrx_word' id='word_1_78' title='bbox 418 1339 631 1392; x_wconf 82' lang='lat' dir='ltr'><strong>videtur</strong></span> <span class='ocrx_word' id='word_1_79' title='bbox 660 1351 802 1390; x_wconf 92' lang='lat' dir='ltr'><strong>anno</strong></span> <span class='ocrx_word' id='word_1_80' title='bbox 829 1334 954 1390; x_wconf 92' lang='lat'><strong>900.</strong></span> <span class='ocrx_word' id='word_1_81' title='bbox 988 1332 1265 1386; x_wconf 87' lang='lat' dir='ltr'><strong>Aunalista</strong></span> <span class='ocrx_word' id='word_1_82' title='bbox 1298 1331 1460 1392; x_wconf 72' lang='lat' dir='ltr'><strong>Savo,</strong></span> <span class='ocrx_word' id='word_1_83' title='bbox 1491 1329 1560 1383; x_wconf 90' lang='lat' dir='ltr'><strong>ab</strong></span> 
     </span>
    </p>
   </div>
   <div class='ocr_carea' id='block_1_13' title="bbox 33 1422 1554 1499">
    <p class='ocr_par' dir='ltr' id='par_1_13' title="bbox 33 1422 1554 1499">
     <span class='ocr_line' id='line_1_13' title="bbox 33 1422 1554 1499; baseline -0.011 -10"><span class='ocrx_word' id='word_1_84' title='bbox 33 1434 227 1489; x_wconf 69' lang='lat' dir='ltr'><strong>Eccardo</strong></span> <span class='ocrx_word' id='word_1_85' title='bbox 266 1432 463 1494; x_wconf 88' lang='lat' dir='ltr'><strong>editus,</strong></span> <span class='ocrx_word' id='word_1_86' title='bbox 514 1428 847 1499; x_wconf 81' lang='lat' dir='ltr'><strong>Reginonem</strong></span> <span class='ocrx_word' id='word_1_87' title='bbox 887 1435 1122 1488; x_wconf 89' lang='lat' dir='ltr'><strong>secutus,</strong></span> <span class='ocrx_word' id='word_1_88' title='bbox 1163 1432 1254 1477; x_wconf 88' lang='lat' dir='ltr'><strong>aut</strong></span> <span class='ocrx_word' id='word_1_89' title='bbox 1289 1422 1554 1485; x_wconf 89' lang='lat' dir='ltr'><strong>eamdem,</strong></span> 
     </span>
    </p>
   </div>
   <div class='ocr_carea' id='block_1_14' title="bbox 33 1511 1559 1591">
    <p class='ocr_par' dir='ltr' id='par_1_14' title="bbox 33 1511 1559 1591">
     <span class='ocr_line' id='line_1_14' title="bbox 33 1511 1559 1591; baseline -0.008 -14"><span class='ocrx_word' id='word_1_90' title='bbox 33 1536 90 1579; x_wconf 69' lang='lat' dir='ltr'><strong>tut</strong></span> <span class='ocrx_word' id='word_1_91' title='bbox 113 1524 320 1578; x_wconf 85' lang='lat' dir='ltr'><strong>alteram</strong></span> <span class='ocrx_word' id='word_1_92' title='bbox 348 1521 703 1591; x_wconf 89' lang='lat' dir='ltr'><strong>irruptionem</strong></span> <span class='ocrx_word' id='word_1_93' title='bbox 730 1517 990 1573; x_wconf 84' lang='lat' dir='ltr'><strong>describit</strong></span> <span class='ocrx_word' id='word_1_94' title='bbox 1024 1516 1089 1570; x_wconf 88' lang='lat' dir='ltr'><strong>ad</strong></span> <span class='ocrx_word' id='word_1_95' title='bbox 1116 1529 1316 1569; x_wconf 90' lang='lat' dir='ltr'><strong>annum</strong></span> <span class='ocrx_word' id='word_1_96' title='bbox 1341 1511 1437 1568; x_wconf 92' lang='lat' dir='ltr'><strong>90l</strong></span> <span class='ocrx_word' id='word_1_97' title='bbox 1476 1512 1559 1566; x_wconf 91' lang='lat' dir='ltr'><strong>his</strong></span> 
     </span>
    </p>
   </div>
   <div class='ocr_carea' id='block_1_15' title="bbox 34 1602 1560 1681">
    <p class='ocr_par' dir='ltr' id='par_1_15' title="bbox 34 1602 1560 1681">
     <span class='ocr_line' id='line_1_15' title="bbox 34 1602 1560 1681; baseline -0.007 -14"><span class='ocrx_word' id='word_1_98' title='bbox 34 1613 165 1668; x_wconf 87' lang='lat' dir='ltr'><strong>&#39;crbis</strong></span> <span class='ocrx_word' id='word_1_99' title='bbox 193 1630 204 1666; x_wconf 89' lang='lat'>:</span> <span class='ocrx_word' id='word_1_100' title='bbox 237 1611 665 1681; x_wconf 86' lang='lat' dir='ltr'><strong>Langobardiam</strong></span> <span class='ocrx_word' id='word_1_101' title='bbox 694 1625 897 1680; x_wconf 85' lang='lat' dir='ltr'><strong>quoque</strong></span> <span class='ocrx_word' id='word_1_102' title='bbox 928 1607 1147 1677; x_wconf 82' lang='lat' dir='ltr'><strong>ingressi</strong></span> <span class='ocrx_word' id='word_1_103' title='bbox 1166 1646 1180 1671; x_wconf 96' lang='lat'><strong>,</strong></span> <span class='ocrx_word' id='word_1_104' title='bbox 1216 1604 1443 1660; x_wconf 67' lang='lat' dir='ltr'><strong>caulibus</strong></span> <span class='ocrx_word' id='word_1_105' title='bbox 1471 1602 1560 1657; x_wconf 84' lang='lat' dir='ltr'><strong>in-</strong></span> 
     </span>
    </p>
   </div>
   <div class='ocr_carea' id='block_1_16' title="bbox 34 1699 1561 1775">
    <p class='ocr_par' dir='ltr' id='par_1_16' title="bbox 34 1699 1561 1775">
     <span class='ocr_line' id='line_1_16' title="bbox 34 1699 1561 1775; baseline -0.008 -13"><span class='ocrx_word' id='word_1_106' title='bbox 34 1708 169 1762; x_wconf 75' lang='lat' dir='ltr'><strong>endia</strong></span> <span class='ocrx_word' id='word_1_107' title='bbox 218 1706 472 1768; x_wconf 84' lang='lat' dir='ltr'><strong>miscent;</strong></span> <span class='ocrx_word' id='word_1_108' title='bbox 523 1704 742 1775; x_wconf 88' lang='lat' dir='ltr'><strong>cumque</strong></span> <span class='ocrx_word' id='word_1_109' title='bbox 799 1703 988 1757; x_wconf 78' lang='lat' dir='ltr'><strong>incola:</strong></span> <span class='ocrx_word' id='word_1_110' title='bbox 1054 1712 1208 1757; x_wconf 80' lang='lat' dir='ltr'><strong>terra:</strong></span> <span class='ocrx_word' id='word_1_111' title='bbox 1268 1699 1561 1770; x_wconf 83' lang='lat' dir='ltr'><strong>conglobati</strong></span> 
     </span>
    </p>
   </div>
   <div class='ocr_carea' id='block_1_17' title="bbox 34 1767 1637 1867">
    <p class='ocr_par' dir='ltr' id='par_1_17' title="bbox 34 1767 1637 1867">
     <span class='ocr_line' id='line_1_17' title="bbox 34 1767 1637 1867; baseline -0.004 -16"><span class='ocrx_word' id='word_1_112' title='bbox 34 1799 217 1851; x_wconf 53' lang='lat' dir='ltr'><strong>’esislere</strong></span> <span class='ocrx_word' id='word_1_113' title='bbox 238 1806 576 1863; x_wconf 80' lang='lat' dir='ltr'><strong>conarentur,</strong></span> <span class='ocrx_word' id='word_1_114' title='bbox 608 1795 821 1867; x_wconf 81' lang='lat' dir='ltr'><strong>plurimi</strong></span> <span class='ocrx_word' id='word_1_115' title='bbox 855 1795 1078 1864; x_wconf 77' lang='lat' dir='ltr'><strong>episcopi</strong></span> <span class='ocrx_word' id='word_1_116' title='bbox 1115 1805 1164 1848; x_wconf 89' lang='lat' dir='ltr'><strong>et</strong></span> <span class='ocrx_word' id='word_1_117' title='bbox 1202 1795 1412 1849; x_wconf 83' lang='lat' dir='ltr'><strong>comites</strong></span> <span class='ocrx_word' id='word_1_118' title='bbox 1442 1808 1560 1846; x_wconf 90' lang='lat' dir='ltr'><strong>cum</strong></span> <span class='ocrx_word' id='word_1_119' title='bbox 1595 1767 1637 1821; x_wconf 76' lang='grc' dir='ltr'>Β</span> 
     </span>
    </p>
   </div>
   <div class='ocr_carea' id='block_1_18' title="bbox 36 1885 1561 1956">
    <p class='ocr_par' dir='ltr' id='par_1_18' title="bbox 36 1885 1561 1956">
     <span class='ocr_line' id='line_1_18' title="bbox 36 1885 1561 1956; baseline -0.002 -16"><span class='ocrx_word' id='word_1_120' title='bbox 36 1887 349 1942; x_wconf 83' lang='lat' dir='ltr'><strong>naumerabili</strong></span> <span class='ocrx_word' id='word_1_121' title='bbox 380 1887 655 1942; x_wconf 84' lang='lat' dir='ltr'><strong>hominum</strong></span> <span class='ocrx_word' id='word_1_122' title='bbox 678 1887 1013 1941; x_wconf 82' lang='lat' dir='ltr'><strong>multitudine</strong></span> <span class='ocrx_word' id='word_1_123' title='bbox 1037 1887 1348 1956; x_wconf 77' lang='lat' dir='ltr'><strong>sagittarum</strong></span> <span class='ocrx_word' id='word_1_124' title='bbox 1375 1885 1561 1938; x_wconf 77' lang='lat' dir='ltr'><strong>ictibus</strong></span> 
     </span>
    </p>
   </div>
   <div class='ocr_carea' id='block_1_19' title="bbox 36 1975 1564 2043">
    <p class='ocr_par' dir='ltr' id='par_1_19' title="bbox 36 1975 1564 2043">
     <span class='ocr_line' id='line_1_19' title="bbox 36 1975 1564 2043; baseline -0.001 -14"><span class='ocrx_word' id='word_1_125' title='bbox 36 1977 333 2031; x_wconf 86' lang='lat' dir='ltr'><strong>rucidantur.</strong></span> <span class='ocrx_word' id='word_1_126' title='bbox 386 1976 725 2031; x_wconf 85' lang='lat' dir='ltr'><strong>Liutwardus</strong></span> <span class='ocrx_word' id='word_1_127' title='bbox 773 1975 1113 2030; x_wconf 77' lang='lat' dir='ltr'><strong>Verre/[ensis</strong></span> <span class='ocrx_word' id='word_1_128' title='bbox 1162 1976 1430 2043; x_wconf 85' lang='lat' dir='ltr'><strong>episcopus</strong></span> <span class='ocrx_word' id='word_1_129' title='bbox 1478 1990 1564 2027; x_wconf 88' lang='lat' dir='ltr'><strong>as-</strong></span> 
     </span>
    </p>
   </div>
   <div class='ocr_carea' id='block_1_20' title="bbox 34 2066 1563 2137">
    <p class='ocr_par' dir='ltr' id='par_1_20' title="bbox 34 2066 1563 2137">
     <span class='ocr_line' id='line_1_20' title="bbox 34 2066 1563 2137; baseline 0.001 -21"><span class='ocrx_word' id='word_1_130' title='bbox 34 2067 200 2136; x_wconf 66' lang='lat' dir='ltr'><strong>;umptis</strong></span> <span class='ocrx_word' id='word_1_131' title='bbox 228 2066 486 2121; x_wconf 78' lang='lat' dir='ltr'><strong>thesauris</strong></span> <span class='ocrx_word' id='word_1_132' title='bbox 531 2066 755 2137; x_wconf 80' lang='lat' dir='ltr'><strong>fugiens,</strong></span> <span class='ocrx_word' id='word_1_133' title='bbox 788 2067 968 2120; x_wconf 83' lang='lat' dir='ltr'><strong>incidit</strong></span> <span class='ocrx_word' id='word_1_134' title='bbox 1014 2082 1169 2133; x_wconf 84' lang='lat' dir='ltr'><strong>super</strong></span> <span class='ocrx_word' id='word_1_135' title='bbox 1195 2081 1281 2119; x_wconf 87' lang='lat' dir='ltr'><strong>eos</strong></span> <span class='ocrx_word' id='word_1_136' title='bbox 1300 2105 1313 2128; x_wconf 93' lang='lat'><strong>,</strong></span> <span class='ocrx_word' id='word_1_137' title='bbox 1342 2080 1563 2131; x_wconf 73' lang='lat' dir='ltr'><strong>moxque</strong></span> 
     </span>
    </p>
   </div>
   <div class='ocr_carea' id='block_1_21' title="bbox 36 2155 1561 2229">
    <p class='ocr_par' dir='ltr' id='par_1_21' title="bbox 36 2155 1561 2229">
     <span class='ocr_line' id='line_1_21' title="bbox 36 2155 1561 2229; baseline -0.002 -17"><span class='ocrx_word' id='word_1_138' title='bbox 36 2158 306 2225; x_wconf 62' lang='lat' dir='ltr'><strong>nter/icitur.</strong></span> <span class='ocrx_word' id='word_1_139' title='bbox 341 2158 417 2212; x_wconf 86' lang='lat' dir='ltr'><strong>En</strong></span> <span class='ocrx_word' id='word_1_140' title='bbox 466 2171 752 2229; x_wconf 88' lang='lat' dir='ltr'><strong>quousque</strong></span> <span class='ocrx_word' id='word_1_141' title='bbox 797 2173 937 2211; x_wconf 88' lang='lat' dir='ltr'><strong>anno</strong></span> <span class='ocrx_word' id='word_1_142' title='bbox 976 2156 1066 2211; x_wconf 90' lang='lat' dir='ltr'><strong>illo</strong></span> <span class='ocrx_word' id='word_1_143' title='bbox 1112 2167 1205 2211; x_wconf 85' lang='lat' dir='ltr'><strong>aut</strong></span> <span class='ocrx_word' id='word_1_144' title='bbox 1242 2155 1561 2225; x_wconf 62' lang='lat' dir='ltr'><strong>praecedenti</strong></span> 
     </span>
    </p>
   </div>
   <div class='ocr_carea' id='block_1_22' title="bbox 34 2246 1564 2317">
    <p class='ocr_par' dir='ltr' id='par_1_22' title="bbox 34 2246 1564 2317">
     <span class='ocr_line' id='line_1_22' title="bbox 34 2246 1564 2317; baseline 0.001 -19"><span class='ocrx_word' id='word_1_145' title='bbox 34 2246 276 2299; x_wconf 69' lang='lat' dir='ltr'><strong>teuetrarit</strong></span> <span class='ocrx_word' id='word_1_146' title='bbox 308 2246 648 2302; x_wconf 81' lang='lat' dir='ltr'><strong>ferocissima</strong></span> <span class='ocrx_word' id='word_1_147' title='bbox 680 2262 829 2317; x_wconf 87' lang='lat' dir='ltr'><strong>gens.</strong></span> <span class='ocrx_word' id='word_1_148' title='bbox 865 2247 1079 2301; x_wconf 92' lang='lat' dir='ltr'><strong>Illorum</strong></span> <span class='ocrx_word' id='word_1_149' title='bbox 1112 2246 1291 2300; x_wconf 90' lang='lat' dir='ltr'><strong>autem</strong></span> <span class='ocrx_word' id='word_1_150' title='bbox 1339 2246 1564 2315; x_wconf 85' lang='lat' dir='ltr'><strong>irruptio</strong></span> 
     </span>
    </p>
   </div>
   <div class='ocr_carea' id='block_1_23' title="bbox 38 2336 1566 2408">
    <p class='ocr_par' dir='ltr' id='par_1_23' title="bbox 38 2336 1566 2408">
     <span class='ocr_line' id='line_1_23' title="bbox 38 2336 1566 2408; baseline 0.003 -21"><span class='ocrx_word' id='word_1_151' title='bbox 38 2352 64 2388; x_wconf 80' lang='grc' dir='ltr'><strong>ιι</strong></span> <span class='ocrx_word' id='word_1_152' title='bbox 102 2336 435 2391; x_wconf 81' lang='lat' dir='ltr'><strong>Mutinensem</strong></span> <span class='ocrx_word' id='word_1_153' title='bbox 487 2353 700 2408; x_wconf 82' lang='lat' dir='ltr'><strong>agrum,</strong></span> <span class='ocrx_word' id='word_1_154' title='bbox 731 2348 786 2391; x_wconf 89' lang='lat' dir='ltr'><strong>et</strong></span> <span class='ocrx_word' id='word_1_155' title='bbox 816 2339 1047 2393; x_wconf 81' lang='lat' dir='ltr'><strong>vastatio</strong></span> <span class='ocrx_word' id='word_1_156' title='bbox 1083 2337 1419 2392; x_wconf 87' lang='lat' dir='ltr'><strong>celeberrimi</strong></span> <span class='ocrx_word' id='word_1_157' title='bbox 1466 2337 1566 2391; x_wconf 78' lang='lat' dir='ltr'><strong>No-</strong></span> 
     </span>
    </p>
   </div>
   <div class='ocr_carea' id='block_1_24' title="bbox 34 2427 1564 2500">
    <p class='ocr_par' dir='ltr' id='par_1_24' title="bbox 34 2427 1564 2500">
     <span class='ocr_line' id='line_1_24' title="bbox 34 2427 1564 2500; baseline 0.005 -22"><span class='ocrx_word' id='word_1_158' title='bbox 34 2427 259 2482; x_wconf 80' lang='lat' dir='ltr'><strong>tantulani</strong></span> <span class='ocrx_word' id='word_1_159' title='bbox 290 2429 610 2484; x_wconf 81' lang='lat' dir='ltr'><strong>monasterii</strong></span> <span class='ocrx_word' id='word_1_160' title='bbox 635 2444 731 2500; x_wconf 90' lang='lat' dir='ltr'><strong>per</strong></span> <span class='ocrx_word' id='word_1_161' title='bbox 753 2445 848 2485; x_wconf 90' lang='lat' dir='ltr'><strong>eos</strong></span> <span class='ocrx_word' id='word_1_162' title='bbox 875 2429 1038 2493; x_wconf 83' lang='lat' dir='ltr'><strong>facta,</strong></span> <span class='ocrx_word' id='word_1_163' title='bbox 1067 2431 1118 2484; x_wconf 92' lang='lat' dir='ltr'><strong>in</strong></span> <span class='ocrx_word' id='word_1_164' title='bbox 1146 2431 1366 2486; x_wconf 86' lang='lat' dir='ltr'><strong>eosdem</strong></span> <span class='ocrx_word' id='word_1_165' title='bbox 1393 2444 1564 2485; x_wconf 90' lang='lat' dir='ltr'><strong>annos</strong></span> 
     </span>
    </p>
   </div>
   <div class='ocr_carea' id='block_1_25' title="bbox 34 2517 1563 2592">
    <p class='ocr_par' dir='ltr' id='par_1_25' title="bbox 34 2517 1563 2592">
     <span class='ocr_line' id='line_1_25' title="bbox 34 2517 1563 2592; baseline 0.003 -22"><span class='ocrx_word' id='word_1_166' title='bbox 34 2517 313 2587; x_wconf 79' lang='lat' dir='ltr'><strong>:onjiclenda</strong></span> <span class='ocrx_word' id='word_1_167' title='bbox 346 2520 581 2587; x_wconf 88' lang='lat' dir='ltr'><strong>videtur,</strong></span> <span class='ocrx_word' id='word_1_168' title='bbox 626 2529 684 2575; x_wconf 92' lang='lat' dir='ltr'><strong>ut</strong></span> <span class='ocrx_word' id='word_1_169' title='bbox 720 2520 916 2592; x_wconf 85' lang='lat' dir='ltr'><strong>Pagius</strong></span> <span class='ocrx_word' id='word_1_170' title='bbox 959 2529 1106 2575; x_wconf 89' lang='lat' dir='ltr'><strong>recte</strong></span> <span class='ocrx_word' id='word_1_171' title='bbox 1154 2520 1378 2575; x_wconf 82' lang='lat' dir='ltr'><strong>monuit.</strong></span> <span class='ocrx_word' id='word_1_172' title='bbox 1427 2519 1563 2574; x_wconf 91' lang='lat' dir='ltr'><strong>Tum</strong></span> 
     </span>
    </p>
   </div>
   <div class='ocr_carea' id='block_1_26' title="bbox 33 2608 1564 2677">
    <p class='ocr_par' dir='ltr' id='par_1_26' title="bbox 33 2608 1564 2677">
     <span class='ocr_line' id='line_1_26' title="bbox 33 2608 1564 2677; baseline 0.005 -20"><span class='ocrx_word' id='word_1_173' title='bbox 33 2608 433 2677; x_wconf 70' lang='lat' dir='ltr'><strong>subsequentibus</strong></span> <span class='ocrx_word' id='word_1_174' title='bbox 481 2611 641 2666; x_wconf 89' lang='lat' dir='ltr'><strong>annis</strong></span> <span class='ocrx_word' id='word_1_175' title='bbox 687 2625 820 2665; x_wconf 89' lang='lat' dir='ltr'><strong>nova</strong></span> <span class='ocrx_word' id='word_1_176' title='bbox 872 2611 939 2665; x_wconf 89' lang='lat' dir='ltr'><strong>ab</strong></span> <span class='ocrx_word' id='word_1_177' title='bbox 986 2610 1052 2665; x_wconf 92' lang='lat' dir='ltr'><strong>iis</strong></span> <span class='ocrx_word' id='word_1_178' title='bbox 1096 2610 1316 2665; x_wconf 83' lang='lat' dir='ltr'><strong>vulnera</strong></span> <span class='ocrx_word' id='word_1_179' title='bbox 1366 2609 1564 2665; x_wconf 91' lang='lat' dir='ltr'><strong>inﬂicta</strong></span> 
     </span>
    </p>
   </div>
   <div class='ocr_carea' id='block_1_27' title="bbox 34 2694 1564 2770">
    <p class='ocr_par' dir='ltr' id='par_1_27' title="bbox 34 2694 1564 2770">
     <span class='ocr_line' id='line_1_27' title="bbox 34 2694 1564 2770; baseline 0.005 -24"><span class='ocrx_word' id='word_1_180' title='bbox 34 2694 145 2751; x_wconf 87' lang='lat' dir='ltr'><strong>‘uere</strong></span> <span class='ocrx_word' id='word_1_181' title='bbox 189 2696 375 2763; x_wconf 63' lang='lat' dir='ltr'><strong>Italiae;</strong></span> <span class='ocrx_word' id='word_1_182' title='bbox 410 2715 539 2753; x_wconf 88' lang='lat' dir='ltr'><strong>nam</strong></span> <span class='ocrx_word' id='word_1_183' title='bbox 584 2708 707 2768; x_wconf 87' lang='lat' dir='ltr'><strong>post</strong></span> <span class='ocrx_word' id='word_1_184' title='bbox 749 2698 1089 2770; x_wconf 89' lang='lat' dir='ltr'><strong>proﬂigatum</strong></span> <span class='ocrx_word' id='word_1_185' title='bbox 1136 2699 1564 2754; x_wconf 90' lang='lat' dir='ltr'><strong>Christianorum</strong></span> 
     </span>
    </p>
   </div>
   <div class='ocr_carea' id='block_1_28' title="bbox 34 2788 1564 2861">
    <p class='ocr_par' dir='ltr' id='par_1_28' title="bbox 34 2788 1564 2861">
     <span class='ocr_line' id='line_1_28' title="bbox 34 2788 1564 2861; baseline 0.003 -21"><span class='ocrx_word' id='word_1_186' title='bbox 34 2788 298 2855; x_wconf 55' lang='lat' dir='ltr'><strong>Exercitum,</strong></span> <span class='ocrx_word' id='word_1_187' title='bbox 330 2805 493 2859; x_wconf 90' lang='lat' dir='ltr'><strong>quem</strong></span> <span class='ocrx_word' id='word_1_188' title='bbox 527 2791 580 2845; x_wconf 90' lang='lat' dir='ltr'><strong>in</strong></span> <span class='ocrx_word' id='word_1_189' title='bbox 625 2806 719 2846; x_wconf 91' lang='lat' dir='ltr'><strong>eos</strong></span> <span class='ocrx_word' id='word_1_190' title='bbox 764 2790 1126 2861; x_wconf 84' lang='lat' dir='ltr'><strong>Bereugarius</strong></span> <span class='ocrx_word' id='word_1_191' title='bbox 1159 2790 1219 2854; x_wconf 86' lang='lat' dir='ltr'><strong>I,</strong></span> <span class='ocrx_word' id='word_1_192' title='bbox 1257 2791 1421 2845; x_wconf 71' lang='lat' dir='ltr'><strong>Italite</strong></span> <span class='ocrx_word' id='word_1_193' title='bbox 1450 2807 1564 2857; x_wconf 78' lang='lat' dir='ltr'><strong>rex,</strong></span> 
     </span>
    </p>
   </div>
   <div class='ocr_carea' id='block_1_29' title="bbox 34 2879 1570 2951">
    <p class='ocr_par' dir='ltr' id='par_1_29' title="bbox 34 2879 1570 2951">
     <span class='ocr_line' id='line_1_29' title="bbox 34 2879 1570 2951; baseline 0.003 -23"><span class='ocrx_word' id='word_1_194' title='bbox 34 2879 299 2945; x_wconf 77' lang='lat' dir='ltr'><strong>tdduxerat,</strong></span> <span class='ocrx_word' id='word_1_195' title='bbox 330 2896 433 2934; x_wconf 92' lang='lat' dir='ltr'><strong>non</strong></span> <span class='ocrx_word' id='word_1_196' title='bbox 466 2891 581 2935; x_wconf 74' lang='lat' dir='ltr'><strong>erat</strong></span> <span class='ocrx_word' id='word_1_197' title='bbox 619 2883 699 2951; x_wconf 82' lang='lat' dir='ltr'><strong>(ut</strong></span> <span class='ocrx_word' id='word_1_198' title='bbox 726 2880 1094 2950; x_wconf 89' lang='lat' dir='ltr'><strong>Liulprandus</strong></span> <span class='ocrx_word' id='word_1_199' title='bbox 1124 2880 1428 2935; x_wconf 89' lang='lat' dir='ltr'><strong>Ticinensis</strong></span> <span class='ocrx_word' id='word_1_200' title='bbox 1460 2889 1570 2933; x_wconf 87' lang='lat' dir='ltr'><strong>tra-</strong></span> 
     </span>
    </p>
   </div>
   <div class='ocr_carea' id='block_1_30' title="bbox 34 2968 1567 3043">
    <p class='ocr_par' dir='ltr' id='par_1_30' title="bbox 34 2968 1567 3043">
     <span class='ocr_line' id='line_1_30' title="bbox 34 2968 1567 3043; baseline 0.003 -24"><span class='ocrx_word' id='word_1_201' title='bbox 34 2968 86 3021; x_wconf 79' lang='lat' dir='ltr'><strong>iit</strong></span> <span class='ocrx_word' id='word_1_202' title='bbox 119 2969 201 3025; x_wconf 83' lang='lat' dir='ltr'><strong>lib.</strong></span> <span class='ocrx_word' id='word_1_203' title='bbox 239 2986 299 3037; x_wconf 87' lang='grc' dir='ltr'>ιι,</span> <span class='ocrx_word' id='word_1_204' title='bbox 340 2987 463 3041; x_wconf 91' lang='lat' dir='ltr'><strong>cap.</strong></span> <span class='ocrx_word' id='word_1_205' title='bbox 511 2971 564 3037; x_wconf 86' lang='lat'><strong>6,</strong></span> <span class='ocrx_word' id='word_1_206' title='bbox 603 2971 843 3043; x_wconf 79' lang='lat' dir='ltr'><strong>llistor.&#39;)</strong></span> <span class='ocrx_word' id='word_1_207' title='bbox 874 2972 963 3041; x_wconf 84' lang='lat' dir='ltr'><strong>qui</strong></span> <span class='ocrx_word' id='word_1_208' title='bbox 997 2987 1178 3026; x_wconf 89' lang='lat' dir='ltr'><strong>eorum</strong></span> <span class='ocrx_word' id='word_1_209' title='bbox 1210 2970 1567 3040; x_wconf 79' lang='lat' dir='ltr'><strong>prtescntiam,</strong></span> 
     </span>
    </p>
   </div>
   <div class='ocr_carea' id='block_1_31' title="bbox 33 3060 1569 3133">
    <p class='ocr_par' dir='ltr' id='par_1_31' title="bbox 33 3060 1569 3133">
     <span class='ocr_line' id='line_1_31' title="bbox 33 3060 1569 3133; baseline 0.005 -24"><span class='ocrx_word' id='word_1_210' title='bbox 33 3060 106 3111; x_wconf 74' lang='lat' dir='ltr'><strong>nisi</strong></span> <span class='ocrx_word' id='word_1_211' title='bbox 136 3063 490 3118; x_wconf 77' lang='lat' dir='ltr'><strong>munitissimis</strong></span> <span class='ocrx_word' id='word_1_212' title='bbox 521 3064 653 3133; x_wconf 76' lang='lat' dir='ltr'><strong>forte</strong></span> <span class='ocrx_word' id='word_1_213' title='bbox 690 3062 1084 3132; x_wconf 80' lang='lat' dir='ltr'><strong>pra&#39;stolaretur</strong></span> <span class='ocrx_word' id='word_1_214' title='bbox 1126 3063 1180 3116; x_wconf 92' lang='lat' dir='ltr'><strong>in</strong></span> <span class='ocrx_word' id='word_1_215' title='bbox 1228 3060 1375 3116; x_wconf 84' lang='lat' dir='ltr'><strong>locis.</strong></span> <span class='ocrx_word' id='word_1_216' title='bbox 1410 3060 1569 3117; x_wconf 85' lang='lat' dir='ltr'><strong>Teste</strong></span> 
     </span>
    </p>
   </div>
   <div class='ocr_carea' id='block_1_32' title="bbox 33 3119 1641 3223">
    <p class='ocr_par' dir='ltr' id='par_1_32' title="bbox 33 3119 1641 3223">
     <span class='ocr_line' id='line_1_32' title="bbox 33 3119 1641 3223; baseline 0.004 -24"><span class='ocrx_word' id='word_1_217' title='bbox 33 3148 180 3203; x_wconf 68' lang='lat' dir='ltr'><strong>eodem</strong></span> <span class='ocrx_word' id='word_1_218' title='bbox 222 3119 573 3222; x_wconf 71' lang='lat' dir='ltr'><strong>Liulprando,</strong></span> <span class='ocrx_word' id='word_1_219' title='bbox 604 3119 710 3223; x_wconf 79' lang='lat' dir='ltr'><strong>quo</strong></span> <span class='ocrx_word' id='word_1_220' title='bbox 754 3167 896 3207; x_wconf 88' lang='lat' dir='ltr'><strong>anno</strong></span> <span class='ocrx_word' id='word_1_221' title='bbox 943 3152 1249 3207; x_wconf 81' lang='lat' dir='ltr'><strong>Ludovicus</strong></span> <span class='ocrx_word' id='word_1_222' title='bbox 1294 3151 1355 3205; x_wconf 94' lang='lat' dir='ltr'><strong>lIl</strong></span> <span class='ocrx_word' id='word_1_223' title='bbox 1396 3151 1566 3222; x_wconf 85' lang='lat' dir='ltr'><strong>impe-</strong></span> <span class='ocrx_word' id='word_1_224' title='bbox 1594 3119 1641 3182; x_wconf 66' lang='grc' dir='ltr'><strong>θ</strong></span> 
     </span>
    </p>
   </div>
   <div class='ocr_carea' id='block_1_33' title="bbox 33 3238 1569 3311">
    <p class='ocr_par' dir='ltr' id='par_1_33' title="bbox 33 3238 1569 3311">
     <span class='ocr_line' id='line_1_33' title="bbox 33 3238 1569 3311; baseline 0.008 -27"><span class='ocrx_word' id='word_1_225' title='bbox 33 3244 149 3289; x_wconf 86' lang='lat' dir='ltr'><strong>rator</strong></span> <span class='ocrx_word' id='word_1_226' title='bbox 186 3252 213 3291; x_wconf 90' lang='lat' dir='ltr'><strong>a</strong></span> <span class='ocrx_word' id='word_1_227' title='bbox 256 3238 584 3311; x_wconf 87' lang='lat' dir='ltr'><strong>Berengario</strong></span> <span class='ocrx_word' id='word_1_228' title='bbox 647 3249 836 3310; x_wconf 88' lang='lat' dir='ltr'><strong>captus</strong></span> <span class='ocrx_word' id='word_1_229' title='bbox 882 3250 1156 3295; x_wconf 70' lang='lat' dir='ltr'><strong>temerata:</strong></span> <span class='ocrx_word' id='word_1_230' title='bbox 1206 3240 1329 3295; x_wconf 87' lang='lat' dir='ltr'><strong>ﬁdei</strong></span> <span class='ocrx_word' id='word_1_231' title='bbox 1380 3255 1569 3309; x_wconf 88' lang='lat' dir='ltr'><strong>poenas</strong></span> 
     </span>
    </p>
   </div>
   <div class='ocr_carea' id='block_1_34' title="bbox 34 3325 1569 3399">
    <p class='ocr_par' dir='ltr' id='par_1_34' title="bbox 34 3325 1569 3399">
     <span class='ocr_line' id='line_1_34' title="bbox 34 3325 1569 3399; baseline 0.007 -23"><span class='ocrx_word' id='word_1_232' title='bbox 34 3325 162 3393; x_wconf 84' lang='lat' dir='ltr'><strong>dedit,</strong></span> <span class='ocrx_word' id='word_1_233' title='bbox 192 3328 287 3384; x_wconf 90' lang='lat' dir='ltr'><strong>hoc</strong></span> <span class='ocrx_word' id='word_1_234' title='bbox 319 3340 427 3395; x_wconf 89' lang='lat' dir='ltr'><strong>est,</strong></span> <span class='ocrx_word' id='word_1_235' title='bbox 466 3339 563 3385; x_wconf 90' lang='lat' dir='ltr'><strong>aut</strong></span> <span class='ocrx_word' id='word_1_236' title='bbox 610 3345 751 3385; x_wconf 92' lang='lat' dir='ltr'><strong>anno</strong></span> <span class='ocrx_word' id='word_1_237' title='bbox 798 3331 932 3395; x_wconf 74' lang='grc'>902,</span> <span class='ocrx_word' id='word_1_238' title='bbox 960 3340 1054 3387; x_wconf 88' lang='lat' dir='ltr'><strong>aut</strong></span> <span class='ocrx_word' id='word_1_239' title='bbox 1087 3332 1262 3387; x_wconf 88' lang='lat' dir='ltr'><strong>serius</strong></span> <span class='ocrx_word' id='word_1_240' title='bbox 1287 3372 1303 3399; x_wconf 92' lang='lat'><strong>,</strong></span> <span class='ocrx_word' id='word_1_241' title='bbox 1334 3340 1393 3387; x_wconf 90' lang='lat' dir='ltr'><strong>ut</strong></span> <span class='ocrx_word' id='word_1_242' title='bbox 1439 3331 1569 3388; x_wconf 84' lang='lat' dir='ltr'><strong>alibi</strong></span> 
     </span>
    </p>
   </div>
   <div class='ocr_carea' id='block_1_35' title="bbox 33 3417 1568 3491">
    <p class='ocr_par' dir='ltr' id='par_1_35' title="bbox 33 3417 1568 3491">
     <span class='ocr_line' id='line_1_35' title="bbox 33 3417 1568 3491; baseline 0.008 -27"><span class='ocrx_word' id='word_1_243' title='bbox 33 3417 241 3482; x_wconf 74' lang='lat' dir='ltr'><strong>ostendit,</strong></span> <span class='ocrx_word' id='word_1_244' title='bbox 271 3417 653 3491; x_wconf 79' lang='lat' dir='ltr'><strong>Hungarorum</strong></span> <span class='ocrx_word' id='word_1_245' title='bbox 677 3420 843 3475; x_wconf 83' lang='lat' dir='ltr'><strong>rabies</strong></span> <span class='ocrx_word' id='word_1_246' title='bbox 868 3431 1031 3475; x_wconf 88' lang='lat' dir='ltr'><strong>totam</strong></span> <span class='ocrx_word' id='word_1_247' title='bbox 1058 3438 1148 3490; x_wconf 86' lang='lat' dir='ltr'><strong>per</strong></span> <span class='ocrx_word' id='word_1_248' title='bbox 1171 3420 1385 3475; x_wconf 84' lang='lat' dir='ltr'><strong>Italiam</strong></span> <span class='ocrx_word' id='word_1_249' title='bbox 1411 3422 1568 3476; x_wconf 88' lang='lat' dir='ltr'><strong>nullis</strong></span> 
     </span>
    </p>
   </div>
   <div class='ocr_carea' id='block_1_36' title="bbox 33 3509 1569 3578">
    <p class='ocr_par' dir='ltr' id='par_1_36' title="bbox 33 3509 1569 3578">
     <span class='ocr_line' id='line_1_36' title="bbox 33 3509 1569 3578; baseline 0.009 -22"><span class='ocrx_word' id='word_1_250' title='bbox 33 3509 336 3566; x_wconf 83' lang='lat' dir='ltr'><strong>resistentibus</strong></span> <span class='ocrx_word' id='word_1_251' title='bbox 367 3513 645 3568; x_wconf 88' lang='lat' dir='ltr'><strong>dilatatur.</strong></span> <span class='ocrx_word' id='word_1_252' title='bbox 674 3512 978 3568; x_wconf 82' lang='lat' dir='ltr'><strong>Richardus</strong></span> <span class='ocrx_word' id='word_1_253' title='bbox 1003 3514 1393 3578; x_wconf 76' lang='lat' dir='ltr'><strong>(Iluuiacensis,</strong></span> <span class='ocrx_word' id='word_1_254' title='bbox 1425 3524 1480 3570; x_wconf 82' lang='lat' dir='ltr'><strong>et</strong></span> <span class='ocrx_word' id='word_1_255' title='bbox 1502 3530 1569 3570; x_wconf 77' lang='lat' dir='ltr'><strong>ex</strong></span> 
     </span>
    </p>
   </div>
   <div class='ocr_carea' id='block_1_37' title="bbox 33 3596 1569 3673">
    <p class='ocr_par' dir='ltr' id='par_1_37' title="bbox 33 3596 1569 3673">
     <span class='ocr_line' id='line_1_37' title="bbox 33 3596 1569 3673; baseline 0.005 -24"><span class='ocrx_word' id='word_1_256' title='bbox 33 3608 77 3648; x_wconf 79' lang='lat' dir='ltr'><strong>eo</strong></span> <span class='ocrx_word' id='word_1_257' title='bbox 94 3596 360 3667; x_wconf 84' lang='lat' dir='ltr'><strong>Bonlinius,</strong></span> <span class='ocrx_word' id='word_1_258' title='bbox 384 3602 628 3670; x_wconf 89' lang='lat' dir='ltr'><strong>tradunt,</strong></span> <span class='ocrx_word' id='word_1_259' title='bbox 647 3600 927 3673; x_wconf 86' lang='lat' dir='ltr'><strong>IIungaros</strong></span> <span class='ocrx_word' id='word_1_260' title='bbox 941 3602 1134 3657; x_wconf 81' lang='lat' dir='ltr'><strong>exinde</strong></span> <span class='ocrx_word' id='word_1_261' title='bbox 1158 3600 1269 3657; x_wconf 82' lang='lat' dir='ltr'><strong>fere</strong></span> <span class='ocrx_word' id='word_1_262' title='bbox 1290 3604 1569 3673; x_wconf 87' lang='lat' dir='ltr'><strong>quotannis</strong></span> 
     </span>
    </p>
   </div>
   <div class='ocr_carea' id='block_1_38' title="bbox 33 3689 1565 3764">
    <p class='ocr_par' dir='ltr' id='par_1_38' title="bbox 33 3689 1565 3764">
     <span class='ocr_line' id='line_1_38' title="bbox 33 3689 1565 3764; baseline 0.005 -24"><span class='ocrx_word' id='word_1_263' title='bbox 33 3689 272 3757; x_wconf 70' lang='lat' dir='ltr'><strong>populandi</strong></span> <span class='ocrx_word' id='word_1_264' title='bbox 300 3708 493 3759; x_wconf 88' lang='lat' dir='ltr'><strong>causa,</strong></span> <span class='ocrx_word' id='word_1_265' title='bbox 522 3702 579 3747; x_wconf 91' lang='lat' dir='ltr'><strong>ut</strong></span> <span class='ocrx_word' id='word_1_266' title='bbox 608 3694 867 3764; x_wconf 87' lang='lat' dir='ltr'><strong>quidquid</strong></span> <span class='ocrx_word' id='word_1_267' title='bbox 904 3705 1239 3749; x_wconf 84' lang='lat' dir='ltr'><strong>remanserat</strong></span> <span class='ocrx_word' id='word_1_268' title='bbox 1259 3695 1565 3760; x_wconf 88' lang='lat' dir='ltr'><strong>eradercnt,</strong></span> 
     </span>
    </p>
   </div>
   <div class='ocr_carea' id='block_1_39' title="bbox 33 3782 1569 3846">
    <p class='ocr_par' dir='ltr' id='par_1_39' title="bbox 33 3782 1569 3846">
     <span class='ocr_line' id='line_1_39' title="bbox 33 3782 1569 3846; baseline 0.007 -17"><span class='ocrx_word' id='word_1_269' title='bbox 33 3789 233 3846; x_wconf 83' lang='lat' dir='ltr'><strong>repetere</strong></span> <span class='ocrx_word' id='word_1_270' title='bbox 294 3782 505 3838; x_wconf 87' lang='lat' dir='ltr'><strong>Italiam</strong></span> <span class='ocrx_word' id='word_1_271' title='bbox 572 3785 944 3839; x_wconf 89' lang='lat' dir='ltr'><strong>consuevisse.</strong></span> <span class='ocrx_word' id='word_1_272' title='bbox 1004 3784 1162 3838; x_wconf 85' lang='lat' dir='ltr'><strong>Anno</strong></span> <span class='ocrx_word' id='word_1_273' title='bbox 1217 3784 1418 3839; x_wconf 83' lang='lat' dir='ltr'><strong>Christi</strong></span> <span class='ocrx_word' id='word_1_274' title='bbox 1463 3783 1569 3839; x_wconf 84' lang='lat'><strong>905</strong></span> 
     </span>
    </p>
   </div>
   <div class='ocr_carea' id='block_1_40' title="bbox 33 3865 1567 3935">
    <p class='ocr_par' dir='ltr' id='par_1_40' title="bbox 33 3865 1567 3935">
     <span class='ocr_line' id='line_1_40' title="bbox 33 3865 1567 3935; baseline 0.005 -16"><span class='ocrx_word' id='word_1_275' title='bbox 33 3865 240 3935; x_wconf 73' lang='lat' dir='ltr'><strong>Sigonius</strong></span> <span class='ocrx_word' id='word_1_276' title='bbox 265 3875 451 3929; x_wconf 87' lang='lat' dir='ltr'><strong>scribit</strong></span> <span class='ocrx_word' id='word_1_277' title='bbox 486 3873 745 3928; x_wconf 86' lang='lat' dir='ltr'><strong>barbaros</strong></span> <span class='ocrx_word' id='word_1_278' title='bbox 768 3875 982 3929; x_wconf 80' lang='lat' dir='ltr'><strong>eosdem</strong></span> <span class='ocrx_word' id='word_1_279' title='bbox 1013 3890 1195 3927; x_wconf 89' lang='lat' dir='ltr'><strong>novam</strong></span> <span class='ocrx_word' id='word_1_280' title='bbox 1220 3874 1567 3927; x_wconf 84' lang='lat' dir='ltr'><strong>incursionem</strong></span> 
     </span>
    </p>
   </div>
   <div class='ocr_carea' id='block_1_41' title="bbox 33 3955 1568 4035">
    <p class='ocr_par' dir='ltr' id='par_1_41' title="bbox 33 3955 1568 4035">
     <span class='ocr_line' id='line_1_41' title="bbox 33 3955 1568 4035; baseline 0.008 -27"><span class='ocrx_word' id='word_1_281' title='bbox 33 3955 206 4015; x_wconf 78' lang='lat' dir='ltr'><strong>iecisse.</strong></span> <span class='ocrx_word' id='word_1_282' title='bbox 247 3963 379 4020; x_wconf 84' lang='lat' dir='ltr'><strong>Tum</strong></span> <span class='ocrx_word' id='word_1_283' title='bbox 427 3981 576 4018; x_wconf 92' lang='lat' dir='ltr'><strong>anno</strong></span> <span class='ocrx_word' id='word_1_284' title='bbox 618 3964 714 4021; x_wconf 70' lang='grc'>921</span> <span class='ocrx_word' id='word_1_285' title='bbox 767 3976 821 4021; x_wconf 88' lang='lat' dir='ltr'><strong>et</strong></span> <span class='ocrx_word' id='word_1_286' title='bbox 870 3966 1216 4035; x_wconf 87' lang='lat' dir='ltr'><strong>subsequenti</strong></span> <span class='ocrx_word' id='word_1_287' title='bbox 1266 3982 1333 4021; x_wconf 85' lang='lat' dir='ltr'><strong>ex</strong></span> <span class='ocrx_word' id='word_1_288' title='bbox 1382 3980 1568 4021; x_wconf 89' lang='lat' dir='ltr'><strong>eorum</strong></span> 
     </span>
    </p>
   </div>
   <div class='ocr_carea' id='block_1_42' title="bbox 33 4047 1569 4128">
    <p class='ocr_par' dir='ltr' id='par_1_42' title="bbox 33 4047 1569 4128">
     <span class='ocr_line' id='line_1_42' title="bbox 33 4047 1569 4128; baseline -0.003 -13"><span class='ocrx_word' id='word_1_289' title='bbox 33 4047 185 4115; x_wconf 72' lang='lat' dir='ltr'><strong>gladiis</strong></span> <span class='ocrx_word' id='word_1_290' title='bbox 216 4065 265 4110; x_wconf 89' lang='lat' dir='ltr'><strong>et</strong></span> <span class='ocrx_word' id='word_1_291' title='bbox 293 4058 508 4127; x_wconf 81' lang='lat' dir='ltr'><strong>sagittis</strong></span> <span class='ocrx_word' id='word_1_292' title='bbox 539 4056 684 4112; x_wconf 87' lang='lat' dir='ltr'><strong>Italia</strong></span> <span class='ocrx_word' id='word_1_293' title='bbox 715 4058 976 4128; x_wconf 77' lang='lat' dir='ltr'><strong>sanguine</strong></span> <span class='ocrx_word' id='word_1_294' title='bbox 1017 4058 1241 4113; x_wconf 90' lang='lat' dir='ltr'><strong>maduit.</strong></span> <span class='ocrx_word' id='word_1_295' title='bbox 1284 4058 1440 4112; x_wconf 85' lang='lat' dir='ltr'><strong>Anno</strong></span> <span class='ocrx_word' id='word_1_296' title='bbox 1473 4074 1569 4111; x_wconf 86' lang='lat' dir='ltr'><strong>au-</strong></span> 
     </span>
    </p>
   </div>
   <div class='ocr_carea' id='block_1_43' title="bbox 33 4145 1565 4220">
    <p class='ocr_par' dir='ltr' id='par_1_43' title="bbox 33 4145 1565 4220">
     <span class='ocr_line' id='line_1_43' title="bbox 33 4145 1565 4220; baseline 0.007 -27"><span class='ocrx_word' id='word_1_297' title='bbox 33 4150 115 4195; x_wconf 87' lang='lat' dir='ltr'><strong>tem</strong></span> <span class='ocrx_word' id='word_1_298' title='bbox 138 4145 231 4201; x_wconf 61' lang='lat'><strong>925</strong></span> <span class='ocrx_word' id='word_1_299' title='bbox 261 4150 391 4205; x_wconf 90' lang='lat' dir='ltr'><strong>adeo</strong></span> <span class='ocrx_word' id='word_1_300' title='bbox 433 4150 649 4204; x_wconf 91' lang='lat' dir='ltr'><strong>illorum</strong></span> <span class='ocrx_word' id='word_1_301' title='bbox 696 4152 933 4220; x_wconf 87' lang='lat' dir='ltr'><strong>potentia</strong></span> <span class='ocrx_word' id='word_1_302' title='bbox 964 4165 1027 4205; x_wconf 90' lang='lat' dir='ltr'><strong>ac</strong></span> <span class='ocrx_word' id='word_1_303' title='bbox 1060 4151 1235 4205; x_wconf 87' lang='lat' dir='ltr'><strong>rabies</strong></span> <span class='ocrx_word' id='word_1_304' title='bbox 1263 4160 1344 4206; x_wconf 90' lang='lat' dir='ltr'><strong>est</strong></span> <span class='ocrx_word' id='word_1_305' title='bbox 1387 4162 1565 4217; x_wconf 85' lang='lat' dir='ltr'><strong>aucta,</strong></span> 
     </span>
    </p>
   </div>
   <div class='ocr_carea' id='block_1_44' title="bbox 33 4237 1570 4312">
    <p class='ocr_par' dir='ltr' id='par_1_44' title="bbox 33 4237 1570 4312">
     <span class='ocr_line' id='line_1_44' title="bbox 33 4237 1570 4312; baseline 0.008 -27"><span class='ocrx_word' id='word_1_306' title='bbox 33 4242 73 4285; x_wconf 90' lang='lat' dir='ltr'><strong>ut</strong></span> <span class='ocrx_word' id='word_1_307' title='bbox 96 4237 546 4305; x_wconf 58' lang='lat' dir='ltr'><strong>praeclarissimam</strong></span> <span class='ocrx_word' id='word_1_308' title='bbox 576 4242 724 4312; x_wconf 88' lang='lat' dir='ltr'><strong>regni</strong></span> <span class='ocrx_word' id='word_1_309' title='bbox 750 4242 932 4296; x_wconf 89' lang='lat' dir='ltr'><strong>sedem</strong></span> <span class='ocrx_word' id='word_1_310' title='bbox 964 4241 1210 4297; x_wconf 89' lang='lat' dir='ltr'><strong>Ticinum</strong></span> <span class='ocrx_word' id='word_1_311' title='bbox 1252 4243 1318 4297; x_wconf 87' lang='lat' dir='ltr'><strong>ad</strong></span> <span class='ocrx_word' id='word_1_312' title='bbox 1348 4242 1570 4297; x_wconf 52' lang='lat' dir='ltr'><strong>deditio.</strong></span> 
     </span>
    </p>
   </div>
   <div class='ocr_carea' id='block_1_45' title="bbox 33 4331 1567 4403">
    <p class='ocr_par' dir='ltr' id='par_1_45' title="bbox 33 4331 1567 4403">
     <span class='ocr_line' id='line_1_45' title="bbox 33 4331 1567 4403; baseline 0.008 -30"><span class='ocrx_word' id='word_1_313' title='bbox 33 4338 125 4377; x_wconf 84' lang='lat' dir='ltr'><strong>nent</strong></span> <span class='ocrx_word' id='word_1_314' title='bbox 152 4331 500 4401; x_wconf 87' lang='lat' dir='ltr'><strong>compulerint</strong></span> <span class='ocrx_word' id='word_1_315' title='bbox 537 4341 592 4385; x_wconf 89' lang='lat' dir='ltr'><strong>et</strong></span> <span class='ocrx_word' id='word_1_316' title='bbox 638 4332 888 4386; x_wconf 89' lang='lat' dir='ltr'><strong>incendio</strong></span> <span class='ocrx_word' id='word_1_317' title='bbox 933 4332 1355 4403; x_wconf 88' lang='lat' dir='ltr'><strong>absumpserint.</strong></span> <span class='ocrx_word' id='word_1_318' title='bbox 1404 4332 1567 4388; x_wconf 89' lang='lat' dir='ltr'><strong>Iidem</strong></span> 
     </span>
    </p>
   </div>
   <div class='ocr_carea' id='block_1_46' title="bbox 33 4415 1569 4493">
    <p class='ocr_par' dir='ltr' id='par_1_46' title="bbox 33 4415 1569 4493">
     <span class='ocr_line' id='line_1_46' title="bbox 33 4415 1569 4493; baseline 0.005 -26"><span class='ocrx_word' id='word_1_319' title='bbox 33 4425 99 4466; x_wconf 75' lang='lat' dir='ltr'><strong>an.</strong></span> <span class='ocrx_word' id='word_1_320' title='bbox 125 4415 214 4470; x_wconf 82' lang='grc'><strong>957</strong></span> <span class='ocrx_word' id='word_1_321' title='bbox 241 4420 641 4487; x_wconf 85' lang='lat' dir='ltr'><strong>Alamanniam,</strong></span> <span class='ocrx_word' id='word_1_322' title='bbox 667 4421 890 4477; x_wconf 90' lang='lat' dir='ltr'><strong>Galliam</strong></span> <span class='ocrx_word' id='word_1_323' title='bbox 913 4433 967 4477; x_wconf 91' lang='lat' dir='ltr'><strong>et</strong></span> <span class='ocrx_word' id='word_1_324' title='bbox 994 4422 1356 4493; x_wconf 87' lang='lat' dir='ltr'><strong>Burgumliam</strong></span> <span class='ocrx_word' id='word_1_325' title='bbox 1385 4436 1569 4491; x_wconf 87' lang='lat' dir='ltr'><strong>perva-</strong></span> 
     </span>
    </p>
   </div>
   <div class='ocr_carea' id='block_1_47' title="bbox 33 4506 1569 4585">
    <p class='ocr_par' dir='ltr' id='par_1_47' title="bbox 33 4506 1569 4585">
     <span class='ocr_line' id='line_1_47' title="bbox 33 4506 1569 4585; baseline 0.008 -29"><span class='ocrx_word' id='word_1_326' title='bbox 33 4506 145 4572; x_wconf 76' lang='lat' dir='ltr'><strong>gati,</strong></span> <span class='ocrx_word' id='word_1_327' title='bbox 188 4526 272 4578; x_wconf 81' lang='lat' dir='ltr'><strong>per</strong></span> <span class='ocrx_word' id='word_1_328' title='bbox 304 4512 523 4567; x_wconf 86' lang='lat' dir='ltr'><strong>Italiam</strong></span> <span class='ocrx_word' id='word_1_329' title='bbox 563 4513 629 4567; x_wconf 89' lang='lat' dir='ltr'><strong>ad</strong></span> <span class='ocrx_word' id='word_1_330' title='bbox 666 4530 763 4568; x_wconf 89' lang='lat' dir='ltr'><strong>sua</strong></span> <span class='ocrx_word' id='word_1_331' title='bbox 813 4530 973 4585; x_wconf 82' lang='lat' dir='ltr'><strong>regna</strong></span> <span class='ocrx_word' id='word_1_332' title='bbox 1022 4514 1317 4570; x_wconf 87' lang='lat' dir='ltr'><strong>redierunt.</strong></span> <span class='ocrx_word' id='word_1_333' title='bbox 1367 4515 1569 4568; x_wconf 86' lang='lat' dir='ltr'><strong>Auctor</strong></span> 
     </span>
    </p>
   </div>
   <div class='ocr_carea' id='block_1_48' title="bbox 33 4602 1568 4675">
    <p class='ocr_par' dir='ltr' id='par_1_48' title="bbox 33 4602 1568 4675">
     <span class='ocr_line' id='line_1_48' title="bbox 33 4602 1568 4675; baseline 0.006 -24"><span class='ocrx_word' id='word_1_334' title='bbox 33 4608 210 4665; x_wconf 65' lang='lat' dir='ltr'><strong>Quoque</strong></span> <span class='ocrx_word' id='word_1_335' title='bbox 233 4611 313 4656; x_wconf 91' lang='lat' dir='ltr'><strong>est</strong></span> <span class='ocrx_word' id='word_1_336' title='bbox 338 4602 523 4674; x_wconf 87' lang='lat' dir='ltr'><strong>Lupus</strong></span> <span class='ocrx_word' id='word_1_337' title='bbox 542 4602 859 4675; x_wconf 66' lang='lat' dir='ltr'><strong>Protoapata</strong></span> <span class='ocrx_word' id='word_1_338' title='bbox 906 4620 999 4659; x_wconf 87' lang='lat' dir='ltr'><strong>eos</strong></span> <span class='ocrx_word' id='word_1_339' title='bbox 1034 4620 1177 4658; x_wconf 88' lang='lat' dir='ltr'><strong>anno</strong></span> <span class='ocrx_word' id='word_1_340' title='bbox 1215 4604 1339 4659; x_wconf 72' lang='lat'><strong>99.0.</strong></span> <span class='ocrx_word' id='word_1_341' title='bbox 1365 4605 1568 4660; x_wconf 90' lang='lat' dir='ltr'><strong>Italiam</strong></span> 
     </span>
    </p>
   </div>
   <div class='ocr_carea' id='block_1_49' title="bbox 34 4693 1569 4765">
    <p class='ocr_par' dir='ltr' id='par_1_49' title="bbox 34 4693 1569 4765">
     <span class='ocr_line' id='line_1_49' title="bbox 34 4693 1569 4765; baseline 0.01 -29"><span class='ocrx_word' id='word_1_342' title='bbox 34 4695 242 4755; x_wconf 76' lang='lat' dir='ltr'><strong>vexasse,</strong></span> <span class='ocrx_word' id='word_1_343' title='bbox 266 4700 372 4746; x_wconf 92' lang='lat' dir='ltr'><strong>tum</strong></span> <span class='ocrx_word' id='word_1_344' title='bbox 399 4709 493 4748; x_wconf 91' lang='lat' dir='ltr'><strong>an.</strong></span> <span class='ocrx_word' id='word_1_345' title='bbox 510 4693 634 4758; x_wconf 80' lang='grc'>956,</span> <span class='ocrx_word' id='word_1_346' title='bbox 658 4693 760 4749; x_wconf 64' lang='grc'>940</span> <span class='ocrx_word' id='word_1_347' title='bbox 783 4705 834 4749; x_wconf 89' lang='lat' dir='ltr'><strong>et</strong></span> <span class='ocrx_word' id='word_1_348' title='bbox 858 4696 957 4749; x_wconf 73' lang='grc'>947</span> <span class='ocrx_word' id='word_1_349' title='bbox 985 4695 1034 4748; x_wconf 92' lang='lat' dir='ltr'><strong>in</strong></span> <span class='ocrx_word' id='word_1_350' title='bbox 1058 4695 1301 4765; x_wconf 84' lang='lat' dir='ltr'><strong>Apuliam</strong></span> <span class='ocrx_word' id='word_1_351' title='bbox 1327 4696 1569 4763; x_wconf 88' lang='lat' dir='ltr'><strong>irruisse,</strong></span> 
     </span>
    </p>
   </div>
   <div class='ocr_carea' id='block_1_50' title="bbox 34 4770 1573 4859">
    <p class='ocr_par' dir='ltr' id='par_1_50' title="bbox 34 4770 1573 4859">
     <span class='ocr_line' id='line_1_50' title="bbox 34 4770 1573 4859; baseline 0.008 -31"><span class='ocrx_word' id='word_1_352' title='bbox 34 4770 235 4843; x_wconf 79' lang='lat' dir='ltr'><strong>Capuam</strong></span> <span class='ocrx_word' id='word_1_353' title='bbox 271 4782 566 4847; x_wconf 86' lang='lat' dir='ltr'><strong>obsedisse,</strong></span> <span class='ocrx_word' id='word_1_354' title='bbox 594 4800 657 4839; x_wconf 92' lang='lat' dir='ltr'><strong>ac</strong></span> <span class='ocrx_word' id='word_1_355' title='bbox 683 4785 962 4841; x_wconf 90' lang='lat' dir='ltr'><strong>innumera</strong></span> <span class='ocrx_word' id='word_1_356' title='bbox 996 4787 1061 4841; x_wconf 90' lang='lat' dir='ltr'><strong>iis</strong></span> <span class='ocrx_word' id='word_1_357' title='bbox 1094 4788 1401 4859; x_wconf 82' lang='lat' dir='ltr'><strong>regionibus</strong></span> <span class='ocrx_word' id='word_1_358' title='bbox 1431 4788 1573 4843; x_wconf 85' lang='lat' dir='ltr'><strong>intu-</strong></span> 
     </span>
    </p>
   </div>
   <div class='ocr_carea' id='block_1_51' title="bbox 35 4862 1570 4947">
    <p class='ocr_par' dir='ltr' id='par_1_51' title="bbox 35 4862 1570 4947">
     <span class='ocr_line' id='line_1_51' title="bbox 35 4862 1570 4947; baseline 0.012 -32"><span class='ocrx_word' id='word_1_359' title='bbox 35 4862 139 4921; x_wconf 79' lang='lat' dir='ltr'><strong>lisse</strong></span> <span class='ocrx_word' id='word_1_360' title='bbox 180 4875 329 4927; x_wconf 89' lang='lat' dir='ltr'><strong>mala.</strong></span> <span class='ocrx_word' id='word_1_361' title='bbox 378 4876 617 4931; x_wconf 89' lang='lat' dir='ltr'><strong>llabetur</strong></span> <span class='ocrx_word' id='word_1_362' title='bbox 655 4878 815 4932; x_wconf 87' lang='lat' dir='ltr'><strong>etiam</strong></span> <span class='ocrx_word' id='word_1_363' title='bbox 863 4888 986 4932; x_wconf 90' lang='lat' dir='ltr'><strong>nota</strong></span> <span class='ocrx_word' id='word_1_364' title='bbox 1026 4878 1335 4947; x_wconf 81' lang='lat' dir='ltr'><strong>marginalis</strong></span> <span class='ocrx_word' id='word_1_365' title='bbox 1367 4879 1418 4933; x_wconf 88' lang='lat' dir='ltr'><strong>in</strong></span> <span class='ocrx_word' id='word_1_366' title='bbox 1468 4894 1570 4934; x_wconf 92' lang='lat' dir='ltr'><strong>ms.</strong></span> 
     </span>
    </p>
   </div>
   <div class='ocr_carea' id='block_1_52' title="bbox 36 4959 1573 5039">
    <p class='ocr_par' dir='ltr' id='par_1_52' title="bbox 36 4959 1573 5039">
     <span class='ocr_line' id='line_1_52' title="bbox 36 4959 1573 5039; baseline 0.013 -34"><span class='ocrx_word' id='word_1_367' title='bbox 36 4959 189 5015; x_wconf 81' lang='lat' dir='ltr'><strong>codice</strong></span> <span class='ocrx_word' id='word_1_368' title='bbox 230 4964 561 5022; x_wconf 77' lang='lat' dir='ltr'><strong>bibliotheca:</strong></span> <span class='ocrx_word' id='word_1_369' title='bbox 600 4968 979 5023; x_wconf 71' lang='lat' dir='ltr'><strong>(Iasanatcusis</strong></span> <span class='ocrx_word' id='word_1_370' title='bbox 1008 4969 1209 5036; x_wconf 64' lang='lat' dir='ltr'><strong>lterum,</strong></span> <span class='ocrx_word' id='word_1_371' title='bbox 1248 4971 1334 5025; x_wconf 89' lang='lat' dir='ltr'><strong>ubi</strong></span> <span class='ocrx_word' id='word_1_372' title='bbox 1378 4970 1573 5039; x_wconf 82' lang='lat' dir='ltr'><strong>legitur</strong></span> 
     </span>
    </p>
   </div>
   <div class='ocr_carea' id='block_1_53' title="bbox 37 5042 1573 5129">
    <p class='ocr_par' dir='ltr' id='par_1_53' title="bbox 37 5042 1573 5129">
     <span class='ocr_line' id='line_1_53' title="bbox 37 5042 1573 5129; baseline 0.014 -36"><span class='ocrx_word' id='word_1_373' title='bbox 37 5042 201 5113; x_wconf 75' lang='lat' dir='ltr'><strong>Cyclas</strong></span> <span class='ocrx_word' id='word_1_374' title='bbox 227 5050 497 5110; x_wconf 86' lang='lat' dir='ltr'><strong>Paschalis</strong></span> <span class='ocrx_word' id='word_1_375' title='bbox 536 5056 770 5127; x_wconf 84' lang='lat' dir='ltr'><strong>Dionysii</strong></span> <span class='ocrx_word' id='word_1_376' title='bbox 803 5058 1023 5129; x_wconf 79' lang='lat' dir='ltr'><strong>Exigui,</strong></span> <span class='ocrx_word' id='word_1_377' title='bbox 1066 5059 1213 5113; x_wconf 91' lang='lat' dir='ltr'><strong>hisce</strong></span> <span class='ocrx_word' id='word_1_378' title='bbox 1241 5059 1418 5114; x_wconf 80' lang='lat' dir='ltr'><strong>verbis</strong></span> <span class='ocrx_word' id='word_1_379' title='bbox 1445 5076 1573 5114; x_wconf 88' lang='lat' dir='ltr'><strong>cou-</strong></span> 
     </span>
    </p>
   </div>
   <div class='ocr_carea' id='block_1_54' title="bbox 38 5139 1571 5217">
    <p class='ocr_par' dir='ltr' id='par_1_54' title="bbox 38 5139 1571 5217">
     <span class='ocr_line' id='line_1_54' title="bbox 38 5139 1571 5217; baseline 0.008 -26"><span class='ocrx_word' id='word_1_380' title='bbox 38 5145 166 5201; x_wconf 74' lang='lat' dir='ltr'><strong>ct‘pta</strong></span> <span class='ocrx_word' id='word_1_381' title='bbox 198 5157 210 5191; x_wconf 75' lang='grc' dir='ltr'>ε</span> <span class='ocrx_word' id='word_1_382' title='bbox 244 5139 352 5196; x_wconf 82' lang='lat' dir='ltr'><strong>Hoc</strong></span> <span class='ocrx_word' id='word_1_383' title='bbox 379 5162 517 5199; x_wconf 89' lang='lat' dir='ltr'><strong>anno</strong></span> <span class='ocrx_word' id='word_1_384' title='bbox 548 5146 621 5215; x_wconf 89' lang='lat' dir='ltr'><strong>(id</strong></span> <span class='ocrx_word' id='word_1_385' title='bbox 648 5156 732 5201; x_wconf 89' lang='lat' dir='ltr'><strong>est</strong></span> <span class='ocrx_word' id='word_1_386' title='bbox 763 5163 906 5202; x_wconf 87' lang='lat' dir='ltr'><strong>anno</strong></span> <span class='ocrx_word' id='word_1_387' title='bbox 934 5148 1131 5203; x_wconf 89' lang='lat' dir='ltr'><strong>Christi</strong></span> <span class='ocrx_word' id='word_1_388' title='bbox 1165 5148 1299 5217; x_wconf 67' lang='lat'><strong>922)</strong></span> <span class='ocrx_word' id='word_1_389' title='bbox 1326 5162 1571 5205; x_wconf 85' lang='lat' dir='ltr'><strong>venerunt</strong></span> 
     </span>
    </p>
   </div>
   <div class='ocr_carea' id='block_1_55' title="bbox 44 5219 1576 5306">
    <p class='ocr_par' dir='ltr' id='par_1_55' title="bbox 44 5219 1576 5306">
     <span class='ocr_line' id='line_1_55' title="bbox 44 5219 1576 5306; baseline 0.016 -37"><span class='ocrx_word' id='word_1_390' title='bbox 44 5219 253 5294; x_wconf 83' lang='lat' dir='ltr'><strong>&quot;uagari</strong></span> <span class='ocrx_word' id='word_1_391' title='bbox 286 5232 337 5285; x_wconf 89' lang='lat' dir='ltr'><strong>in</strong></span> <span class='ocrx_word' id='word_1_392' title='bbox 378 5235 620 5303; x_wconf 84' lang='lat' dir='ltr'><strong>Apuliam</strong></span> <span class='ocrx_word' id='word_1_393' title='bbox 659 5247 849 5306; x_wconf 90' lang='lat' dir='ltr'><strong>quarto</strong></span> <span class='ocrx_word' id='word_1_394' title='bbox 898 5238 981 5292; x_wconf 84' lang='lat' dir='ltr'><strong>die</strong></span> <span class='ocrx_word' id='word_1_395' title='bbox 1030 5248 1200 5292; x_wconf 82' lang='lat' dir='ltr'><strong>stante</strong></span> <span class='ocrx_word' id='word_1_396' title='bbox 1235 5241 1424 5293; x_wconf 87' lang='lat' dir='ltr'><strong>mensis</strong></span> <span class='ocrx_word' id='word_1_397' title='bbox 1472 5238 1576 5293; x_wconf 82' lang='lat' dir='ltr'><strong>Fe-</strong></span> 
     </span>
    </p>
   </div>
   <div class='ocr_carea' id='block_1_56' title="bbox 43 5308 1570 5397">
    <p class='ocr_par' dir='ltr' id='par_1_56' title="bbox 43 5308 1570 5397">
     <span class='ocr_line' id='line_1_56' title="bbox 43 5308 1570 5397; baseline 0.013 -35"><span class='ocrx_word' id='word_1_398' title='bbox 43 5308 231 5368; x_wconf 84' lang='lat' dir='ltr'><strong>bruarii.</strong></span> <span class='ocrx_word' id='word_1_399' title='bbox 264 5318 364 5374; x_wconf 87' lang='lat' dir='ltr'><strong>Sed</strong></span> <span class='ocrx_word' id='word_1_400' title='bbox 396 5322 575 5378; x_wconf 83' lang='lat' dir='ltr'><strong>clades</strong></span> <span class='ocrx_word' id='word_1_401' title='bbox 597 5323 857 5392; x_wconf 86' lang='lat' dir='ltr'><strong>ejusmodi</strong></span> <span class='ocrx_word' id='word_1_402' title='bbox 889 5326 1020 5380; x_wconf 90' lang='lat' dir='ltr'><strong>nihil</strong></span> <span class='ocrx_word' id='word_1_403' title='bbox 1046 5328 1112 5379; x_wconf 91' lang='lat' dir='ltr'><strong>ad</strong></span> <span class='ocrx_word' id='word_1_404' title='bbox 1142 5326 1570 5397; x_wconf 85' lang='lat' dir='ltr'><strong>Langobardiam</strong></span> 
     </span>
    </p>
   </div>
   <div class='ocr_carea' id='block_1_57' title="bbox 44 5411 1574 5483">
    <p class='ocr_par' dir='ltr' id='par_1_57' title="bbox 44 5411 1574 5483">
     <span class='ocr_line' id='line_1_57' title="bbox 44 5411 1574 5483; baseline 0.014 -30"><span class='ocrx_word' id='word_1_405' title='bbox 44 5413 255 5465; x_wconf 84' lang='lat' dir='ltr'><strong>spectare</strong></span> <span class='ocrx_word' id='word_1_406' title='bbox 295 5411 562 5479; x_wconf 85' lang='lat' dir='ltr'><strong>videntur,</strong></span> <span class='ocrx_word' id='word_1_407' title='bbox 604 5431 724 5469; x_wconf 91' lang='lat' dir='ltr'><strong>cum</strong></span> <span class='ocrx_word' id='word_1_408' title='bbox 758 5432 863 5471; x_wconf 91' lang='lat' dir='ltr'><strong>non</strong></span> <span class='ocrx_word' id='word_1_409' title='bbox 914 5420 1156 5473; x_wconf 86' lang='lat' dir='ltr'><strong>terrestri</strong></span> <span class='ocrx_word' id='word_1_410' title='bbox 1205 5418 1430 5483; x_wconf 85' lang='lat' dir='ltr'><strong>itinere,</strong></span> <span class='ocrx_word' id='word_1_411' title='bbox 1481 5421 1574 5475; x_wconf 90' lang='lat' dir='ltr'><strong>sed</strong></span> 
     </span>
    </p>
   </div>
   <div class='ocr_carea' id='block_1_58' title="bbox 48 5492 1569 5579">
    <p class='ocr_par' dir='ltr' id='par_1_58' title="bbox 48 5492 1569 5579">
     <span class='ocr_line' id='line_1_58' title="bbox 48 5492 1569 5579; baseline 0.018 -41"><span class='ocrx_word' id='word_1_412' title='bbox 48 5492 230 5579; x_wconf 78' lang='lat' dir='ltr'><strong>navigio</strong></span> <span class='ocrx_word' id='word_1_413' title='bbox 253 5499 487 5557; x_wconf 80' lang='lat' dir='ltr'><strong>adhibito</strong></span> <span class='ocrx_word' id='word_1_414' title='bbox 516 5504 642 5561; x_wconf 90' lang='lat' dir='ltr'><strong>illuc</strong></span> <span class='ocrx_word' id='word_1_415' title='bbox 671 5507 905 5578; x_wconf 87' lang='lat' dir='ltr'><strong>Hungari</strong></span> <span class='ocrx_word' id='word_1_416' title='bbox 934 5516 1251 5577; x_wconf 88' lang='lat' dir='ltr'><strong>penetrasse</strong></span> <span class='ocrx_word' id='word_1_417' title='bbox 1278 5513 1569 5579; x_wconf 87' lang='lat' dir='ltr'><strong>potuerint.</strong></span> 
     </span>
    </p>
   </div>
   <div class='ocr_carea' id='block_1_59' title="bbox 46 5574 1572 5671">
    <p class='ocr_par' dir='ltr' id='par_1_59' title="bbox 46 5574 1572 5671">
     <span class='ocr_line' id='line_1_59' title="bbox 46 5574 1572 5671; baseline 0.013 -32"><span class='ocrx_word' id='word_1_418' title='bbox 46 5574 152 5635; x_wconf 73' lang='lat' dir='ltr'><strong>Post</strong></span> <span class='ocrx_word' id='word_1_419' title='bbox 195 5602 407 5649; x_wconf 87' lang='lat' dir='ltr'><strong>mortem</strong></span> <span class='ocrx_word' id='word_1_420' title='bbox 456 5612 669 5668; x_wconf 89' lang='lat' dir='ltr'><strong>quoque</strong></span> <span class='ocrx_word' id='word_1_421' title='bbox 729 5574 969 5669; x_wconf 68' lang='lat' dir='ltr'><strong>[lagonis</strong></span> <span class='ocrx_word' id='word_1_422' title='bbox 1013 5600 1174 5656; x_wconf 74' lang='lat' dir='ltr'><strong>Italia:</strong></span> <span class='ocrx_word' id='word_1_423' title='bbox 1222 5603 1363 5671; x_wconf 82' lang='lat' dir='ltr'><strong>regis</strong></span> <span class='ocrx_word' id='word_1_424' title='bbox 1412 5605 1572 5661; x_wconf 89' lang='lat' dir='ltr'><strong>iidem</strong></span> 
     </span>
    </p>
   </div>
   <div class='ocr_carea' id='block_1_60' title="bbox 1163 298 1843 356">
    <p class='ocr_par' dir='ltr' id='par_1_60' title="bbox 1163 298 1843 356">
     <span class='ocr_line' id='line_1_60' title="bbox 1163 298 1843 356; baseline -0.001 -1"><span class='ocrx_word' id='word_1_425' title='bbox 1163 300 1473 356; x_wconf 74' lang='lat' dir='ltr'><strong>RIIYTIIMI</strong></span> <span class='ocrx_word' id='word_1_426' title='bbox 1508 302 1594 355; x_wconf 62' lang='lat' dir='ltr'><strong>Vt;</strong></span> <span class='ocrx_word' id='word_1_427' title='bbox 1613 298 1843 354; x_wconf 70' lang='lat' dir='ltr'><strong>I‘ERES.</strong></span> 
     </span>
    </p>
   </div>
   <div class='ocr_carea' id='block_1_61' title="bbox 3131 301 3231 360">
    <p class='ocr_par' dir='ltr' id='par_1_61' title="bbox 3131 301 3231 360">
     <span class='ocr_line' id='line_1_61' title="bbox 3131 301 3231 360; baseline 0.04 -3"><span class='ocrx_word' id='word_1_428' title='bbox 3131 301 3231 360; x_wconf 66' lang='lat'><strong>710</strong></span> 
     </span>
    </p>
   </div>
   <div class='ocr_carea' id='block_1_62' title="bbox 1656 408 3234 480">
    <p class='ocr_par' dir='ltr' id='par_1_62' title="bbox 1656 408 3234 480">
     <span class='ocr_line' id='line_1_62' title="bbox 1656 408 3234 480; baseline 0.004 -15"><span class='ocrx_word' id='word_1_429' title='bbox 1656 410 1888 480; x_wconf 86' lang='lat' dir='ltr'><strong>llungari</strong></span> <span class='ocrx_word' id='word_1_430' title='bbox 1924 409 1973 462; x_wconf 91' lang='lat' dir='ltr'><strong>in</strong></span> <span class='ocrx_word' id='word_1_431' title='bbox 2006 408 2169 464; x_wconf 83' lang='lat' dir='ltr'><strong>Italiae</strong></span> <span class='ocrx_word' id='word_1_432' title='bbox 2194 410 2368 465; x_wconf 90' lang='lat' dir='ltr'><strong>sinum</strong></span> <span class='ocrx_word' id='word_1_433' title='bbox 2403 412 2695 475; x_wconf 88' lang='lat' dir='ltr'><strong>irruerunt,</strong></span> <span class='ocrx_word' id='word_1_434' title='bbox 2726 412 2817 467; x_wconf 88' lang='lat' dir='ltr'><strong>sed</strong></span> <span class='ocrx_word' id='word_1_435' title='bbox 2864 415 3177 469; x_wconf 86' lang='lat' dir='ltr'><strong>muneribus</strong></span> <span class='ocrx_word' id='word_1_436' title='bbox 3202 433 3234 471; x_wconf 89' lang='lat' dir='ltr'><strong>a</strong></span> 
     </span>
    </p>
   </div>
   <div class='ocr_carea' id='block_1_63' title="bbox 1654 503 3235 576">
    <p class='ocr_par' dir='ltr' id='par_1_63' title="bbox 1654 503 3235 576">
     <span class='ocr_line' id='line_1_63' title="bbox 1654 503 3235 576; baseline 0.005 -19"><span class='ocrx_word' id='word_1_437' title='bbox 1654 503 1982 572; x_wconf 86' lang='lat' dir='ltr'><strong>Berengario</strong></span> <span class='ocrx_word' id='word_1_438' title='bbox 2013 503 2344 565; x_wconf 85' lang='lat' dir='ltr'><strong>marchione,</strong></span> <span class='ocrx_word' id='word_1_439' title='bbox 2377 515 2559 573; x_wconf 89' lang='lat' dir='ltr'><strong>postea</strong></span> <span class='ocrx_word' id='word_1_440' title='bbox 2606 521 2762 576; x_wconf 86' lang='lat' dir='ltr'><strong>rege,</strong></span> <span class='ocrx_word' id='word_1_441' title='bbox 2791 508 2989 576; x_wconf 88' lang='lat' dir='ltr'><strong>placati</strong></span> <span class='ocrx_word' id='word_1_442' title='bbox 3014 510 3235 565; x_wconf 80' lang='lat' dir='ltr'><strong>absces-</strong></span> 
     </span>
    </p>
   </div>
   <div class='ocr_carea' id='block_1_64' title="bbox 1654 591 3235 671">
    <p class='ocr_par' dir='ltr' id='par_1_64' title="bbox 1654 591 3235 671">
     <span class='ocr_line' id='line_1_64' title="bbox 1654 591 3235 671; baseline 0.005 -24"><span class='ocrx_word' id='word_1_443' title='bbox 1654 608 1797 647; x_wconf 88' lang='lat' dir='ltr'><strong>sere.</strong></span> <span class='ocrx_word' id='word_1_444' title='bbox 1827 592 2090 647; x_wconf 83' lang='lat' dir='ltr'><strong>Baronius</strong></span> <span class='ocrx_word' id='word_1_445' title='bbox 2114 600 2169 647; x_wconf 91' lang='lat' dir='ltr'><strong>et</strong></span> <span class='ocrx_word' id='word_1_446' title='bbox 2190 591 2384 663; x_wconf 82' lang='lat' dir='ltr'><strong>Pagius</strong></span> <span class='ocrx_word' id='word_1_447' title='bbox 2407 605 2585 650; x_wconf 86' lang='lat' dir='ltr'><strong>actum</strong></span> <span class='ocrx_word' id='word_1_448' title='bbox 2613 597 2712 652; x_wconf 92' lang='lat' dir='ltr'><strong>hoc</strong></span> <span class='ocrx_word' id='word_1_449' title='bbox 2737 613 2877 652; x_wconf 90' lang='lat' dir='ltr'><strong>anno</strong></span> <span class='ocrx_word' id='word_1_450' title='bbox 2898 599 3002 656; x_wconf 71' lang='grc'>949</span> <span class='ocrx_word' id='word_1_451' title='bbox 3026 611 3235 671; x_wconf 87' lang='lat' dir='ltr'><strong>putant.</strong></span> 
     </span>
    </p>
   </div>
   <div class='ocr_carea' id='block_1_65' title="bbox 1656 683 3237 759">
    <p class='ocr_par' dir='ltr' id='par_1_65' title="bbox 1656 683 3237 759">
     <span class='ocr_line' id='line_1_65' title="bbox 1656 683 3237 759; baseline 0.008 -20"><span class='ocrx_word' id='word_1_452' title='bbox 1656 683 1761 739; x_wconf 89' lang='lat' dir='ltr'><strong>Sed</strong></span> <span class='ocrx_word' id='word_1_453' title='bbox 1807 684 1908 738; x_wconf 93' lang='lat' dir='ltr'><strong>hoc</strong></span> <span class='ocrx_word' id='word_1_454' title='bbox 1955 694 2112 739; x_wconf 89' lang='lat' dir='ltr'><strong>antea</strong></span> <span class='ocrx_word' id='word_1_455' title='bbox 2160 686 2453 755; x_wconf 87' lang='lat' dir='ltr'><strong>contigisse</strong></span> <span class='ocrx_word' id='word_1_456' title='bbox 2485 703 2548 741; x_wconf 79' lang='lat' dir='ltr'><strong>ex</strong></span> <span class='ocrx_word' id='word_1_457' title='bbox 2600 688 2928 759; x_wconf 86' lang='lat' dir='ltr'><strong>Liulprando</strong></span> <span class='ocrx_word' id='word_1_458' title='bbox 2977 693 3237 751; x_wconf 84' lang='lat' dir='ltr'><strong>historico</strong></span> 
     </span>
    </p>
   </div>
   <div class='ocr_carea' id='block_1_66' title="bbox 1657 775 3238 848">
    <p class='ocr_par' dir='ltr' id='par_1_66' title="bbox 1657 775 3238 848">
     <span class='ocr_line' id='line_1_66' title="bbox 1657 775 3238 848; baseline 0.011 -20"><span class='ocrx_word' id='word_1_459' title='bbox 1657 775 1883 830; x_wconf 82' lang='lat' dir='ltr'><strong>fortasse</strong></span> <span class='ocrx_word' id='word_1_460' title='bbox 1921 776 2162 846; x_wconf 79' lang='lat' dir='ltr'><strong>colligas.</strong></span> <span class='ocrx_word' id='word_1_461' title='bbox 2208 778 2449 848; x_wconf 86' lang='lat' dir='ltr'><strong>Denique</strong></span> <span class='ocrx_word' id='word_1_462' title='bbox 2493 779 2835 839; x_wconf 87' lang='lat' dir='ltr'><strong>Frodoardus</strong></span> <span class='ocrx_word' id='word_1_463' title='bbox 2872 787 2923 839; x_wconf 93' lang='lat' dir='ltr'><strong>in</strong></span> <span class='ocrx_word' id='word_1_464' title='bbox 2969 787 3238 845; x_wconf 73' lang='lat' dir='ltr'><strong>Chronico</strong></span> 
     </span>
    </p>
   </div>
   <div class='ocr_carea' id='block_1_67' title="bbox 1656 866 3234 945">
    <p class='ocr_par' dir='ltr' id='par_1_67' title="bbox 1656 866 3234 945">
     <span class='ocr_line' id='line_1_67' title="bbox 1656 866 3234 945; baseline 0.007 -25"><span class='ocrx_word' id='word_1_465' title='bbox 1656 869 1721 920; x_wconf 84' lang='lat' dir='ltr'><strong>ad</strong></span> <span class='ocrx_word' id='word_1_466' title='bbox 1769 882 1857 920; x_wconf 91' lang='lat' dir='ltr'><strong>an.</strong></span> <span class='ocrx_word' id='word_1_467' title='bbox 1900 866 1995 921; x_wconf 83' lang='grc'>951</span> <span class='ocrx_word' id='word_1_468' title='bbox 2038 868 2197 921; x_wconf 87' lang='lat' dir='ltr'><strong>tradit</strong></span> <span class='ocrx_word' id='word_1_469' title='bbox 2227 867 2504 939; x_wconf 86' lang='lat' dir='ltr'><strong>Ilungaros</strong></span> <span class='ocrx_word' id='word_1_470' title='bbox 2524 888 2589 924; x_wconf 82' lang='lat' dir='ltr'><strong>ea:</strong></span> <span class='ocrx_word' id='word_1_471' title='bbox 2617 871 2780 928; x_wconf 83' lang='lat' dir='ltr'><strong>Italia</strong></span> <span class='ocrx_word' id='word_1_472' title='bbox 2809 876 2861 928; x_wconf 88' lang='lat' dir='ltr'><strong>in</strong></span> <span class='ocrx_word' id='word_1_473' title='bbox 2892 877 3234 945; x_wconf 80' lang='lat' dir='ltr'><strong>Aquitaniam</strong></span> 
     </span>
    </p>
   </div>
   <div class='ocr_carea' id='block_1_68' title="bbox 1658 956 3237 1037">
    <p class='ocr_par' dir='ltr' id='par_1_68' title="bbox 1658 956 3237 1037">
     <span class='ocr_line' id='line_1_68' title="bbox 1658 956 3237 1037; baseline 0.009 -30"><span class='ocrx_word' id='word_1_474' title='bbox 1658 956 1825 1009; x_wconf 79' lang='lat' dir='ltr'><strong>fuisse</strong></span> <span class='ocrx_word' id='word_1_475' title='bbox 1848 971 2186 1025; x_wconf 88' lang='lat' dir='ltr'><strong>progressos.</strong></span> <span class='ocrx_word' id='word_1_476' title='bbox 2217 956 2487 1031; x_wconf 75' lang='lat' dir='ltr'><strong>Fortassis</strong></span> <span class='ocrx_word' id='word_1_477' title='bbox 2514 970 2567 1015; x_wconf 89' lang='lat' dir='ltr'><strong>et</strong></span> <span class='ocrx_word' id='word_1_478' title='bbox 2588 976 2731 1016; x_wconf 89' lang='lat' dir='ltr'><strong>anno</strong></span> <span class='ocrx_word' id='word_1_479' title='bbox 2765 963 2869 1018; x_wconf 76' lang='grc'>954</span> <span class='ocrx_word' id='word_1_480' title='bbox 2901 964 3181 1037; x_wconf 80' lang='lat' dir='ltr'><strong>Ilungaros</strong></span> <span class='ocrx_word' id='word_1_481' title='bbox 3205 984 3237 1021; x_wconf 83' lang='lat' dir='ltr'><strong>e</strong></span> 
     </span>
    </p>
   </div>
   <div class='ocr_carea' id='block_1_69' title="bbox 1657 1044 3237 1127">
    <p class='ocr_par' dir='ltr' id='par_1_69' title="bbox 1657 1044 3237 1127">
     <span class='ocr_line' id='line_1_69' title="bbox 1657 1044 3237 1127; baseline 0.008 -27"><span class='ocrx_word' id='word_1_482' title='bbox 1657 1044 1830 1100; x_wconf 86' lang='lat' dir='ltr'><strong>Gallia</strong></span> <span class='ocrx_word' id='word_1_483' title='bbox 1882 1045 2144 1116; x_wconf 78' lang='lat' dir='ltr'><strong>fugientes</strong></span> <span class='ocrx_word' id='word_1_484' title='bbox 2191 1048 2340 1103; x_wconf 91' lang='lat' dir='ltr'><strong>Italia</strong></span> <span class='ocrx_word' id='word_1_485' title='bbox 2372 1049 2535 1117; x_wconf 91' lang='lat' dir='ltr'><strong>vidit;</strong></span> <span class='ocrx_word' id='word_1_486' title='bbox 2586 1060 2640 1105; x_wconf 91' lang='lat' dir='ltr'><strong>at</strong></span> <span class='ocrx_word' id='word_1_487' title='bbox 2673 1052 2812 1107; x_wconf 91' lang='lat' dir='ltr'><strong>ultra</strong></span> <span class='ocrx_word' id='word_1_488' title='bbox 2858 1070 2964 1110; x_wconf 91' lang='lat' dir='ltr'><strong>non</strong></span> <span class='ocrx_word' id='word_1_489' title='bbox 3011 1056 3237 1127; x_wconf 75' lang='lat' dir='ltr'><strong>legimus</strong></span> 
     </span>
    </p>
   </div>
   <div class='ocr_carea' id='block_1_70' title="bbox 1661 1136 3233 1220">
    <p class='ocr_par' dir='ltr' id='par_1_70' title="bbox 1661 1136 3233 1220">
     <span class='ocr_line' id='line_1_70' title="bbox 1661 1136 3233 1220; baseline 0.011 -31"><span class='ocrx_word' id='word_1_490' title='bbox 1661 1136 2078 1192; x_wconf 89' lang='lat' dir='ltr'><strong>immitissimam</strong></span> <span class='ocrx_word' id='word_1_491' title='bbox 2123 1149 2337 1209; x_wconf 83' lang='lat' dir='ltr'><strong>gentem</strong></span> <span class='ocrx_word' id='word_1_492' title='bbox 2384 1142 2643 1214; x_wconf 88' lang='lat' dir='ltr'><strong>irrupisse</strong></span> <span class='ocrx_word' id='word_1_493' title='bbox 2671 1145 2723 1199; x_wconf 93' lang='lat' dir='ltr'><strong>in</strong></span> <span class='ocrx_word' id='word_1_494' title='bbox 2758 1146 2919 1202; x_wconf 89' lang='lat' dir='ltr'><strong>hasce</strong></span> <span class='ocrx_word' id='word_1_495' title='bbox 2952 1150 3233 1220; x_wconf 85' lang='lat' dir='ltr'><strong>regiones:</strong></span> 
     </span>
    </p>
   </div>
   <div class='ocr_carea' id='block_1_71' title="bbox 1658 1229 3241 1310">
    <p class='ocr_par' dir='ltr' id='par_1_71' title="bbox 1658 1229 3241 1310">
     <span class='ocr_line' id='line_1_71' title="bbox 1658 1229 3241 1310; baseline 0.011 -29"><span class='ocrx_word' id='word_1_496' title='bbox 1658 1242 1778 1282; x_wconf 86' lang='lat' dir='ltr'><strong>eam</strong></span> <span class='ocrx_word' id='word_1_497' title='bbox 1828 1229 2026 1299; x_wconf 89' lang='lat' dir='ltr'><strong>quippe</strong></span> <span class='ocrx_word' id='word_1_498' title='bbox 2071 1231 2311 1288; x_wconf 81' lang='lat' dir='ltr'><strong>bellicosi</strong></span> <span class='ocrx_word' id='word_1_499' title='bbox 2364 1234 2757 1292; x_wconf 89' lang='lat' dir='ltr'><strong>Germanorum</strong></span> <span class='ocrx_word' id='word_1_500' title='bbox 2812 1241 3025 1310; x_wconf 89' lang='lat' dir='ltr'><strong>populi,</strong></span> <span class='ocrx_word' id='word_1_501' title='bbox 3058 1244 3241 1300; x_wconf 89' lang='lat' dir='ltr'><strong>nmltis</strong></span> 
     </span>
    </p>
   </div>
   <div class='ocr_carea' id='block_1_72' title="bbox 1661 1322 3241 1390">
    <p class='ocr_par' dir='ltr' id='par_1_72' title="bbox 1661 1322 3241 1390">
     <span class='ocr_line' id='line_1_72' title="bbox 1661 1322 3241 1390; baseline 0.009 -15"><span class='ocrx_word' id='word_1_502' title='bbox 1661 1322 1897 1377; x_wconf 73' lang='lat' dir='ltr'><strong>caulibus</strong></span> <span class='ocrx_word' id='word_1_503' title='bbox 1947 1322 2142 1389; x_wconf 89' lang='lat' dir='ltr'><strong>illatis,</strong></span> <span class='ocrx_word' id='word_1_504' title='bbox 2190 1339 2310 1380; x_wconf 88' lang='lat' dir='ltr'><strong>sese</strong></span> <span class='ocrx_word' id='word_1_505' title='bbox 2355 1325 2496 1381; x_wconf 90' lang='lat' dir='ltr'><strong>intra</strong></span> <span class='ocrx_word' id='word_1_506' title='bbox 2544 1327 2745 1385; x_wconf 89' lang='lat' dir='ltr'><strong>limites</strong></span> <span class='ocrx_word' id='word_1_507' title='bbox 2787 1346 2914 1387; x_wconf 90' lang='lat' dir='ltr'><strong>suos</strong></span> <span class='ocrx_word' id='word_1_508' title='bbox 2961 1335 3241 1390; x_wconf 89' lang='lat' dir='ltr'><strong>continere</strong></span> 
     </span>
    </p>
   </div>
   <div class='ocr_carea' id='block_1_73' title="bbox 1664 1414 3238 1494">
    <p class='ocr_par' dir='ltr' id='par_1_73' title="bbox 1664 1414 3238 1494">
     <span class='ocr_line' id='line_1_73' title="bbox 1664 1414 3238 1494; baseline 0.009 -28"><span class='ocrx_word' id='word_1_509' title='bbox 1664 1414 1880 1468; x_wconf 90' lang='lat' dir='ltr'><strong>tandem</strong></span> <span class='ocrx_word' id='word_1_510' title='bbox 1932 1415 2170 1470; x_wconf 89' lang='lat' dir='ltr'><strong>edocuit.</strong></span> <span class='ocrx_word' id='word_1_511' title='bbox 2208 1416 2341 1471; x_wconf 88' lang='lat' dir='ltr'><strong>Tota</strong></span> <span class='ocrx_word' id='word_1_512' title='bbox 2389 1432 2518 1489; x_wconf 87' lang='lat' dir='ltr'><strong>ergo</strong></span> <span class='ocrx_word' id='word_1_513' title='bbox 2549 1423 2800 1490; x_wconf 89' lang='lat' dir='ltr'><strong>periodus</strong></span> <span class='ocrx_word' id='word_1_514' title='bbox 2844 1440 3238 1494; x_wconf 68' lang='lat' dir='ltr'><strong>aerumnarum,</strong></span> 
     </span>
    </p>
   </div>
   <div class='ocr_carea' id='block_1_74' title="bbox 1662 1506 3244 1578">
    <p class='ocr_par' dir='ltr' id='par_1_74' title="bbox 1662 1506 3244 1578">
     <span class='ocr_line' id='line_1_74' title="bbox 1662 1506 3244 1578; baseline 0.011 -21"><span class='ocrx_word' id='word_1_515' title='bbox 1662 1520 1797 1573; x_wconf 89' lang='lat' dir='ltr'><strong>quas</strong></span> <span class='ocrx_word' id='word_1_516' title='bbox 1834 1507 1902 1561; x_wconf 88' lang='lat' dir='ltr'><strong>ab</strong></span> <span class='ocrx_word' id='word_1_517' title='bbox 1924 1506 2189 1578; x_wconf 82' lang='lat' dir='ltr'><strong>IIungaris</strong></span> <span class='ocrx_word' id='word_1_518' title='bbox 2228 1508 2379 1564; x_wconf 88' lang='lat' dir='ltr'><strong>Italia</strong></span> <span class='ocrx_word' id='word_1_519' title='bbox 2427 1514 2709 1578; x_wconf 89' lang='lat' dir='ltr'><strong>sustinuit,</strong></span> <span class='ocrx_word' id='word_1_520' title='bbox 2747 1516 2886 1570; x_wconf 71' lang='lat' dir='ltr'><strong>inter</strong></span> <span class='ocrx_word' id='word_1_521' title='bbox 2910 1533 3109 1571; x_wconf 90' lang='lat' dir='ltr'><strong>annum</strong></span> <span class='ocrx_word' id='word_1_522' title='bbox 3139 1519 3244 1574; x_wconf 87' lang='lat'><strong>900</strong></span> 
     </span>
    </p>
   </div>
   <div class='ocr_carea' id='block_1_75' title="bbox 1663 1596 3244 1681">
    <p class='ocr_par' dir='ltr' id='par_1_75' title="bbox 1663 1596 3244 1681">
     <span class='ocr_line' id='line_1_75' title="bbox 1663 1596 3244 1681; baseline 0.01 -34"><span class='ocrx_word' id='word_1_523' title='bbox 1663 1606 1716 1648; x_wconf 88' lang='lat' dir='ltr'><strong>et</strong></span> <span class='ocrx_word' id='word_1_524' title='bbox 1741 1596 1844 1650; x_wconf 84' lang='lat'><strong>950</strong></span> <span class='ocrx_word' id='word_1_525' title='bbox 1873 1612 2061 1652; x_wconf 86' lang='lat' dir='ltr'><strong>revera</strong></span> <span class='ocrx_word' id='word_1_526' title='bbox 2083 1598 2439 1655; x_wconf 85' lang='lat' dir='ltr'><strong>concluditur.</strong></span> <span class='ocrx_word' id='word_1_527' title='bbox 2467 1602 2599 1657; x_wconf 87' lang='lat' dir='ltr'><strong>Cum</strong></span> <span class='ocrx_word' id='word_1_528' title='bbox 2626 1619 2755 1675; x_wconf 86' lang='lat' dir='ltr'><strong>ergo</strong></span> <span class='ocrx_word' id='word_1_529' title='bbox 2782 1608 3115 1677; x_wconf 64' lang='lat' dir='ltr'><strong>exploratum</strong></span> <span class='ocrx_word' id='word_1_530' title='bbox 3149 1612 3244 1681; x_wconf 85' lang='lat' dir='ltr'><strong>sit,</strong></span> 
     </span>
    </p>
   </div>
   <div class='ocr_carea' id='block_1_76' title="bbox 1667 1688 3240 1761">
    <p class='ocr_par' dir='ltr' id='par_1_76' title="bbox 1667 1688 3240 1761">
     <span class='ocr_line' id='line_1_76' title="bbox 1667 1688 3240 1761; baseline 0.012 -24"><span class='ocrx_word' id='word_1_531' title='bbox 1667 1694 1724 1738; x_wconf 91' lang='lat' dir='ltr'><strong>ut</strong></span> <span class='ocrx_word' id='word_1_532' title='bbox 1749 1701 1910 1755; x_wconf 87' lang='lat' dir='ltr'><strong>supra</strong></span> <span class='ocrx_word' id='word_1_533' title='bbox 1946 1688 2196 1755; x_wconf 89' lang='lat' dir='ltr'><strong>vidimus,</strong></span> <span class='ocrx_word' id='word_1_534' title='bbox 2220 1692 2539 1761; x_wconf 86' lang='lat' dir='ltr'><strong>scriptorem</strong></span> <span class='ocrx_word' id='word_1_535' title='bbox 2573 1694 2705 1750; x_wconf 74' lang='lat' dir='ltr'><strong>Vita:</strong></span> <span class='ocrx_word' id='word_1_536' title='bbox 2733 1700 2905 1753; x_wconf 90' lang='lat' dir='ltr'><strong>sancti</strong></span> <span class='ocrx_word' id='word_1_537' title='bbox 2935 1699 3240 1757; x_wconf 89' lang='lat' dir='ltr'><strong>Geminiani</strong></span> 
     </span>
    </p>
   </div>
   <div class='ocr_carea' id='block_1_77' title="bbox 1662 1778 3242 1862">
    <p class='ocr_par' dir='ltr' id='par_1_77' title="bbox 1662 1778 3242 1862">
     <span class='ocr_line' id='line_1_77' title="bbox 1662 1778 3242 1862; baseline 0.012 -31"><span class='ocrx_word' id='word_1_538' title='bbox 1662 1778 1849 1832; x_wconf 87' lang='lat' dir='ltr'><strong>eadem</strong></span> <span class='ocrx_word' id='word_1_539' title='bbox 1897 1779 2009 1848; x_wconf 89' lang='lat' dir='ltr'><strong>ipsa</strong></span> <span class='ocrx_word' id='word_1_540' title='bbox 2057 1790 2375 1851; x_wconf 89' lang='lat' dir='ltr'><strong>tempestate</strong></span> <span class='ocrx_word' id='word_1_541' title='bbox 2420 1783 2688 1854; x_wconf 85' lang='lat' dir='ltr'><strong>ﬂoruisse,</strong></span> <span class='ocrx_word' id='word_1_542' title='bbox 2717 1799 2840 1859; x_wconf 90' lang='lat' dir='ltr'><strong>peto</strong></span> <span class='ocrx_word' id='word_1_543' title='bbox 2873 1806 2971 1862; x_wconf 85' lang='lat' dir='ltr'><strong>ego</strong></span> <span class='ocrx_word' id='word_1_544' title='bbox 3015 1807 3081 1848; x_wconf 90' lang='lat' dir='ltr'><strong>an</strong></span> <span class='ocrx_word' id='word_1_545' title='bbox 3112 1810 3242 1851; x_wconf 89' lang='lat' dir='ltr'><strong>cen-</strong></span> 
     </span>
    </p>
   </div>
   <div class='ocr_carea' id='block_1_78' title="bbox 1664 1868 3243 1953">
    <p class='ocr_par' dir='ltr' id='par_1_78' title="bbox 1664 1868 3243 1953">
     <span class='ocr_line' id='line_1_78' title="bbox 1664 1868 3243 1953; baseline 0.014 -34"><span class='ocrx_word' id='word_1_546' title='bbox 1664 1882 1804 1921; x_wconf 67' lang='lat' dir='ltr'><strong>sura:</strong></span> <span class='ocrx_word' id='word_1_547' title='bbox 1854 1868 2013 1923; x_wconf 89' lang='lat' dir='ltr'><strong>alicui</strong></span> <span class='ocrx_word' id='word_1_548' title='bbox 2058 1869 2217 1938; x_wconf 83' lang='lat' dir='ltr'><strong>justae</strong></span> <span class='ocrx_word' id='word_1_549' title='bbox 2269 1874 2418 1930; x_wconf 92' lang='lat' dir='ltr'><strong>locus</strong></span> <span class='ocrx_word' id='word_1_550' title='bbox 2462 1875 2654 1942; x_wconf 81' lang='lat' dir='ltr'><strong>fuerit,</strong></span> <span class='ocrx_word' id='word_1_551' title='bbox 2703 1882 2843 1948; x_wconf 86' lang='lat' dir='ltr'><strong>quod</strong></span> <span class='ocrx_word' id='word_1_552' title='bbox 2895 1884 3243 1953; x_wconf 86' lang='lat' dir='ltr'><strong>scripserim,</strong></span> 
     </span>
    </p>
   </div>
   <div class='ocr_carea' id='block_1_79' title="bbox 1664 1962 3246 2035">
    <p class='ocr_par' dir='ltr' id='par_1_79' title="bbox 1664 1962 3246 2035">
     <span class='ocr_line' id='line_1_79' title="bbox 1664 1962 3246 2035; baseline 0.014 -22"><span class='ocrx_word' id='word_1_553' title='bbox 1664 1970 1943 2016; x_wconf 89' lang='lat' dir='ltr'><strong>auctorem</strong></span> <span class='ocrx_word' id='word_1_554' title='bbox 1965 1962 2107 2017; x_wconf 89' lang='lat' dir='ltr'><strong>illius</strong></span> <span class='ocrx_word' id='word_1_555' title='bbox 2135 1979 2386 2021; x_wconf 73' lang='lat' dir='ltr'><strong>emensa</strong></span> <span class='ocrx_word' id='word_1_556' title='bbox 2407 1986 2601 2023; x_wconf 88' lang='lat' dir='ltr'><strong>annum</strong></span> <span class='ocrx_word' id='word_1_557' title='bbox 2624 1969 2818 2027; x_wconf 81' lang='lat' dir='ltr'><strong>Christi</strong></span> <span class='ocrx_word' id='word_1_558' title='bbox 2840 1974 2943 2030; x_wconf 85' lang='lat'><strong>910</strong></span> <span class='ocrx_word' id='word_1_559' title='bbox 2966 1976 3246 2035; x_wconf 87' lang='lat' dir='ltr'><strong>ﬂoruisse?</strong></span> 
     </span>
    </p>
   </div>
   <div class='ocr_carea' id='block_1_80' title="bbox 1663 2052 3244 2137">
    <p class='ocr_par' dir='ltr' id='par_1_80' title="bbox 1663 2052 3244 2137">
     <span class='ocr_line' id='line_1_80' title="bbox 1663 2052 3244 2137; baseline 0.014 -32"><span class='ocrx_word' id='word_1_560' title='bbox 1663 2052 1732 2106; x_wconf 85' lang='lat' dir='ltr'><strong>At</strong></span> <span class='ocrx_word' id='word_1_561' title='bbox 1770 2053 1943 2122; x_wconf 91' lang='lat' dir='ltr'><strong>inquit</strong></span> <span class='ocrx_word' id='word_1_562' title='bbox 1978 2056 2184 2112; x_wconf 89' lang='lat' dir='ltr'><strong>amicus</strong></span> <span class='ocrx_word' id='word_1_563' title='bbox 2228 2058 2471 2114; x_wconf 77' lang='lat' dir='ltr'><strong>Malfcius</strong></span> <span class='ocrx_word' id='word_1_564' title='bbox 2503 2079 2517 2115; x_wconf 88' lang='lat'><strong>:</strong></span> <span class='ocrx_word' id='word_1_565' title='bbox 2551 2080 2653 2118; x_wconf 89' lang='lat' dir='ltr'><strong>non</strong></span> <span class='ocrx_word' id='word_1_566' title='bbox 2693 2069 2916 2121; x_wconf 83' lang='lat' dir='ltr'><strong>ostendit</strong></span> <span class='ocrx_word' id='word_1_567' title='bbox 2953 2071 2999 2124; x_wconf 87' lang='lat' dir='ltr'><strong>is</strong></span> <span class='ocrx_word' id='word_1_568' title='bbox 3039 2083 3244 2137; x_wconf 85' lang='lat' dir='ltr'><strong>auctor,</strong></span> 
     </span>
    </p>
   </div>
   <div class='ocr_carea' id='block_1_81' title="bbox 1664 2145 3247 2233">
    <p class='ocr_par' dir='ltr' id='par_1_81' title="bbox 1664 2145 3247 2233">
     <span class='ocr_line' id='line_1_81' title="bbox 1664 2145 3247 2233; baseline 0.014 -37"><span class='ocrx_word' id='word_1_569' title='bbox 1664 2160 1717 2198; x_wconf 88' lang='lat' dir='ltr'><strong>se</strong></span> <span class='ocrx_word' id='word_1_570' title='bbox 1744 2145 1951 2211; x_wconf 75' lang='lat' dir='ltr'><strong>vixisse,</strong></span> <span class='ocrx_word' id='word_1_571' title='bbox 1983 2163 2100 2201; x_wconf 88' lang='lat' dir='ltr'><strong>cum</strong></span> <span class='ocrx_word' id='word_1_572' title='bbox 2132 2148 2377 2221; x_wconf 82' lang='lat' dir='ltr'><strong>Hungari</strong></span> <span class='ocrx_word' id='word_1_573' title='bbox 2406 2170 2545 2208; x_wconf 90' lang='lat' dir='ltr'><strong>anno</strong></span> <span class='ocrx_word' id='word_1_574' title='bbox 2570 2156 2675 2211; x_wconf 91' lang='grc'><strong>900</strong></span> <span class='ocrx_word' id='word_1_575' title='bbox 2706 2170 2795 2212; x_wconf 85' lang='lat' dir='ltr'><strong>aut</strong></span> <span class='ocrx_word' id='word_1_576' title='bbox 2823 2161 2926 2215; x_wconf 74' lang='grc'>902</span> <span class='ocrx_word' id='word_1_577' title='bbox 2948 2163 3247 2233; x_wconf 66' lang='lat' dir='ltr'><strong>impressioa</strong></span> 
     </span>
    </p>
   </div>
   <div class='ocr_carea' id='block_1_82' title="bbox 1666 2236 3249 2319">
    <p class='ocr_par' dir='ltr' id='par_1_82' title="bbox 1666 2236 3249 2319">
     <span class='ocr_line' id='line_1_82' title="bbox 1666 2236 3249 2319; baseline 0.016 -32"><span class='ocrx_word' id='word_1_578' title='bbox 1666 2250 1781 2288; x_wconf 90' lang='lat' dir='ltr'><strong>nem</strong></span> <span class='ocrx_word' id='word_1_579' title='bbox 1809 2236 1863 2289; x_wconf 88' lang='lat' dir='ltr'><strong>in</strong></span> <span class='ocrx_word' id='word_1_580' title='bbox 1892 2236 2211 2295; x_wconf 80' lang='lat' dir='ltr'><strong>Mutinenses</strong></span> <span class='ocrx_word' id='word_1_581' title='bbox 2240 2243 2426 2311; x_wconf 79' lang='lat' dir='ltr'><strong>fecere,</strong></span> <span class='ocrx_word' id='word_1_582' title='bbox 2456 2247 2546 2300; x_wconf 86' lang='lat' dir='ltr'><strong>sed</strong></span> <span class='ocrx_word' id='word_1_583' title='bbox 2584 2250 2789 2318; x_wconf 84' lang='lat' dir='ltr'><strong>quidem</strong></span> <span class='ocrx_word' id='word_1_584' title='bbox 2824 2253 3047 2319; x_wconf 78' lang='lat' dir='ltr'><strong>fervente</strong></span> <span class='ocrx_word' id='word_1_585' title='bbox 3077 2274 3182 2312; x_wconf 90' lang='lat' dir='ltr'><strong>una</strong></span> <span class='ocrx_word' id='word_1_586' title='bbox 3220 2275 3249 2313; x_wconf 85' lang='lat' dir='ltr'><strong>e</strong></span> 
     </span>
    </p>
   </div>
   <div class='ocr_carea' id='block_1_83' title="bbox 1667 2324 3247 2417">
    <p class='ocr_par' dir='ltr' id='par_1_83' title="bbox 1667 2324 3247 2417">
     <span class='ocr_line' id='line_1_83' title="bbox 1667 2324 3247 2417; baseline 0.017 -40"><span class='ocrx_word' id='word_1_587' title='bbox 1667 2324 1876 2395; x_wconf 85' lang='lat' dir='ltr'><strong>reliquis</strong></span> <span class='ocrx_word' id='word_1_588' title='bbox 1924 2329 2313 2387; x_wconf 84' lang='lat' dir='ltr'><strong>incursionibus</strong></span> <span class='ocrx_word' id='word_1_589' title='bbox 2355 2335 2420 2389; x_wconf 87' lang='lat' dir='ltr'><strong>ab</strong></span> <span class='ocrx_word' id='word_1_590' title='bbox 2469 2354 2532 2391; x_wconf 88' lang='lat' dir='ltr'><strong>ea</strong></span> <span class='ocrx_word' id='word_1_591' title='bbox 2579 2351 2730 2407; x_wconf 88' lang='lat' dir='ltr'><strong>gente</strong></span> <span class='ocrx_word' id='word_1_592' title='bbox 2775 2343 2949 2409; x_wconf 70' lang='lat' dir='ltr'><strong>lituis.</strong></span> <span class='ocrx_word' id='word_1_593' title='bbox 3001 2346 3068 2402; x_wconf 86' lang='lat' dir='ltr'><strong>Et</strong></span> <span class='ocrx_word' id='word_1_594' title='bbox 3119 2351 3247 2417; x_wconf 86' lang='lat' dir='ltr'><strong>quid</strong></span> 
     </span>
    </p>
   </div>
   <div class='ocr_carea' id='block_1_84' title="bbox 1668 2417 3249 2510">
    <p class='ocr_par' dir='ltr' id='par_1_84' title="bbox 1668 2417 3249 2510">
     <span class='ocr_line' id='line_1_84' title="bbox 1668 2417 3249 2510; baseline 0.016 -41"><span class='ocrx_word' id='word_1_595' title='bbox 1668 2418 1816 2471; x_wconf 85' lang='lat' dir='ltr'><strong>tum?</strong></span> <span class='ocrx_word' id='word_1_596' title='bbox 1840 2417 2028 2474; x_wconf 86' lang='lat' dir='ltr'><strong>Nonne</strong></span> <span class='ocrx_word' id='word_1_597' title='bbox 2052 2422 2187 2477; x_wconf 90' lang='lat' dir='ltr'><strong>satis</strong></span> <span class='ocrx_word' id='word_1_598' title='bbox 2215 2424 2346 2480; x_wconf 90' lang='lat' dir='ltr'><strong>mihi</strong></span> <span class='ocrx_word' id='word_1_599' title='bbox 2372 2436 2455 2481; x_wconf 89' lang='lat' dir='ltr'><strong>est</strong></span> <span class='ocrx_word' id='word_1_600' title='bbox 2478 2428 2521 2483; x_wconf 93' lang='lat' dir='ltr'><strong>si</strong></span> <span class='ocrx_word' id='word_1_601' title='bbox 2548 2428 2594 2483; x_wconf 89' lang='lat' dir='ltr'><strong>is</strong></span> <span class='ocrx_word' id='word_1_602' title='bbox 2613 2430 2742 2486; x_wconf 81' lang='lat' dir='ltr'><strong>vixit</strong></span> <span class='ocrx_word' id='word_1_603' title='bbox 2760 2433 2884 2488; x_wconf 91' lang='lat' dir='ltr'><strong>dum</strong></span> <span class='ocrx_word' id='word_1_604' title='bbox 2928 2435 3164 2510; x_wconf 83' lang='lat' dir='ltr'><strong>IIungari</strong></span> <span class='ocrx_word' id='word_1_605' title='bbox 3195 2441 3249 2495; x_wconf 91' lang='lat' dir='ltr'><strong>in</strong></span> 
     </span>
    </p>
   </div>
   <div class='ocr_carea' id='block_1_85' title="bbox 1665 2504 3246 2587">
    <p class='ocr_par' dir='ltr' id='par_1_85' title="bbox 1665 2504 3246 2587">
     <span class='ocr_line' id='line_1_85' title="bbox 1665 2504 3246 2587; baseline 0.018 -28"><span class='ocrx_word' id='word_1_606' title='bbox 1665 2504 1872 2562; x_wconf 90' lang='lat' dir='ltr'><strong>Italiam</strong></span> <span class='ocrx_word' id='word_1_607' title='bbox 1899 2508 2143 2578; x_wconf 83' lang='lat' dir='ltr'><strong>palantes</strong></span> <span class='ocrx_word' id='word_1_608' title='bbox 2173 2518 2572 2583; x_wconf 70' lang='lat' dir='ltr'><strong>excursabant?</strong></span> <span class='ocrx_word' id='word_1_609' title='bbox 2598 2519 2703 2576; x_wconf 88' lang='lat' dir='ltr'><strong>Sed</strong></span> <span class='ocrx_word' id='word_1_610' title='bbox 2726 2537 2825 2577; x_wconf 91' lang='lat' dir='ltr'><strong>cur</strong></span> <span class='ocrx_word' id='word_1_611' title='bbox 2860 2531 3041 2584; x_wconf 83' lang='lat' dir='ltr'><strong>vivere</strong></span> <span class='ocrx_word' id='word_1_612' title='bbox 3055 2504 3113 2586; x_wconf 74' lang='lat' dir='ltr'><strong>is</strong></span> <span class='ocrx_word' id='word_1_613' title='bbox 3140 2548 3246 2587; x_wconf 89' lang='lat' dir='ltr'><strong>non</strong></span> 
     </span>
    </p>
   </div>
   <div class='ocr_carea' id='block_1_86' title="bbox 1666 2600 3248 2691">
    <p class='ocr_par' dir='ltr' id='par_1_86' title="bbox 1666 2600 3248 2691">
     <span class='ocr_line' id='line_1_86' title="bbox 1666 2600 3248 2691; baseline 0.018 -40"><span class='ocrx_word' id='word_1_614' title='bbox 1666 2600 1828 2653; x_wconf 86' lang='lat' dir='ltr'><strong>etiam</strong></span> <span class='ocrx_word' id='word_1_615' title='bbox 1860 2610 2017 2658; x_wconf 89' lang='lat' dir='ltr'><strong>antea</strong></span> <span class='ocrx_word' id='word_1_616' title='bbox 2047 2606 2253 2674; x_wconf 89' lang='lat' dir='ltr'><strong>potuit?</strong></span> <span class='ocrx_word' id='word_1_617' title='bbox 2284 2608 2622 2679; x_wconf 81' lang='lat' dir='ltr'><strong>Conjecturis</strong></span> <span class='ocrx_word' id='word_1_618' title='bbox 2654 2613 2741 2669; x_wconf 91' lang='lat' dir='ltr'><strong>hic</strong></span> <span class='ocrx_word' id='word_1_619' title='bbox 2766 2625 2992 2687; x_wconf 87' lang='lat' dir='ltr'><strong>uterque</strong></span> <span class='ocrx_word' id='word_1_620' title='bbox 3014 2621 3248 2691; x_wconf 86' lang='lat' dir='ltr'><strong>agimus.</strong></span> 
     </span>
    </p>
   </div>
   <div class='ocr_carea' id='block_1_87' title="bbox 1668 2689 3248 2784">
    <p class='ocr_par' dir='ltr' id='par_1_87' title="bbox 1668 2689 3248 2784">
     <span class='ocr_line' id='line_1_87' title="bbox 1668 2689 3248 2784; baseline 0.018 -42"><span class='ocrx_word' id='word_1_621' title='bbox 1668 2689 1835 2760; x_wconf 85' lang='lat' dir='ltr'><strong>Neget</strong></span> <span class='ocrx_word' id='word_1_622' title='bbox 1878 2693 1989 2757; x_wconf 89' lang='lat' dir='ltr'><strong>ille,</strong></span> <span class='ocrx_word' id='word_1_623' title='bbox 2024 2696 2067 2749; x_wconf 91' lang='lat' dir='ltr'><strong>si</strong></span> <span class='ocrx_word' id='word_1_624' title='bbox 2098 2698 2240 2766; x_wconf 87' lang='lat' dir='ltr'><strong>potis</strong></span> <span class='ocrx_word' id='word_1_625' title='bbox 2287 2708 2369 2754; x_wconf 89' lang='lat' dir='ltr'><strong>est</strong></span> <span class='ocrx_word' id='word_1_626' title='bbox 2408 2703 2650 2770; x_wconf 83' lang='lat' dir='ltr'><strong>petuisse</strong></span> <span class='ocrx_word' id='word_1_627' title='bbox 2690 2703 2882 2764; x_wconf 90' lang='lat' dir='ltr'><strong>ﬂorere</strong></span> <span class='ocrx_word' id='word_1_628' title='bbox 2926 2689 3248 2784; x_wconf 81' lang='lat' dir='ltr'><strong>scriptorem</strong></span> 
     </span>
    </p>
   </div>
   <div class='ocr_carea' id='block_1_88' title="bbox 1670 2782 3252 2872">
    <p class='ocr_par' dir='ltr' id='par_1_88' title="bbox 1670 2782 3252 2872">
     <span class='ocr_line' id='line_1_88' title="bbox 1670 2782 3252 2872; baseline 0.018 -37"><span class='ocrx_word' id='word_1_629' title='bbox 1670 2782 1817 2837; x_wconf 88' lang='lat' dir='ltr'><strong>illum</strong></span> <span class='ocrx_word' id='word_1_630' title='bbox 1856 2785 1937 2838; x_wconf 88' lang='lat' dir='ltr'><strong>vel</strong></span> <span class='ocrx_word' id='word_1_631' title='bbox 1968 2786 2083 2855; x_wconf 88' lang='lat' dir='ltr'><strong>ipso</strong></span> <span class='ocrx_word' id='word_1_632' title='bbox 2114 2804 2259 2844; x_wconf 86' lang='lat' dir='ltr'><strong>anno</strong></span> <span class='ocrx_word' id='word_1_633' title='bbox 2280 2789 2405 2845; x_wconf 86' lang='lat'><strong>900.</strong></span> <span class='ocrx_word' id='word_1_634' title='bbox 2439 2791 2497 2849; x_wconf 90' lang='lat' dir='ltr'><strong>Si</strong></span> <span class='ocrx_word' id='word_1_635' title='bbox 2528 2795 2793 2854; x_wconf 83' lang='lat' dir='ltr'><strong>accidisse</strong></span> <span class='ocrx_word' id='word_1_636' title='bbox 2820 2800 2871 2855; x_wconf 92' lang='lat' dir='ltr'><strong>id</strong></span> <span class='ocrx_word' id='word_1_637' title='bbox 2898 2782 3090 2872; x_wconf 86' lang='lat' dir='ltr'><strong>potuit,</strong></span> <span class='ocrx_word' id='word_1_638' title='bbox 3116 2808 3252 2863; x_wconf 86' lang='lat' dir='ltr'><strong>satis</strong></span> 
     </span>
    </p>
   </div>
   <div class='ocr_carea' id='block_1_89' title="bbox 1670 2874 3251 2959">
    <p class='ocr_par' dir='ltr' id='par_1_89' title="bbox 1670 2874 3251 2959">
     <span class='ocr_line' id='line_1_89' title="bbox 1670 2874 3251 2959; baseline 0.016 -31"><span class='ocrx_word' id='word_1_639' title='bbox 1670 2874 1798 2929; x_wconf 90' lang='lat' dir='ltr'><strong>illud</strong></span> <span class='ocrx_word' id='word_1_640' title='bbox 1836 2877 1969 2931; x_wconf 89' lang='lat' dir='ltr'><strong>mihi</strong></span> <span class='ocrx_word' id='word_1_641' title='bbox 1995 2888 2110 2945; x_wconf 90' lang='lat' dir='ltr'><strong>est,</strong></span> <span class='ocrx_word' id='word_1_642' title='bbox 2140 2895 2241 2937; x_wconf 91' lang='lat' dir='ltr'><strong>nec</strong></span> <span class='ocrx_word' id='word_1_643' title='bbox 2271 2891 2356 2938; x_wconf 89' lang='lat' dir='ltr'><strong>est</strong></span> <span class='ocrx_word' id='word_1_644' title='bbox 2399 2898 2497 2939; x_wconf 92' lang='lat' dir='ltr'><strong>cur</strong></span> <span class='ocrx_word' id='word_1_645' title='bbox 2526 2902 2659 2943; x_wconf 76' lang='lat' dir='ltr'><strong>mea:</strong></span> <span class='ocrx_word' id='word_1_646' title='bbox 2687 2889 3057 2959; x_wconf 87' lang='lat' dir='ltr'><strong>conjecturam</strong></span> <span class='ocrx_word' id='word_1_647' title='bbox 3097 2912 3251 2954; x_wconf 87' lang='lat' dir='ltr'><strong>suam</strong></span> 
     </span>
    </p>
   </div>
   <div class='ocr_carea' id='block_1_90' title="bbox 1669 2964 3254 3049">
    <p class='ocr_par' dir='ltr' id='par_1_90' title="bbox 1669 2964 3254 3049">
     <span class='ocr_line' id='line_1_90' title="bbox 1669 2964 3254 3049; baseline 0.016 -30"><span class='ocrx_word' id='word_1_648' title='bbox 1669 2964 1913 3025; x_wconf 85' lang='lat' dir='ltr'><strong>Maﬂ‘eius</strong></span> <span class='ocrx_word' id='word_1_649' title='bbox 1959 2970 2246 3027; x_wconf 84' lang='lat' dir='ltr'><strong>anteferat.</strong></span> <span class='ocrx_word' id='word_1_650' title='bbox 2293 2974 2370 3029; x_wconf 81' lang='lat' dir='ltr'><strong>Ac</strong></span> <span class='ocrx_word' id='word_1_651' title='bbox 2419 2978 2703 3049; x_wconf 67' lang='lat' dir='ltr'><strong>praecipuae</strong></span> <span class='ocrx_word' id='word_1_652' title='bbox 2745 2997 2868 3037; x_wconf 91' lang='lat' dir='ltr'><strong>cum</strong></span> <span class='ocrx_word' id='word_1_653' title='bbox 2920 2985 3254 3045; x_wconf 89' lang='lat' dir='ltr'><strong>clarissinms</strong></span> 
     </span>
    </p>
   </div>
   <div class='ocr_carea' id='block_1_91' title="bbox 1671 3056 3255 3139">
    <p class='ocr_par' dir='ltr' id='par_1_91' title="bbox 1671 3056 3255 3139">
     <span class='ocr_line' id='line_1_91' title="bbox 1671 3056 3255 3139; baseline 0.015 -28"><span class='ocrx_word' id='word_1_654' title='bbox 1671 3056 1960 3117; x_wconf 85' lang='lat' dir='ltr'><strong>Bollaudus</strong></span> <span class='ocrx_word' id='word_1_655' title='bbox 1995 3062 2061 3117; x_wconf 87' lang='lat' dir='ltr'><strong>ad</strong></span> <span class='ocrx_word' id='word_1_656' title='bbox 2107 3079 2171 3119; x_wconf 89' lang='lat' dir='ltr'><strong>ea</strong></span> <span class='ocrx_word' id='word_1_657' title='bbox 2210 3067 2370 3122; x_wconf 87' lang='lat' dir='ltr'><strong>verba</strong></span> <span class='ocrx_word' id='word_1_658' title='bbox 2418 3086 2575 3139; x_wconf 87' lang='lat' dir='ltr'><strong>quam</strong></span> <span class='ocrx_word' id='word_1_659' title='bbox 2611 3072 2665 3125; x_wconf 90' lang='lat' dir='ltr'><strong>in</strong></span> <span class='ocrx_word' id='word_1_660' title='bbox 2715 3075 2908 3128; x_wconf 89' lang='lat' dir='ltr'><strong>nostris</strong></span> <span class='ocrx_word' id='word_1_661' title='bbox 2950 3077 3255 3134; x_wconf 85' lang='lat' dir='ltr'><strong>tribulatio-</strong></span> 
     </span>
    </p>
   </div>
   <div class='ocr_carea' id='block_1_92' title="bbox 1672 3154 3257 3240">
    <p class='ocr_par' dir='ltr' id='par_1_92' title="bbox 1672 3154 3257 3240">
     <span class='ocr_line' id='line_1_92' title="bbox 1672 3154 3257 3240; baseline 0.016 -34"><span class='ocrx_word' id='word_1_662' title='bbox 1672 3154 1823 3207; x_wconf 87' lang='lat' dir='ltr'><strong>nibus</strong></span> <span class='ocrx_word' id='word_1_663' title='bbox 1871 3156 2289 3213; x_wconf 82' lang='lat' dir='ltr'><strong>crudelissimam</strong></span> <span class='ocrx_word' id='word_1_664' title='bbox 2344 3164 2542 3231; x_wconf 72' lang='lat' dir='ltr'><strong>experti</strong></span> <span class='ocrx_word' id='word_1_665' title='bbox 2585 3182 2767 3221; x_wconf 85' lang='lat' dir='ltr'><strong>sumus</strong></span> <span class='ocrx_word' id='word_1_666' title='bbox 2821 3169 2927 3240; x_wconf 86' lang='lat' dir='ltr'><strong>(ita</strong></span> <span class='ocrx_word' id='word_1_667' title='bbox 2971 3172 3116 3227; x_wconf 89' lang='lat' dir='ltr'><strong>enim</strong></span> <span class='ocrx_word' id='word_1_668' title='bbox 3166 3174 3257 3231; x_wconf 86' lang='lat' dir='ltr'><strong>ille</strong></span> 
     </span>
    </p>
   </div>
   <div class='ocr_carea' id='block_1_93' title="bbox 1670 3242 3255 3337">
    <p class='ocr_par' dir='ltr' id='par_1_93' title="bbox 1670 3242 3255 3337">
     <span class='ocr_line' id='line_1_93' title="bbox 1670 3242 3255 3337; baseline 0.015 -39"><span class='ocrx_word' id='word_1_669' title='bbox 1670 3242 1965 3302; x_wconf 88' lang='lat' dir='ltr'><strong>Bodecensi</strong></span> <span class='ocrx_word' id='word_1_670' title='bbox 2019 3250 2205 3305; x_wconf 91' lang='lat' dir='ltr'><strong>codice</strong></span> <span class='ocrx_word' id='word_1_671' title='bbox 2254 3267 2384 3308; x_wconf 90' lang='lat' dir='ltr'><strong>usus</strong></span> <span class='ocrx_word' id='word_1_672' title='bbox 2433 3268 2557 3309; x_wconf 87' lang='lat' dir='ltr'><strong>eum</strong></span> <span class='ocrx_word' id='word_1_673' title='bbox 2604 3257 2766 3313; x_wconf 88' lang='lat' dir='ltr'><strong>aliter</strong></span> <span class='ocrx_word' id='word_1_674' title='bbox 2810 3259 2983 3315; x_wconf 89' lang='lat' dir='ltr'><strong>locum</strong></span> <span class='ocrx_word' id='word_1_675' title='bbox 3027 3266 3255 3337; x_wconf 87' lang='lat' dir='ltr'><strong>recitat)</strong></span> 
     </span>
    </p>
   </div>
   <div class='ocr_carea' id='block_1_94' title="bbox 1673 3334 3251 3426">
    <p class='ocr_par' dir='ltr' id='par_1_94' title="bbox 1673 3334 3251 3426">
     <span class='ocr_line' id='line_1_94' title="bbox 1673 3334 3251 3426; baseline 0.014 -37"><span class='ocrx_word' id='word_1_676' title='bbox 1673 3334 1810 3392; x_wconf 90' lang='lat' dir='ltr'><strong>hanc</strong></span> <span class='ocrx_word' id='word_1_677' title='bbox 1836 3347 2019 3393; x_wconf 90' lang='lat' dir='ltr'><strong>notam</strong></span> <span class='ocrx_word' id='word_1_678' title='bbox 2049 3345 2361 3412; x_wconf 88' lang='lat' dir='ltr'><strong>apposuerit</strong></span> <span class='ocrx_word' id='word_1_679' title='bbox 2390 3361 2405 3398; x_wconf 89' lang='lat'><strong>:</strong></span> <span class='ocrx_word' id='word_1_680' title='bbox 2432 3344 2562 3400; x_wconf 66' lang='lat' dir='ltr'><strong>Haec</strong></span> <span class='ocrx_word' id='word_1_681' title='bbox 2592 3364 2704 3403; x_wconf 83' lang='lat' dir='ltr'><strong>esse</strong></span> <span class='ocrx_word' id='word_1_682' title='bbox 2729 3350 2933 3405; x_wconf 82' lang='lat' dir='ltr'><strong>videtur</strong></span> <span class='ocrx_word' id='word_1_683' title='bbox 2969 3334 3251 3426; x_wconf 48' lang='lat' dir='ltr'><strong>Hungaro;</strong></span> 
     </span>
    </p>
   </div>
   <div class='ocr_carea' id='block_1_95' title="bbox 1671 3428 3253 3509">
    <p class='ocr_par' dir='ltr' id='par_1_95' title="bbox 1671 3428 3253 3509">
     <span class='ocr_line' id='line_1_95' title="bbox 1671 3428 3253 3509; baseline 0.015 -31"><span class='ocrx_word' id='word_1_684' title='bbox 1671 3441 1787 3479; x_wconf 88' lang='lat' dir='ltr'><strong>rum</strong></span> <span class='ocrx_word' id='word_1_685' title='bbox 1835 3428 2087 3499; x_wconf 86' lang='lat' dir='ltr'><strong>incursio,</strong></span> <span class='ocrx_word' id='word_1_686' title='bbox 2134 3450 2291 3503; x_wconf 88' lang='lat' dir='ltr'><strong>quam</strong></span> <span class='ocrx_word' id='word_1_687' title='bbox 2336 3448 2589 3491; x_wconf 88' lang='lat' dir='ltr'><strong>memorat</strong></span> <span class='ocrx_word' id='word_1_688' title='bbox 2637 3436 2998 3509; x_wconf 82' lang='lat' dir='ltr'><strong>Liulprandus</strong></span> <span class='ocrx_word' id='word_1_689' title='bbox 3045 3444 3253 3501; x_wconf 82' lang='lat' dir='ltr'><strong>Histor.</strong></span> 
     </span>
    </p>
   </div>
   <div class='ocr_carea' id='block_1_96' title="bbox 1671 3516 3255 3609">
    <p class='ocr_par' dir='ltr' id='par_1_96' title="bbox 1671 3516 3255 3609">
     <span class='ocr_line' id='line_1_96' title="bbox 1671 3516 3255 3609; baseline 0.016 -41"><span class='ocrx_word' id='word_1_690' title='bbox 1671 3516 1757 3570; x_wconf 84' lang='lat' dir='ltr'><strong>lib.</strong></span> <span class='ocrx_word' id='word_1_691' title='bbox 1789 3534 1847 3584; x_wconf 89' lang='grc' dir='ltr'>ιι,</span> <span class='ocrx_word' id='word_1_692' title='bbox 1878 3538 1993 3591; x_wconf 76' lang='lat' dir='ltr'><strong>cap.</strong></span> <span class='ocrx_word' id='word_1_693' title='bbox 2019 3521 2075 3590; x_wconf 70' lang='grc'>4,</span> <span class='ocrx_word' id='word_1_694' title='bbox 2107 3522 2161 3591; x_wconf 87' lang='grc'><strong>5,</strong></span> <span class='ocrx_word' id='word_1_695' title='bbox 2193 3524 2245 3592; x_wconf 84' lang='lat' dir='ltr'><strong>(i,</strong></span> <span class='ocrx_word' id='word_1_696' title='bbox 2271 3526 2367 3580; x_wconf 86' lang='lat' dir='ltr'><strong>sub</strong></span> <span class='ocrx_word' id='word_1_697' title='bbox 2392 3527 2601 3582; x_wconf 87' lang='lat' dir='ltr'><strong>initium</strong></span> <span class='ocrx_word' id='word_1_698' title='bbox 2625 3532 2805 3585; x_wconf 78' lang='lat' dir='ltr'><strong>swculi</strong></span> <span class='ocrx_word' id='word_1_699' title='bbox 2833 3533 3039 3589; x_wconf 86' lang='lat' dir='ltr'><strong>decimi.</strong></span> <span class='ocrx_word' id='word_1_700' title='bbox 3067 3537 3255 3609; x_wconf 85' lang='lat' dir='ltr'><strong>quue</strong></span> 
     </span>
    </p>
   </div>
   <div class='ocr_carea' id='block_1_97' title="bbox 1673 3612 3311 3696">
    <p class='ocr_par' dir='ltr' id='par_1_97' title="bbox 1673 3612 3311 3696">
     <span class='ocr_line' id='line_1_97' title="bbox 1673 3612 3311 3696; baseline 0.016 -33"><span class='ocrx_word' id='word_1_701' title='bbox 1673 3613 1843 3682; x_wconf 87' lang='lat' dir='ltr'><strong>magis</strong></span> <span class='ocrx_word' id='word_1_702' title='bbox 1875 3612 1927 3667; x_wconf 93' lang='lat' dir='ltr'><strong>id</strong></span> <span class='ocrx_word' id='word_1_703' title='bbox 1973 3615 2102 3670; x_wconf 92' lang='lat' dir='ltr'><strong>mihi</strong></span> <span class='ocrx_word' id='word_1_704' title='bbox 2151 3616 2305 3672; x_wconf 88' lang='lat' dir='ltr'><strong>licuit</strong></span> <span class='ocrx_word' id='word_1_705' title='bbox 2353 3620 2614 3690; x_wconf 84' lang='lat' dir='ltr'><strong>scribere,</strong></span> <span class='ocrx_word' id='word_1_706' title='bbox 2661 3627 3096 3696; x_wconf 89' lang='lat' dir='ltr'><strong>quandoquidem</strong></span> <span class='ocrx_word' id='word_1_707' title='bbox 3141 3649 3251 3690; x_wconf 87' lang='lat' dir='ltr'><strong>non</strong></span> <span class='ocrx_word' id='word_1_708' title='bbox 3308 3652 3311 3653; x_wconf 44' lang='grc' dir='ltr'><em>ν</em></span> 
     </span>
    </p>
   </div>
   <div class='ocr_carea' id='block_1_98' title="bbox 1670 3703 3251 3782">
    <p class='ocr_par' dir='ltr' id='par_1_98' title="bbox 1670 3703 3251 3782">
     <span class='ocr_line' id='line_1_98' title="bbox 1670 3703 3251 3782; baseline 0.015 -27"><span class='ocrx_word' id='word_1_709' title='bbox 1670 3703 1738 3777; x_wconf 88' lang='lat' dir='ltr'><strong>ad</strong></span> <span class='ocrx_word' id='word_1_710' title='bbox 1783 3718 1982 3758; x_wconf 89' lang='lat' dir='ltr'><strong>annum</strong></span> <span class='ocrx_word' id='word_1_711' title='bbox 2021 3705 2125 3761; x_wconf 90' lang='lat'><strong>900</strong></span> <span class='ocrx_word' id='word_1_712' title='bbox 2173 3707 2379 3777; x_wconf 89' lang='lat' dir='ltr'><strong>conjeci</strong></span> <span class='ocrx_word' id='word_1_713' title='bbox 2425 3712 2683 3782; x_wconf 89' lang='lat' dir='ltr'><strong>scriptam</strong></span> <span class='ocrx_word' id='word_1_714' title='bbox 2729 3719 2902 3773; x_wconf 91' lang='lat' dir='ltr'><strong>sancti</strong></span> <span class='ocrx_word' id='word_1_715' title='bbox 2946 3719 3251 3780; x_wconf 87' lang='lat' dir='ltr'><strong>Getniniani</strong></span> 
     </span>
    </p>
   </div>
   <div class='ocr_carea' id='block_1_99' title="bbox 1674 3793 3252 3885">
    <p class='ocr_par' dir='ltr' id='par_1_99' title="bbox 1674 3793 3252 3885">
     <span class='ocr_line' id='line_1_99' title="bbox 1674 3793 3252 3885; baseline 0.016 -37"><span class='ocrx_word' id='word_1_716' title='bbox 1674 3793 1874 3862; x_wconf 86' lang='lat' dir='ltr'><strong>Vitam,</strong></span> <span class='ocrx_word' id='word_1_717' title='bbox 1904 3798 1999 3853; x_wconf 88' lang='lat' dir='ltr'><strong>sed</strong></span> <span class='ocrx_word' id='word_1_718' title='bbox 2038 3800 2256 3869; x_wconf 85' lang='lat' dir='ltr'><strong>quidem</strong></span> <span class='ocrx_word' id='word_1_719' title='bbox 2296 3809 2364 3855; x_wconf 83' lang='lat' dir='ltr'><strong>ad</strong></span> <span class='ocrx_word' id='word_1_720' title='bbox 2407 3820 2603 3859; x_wconf 89' lang='lat' dir='ltr'><strong>annum</strong></span> <span class='ocrx_word' id='word_1_721' title='bbox 2634 3807 2768 3875; x_wconf 74' lang='lat'><strong>910;</strong></span> <span class='ocrx_word' id='word_1_722' title='bbox 2799 3826 2959 3881; x_wconf 91' lang='lat' dir='ltr'><strong>quem</strong></span> <span class='ocrx_word' id='word_1_723' title='bbox 2992 3826 3252 3885; x_wconf 79' lang='lat' dir='ltr'><strong>praetcrea</strong></span> 
     </span>
    </p>
   </div>
   <div class='ocr_carea' id='block_1_100' title="bbox 1672 3893 3254 3975">
    <p class='ocr_par' dir='ltr' id='par_1_100' title="bbox 1672 3893 3254 3975">
     <span class='ocr_line' id='line_1_100' title="bbox 1672 3893 3254 3975; baseline 0.015 -33"><span class='ocrx_word' id='word_1_724' title='bbox 1672 3904 1740 3943; x_wconf 89' lang='lat' dir='ltr'><strong>ne</strong></span> <span class='ocrx_word' id='word_1_725' title='bbox 1786 3899 1937 3945; x_wconf 91' lang='lat' dir='ltr'><strong>certo</strong></span> <span class='ocrx_word' id='word_1_726' title='bbox 1984 3893 2200 3960; x_wconf 90' lang='lat' dir='ltr'><strong>quidem</strong></span> <span class='ocrx_word' id='word_1_727' title='bbox 2248 3894 2553 3965; x_wconf 85' lang='lat' dir='ltr'><strong>designavi,</strong></span> <span class='ocrx_word' id='word_1_728' title='bbox 2587 3915 2711 3955; x_wconf 89' lang='lat' dir='ltr'><strong>nam</strong></span> <span class='ocrx_word' id='word_1_729' title='bbox 2758 3904 2934 3960; x_wconf 88' lang='lat' dir='ltr'><strong>addidi</strong></span> <span class='ocrx_word' id='word_1_730' title='bbox 2977 3920 3254 3975; x_wconf 73' lang='lat' dir='ltr'><strong>emensa,</strong></span> 
     </span>
    </p>
   </div>
   <div class='ocr_carea' id='block_1_101' title="bbox 1672 3979 3255 4072">
    <p class='ocr_par' dir='ltr' id='par_1_101' title="bbox 1672 3979 3255 4072">
     <span class='ocr_line' id='line_1_101' title="bbox 1672 3979 3255 4072; baseline 0.017 -39"><span class='ocrx_word' id='word_1_731' title='bbox 1672 3979 1857 4036; x_wconf 88' lang='lat' dir='ltr'><strong>lectori</strong></span> <span class='ocrx_word' id='word_1_732' title='bbox 1890 3998 1951 4037; x_wconf 88' lang='lat' dir='ltr'><strong>ea</strong></span> <span class='ocrx_word' id='word_1_733' title='bbox 1993 3986 2203 4041; x_wconf 88' lang='lat' dir='ltr'><strong>ratione</strong></span> <span class='ocrx_word' id='word_1_734' title='bbox 2231 3987 2461 4045; x_wconf 89' lang='lat' dir='ltr'><strong>innuens</strong></span> <span class='ocrx_word' id='word_1_735' title='bbox 2491 3992 2671 4049; x_wconf 86' lang='lat' dir='ltr'><strong>serius</strong></span> <span class='ocrx_word' id='word_1_736' title='bbox 2701 3996 2864 4053; x_wconf 88' lang='lat' dir='ltr'><strong>etiam</strong></span> <span class='ocrx_word' id='word_1_737' title='bbox 2902 4001 3064 4056; x_wconf 91' lang='lat' dir='ltr'><strong>statui</strong></span> <span class='ocrx_word' id='word_1_738' title='bbox 3095 4018 3255 4072; x_wconf 84' lang='lat' dir='ltr'><strong>posse</strong></span> 
     </span>
    </p>
   </div>
   <div class='ocr_carea' id='block_1_102' title="bbox 1670 4074 3257 4158">
    <p class='ocr_par' dir='ltr' id='par_1_102' title="bbox 1670 4074 3257 4158">
     <span class='ocr_line' id='line_1_102' title="bbox 1670 4074 3257 4158; baseline 0.017 -33"><span class='ocrx_word' id='word_1_739' title='bbox 1670 4074 1953 4141; x_wconf 89' lang='lat' dir='ltr'><strong>scriptoris</strong></span> <span class='ocrx_word' id='word_1_740' title='bbox 1986 4084 2221 4132; x_wconf 63' lang='lat' dir='ltr'><strong>aetatem.</strong></span> <span class='ocrx_word' id='word_1_741' title='bbox 2267 4079 2372 4135; x_wconf 86' lang='lat' dir='ltr'><strong>Sed</strong></span> <span class='ocrx_word' id='word_1_742' title='bbox 2402 4096 2523 4153; x_wconf 89' lang='lat' dir='ltr'><strong>ego,</strong></span> <span class='ocrx_word' id='word_1_743' title='bbox 2569 4085 2614 4139; x_wconf 90' lang='lat' dir='ltr'><strong>si</strong></span> <span class='ocrx_word' id='word_1_744' title='bbox 2662 4087 2811 4157; x_wconf 91' lang='lat' dir='ltr'><strong>plura</strong></span> <span class='ocrx_word' id='word_1_745' title='bbox 2845 4090 3129 4158; x_wconf 88' lang='lat' dir='ltr'><strong>adderem,</strong></span> <span class='ocrx_word' id='word_1_746' title='bbox 3158 4111 3257 4151; x_wconf 74' lang='lat' dir='ltr'><strong>ne-</strong></span> 
     </span>
    </p>
   </div>
   <div class='ocr_carea' id='block_1_103' title="bbox 1669 4168 3251 4248">
    <p class='ocr_par' dir='ltr' id='par_1_103' title="bbox 1669 4168 3251 4248">
     <span class='ocr_line' id='line_1_103' title="bbox 1669 4168 3251 4248; baseline 0.017 -32"><span class='ocrx_word' id='word_1_747' title='bbox 1669 4179 1774 4233; x_wconf 90' lang='lat' dir='ltr'><strong>que</strong></span> <span class='ocrx_word' id='word_1_748' title='bbox 1825 4168 2082 4237; x_wconf 84' lang='lat' dir='ltr'><strong>temporis</strong></span> <span class='ocrx_word' id='word_1_749' title='bbox 2109 4208 2125 4234; x_wconf 93' lang='lat'><strong>,</strong></span> <span class='ocrx_word' id='word_1_750' title='bbox 2174 4186 2348 4238; x_wconf 89' lang='lat' dir='ltr'><strong>neque</strong></span> <span class='ocrx_word' id='word_1_751' title='bbox 2395 4174 2588 4231; x_wconf 72' lang='lat' dir='ltr'><strong>aliena:</strong></span> <span class='ocrx_word' id='word_1_752' title='bbox 2628 4179 2902 4248; x_wconf 71' lang='lat' dir='ltr'><strong>patientia:</strong></span> <span class='ocrx_word' id='word_1_753' title='bbox 2943 4199 3029 4240; x_wconf 91' lang='lat' dir='ltr'><strong>me</strong></span> <span class='ocrx_word' id='word_1_754' title='bbox 3064 4200 3251 4243; x_wconf 87' lang='lat' dir='ltr'><strong>curam</strong></span> 
     </span>
    </p>
   </div>
   <div class='ocr_carea' id='block_1_104' title="bbox 1672 4257 3255 4345">
    <p class='ocr_par' dir='ltr' id='par_1_104' title="bbox 1672 4257 3255 4345">
     <span class='ocr_line' id='line_1_104' title="bbox 1672 4257 3255 4345; baseline 0.015 -34"><span class='ocrx_word' id='word_1_755' title='bbox 1672 4257 1873 4314; x_wconf 86' lang='lat' dir='ltr'><strong>habere</strong></span> <span class='ocrx_word' id='word_1_756' title='bbox 1899 4260 2206 4329; x_wconf 86' lang='lat' dir='ltr'><strong>proderem.</strong></span> <span class='ocrx_word' id='word_1_757' title='bbox 2239 4263 2381 4335; x_wconf 84' lang='lat' dir='ltr'><strong>Ergo</strong></span> <span class='ocrx_word' id='word_1_758' title='bbox 2415 4267 2587 4323; x_wconf 91' lang='lat' dir='ltr'><strong>satius</strong></span> <span class='ocrx_word' id='word_1_759' title='bbox 2626 4278 2712 4325; x_wconf 86' lang='lat' dir='ltr'><strong>est</strong></span> <span class='ocrx_word' id='word_1_760' title='bbox 2752 4272 3116 4345; x_wconf 88' lang='lat' dir='ltr'><strong>interruptum</strong></span> <span class='ocrx_word' id='word_1_761' title='bbox 3149 4277 3255 4334; x_wconf 85' lang='lat' dir='ltr'><strong>iter</strong></span> 
     </span>
    </p>
   </div>
   <div class='ocr_carea' id='block_1_105' title="bbox 1670 4359 2535 4417">
    <p class='ocr_par' dir='ltr' id='par_1_105' title="bbox 1670 4359 2535 4417">
     <span class='ocr_line' id='line_1_105' title="bbox 1670 4359 2535 4417; baseline 0.009 -15"><span class='ocrx_word' id='word_1_762' title='bbox 1670 4359 1931 4417; x_wconf 86' lang='lat' dir='ltr'><strong>repetere.</strong></span> <span class='ocrx_word' id='word_1_763' title='bbox 2524 4370 2535 4377; x_wconf 54' lang='grc' dir='ltr'><strong><em>ί</em></strong></span> 
     </span>
    </p>
   </div>
   <div class='ocr_carea' id='block_1_106' title="bbox 1746 4441 3256 4528">
    <p class='ocr_par' dir='ltr' id='par_1_106' title="bbox 1746 4441 3256 4528">
     <span class='ocr_line' id='line_1_106' title="bbox 1746 4441 3256 4528; baseline 0.017 -32"><span class='ocrx_word' id='word_1_764' title='bbox 1746 4441 1817 4497; x_wconf 89' lang='lat' dir='ltr'><strong>Ut</strong></span> <span class='ocrx_word' id='word_1_765' title='bbox 1861 4452 2041 4499; x_wconf 90' lang='lat' dir='ltr'><strong>autem</strong></span> <span class='ocrx_word' id='word_1_766' title='bbox 2092 4445 2417 4507; x_wconf 81' lang='lat' dir='ltr'><strong>luculentius</strong></span> <span class='ocrx_word' id='word_1_767' title='bbox 2456 4462 2639 4522; x_wconf 88' lang='lat' dir='ltr'><strong>pateat</strong></span> <span class='ocrx_word' id='word_1_768' title='bbox 2686 4455 3010 4528; x_wconf 89' lang='lat' dir='ltr'><strong>imperitiam</strong></span> <span class='ocrx_word' id='word_1_769' title='bbox 3057 4464 3256 4521; x_wconf 80' lang='lat' dir='ltr'><strong>veteris</strong></span> 
     </span>
    </p>
   </div>
   <div class='ocr_carea' id='block_1_107' title="bbox 1673 4536 3256 4617">
    <p class='ocr_par' dir='ltr' id='par_1_107' title="bbox 1673 4536 3256 4617">
     <span class='ocr_line' id='line_1_107' title="bbox 1673 4536 3256 4617; baseline 0.017 -30"><span class='ocrx_word' id='word_1_770' title='bbox 1673 4536 1959 4605; x_wconf 64' lang='lat' dir='ltr'><strong>scriptura:</strong></span> <span class='ocrx_word' id='word_1_771' title='bbox 2018 4539 2393 4612; x_wconf 71' lang='lat' dir='ltr'><strong>Campagnolre</strong></span> <span class='ocrx_word' id='word_1_772' title='bbox 2452 4560 2614 4617; x_wconf 85' lang='lat' dir='ltr'><strong>supra</strong></span> <span class='ocrx_word' id='word_1_773' title='bbox 2671 4562 2971 4607; x_wconf 84' lang='lat' dir='ltr'><strong>memorato</strong></span> <span class='ocrx_word' id='word_1_774' title='bbox 3031 4555 3256 4613; x_wconf 83' lang='lat' dir='ltr'><strong>minime</strong></span> 
     </span>
    </p>
   </div>
   <div class='ocr_carea' id='block_1_108' title="bbox 1672 4627 3254 4705">
    <p class='ocr_par' dir='ltr' id='par_1_108' title="bbox 1672 4627 3254 4705">
     <span class='ocr_line' id='line_1_108' title="bbox 1672 4627 3254 4705; baseline 0.015 -24"><span class='ocrx_word' id='word_1_775' title='bbox 1672 4627 2030 4694; x_wconf 86' lang='lat' dir='ltr'><strong>objiciendam</strong></span> <span class='ocrx_word' id='word_1_776' title='bbox 2064 4630 2250 4698; x_wconf 79' lang='lat' dir='ltr'><strong>fuisse,</strong></span> <span class='ocrx_word' id='word_1_777' title='bbox 2279 4642 2442 4705; x_wconf 87' lang='lat' dir='ltr'><strong>atque</strong></span> <span class='ocrx_word' id='word_1_778' title='bbox 2464 4637 2516 4692; x_wconf 91' lang='lat' dir='ltr'><strong>in</strong></span> <span class='ocrx_word' id='word_1_779' title='bbox 2541 4648 2750 4696; x_wconf 85' lang='lat' dir='ltr'><strong>veteres</strong></span> <span class='ocrx_word' id='word_1_780' title='bbox 2774 4654 3022 4701; x_wconf 86' lang='lat' dir='ltr'><strong>auctores</strong></span> <span class='ocrx_word' id='word_1_781' title='bbox 3047 4646 3254 4705; x_wconf 80' lang='lat' dir='ltr'><strong>Latina:</strong></span> 
     </span>
    </p>
   </div>
   <div class='ocr_carea' id='block_1_109' title="bbox 1673 4718 3256 4798">
    <p class='ocr_par' dir='ltr' id='par_1_109' title="bbox 1673 4718 3256 4798">
     <span class='ocr_line' id='line_1_109' title="bbox 1673 4718 3256 4798; baseline 0.015 -25"><span class='ocrx_word' id='word_1_782' title='bbox 1673 4718 1867 4790; x_wconf 60' lang='lat' dir='ltr'><strong>lingua:</strong></span> <span class='ocrx_word' id='word_1_783' title='bbox 1919 4738 2108 4793; x_wconf 87' lang='lat' dir='ltr'><strong>parum</strong></span> <span class='ocrx_word' id='word_1_784' title='bbox 2166 4741 2386 4796; x_wconf 88' lang='lat' dir='ltr'><strong>gnaros,</strong></span> <span class='ocrx_word' id='word_1_785' title='bbox 2432 4740 2487 4785; x_wconf 92' lang='lat' dir='ltr'><strong>et</strong></span> <span class='ocrx_word' id='word_1_786' title='bbox 2542 4732 2596 4787; x_wconf 90' lang='lat' dir='ltr'><strong>in</strong></span> <span class='ocrx_word' id='word_1_787' title='bbox 2651 4734 2903 4793; x_wconf 88' lang='lat' dir='ltr'><strong>librarios</strong></span> <span class='ocrx_word' id='word_1_788' title='bbox 2954 4738 3256 4798; x_wconf 71' lang='lat' dir='ltr'><strong>fmdissime</strong></span> 
     </span>
    </p>
   </div>
   <div class='ocr_carea' id='block_1_110' title="bbox 1674 4812 3256 4902">
    <p class='ocr_par' dir='ltr' id='par_1_110' title="bbox 1674 4812 3256 4902">
     <span class='ocr_line' id='line_1_110' title="bbox 1674 4812 3256 4902; baseline 0.015 -38"><span class='ocrx_word' id='word_1_789' title='bbox 1674 4812 2028 4880; x_wconf 89' lang='lat' dir='ltr'><strong>ccspitantes,</strong></span> <span class='ocrx_word' id='word_1_790' title='bbox 2058 4817 2383 4885; x_wconf 90' lang='lat' dir='ltr'><strong>rejiciendos</strong></span> <span class='ocrx_word' id='word_1_791' title='bbox 2411 4834 2529 4877; x_wconf 87' lang='lat' dir='ltr'><strong>esse</strong></span> <span class='ocrx_word' id='word_1_792' title='bbox 2564 4838 2782 4881; x_wconf 88' lang='lat' dir='ltr'><strong>errores</strong></span> <span class='ocrx_word' id='word_1_793' title='bbox 2802 4828 2998 4897; x_wconf 89' lang='lat' dir='ltr'><strong>quibus</strong></span> <span class='ocrx_word' id='word_1_794' title='bbox 3028 4833 3256 4902; x_wconf 88' lang='lat' dir='ltr'><strong>antiqua</strong></span> 
     </span>
    </p>
   </div>
   <div class='ocr_carea' id='block_1_111' title="bbox 1675 4902 3256 4994">
    <p class='ocr_par' dir='ltr' id='par_1_111' title="bbox 1675 4902 3256 4994">
     <span class='ocr_line' id='line_1_111' title="bbox 1675 4902 3256 4994; baseline 0.015 -39"><span class='ocrx_word' id='word_1_795' title='bbox 1675 4902 1931 4970; x_wconf 86' lang='lat' dir='ltr'><strong>Opuscula</strong></span> <span class='ocrx_word' id='word_1_796' title='bbox 1961 4916 2207 4973; x_wconf 88' lang='lat' dir='ltr'><strong>scatent,</strong></span> <span class='ocrx_word' id='word_1_797' title='bbox 2239 4907 2388 4976; x_wconf 89' lang='lat' dir='ltr'><strong>juvat</strong></span> <span class='ocrx_word' id='word_1_798' title='bbox 2419 4912 2508 4967; x_wconf 91' lang='lat' dir='ltr'><strong>hic</strong></span> <span class='ocrx_word' id='word_1_799' title='bbox 2542 4915 2777 4985; x_wconf 88' lang='lat' dir='ltr'><strong>adjicere</strong></span> <span class='ocrx_word' id='word_1_800' title='bbox 2803 4918 3032 4974; x_wconf 88' lang='lat' dir='ltr'><strong>alterum</strong></span> <span class='ocrx_word' id='word_1_801' title='bbox 3064 4924 3256 4994; x_wconf 76' lang='lat' dir='ltr'><strong>rhyth-</strong></span> 
     </span>
    </p>
   </div>
   <div class='ocr_carea' id='block_1_112' title="bbox 1676 4993 3260 5083">
    <p class='ocr_par' dir='ltr' id='par_1_112' title="bbox 1676 4993 3260 5083">
     <span class='ocr_line' id='line_1_112' title="bbox 1676 4993 3260 5083; baseline 0.016 -40"><span class='ocrx_word' id='word_1_802' title='bbox 1676 5007 1821 5044; x_wconf 90' lang='lat' dir='ltr'><strong>mum</strong></span> <span class='ocrx_word' id='word_1_803' title='bbox 1846 4993 2086 5063; x_wconf 79' lang='lat' dir='ltr'><strong>ejusdem</strong></span> <span class='ocrx_word' id='word_1_804' title='bbox 2124 5000 2313 5065; x_wconf 91' lang='lat' dir='ltr'><strong>metri,</strong></span> <span class='ocrx_word' id='word_1_805' title='bbox 2348 5016 2621 5071; x_wconf 90' lang='lat' dir='ltr'><strong>nunquam</strong></span> <span class='ocrx_word' id='word_1_806' title='bbox 2654 5015 2811 5061; x_wconf 83' lang='lat' dir='ltr'><strong>antea</strong></span> <span class='ocrx_word' id='word_1_807' title='bbox 2840 5009 3064 5079; x_wconf 85' lang='lat' dir='ltr'><strong>editum,</strong></span> <span class='ocrx_word' id='word_1_808' title='bbox 3091 4993 3260 5083; x_wconf 82' lang='lat' dir='ltr'><strong>atque</strong></span> 
     </span>
    </p>
   </div>
   <div class='ocr_carea' id='block_1_113' title="bbox 1676 5099 3262 5183">
    <p class='ocr_par' dir='ltr' id='par_1_113' title="bbox 1676 5099 3262 5183">
     <span class='ocr_line' id='line_1_113' title="bbox 1676 5099 3262 5183; baseline 0.015 -37"><span class='ocrx_word' id='word_1_809' title='bbox 1676 5103 1990 5162; x_wconf 74' lang='lat' dir='ltr'><strong>excerptum</strong></span> <span class='ocrx_word' id='word_1_810' title='bbox 2038 5110 2104 5150; x_wconf 78' lang='lat' dir='ltr'><strong>ex</strong></span> <span class='ocrx_word' id='word_1_811' title='bbox 2155 5099 2526 5156; x_wconf 88' lang='lat' dir='ltr'><strong>vetustissimo</strong></span> <span class='ocrx_word' id='word_1_812' title='bbox 2576 5105 2762 5160; x_wconf 87' lang='lat' dir='ltr'><strong>codice</strong></span> <span class='ocrx_word' id='word_1_813' title='bbox 2809 5106 3101 5167; x_wconf 81' lang='lat' dir='ltr'><strong>Veronensi</strong></span> <span class='ocrx_word' id='word_1_814' title='bbox 3158 5129 3262 5183; x_wconf 89' lang='lat' dir='ltr'><strong>per</strong></span> 
     </span>
    </p>
   </div>
   <div class='ocr_carea' id='block_1_114' title="bbox 1676 5192 3257 5283">
    <p class='ocr_par' dir='ltr' id='par_1_114' title="bbox 1676 5192 3257 5283">
     <span class='ocr_line' id='line_1_114' title="bbox 1676 5192 3257 5283; baseline 0.015 -37"><span class='ocrx_word' id='word_1_815' title='bbox 1676 5192 2090 5264; x_wconf 85' lang='lat' dir='ltr'><strong>Campagnolam</strong></span> <span class='ocrx_word' id='word_1_816' title='bbox 2142 5199 2411 5253; x_wconf 89' lang='lat' dir='ltr'><strong>eumdem.</strong></span> <span class='ocrx_word' id='word_1_817' title='bbox 2461 5198 2675 5257; x_wconf 85' lang='lat' dir='ltr'><strong>Nullum</strong></span> <span class='ocrx_word' id='word_1_818' title='bbox 2721 5219 2824 5276; x_wconf 89' lang='lat' dir='ltr'><strong>ego</strong></span> <span class='ocrx_word' id='word_1_819' title='bbox 2868 5208 2992 5265; x_wconf 87' lang='lat' dir='ltr'><strong>inde</strong></span> <span class='ocrx_word' id='word_1_820' title='bbox 3040 5212 3257 5283; x_wconf 87' lang='lat' dir='ltr'><strong>vitium,</strong></span> 
     </span>
    </p>
   </div>
   <div class='ocr_carea' id='block_1_115' title="bbox 1680 5299 3259 5375">
    <p class='ocr_par' dir='ltr' id='par_1_115' title="bbox 1680 5299 3259 5375">
     <span class='ocr_line' id='line_1_115' title="bbox 1680 5299 3259 5375; baseline 0.015 -28"><span class='ocrx_word' id='word_1_821' title='bbox 1680 5310 1989 5365; x_wconf 88' lang='lat' dir='ltr'><strong>quanquam</strong></span> <span class='ocrx_word' id='word_1_822' title='bbox 2024 5299 2074 5353; x_wconf 92' lang='lat' dir='ltr'><strong>in</strong></span> <span class='ocrx_word' id='word_1_823' title='bbox 2104 5299 2291 5355; x_wconf 88' lang='lat' dir='ltr'><strong>oculos</strong></span> <span class='ocrx_word' id='word_1_824' title='bbox 2332 5301 2499 5355; x_wconf 90' lang='lat' dir='ltr'><strong>multa</strong></span> <span class='ocrx_word' id='word_1_825' title='bbox 2547 5302 2850 5375; x_wconf 89' lang='lat' dir='ltr'><strong>incurrant,</strong></span> <span class='ocrx_word' id='word_1_826' title='bbox 2890 5312 3106 5369; x_wconf 89' lang='lat' dir='ltr'><strong>sustuli.</strong></span> <span class='ocrx_word' id='word_1_827' title='bbox 3140 5313 3259 5369; x_wconf 79' lang='lat' dir='ltr'><strong>Pri-</strong></span> 
     </span>
    </p>
   </div>
   <div class='ocr_carea' id='block_1_116' title="bbox 1680 5400 3263 5486">
    <p class='ocr_par' dir='ltr' id='par_1_116' title="bbox 1680 5400 3263 5486">
     <span class='ocr_line' id='line_1_116' title="bbox 1680 5400 3263 5486; baseline 0.011 -34"><span class='ocrx_word' id='word_1_828' title='bbox 1680 5414 1779 5452; x_wconf 75' lang='lat' dir='ltr'><strong>mae</strong></span> <span class='ocrx_word' id='word_1_829' title='bbox 1808 5400 2155 5469; x_wconf 88' lang='lat' dir='ltr'><strong>stropharum</strong></span> <span class='ocrx_word' id='word_1_830' title='bbox 2181 5402 2374 5457; x_wconf 75' lang='lat' dir='ltr'><strong>litterae</strong></span> <span class='ocrx_word' id='word_1_831' title='bbox 2400 5407 2740 5464; x_wconf 88' lang='lat' dir='ltr'><strong>acrostichon</strong></span> <span class='ocrx_word' id='word_1_832' title='bbox 2763 5411 3039 5480; x_wconf 79' lang='lat' dir='ltr'><strong>exhibent,</strong></span> <span class='ocrx_word' id='word_1_833' title='bbox 3064 5429 3263 5486; x_wconf 86' lang='lat' dir='ltr'><strong>nempe</strong></span> 
     </span>
    </p>
   </div>
   <div class='ocr_carea' id='block_1_117' title="bbox 1678 5499 3262 5575">
    <p class='ocr_par' dir='ltr' id='par_1_117' title="bbox 1678 5499 3262 5575">
     <span class='ocr_line' id='line_1_117' title="bbox 1678 5499 3262 5575; baseline 0.011 -19"><span class='ocrx_word' id='word_1_834' title='bbox 1678 5499 2154 5568; x_wconf 81' lang='lat' dir='ltr'><strong>GAIDHADLUS,</strong></span> <span class='ocrx_word' id='word_1_835' title='bbox 2209 5506 2301 5572; x_wconf 91' lang='lat' dir='ltr'><strong>qui</strong></span> <span class='ocrx_word' id='word_1_836' title='bbox 2355 5509 2624 5575; x_wconf 86' lang='lat' dir='ltr'><strong>parochus</strong></span> <span class='ocrx_word' id='word_1_837' title='bbox 2677 5510 2973 5570; x_wconf 82' lang='lat' dir='ltr'><strong>Veronensi</strong></span> <span class='ocrx_word' id='word_1_838' title='bbox 3020 5515 3073 5571; x_wconf 91' lang='lat' dir='ltr'><strong>in</strong></span> <span class='ocrx_word' id='word_1_839' title='bbox 3127 5517 3262 5573; x_wconf 85' lang='lat' dir='ltr'><strong>urbe</strong></span> 
     </span>
    </p>
   </div>
   <div class='ocr_carea' id='block_1_118' title="bbox 1684 5602 3009 5685">
    <p class='ocr_par' dir='ltr' id='par_1_118' title="bbox 1684 5602 3009 5685">
     <span class='ocr_line' id='line_1_118' title="bbox 1684 5602 3009 5685; baseline 0.012 -28"><span class='ocrx_word' id='word_1_840' title='bbox 1684 5602 1850 5658; x_wconf 81' lang='lat' dir='ltr'><strong>fuisse</strong></span> <span class='ocrx_word' id='word_1_841' title='bbox 1882 5606 2108 5673; x_wconf 87' lang='lat' dir='ltr'><strong>videtur,</strong></span> <span class='ocrx_word' id='word_1_842' title='bbox 2136 5618 2296 5677; x_wconf 87' lang='lat' dir='ltr'><strong>atque</strong></span> <span class='ocrx_word' id='word_1_843' title='bbox 2323 5609 2489 5677; x_wconf 88' lang='lat' dir='ltr'><strong>ipsius</strong></span> <span class='ocrx_word' id='word_1_844' title='bbox 2514 5613 2750 5685; x_wconf 87' lang='lat' dir='ltr'><strong>rhythmi</strong></span> <span class='ocrx_word' id='word_1_845' title='bbox 2775 5626 2967 5674; x_wconf 86' lang='lat' dir='ltr'><strong>auctor</strong></span> <span class='ocrx_word' id='word_1_846' title='bbox 2994 5634 3009 5673; x_wconf 92' lang='lat'><strong>:</strong></span> 
     </span>
    </p>
   </div>
   <div class='ocr_carea' id='block_1_119' title="bbox 711 5734 1877 5809">
    <p class='ocr_par' dir='ltr' id='par_1_119' title="bbox 711 5734 1877 5809">
     <span class='ocr_line' id='line_1_119' title="bbox 711 5734 1877 5809; baseline 0.003 -21"><span class='ocrx_word' id='word_1_847' title='bbox 711 5734 901 5789; x_wconf 85' lang='lat' dir='ltr'><strong>Gracia</strong></span> <span class='ocrx_word' id='word_1_848' title='bbox 931 5735 1142 5790; x_wconf 78' lang='lat' dir='ltr'><strong>excelsa</strong></span> <span class='ocrx_word' id='word_1_849' title='bbox 1172 5735 1303 5805; x_wconf 79' lang='lat' dir='ltr'><strong>Regi</strong></span> <span class='ocrx_word' id='word_1_850' title='bbox 1336 5737 1631 5795; x_wconf 79' lang='lat' dir='ltr'><strong>referamus</strong></span> <span class='ocrx_word' id='word_1_851' title='bbox 1658 5740 1877 5809; x_wconf 89' lang='lat' dir='ltr'><strong>pariter,</strong></span> 
     </span>
    </p>
   </div>
   <div class='ocr_carea' id='block_1_120' title="bbox 782 5827 2379 5902">
    <p class='ocr_par' dir='ltr' id='par_1_120' title="bbox 782 5827 2379 5902">
     <span class='ocr_line' id='line_1_120' title="bbox 782 5827 2379 5902; baseline 0.009 -26"><span class='ocrx_word' id='word_1_852' title='bbox 782 5828 879 5892; x_wconf 86' lang='lat' dir='ltr'><strong>Qui</strong></span> <span class='ocrx_word' id='word_1_853' title='bbox 911 5842 1006 5881; x_wconf 90' lang='lat' dir='ltr'><strong>nos</strong></span> <span class='ocrx_word' id='word_1_854' title='bbox 1038 5827 1090 5880; x_wconf 92' lang='lat' dir='ltr'><strong>in</strong></span> <span class='ocrx_word' id='word_1_855' title='bbox 1124 5843 1286 5883; x_wconf 87' lang='lat' dir='ltr'><strong>ttnttm</strong></span> <span class='ocrx_word' id='word_1_856' title='bbox 1314 5835 1681 5901; x_wconf 81' lang='lat' dir='ltr'><strong>congregavit,</strong></span> <span class='ocrx_word' id='word_1_857' title='bbox 1719 5842 1766 5886; x_wconf 91' lang='lat' dir='ltr'><strong>te</strong></span> <span class='ocrx_word' id='word_1_858' title='bbox 1795 5834 2104 5900; x_wconf 90' lang='lat' dir='ltr'><strong>laudamus,</strong></span> <span class='ocrx_word' id='word_1_859' title='bbox 2135 5836 2379 5902; x_wconf 82' lang='lat' dir='ltr'><strong>Domine,</strong></span> 
     </span>
    </p>
   </div>
  </div>
