3834 6332
611 268 708 340 ΤΗ

1354 271 1526 326 SAZC.
1555 270 1618 324 XI
1652 271 1689 323 A
1705 269 1857 324 l.‘(.2T.
1902 267 2172 324 INCERTI
2198 267 2399 322 ΛΝΝΙΙ

2296 267 2356 321 Nl
2385 268 2471 322 ET
2513 270 2776 325 Stlltll'T.
2817 275 3034 327 'AAtZSII.
3700 279 3756 333 πὶ

1396 377 1461 437 Ut
1493 377 1760 454 possimus
1793 379 2034 436 invenire
2067 383 2304 451 requiem
2335 384 2386 435 in
2420 386 2682 437 seenlum.
2711 374 2718 377 ’

1323 477 1402 528 Ad
1436 476 1541 527 alta
1567 471 1694 528 sede
1730 476 2060 542 postulamus
2098 488 2310 526 summo
2342 475 2430 527 Dei
2460 474 2612 534 Filio,

1384 565 1450 619 Ut
1489 580 1584 619 suo
1628 561 1842 618 mittere
1880 565 2134 632 dignetur
2171 564 2419 632 angelum
2463 565 2802 632 ιιθγςνὶευιιηι

1301 695 1306 699 .
1380 657 1458 709 Ad
1499 654 1910 724 expugnandum
1951 653 2325 722 expellendum
2368 655 2539 709 hostis
2579 655 3009 730 antiquissimus.

1323 748 1537 801 Invidus
1581 745 1666 798 ille
1708 755 1997 814 temptator
2037 746 2200 800 fallax
2244 756 2405 815 atque
2443 747 2684 816 perditus
3003 763 3009 768 '

1380 844 1607 912 Semper
1646 843 1794 910 cupit
1832 841 2142 894 discordare
2182 843 2575 896 concordantes
2615 842 2892 894 fratribus.
2970 867 2973 869 -

1357 934 1458 988 ‘Ut
1499 933 1666 1002 possit
1705 933 1934 1002 gratiam
1977 934 2170 986 mereri
2213 942 2338 987 ante
2380 949 2608 1002 nequam
2653 933 2974 1002 Principem.

1322 1027 1578 1081 Dominus
1618 1037 1776 1094 atque
1818 1024 2094 1089 Salvator,
2136 1029 2276 1094 quod
2317 1041 2473 1080 suum
2515 1025 2743 1078 redemit
2784 1025 3130 1094 sanguinem,
3163 1060 3165 1063 -

1332 1165 1335 1170 .
1398 1120 1452 1173 In
1495 1125 1589 1173 sua
1630 1127 2142 1190 setnper'potestate
2184 1123 2463 1173 reservare
2504 1119 2716 1172 animas
2742 1158 2754 1176 .

1397 1209 1460 1261 L’t
1505 1225 1601 1261 nec
1640 1201 1776 1262 unus
1815 1221 2009 1279 praeter
2048 1224 2168 1261 eum
2209 1217 2529 1276 potestatem
2569 1209 2783 1261 habeat.

1322 1301 1504 1354 Ilonor
1541 1302 1613 1354 illi
1655 1314 1708 1356 et
1745 1313 1986 1372 potestas
2025 1305 2076 1355 in
2117 1311 2377 1356 :eternum
2420 1311 2730 1371 permanet,
2769 1332 2774 1335 -

1389 1396 1490 1460 Qui
1533 1385 1628 1449 nos
1671 1395 1946 1449 Pastorem
1989 1409 2149 1463 super
2188 1409 2400 1464 gregem
2443 1409 2638 1446 vorare
2676 1394 2924 1462 dignatus
2959 1404 3071 1460 est,

1402 1490 1471 1544 Ut
1511 1489 1690 1544 salvas
1728 1505 1856 1544 oves
1895 1492 2273 1556 consignemus
2311 1501 2437 1542 ante
2475 1489 2592 1556 ejus
2629 1488 2842 1552 oculos,

1338 1581 1522 1635 Abans
1564 1581 1648 1635 ille
1683 1581 1991 1650 speculator
2027 1581 2278 1636 sacerdos
2320 1582 2370 1634 in
2413 1581 2605 1650 populo

1403 1673 1628 1742 Semper
1668 1675 1878 1740 adstat,
1919 1674 2259 1743 supe‘radstat
2301 1690 2458 1743 supra
2499 1691 2746 1745 gregem,
2789 1687 2990 1746 pugnat
3029 1685 3213 1732 contra
3257 1677 3482 1748 impios,

1391 1764 1456 1819 Ut
1496 1782 1594 1820 nec
1634 1782 1738 1819 una
1779 1766 1948 1834 possit
1985 1781 2113 1819 oves
2153 1782 2343 1833 rapere
2383 1769 2448 1820 de
2486 1768 2766 1838 gregibus.

1313 1859 1496 1912 Divina
1539 1858 1757 1929 Templa
1798 1869 2056 1913 coeuntes
2093 1859 2426 1926 suSpiremus
2466 1860 2702 1927 pariter,

1390 1950 1708 2019 Populornm
1749 1953 1892 2020 gregi
1933 1952 2282 2003 obsecrantes
2323 1965 2419 2019 pro
2458 1958 2643 2003 nostra
2680 1949 2954 2017 facinora,

1322 2068 1328 2073 ·
1387 2045 1454 2099 Ut
1496 2045 1610 2114 ipse
1648 2045 1766 2114 pitts
1808 2043 2088 2099 Miserator
2128 2043 2289 2096 donet
2330 2044 2738 2114 indulgentiam.

1317 2137 1510 2191 Lil‘arc
1554 2139 1662 2194 Deo
1697 2137 2008 2191 Studeamus
2049 2130 2283 2190 hostiam
2319 2152 2416 2206 pro
2454 2132 2745 2201 fratribus,

1386 2230 1448 2282 Ut
1489 2238 1613 2284 ante
1651 2246 1771 2284 eum
1815 2241 2088 2284 mereatur
2128 2239 2346 2299 portare
2384 2221 2689 2298 manipulos
2713 2271 2726 2294 ,

1384 2324 1558 2392 Atque
1597 2323 1663 2377 de
1703 2323 1962 2376 talentum
2006 2323 2211 2377 lucrum
2253 2323 2637 2394 consignemus
2675 2324 2972 2392 geminum.

1316 2415 1611 2481 V'igilemus
1650 2425 1702 2468 et
1739 2431 1955 2468 oremus
1995 2417 2362 2484 unusquisipte
2401 2432 2497 2483 pro
2532 2415 2675 2479 alio,

1390 2507 1458 2559 lit
1495 2506 1764 2574 possimus
1804 2506 2047 2559 invenire
2089 2507 2324 2575 requiem
2361 2508 2410 2559 in
2451 2507 2725 2571 seculum,

1393 2601 1567 2666 Atque
1607 2597 1770 2650 vitam
1813 2597 2123 2666 possidere,
2163 2614 2322 2666 quam
2366 2598 2509 2651 misit
2553 2599 2833 2654 Dominus.

1326 2689 1549 2743 Summo
1587 2687 1717 2758 Regi
1755 2687 2085 2756 postulemus
2121 2703 2217 2757 pro
2252 2698 2571 2742 cunctorum
2612 2691 2834 2753 scelere,

1383 2781 1449 2833 Et
1487 2781 1552 2834 de
1593 2791 1774 2834 nostra
1817 2795 2123 2834 mereamur
2165 2781 2407 2835 invenire
2445 2781 2659 2834 veniam

1379 2870 1478 2922 Per
1515 2887 1637 2924 eum
1679 2870 1768 2939 qui
1809 2885 2025 2939 semper
2061 2868 2190 2922 vivit
2227 2879 2278 2922 et
2321 2879 2508 2938 regnat
2547 2871 2598 2923 in
2642 2871 2844 2926 secula.

1307 3003 1376 3059 Te
1413 3007 1664 3074 deposco,
1707 3006 1856 3059 dulce
1895 3007 2080 3075 frater,
2121 3007 2209 3075 qui
2244 3007 2386 3060 canis
2425 3007 2562 3060 hunc
2601 3009 2912 3062 rersirnlum

1394 3095 1459 3150 Ut
1504 3100 1740 3168 requiras
1777 3097 2094 3168 principales
2132 3098 2330 3170 litteras
2370 3115 2460 3160 per
2498 3101 2754 3154 ordinent.

1399 3189 1490 3243 Sic
1529 3190 1719 3242 inrcnit
1761 3190 1872 3256 ejus
1913 3206 2119 3254 nomen,
2156 3193 2244 3258 qui
2279 3191 2416 3243 hunc
2455 3202 2784 3260 exposuerat.

603 3345 706 3399 Tot
740 3356 954 3398 errores
998 3341 1084 3395 hic
1133 3337 1382 3396 offendis.
1419 3337 1556 3391 Num
1603 3336 1896 3405 culpata-lus
1930 3351 2047 3405 ego,
2097 3336 2186 3406 qui
2221 3319 2267 3371 Α
2291 3335 2600 3390 Grutetiani
2631 3338 2829 3390 veteris
2855 3337 3125 3404 editionis,
3157 3340 3234 3393 uti
3269 3350 3326 3395 et
3357 3342 3410 3395 in
3444 3351 3576 3396 tonio
3601 3342 3649 3394 IV
3678 3341 3771 3393 luiir

577 3437 721 3491 ‘hzec
765 3435 989 3506 evulgo?
1025 3433 1162 3488 Num
1211 3431 1573 3502 Campagnola
1602 3471 1614 3491 ,
1658 3430 1746 3498 qui
1798 3430 1911 3482 lucc
1961 3429 2187 3481 fideliter

601 3517 926 3596 descripsit?
947 3526 1029 3580 Ab
1058 3528 1228 3595 mquis
1257 3536 1401 3578 certe
1435 3522 1725 3576 lectoribus
1753 3537 1856 3573 uon
1887 3521 2024 3573 hanc
2056 3517 2185 3573 mihi

603 3620 904 3673 mercedem
963 3618 1242 3687 polliceor.
1276 3616 1475 3685 Atque
1528 3614 1792 3668 hactenus
1850 3611 2183 3664 trochaicum

604 3715 819 3761 versum
849 3709 902 3762 in
935 3709 1204 3778 rhythmis
1241 3720 1540 3769 servatum,
1577 3707 1818 3778 neglecta
1854 3716 2029 3760 tamen
2063 3719 2185 3775 pro-

605 3798 768 3852 sodia:
819 3799 1071 3862 ratione,
1128 3801 1629 3854 animadvertinius.
1685 3799 1974 3853 Dicendum
2044 3815 2184 3854 nunc

607 3881 776 3943 restat
825 3891 1201 3960 rhythmorum
1231 3902 1483 3945 auctores
1516 3879 1848 3959 temporibus
1888 3889 2187 3943 barbaricis

577 3979 672 4034 'a'd
718 3980 945 4034 aliorum
980 3997 1195 4052 quoque
1221 3979 1481 4037 Versuunt
1519 3982 1873 4034 imitationem
1903 3995 1974 4035 se‘
1996 3990 2186 4035 contu-

603 4073 750 4127 lisse.
781 4073 1012 4126 Sanctus
1058 4073 1366 4127 Bonifacius
1415 4073 1698 4142 episeopus
1751 4072 2090 4141 Moguntinns
2134 4081 2189 4125 et

603 4167 816 4234 martyr
840 4163 1062 4218 circiter
1085 4179 1286 4218 annum
1317 4165 1443 4227 740,
1479 4168 1591 4216 luet:
1624 4165 1674 4216 iu
1699 4164 1921 4233 epistola
1952 4163 2020 4216 65
2052 4164 2176 4218 scri-

572 4253 762 4307 "bebat
789 4273 801 4307 :
839 4252 1071 4306 Tertium
1103 4271 1343 4320 carmen,
1376 4271 1475 4308 non
1513 4254 1700 4322 pedum
1738 4270 1978 4306 mensura
2010 4254 2188 4306 elucu-

600 4349 826 4409 bratum,
873 4348 963 4400 sed
1007 4348 1205 4401 octonis
1254 4346 1467 4416 syllabis
1517 4347 1718 4419 inuno
1763 4345 1988 4417 quolibet
2037 4362 2182 4399 versu

600 4438 923 4505 compositis,
950 4454 1057 4490 una
1101 4439 1384 4507 eademque
1421 4437 1626 4499 littera,
1662 4439 1990 4506 comparibus
2021 4437 2185 4491 linea-

604 4543 721 4580 rum
753 4528 1050 4580 trmnitibus
1097 4539 1307 4597 aptata,
1349 4545 1504 4581 cursu
1547 4527 1750 4580 calamo
1791 4539 2066 4595 perorante
2092 4543 2182 4580 ca-

600 4609 846 4671 raxat'unt
888 4617 972 4689 [id
1013 4625 1096 4672 cst
1143 4618 1445 4689 exaratum]
1477 4619 1596 4680 tibi,
1627 4619 1962 4686 sagacissime
2019 4629 2178 4682 sator,

564 4709 956 4762 'transmittens
1001 4709 1189 4764 dicari.
1246 4709 1573 4780 Rhythntum
1626 4727 1653 4762 a
1709 4725 1766 4763 se
1825 4710 2180 4778 compositum

601 4801 752 4855 hisce
783 4802 966 4855 verbis
1003 4802 1271 4871 designat,
1308 4802 1461 4871 cujus
1505 4803 1665 4854 etiam
1699 4801 2003 4869 exeuiplum
2043 4817 2181 4871 pric-

564 4913 570 4918 -
599 4875 690 4945 bet
719 4891 773 4945 in
805 4891 1032 4961 epistola
1064 4894 1409 4960 praecedenti,
1449 4895 1536 4947 ubi
1567 4893 1818 4962 leguntur
1859 4893 1910 4946 hi
1946 4909 2135 4948 versus
2165 4912 2176 4946 :

755 5018 758 5022 '
815 5000 923 5055 Pro
954 5018 1034 5056 me
1065 5019 1240 5072 qurere
1269 5004 1507 5057 orantina

821 5091 1041 5148 Precum
1071 5095 1302 5164 :pandel
1329 5097 1615 5164 pra’cipua,
1647 5105 1749 5150 etc.

604 5202 710 5257 Sed
733 5190 782 5276 et
809 5195 983 5274 ipsum
1008 5206 1379 5260 hexametrum
1406 5207 1599 5260 imitati
1627 5217 1752 5261 sunt
1779 5209 2180 5279 rhythmopwii,

558 5302 565 5309 '
607 5306 752 5348 tanta
792 5286 1314 5367 tamen'asperitatis
1355 5297 1490 5352 facie
1540 5287 1839 5362 interdum,
1871 5310 1927 5354 ut
1958 5301 2060 5354 nisi
2092 5302 2183 5370 qui

559 5401 562 5405 ·
602 5385 798 5454 praevia
826 5388 900 5441 rei
929 5390 1235 5458 cognitione
1268 5390 1550 5452 rhythmos
1578 5390 1646 5442 ibi
1679 5391 1893 5458 quaerit,
1925 5391 2182 5445 miserum

559 5497 562 5502 ·
602 5476 833 5530 indocta:
862 5479 1037 5547 gentis
1067 5489 1320 5535 conatum
1353 5481 1404 5532 in
1443 5479 1744 5534 mandando
1784 5480 1948 5534 nobili
1986 5489 2181 5545 metro,

598 5569 1276 5642 animadvertat,rhythmi
1311 5572 1468 5639 lmjus
1501 5573 1744 5642 exempla
1775 5573 1819 5627 si
1868 5574 2026 5642 petis,
2064 5573 2182 5630 vide

598 5659 1012 5733 inscriptionem
1047 5677 1116 5714 vu
1147 5661 1530 5727 Christianam,
1575 5678 1690 5732 pag.
1741 5663 1864 5714 ιυϐι
1913 5662 2177 5719 Thesauri

2293 3427 2420 3480 Sac.
2468 3428 2518 3480 in
2570 3427 2838 3496 episcopis
2889 3427 3334 3495 Vercellensibus
3389 3434 3675 3502 epitaphium
3705 3431 3771 3484 il.-

2290 3519 2433 3571 viani
2476 3519 2732 3588 episcopi,
2779 3519 2868 3588 qui
2913 3520 3145 3574 eireiter’
3175 3538 3386 3577 annum
3416 3523 3601 3578 Christi
3631 3523 3703 3576 550
3725 3536 3770 3572 se-

2291 3610 2436 3663 disse
2470 3610 2520 3662 in
2553 3610 2878 3664 Voreellensi
2908 3614 3168 3665 cathedra
3195 3626 3474 3669 censetur.
3508 3616 3668 3670 Verum
3689 3625 3770 3663 anu-
3822 3631 3823 3644 ι

2288 3702 2469 3770 quius,
2498 3711 2552 3754 et
2581 3703 2821 3756 omnium
2854 3705 3253 3759 lucidissintum
3287 3708 3585 3777 exemplum
3619 3702 3772 3759 informe

2290 3795 2449 3862 hujus
2495 3810 2719 3876 poeseos
2767 3797 3000 3868 aspicias
3039 3798 3199 3851 velim
3247 3799 3302 3852 in
3344 3810 3582 3869 poemate
3613 3799 3772 3851 (ὶοωηνςμ

2290 3886 2632 3954 ιῌίειιιίριηιιιῑθ
2681 3898 2850 3959 poetic
2888 3889 3205 3956 Christiani,
3237 3893 3388 3960 quod
3429 3908 3458 3946 a
3487 3887 3771 3960 Rigaltioolim

2289 3979 2523 4044 editum,
2559 3981 2608 4034 iu
2639 3981 3303 4038 Bibliothecam'Patrum
3345 3994 3476 4040 tom.
3523 3979 3676 4037 XXVII
3702 3978 3773 4030 stab-

2259 4062 2414 4125 inde
2478 4073 2683 4126 illatutn
2744 4073 2859 4127 fuit.
2911 4074 3188 4129 Floruisse
3239 4077 3288 4130 is
3357 4076 3587 4132 creditur
3636 4074 3772 4125 incana

2288 4163 2487 4216 sa‘culo
2526 4163 2847 4218 Christianae
2895 4181 3018 4219 term
3064 4176 3264 4234 quarto
3299 4185 3312 4222 :
3349 4167 3462 4221 imo
3505 4173 3612 4221 sunt
3645 4162 3707 4232 qui
3739 4159 3773 4207 Μ

2288 4256 2544 4310 sarculum
2579 4257 2795 4310 tertium
2827 4258 2944 4326 ejus
2983 4267 3196 4311 {etatem
3246 4259 3580 4313 referendam
3615 4254 3773 4307 manu

2289 4355 2436 4398 soul.
2485 4345 2598 4398 Non
2651 4347 2773 4399 aliis
2830 4347 2917 4401 ille
2969 4348 3254 4409 versibus,
3317 4347 3664 4401 lnstructionrs
3704 4351 3774 4393 suit

2288 4436 2622 4489 aet'oStichas
2650 4436 2968 4503 exsequitur
2999 4453 3162 4504 quam
3209 4437 3562 4498 hexametris,
3584 4433 3658 4488 sed
3680 4427 3773 4481 nui'a

2289 4526 2444 4578 metri
2497 4526 2704 4595 legibus
2754 4529 3018 4593 servatis;
3075 4529 3217 4596 quod
3280 4543 3567 4597 paucorum
3613 4521 3771 4586 ciem???

2291 4617 2464 4686 palam
2495 4617 2604 4670 fiet.
2633 4618 2706 4671 Ita
2738 4617 2825 4671 ille
2852 4617 3211 4672 lnstruetioue
3245 4635 3351 4672 xv:

2361 4727 2638 4791 Hercules,
2666 4731 2806 4798 quod
2833 4739 3122 4783 monstrum
3152 4731 3396 4784 Aventini
3433 4727 3603 4782 montis
3622 4723 3729 4778 cliti-ﬂ

2365 4817 2620 4884 Evandri,
2652 4820 2739 4889 qui
2765 4819 2951 4872 solitus
2979 4829 3089 4872 erat
3119 4830 3360 4872 armenta
3390 4819 3571 4888 furari,

2363 4909 2578 4963 Rustica
2612 4927 2754 4964 mens
2780 4911 3049 4963 hominum
3080 4911 3324 4965 indocilis
3349 4925 3544 4981 quoque
3567 4921 3643 4975 pro
3660 4903 3756 4953 Ιαιέί

2360 5002 2490 5056 Cum
2519 5003 2717 5072 gratias
2740 5018 2892 5071 agere
2924 5001 3131 5065 vellent,
3166 5002 3365 5055 absenti
3402 4999 3619 5061 Tonanti,
3641 5002 3712 5045 etc.

2294 5109 2471 5181 Pergit
2518 5112 2604 5166 ille
2651 5113 2754 5166 hac
2785 5111 3058 5174 tuethodo,
3091 5113 3289 5181 quippe
3323 5111 3548 5180 vulgaris
3583 5107 3763 5160 heluo.ﬂ

2289 5208 2354 5260 ad
2386 5206 2526 5276 vulgi
2551 5215 2767 5275 captum
2796 5205 3042 5259 versibus
3068 5206 3216 5259 hisce
3239 5205 3519 5258 utilissima
3541 5201 3759 5253 documenta

2289 5298 2510 5354 claudit.
2539 5297 2760 5352 Certum
2789 5306 2872 5351 est
2894 5297 3157 5362 ejusmodi
3181 5295 3398 5350 licentia
3430 5291 3600 5348 deinde
3617 5287 3760 5339 usos.“

2288 5388 2506 5457 quidem
2547 5387 2882 5450 diutissime,
2916 5385 3080 5440 fuisse
3121 5395 3308 5453 poetas
3331 5400 3452 5439 cum
3479 5380 3614 5448 vulgo
3631 5371 3758 5426 facit?

2245 5527 2251 5532 .
2292 5488 2394 5532 tes.
2436 5477 2612 5546 Atque
2645 5477 2731 5530 hic
2767 5476 3013 5545 exempla
3044 5477 3149 5529 duo
3195 5489 3256 5529 se
3300 5470 3755 5529 mibioﬂeruahsr

2291 5571 2492 5627 ctantia
2526 5570 2592 5624 ad
2621 5569 3014 5639 Langobardici
3041 5568 3190 5636 regni
3222 5578 3475 5635 tempora.
3505 5557 3750 5615 ΑΙῐεηιιιιὸι

2292 5659 2624 5730 epitaphium
2651 5659 2884 5726 positum
2926 5657 3145 5712 circiter
3181 5671 3375 5709 annum
3416 5651 3510 5705 τεεί
3533 5651 3575 5703 in
3601 5642 3750 5699 celebra-
