3834 6332
596 266 697 324 779

591 484 649 528 ut
698 475 748 528 in
793 473 1131 545 Aulhologia,
1173 484 1226 530 et
1264 476 1390 531 alibi
1440 480 1651 534 visitur.
1699 482 1832 537 Sttnt
1885 485 2047 540 etiam
2088 488 2178 557 qui

589 564 845 620 Hebraeos
866 575 1055 636 putant
1077 568 1126 621 in
1157 568 1304 637 poesi
1330 583 1423 622 sua
1452 573 1759 640 quaesivisse
1792 578 1940 645 paria
1966 580 2174 633 aurimn

587 655 1004 723 oblectamenta,
1025 657 1138 712 sive
1165 658 1216 713 in
1252 660 1440 716 mediis
1469 663 1731 731 versibus,
1763 667 1877 723 sive
1902 667 1952 723 in
1985 685 2173 725 eorum

589 745 846 803 clausulis
888 750 1098 819 :tquod
1141 751 1478 820 potissimum
1544 771 1580 809 a
1628 755 1934 814 clarissimo
1981 761 2174 818 Iluetio

585 833 910 894 a‘llirmatum
943 826 1120 896 video.
1151 842 1219 896 Et
1247 857 1378 898 sane
1404 844 1456 898 id
1492 849 1794 915 persentias
1834 851 1886 905 in
1919 853 2174 923 rhythmo

582 928 874 996 llehraico,
921 947 1080 1002 quem
1133 935 1185 988 in
1236 935 1454 991 Davidis
1499 928 1710 994 laudem
1753 943 2000 1000 cecinere
2049 962 2171 1001 mu-

581 1023 761 1088 lieres,
787 1034 840 1079 et
861 1040 960 1096 ego
992 1042 1152 1096 supra
1186 1031 1366 1085 attuli.
1403 1031 1508 1087 Sed
1550 1042 1604 1088 et
1632 1033 1967 1091 clarissimus
1999 1037 2081 1092 vir
2106 1035 2168 1093 P.

578 1115 945 1173 Martinaceus
988 1123 1288 1177 monaelms
1324 1122 1703 1182 Benedictinus
1735 1131 2170 1201 congregationis

579 1206 770 1263 Sancti
801 1208 972 1264 Mauri
1002 1212 1054 1266 in
1083 1212 1485 1285 Prolegomenis
1511 1218 1578 1272 ad
1609 1219 1846 1274 divinam
1879 1221 2170 1279 Bibliothe-

555 1317 701 1355 ‘Calll
732 1304 902 1358 sancti
930 1303 1236 1377 llieronymi
1257 1349 1272 1372 ,
1302 1309 1527 1379 prolatis
1561 1313 1819 1383 exemplis
1846 1300 2081 1370 ostendit
2113 1315 2167 1370 in

561 1393 796 1450 cantico
844 1396 1266 1464 Deuteronomii,
1313 1411 1475 1473 atque
1526 1403 1576 1458 in
1633 1404 1868 1460 Threnis
1920 1405 2168 1464 Jeretnite

578 1487 864 1557 rhythmos
914 1503 1220 1568 occurrere,
1248 1491 1350 1548 hoc
1375 1503 1457 1548 cst
1489 1494 1541 1548 in
1573 1494 1678 1550 fine
1703 1508 2029 1551 eommatum
2061 1514 2168 1568 .ptl-

576 1585 691 1634 rem
748 1579 894 1634 vocis
943 1567 1318 1638 desinentiam.
1376 1585 1570 1641 Verum
1619 1588 2046 1663 controversiam
2099 1588 2166 1644 de

573 1668 925 1725 llehrteorum
954 1673 1100 1742 poesi
1131 1674 1250 1729 aliis
1283 1675 1526 1742 dimitto;
1559 1678 1806 1734 fortassis
1830 1688 1883 1734 et
1909 1679 1960 1735 in
1983 1676 2164 1752 aliqua

1389 269 1560 329 SASC.
1603 274 1667 330 XI
1713 276 1916 333 AUCT.
1951 277 2226 336 INCERTI
2263 281 2425 338 ΑΝΝΙ
2465 285 2556 339 ET
2591 285 2854 342 SClilPT.
2888 288 3100 346 hat-:2".
3687 305 3750 364 ΤΞ

591 382 937 438 haberemus.
978 381 1136 437 Paria
1167 397 1379 453 quoque
1421 389 1559 455 apud
1601 388 1818 446 Graecos
1850 403 2179 457 occurrunt,
2212 426 2256 480 Α
2304 422 2318 437 ο
2358 415 2470 470 Nec
2497 418 2668 472 minus
2701 437 2753 473 ,η
2781 423 2948 474 sam-3
2978 421 3160 476 "wh-(.0

3197 441 3432 480 sermone
3459 427 3637 486 Leonem

2352 505 2640 562 Ludentem
2666 509 2920 566 historiis.

2280 642 2424 697 ldem
2462 653 2643 700 autem
2673 644 2764 700 ille
2789 646 2988 716 estqui
3032 649 3097 703 du
3146 647 3358 721 Cangio
3400 667 3459 706 ac
3487 653 3752 725 Papcbrothic

2279 734 2546 801 laudatur,
2576 747 2635 791 ut
2666 738 2894 807 proinde
2920 755 3027 796 non
3056 749 3205 798 recte
3224 742 3392 797 veluti
3417 745 3622 805 diversos
3636 769 3755 823 pocla

2277 827 2442 882 hosce
2471 828 2677 898 putarit
2703 827 3035 907 Polycarpps
3059 831 3333 904 Lcysews
3358 835 3408 888 in
3431 835 3603 894 ll'éstor.
3619 857 3751 913 pacm.

2275 923 2439 978 medii
2467 923 2588 990 zevi,
2647 940 2794 978 num.
2851 926 2920 981 79
2961 936 3012 981 el
3061 927 3150 983 95.
3193 928 3539 991 Doctissimus
3573 941 3752 1006 quoad:

2274 1015 2482 1070 amicus
2513 1030 2666 1070 meus
2694 1016 2755 1071 D.
2783 1016 2994 1088 GaSpar
3025 1019 3279 1077 Berettus
3333 1023 3678 1094 Benedictinns,
3699 1047 3754 1084 se

2271 1107 2393 1176 pius
2416 1108 2550 1161 mihi
2585 1107 2687 1163 hoc
2741 1109 2794 1163 in
2846 1125 3008 1180 Opere
3039 1111 3314 1182 laudatus,
3363 1115 3430 1170 de
3457 1115 3754 1177 Lconinisver-

2272 1199 2422 1255 sibus
2447 1201 2612 1255 verba
2649 1200 2778 1256 fecit
2806 1203 2858 1258 in
2892 1203 3275 1276 Prolcgomen.
3307 1209 3375 1261 ad
3403 1209 3609 1264 tabulam
3630 1214 3753 1266 choro-

2270 1289 2586 1360 graphicam
2619 1306 2780 1360 quam
2810 1293 2952 1346 edidi
2988 1301 3134 1349 tomo
3173 1294 3216 1348 Χ
3272 1295 3474 1352 Rerum
3518 1299 3751 1358 ltalimJis'

2254 1392 2419 1437 ‘nmn.
2453 1380 2543 1442 62,
2577 1398 2702 1454 pag.
2739 1383 2860 1448 H7,
2891 1395 3096 1453 censet,
3131 1386 3397 1443 Leoninos
3434 1393 3752 1448 remsinltal'n

2267 1478 2358 1531 vix
2374 1489 2488 1547 post
2527 1478 3017 1537 Nort/mmmwrmn
3051 1484 3332 1539 adventum
3366 1489 3585 1557 componi
3605 1493 3750 1558 rapiat.

2260 1567 2375 1624 hoc
2399 1579 2479 1626 est
2513 1572 2712 1628 saeculo
2741 1573 2943 1628 Chris’ti
2993 1577 3314 1633 nnilecimo.
3345 1580 3514 1648 Atque
3553 1582 3658 1636 adeo
3690 1594 3750 1634 ιιιιιι

2267 1656 2376 1725 ille,
2404 1668 2517 1715 tum
2560 1661 2990 1733 Papebrochius,
3042 1667 3360 1734 ‘Eccardus,
3405 1680 3454 1725 et
3497 1671 3594 1735 alii,
3632 1673 3750 1727 inscri-

574 1762 818 1832 ejusdem
852 1764 964 1819 loca
995 1765 1293 1822 similitudo
1321 1784 1510 1824 vocum
1554 1785 1702 1836 casu,
1735 1788 1840 1826 non
1879 1781 1996 1828 arte
2023 1773 2151 1829 irrc-

2266 1752 2480 1821 ptiones
2507 1757 2791 1827 quasdam,
2849 1760 3202 1830 antiquorum
3251 1763 3563 1818 saeculorum
3587 1767 3753 1830 credita,

572 1856 704 1926 psit.
738 1855 1047 1911 Praesertim
1081 1873 1207 1913 vero
1236 1860 1534 1916 barbaricis
1560 1855 1771 1919 saeculis
1805 1857 2047 1944 mosffuit
2086 1869 2159 1921 lc-

570 1949 852 2003 -nocinium
879 1949 981 2004 hoc
1007 1951 1119 2006 suis
1140 1962 1260 2006 "tum
1295 1955 1581 2026 rhythmis,
1613 1964 1722 2010 tum
1752 1959 1939 2014 metris
1969 1960 2161 2030 adjun-

573 2052 718 2107 gere.
765 2038 948 2106 Quod,
974 2047 1048 2096 utl
1079 2042 1345 2112 coniicio,
1376 2047 1676 2114 praestitere
1718 2048 1949 2114 indocti,
1986 2059 2042 2105 ut
2081 2052 2162 2106 his

565 2130 764 2186 saltem
801 2129 1037 2199 phaleris
1068 2145 1361 2203 pensarent
1399 2138 1755 2206 quantitatem
1800 2139 1992 2208 pedum
2035 2157 2064 2194 a
2104 2158 2161 2196 se

569 2222 870 2292 neglectam
901 2242 912 2278 :
938 2224 1079 2280 doeti
1105 2235 1308 2293 autem,
1342 2237 1399 2283 nt
1421 2228 1673 2284 similiter
1695 2229 1949 2286 cadentes
1970 2246 2161 2286 versus

568 2315 782 2372 facilius
822 2332 853 2372 a
895 2320 1090 2390 populo
1143 2319 1404 2377 memoria
1455 2321 1837 2377 retinerentur.
1880 2322 1942 2376 Et
1987 2325 2162 2393 primo

569 2409 785 2475 quidem
815 2408 985 2464 levem
1010 2411 1150 2466 hanc
1175 2411 1558 2468 modulationis
1584 2413 1832 2467 umbram
1855 2423 2159 2473 statuerunt

567 2498 624 2554 in
658 2516 761 2554 una
804 2516 995 2558 versus
1035 2503 1238 2574 syllaba
1278 2513 1579 2573 postrema,
1627 2504 1714 2560 cui
1750 2520 1988 2561 consona
2023 2508 2162 2564 foret

567 2601 840 2656 postrema
864 2595 1262 2665 subsequentis,
1297 2605 1389 2650 aut
1410 2594 1856 2664 subsequentium
1882 2611 2154 2653 versuum.

567 2682 903 2756 Quandoque
932 2688 1096 2742 etiam
1126 2687 1318 2743 alterni
1363 2701 1551 2744 versus
1593 2686 1695 2742 sibi
1735 2690 2182 2759 respomleban‘t.‘

565 2777 718 2842 Quod
745 2777 790 2833 si
824 2777 877 2831 in
904 2778 1176 2850 dactylum
1206 2780 1489 2838 desine-bat
1515 2797 1726 2851 versus,
1755 2783 1997 2840 nonnulli
2027 2799 2157 2839 con-

562 2882 792 2923 suevere
830 2873 1122 2939 postremis
1164 2872 1375 2930 duabus
1419 2876 1641 2948 syllabis
1665 2893 1826 2948 pares
1861 2879 1923 2934 in
1969 2893 2158 2934 succeo

564 2957 817 3014 dentibus
837 2961 1085 3016 versibus
1119 2962 1405 3020 collocare.
1442 2965 1683 3038 Denique
1705 2985 1772 3025 eo
1793 2984 1890 3025 res
1921 2970 2150 3026 deducta

561 3059 670 3116 est,
711 3060 767 3106 ut
799 3053 854 3106 in
902 3053 1009 3108 fine
1051 3071 1243 3112 versus
1279 3059 1505 3128 gemina:
1550 3060 1773 3133 integrat
1819 3062 2072 3134 syllabae,
2109 3063 2154 3118 si

2268 1844 2483 1901 nonnisi
2545 1854 2668 1918 post
2709 1852 2913 1903 annum
2963 1849 3296 1909 Christianae
3346 1869 3465 1909 terte
3513 1855 3751 1910 millesimum

2266 1938 2904 2004 confectasslatuerunt,
2960 1945 3104 2014 quod
3143 1945 3416 2000 'Leoninis
3463 1949 3752 2002 versibuscos

2266 2035 2492 2083 starent.
2520 2029 2650 2096 Quae
2673 2046 2789 2086 mea
2817 2032 2877 2087 in
2905 2032 3046 2089 hanc
3066 2043 3189 2091 rem
3216 2038 3487 2091 sententia
3514 2038 3592 2104 sit,
3609 2038 3751 2108 denique

2249 2114 2436 2175 lector
2462 2122 2715 2192 accipiat.
2739 2123 2926 2180 Primo
2958 2135 3169 2182 certum
3215 2139 3409 2186 statuo
3433 2145 3649 2186 versuum
3676 2145 3751 2198 qua

2265 2207 2531 2265 Leoninos
2559 2213 2771 2282 antiqui
2813 2229 3217 2288 nuncuparunt,
3267 2236 3370 2276 nos
3393 2222 3516 2275 versi
3555 2222 3684 2274 rimati
3702 2237 3748 2290 ap

2264 2300 2548 2382 pellamus,
2595 2305 2862 2376 originem
2944 2324 3038 2364 seu
3100 2310 3468 2368 inventionem
3515 2329 3748 2383 nequaquam

2266 2392 2607 2452 tribuendam
2636 2399 2954 2456 esse'Leoni
2986 2402 3083 2469 illi,
3109 2418 3204 2458 seu
3242 2404 3461 2460 'Leonio
3495 2415 3637 2476 poeta
3661 2405 3747 2459 Paul

2263 2484 2427 2540 siensi
2476 2495 2529 2541 et
2573 2489 2840 2546 monacho
2893 2491 3246 2550 Benedictino
3303 2498 3597 2551 monasterii
3635 2497 3748 2549 Sancti.

2264 2575 2520 2646 Victoris,
2585 2580 2677 2650 qui
2723 2582 2945 2638 circiter
2981 2599 3183 2640 annum
3243 2585 3447 2641 Christi
3492 2587 3601 2641 1091
3625 2584 3745 2641 floruit.

2262 2667 2340 2722 uti
2371 2681 2705 2725 censuerunt
2733 2672 2802 2725 du
2832 2671 3088 2745 Cangius,
3138 2674 3387 2732 Iacobus
3441 2675 3746 2737 Peritoniusa

2261 2758 2378 2813 alii.
2439 2758 2849 2816 Praecesserat”
2909 2765 3077 2829 enim,
3125 2765 3217 2835 qui
3262 2765 3558 2834 hujusmodi
3594 2766 3746 2819 versibu-

2260 2848 2524 2916 luserant,
2565 2852 2679 2907 sive
2725 2853 3032 2924 rhythmos,
3078 2857 3194 2911 sive
3240 2867 3420 2934 metra
3448 2867 3735 2927 compensate

2260 2939 2469 2996 Deinde
2496 2957 2564 2996 an
2619 2942 2776 2998 istatn
2827 2943 3018 3000 saltem
3061 2947 3416 3002 versificandi
3463 2949 3673 3002 rationem
3699 2947 3742 2998 ili:

2257 3031 2570 3102 perfecerit,
2614 3033 2884 3090 incertum
2934 3036 3113 3092 adhuc
3145 3053 3270 3094 esse
3301 3039 3569 3095 contendo.
3597 3036 3688 3099 Sed,
3719 3055 3741 3087 δι

561 3142 736 3214 longa:
751 3143 953 3214 forent,
974 3146 1171 3204 litteris
1193 3164 1257 3205 ac
1279 3123 1458 3207 sonitu
1489 3123 1879 3223 responderent
1909 3155 2154 3211 versibus
2181 3142 2222 3200 Ο
2258 3123 2478 3223 “uiden?
2496 3123 2732 3223 ξωωῴ
2755 3126 2994 3223 ³¹¹Ψ¹Ῠ²¹η
3050 3145 3103 3223 m_
3145 3129 3300 3223 '"l’m
3329 3129 3563 3223 “"9”?
3582 3126 3732 3182 mnt

560 3236 1017 3307 subsequentibus
1057 3257 1072 3298 :
1114 3251 1225 3297 tres
1272 3256 1402 3298 vero
1441 3244 1660 3315 syllabae
1709 3247 1822 3316 pari
1853 3247 2026 3317 modo
2068 3263 2156 3304 re-

560 3329 910 3400 sponderent,
939 3333 983 3388 si
1015 3335 1307 3405 penultima
1343 3352 1536 3394 versus
1560 3339 1740 3397 brevis
1767 3352 1944 3407 esset,
1989 3351 2047 3396 ut
2070 3351 2154 3397 est

558 3421 614 3476 in
644 3423 880 3496 dactylo.
901 3425 1070 3494 Quem
1101 3443 1306 3484 morem
1333 3445 1613 3501 accepere,
1635 3440 1689 3488 et
1710 3432 1891 3489 adhuc
1915 3435 2154 3491 retinent

559 3515 799 3582 vulgaris
827 3517 1022 3591 linguae
1052 3531 1252 3577 nostrae
1279 3532 1468 3593 poetae.

633 3601 832 3663 Versus
864 3619 1043 3666 autem
1075 3612 1128 3666 in
1159 3615 1358 3684 quibus
1397 3617 1500 3672 hoc
1558 3625 1888 3688 postremum
1928 3625 2173 3691 ὁμοιοτὲο,

558 3700 756 3762 λευτον,
788 3701 901 3755 sive
926 3705 1169 3759 similiter
1189 3708 1403 3775 cadens,
1431 3713 1754 3766 occurrebat
1780 3752 1794 3778 ,
1822 3715 2149 3783 praecedenti

559 3805 693 3846 Sane
716 3794 942 3862 gratius,
976 3795 1029 3848 in
1066 3812 1225 3854 aures
1266 3800 1547 3856 hominum
1591 3803 1905 3869 incurrens,
1939 3804 2150 3860 Leonici

561 3881 692 3935 olim
722 3883 1150 3952 appellabantur.
1181 3888 1291 3944 Cur
1314 3891 1394 3947 sic
1424 3892 1620 3949 fuerint
1649 3896 1899 3966 appellati
1933 3898 2150 3969 ignora-

560 3974 642 4026 vit
664 3971 903 4045 Scaliger
931 3976 1136 4034 Poetic.
1171 3979 1263 4036 lib.
1288 3998 1348 4048 ιι,
1377 3998 1499 4054 cap.
1529 3984 1618 4040 29.
1643 3985 1949 4058 Stephanus
1977 3989 2150 4045 Gu'az-k

558 4065 676 4121 zius
711 4081 741 4120 a
768 4069 938 4124 cauda
959 4070 1138 4127 leonis
1176 4073 1251 4128 ita
1298 4087 1639 4147 nuncupatos
1689 4083 1870 4151 inepte
1911 4084 2141 4139 censuit.

557 4159 804 4214 Renatus
833 4159 1050 4218 Moreau
1069 4199 1094 4230 ι,
1134 4166 1377 4221 medicus
1401 4169 1741 4238 parisiensis,
1772 4171 1824 4226 in
1855 4171 2146 4228 Commen-

559 4259 665 4303 tar.
695 4248 760 4303 ad
785 4247 1035 4306 Scholam
1070 4253 1400 4310 Salernitan.
1433 4265 1491 4312 et
1526 4258 1594 4313 du
1637 4257 1872 4332 Cangius
1903 4261 1955 4317 in
1993 4261 2145 4319 Glos-

553 4355 663 4395 sar.
711 4339 942 4406 Latino,
999 4360 1092 4398 eos
1137 4346 1473 4402 arbitrantur
1510 4350 1587 4403 sic
1634 4350 1768 4419 forte
1819 4364 2143 4424 nuncupatos

550 4433 691 4502 quod
717 4434 911 4489 inventi
943 4435 1136 4503 fuerint
1163 4455 1194 4491 a
1219 4439 1448 4509 quodam
1485 4439 1656 4497 Leone
1683 4455 1855 4512 poeta,
1883 4447 1974 4515 qui
2001 4447 2140 4501 circa

549 4537 784 4596 tempora
829 4526 1081 4584 Ludovici
1125 4529 1232 4585 VII
1286 4535 1362 4588 vel
1402 4533 1634 4606 Philippi
1669 4538 1919 4610 Augusti,
1961 4557 2158 4612 regum.

548 4614 819 4685 Francite,
845 4621 991 4674 vixit.
1027 4623 1192 4677 Addit
1227 4624 1367 4678 idem
1411 4627 1478 4680 du
1515 4627 1754 4701 Cangius
1796 4631 1937 4685 hanc
1972 4633 2137 4686 etiam

545 4708 717 4765 fuisse
740 4713 1066 4768 sententiam
1094 4715 1355 4786 Stephani
1386 4719 1660 4777 Paschasii
1695 4725 1788 4780 lib.
1813 4743 1914 4794 ¹ιιιι,
1941 4727 2136 4796 cap.2,

546 4795 924 4867 Disquisition.
963 4802 1278 4862 Francicar.
1318 4811 1410 4878 qui
1458 4813 1836 4884 perelegantes
1869 4795 2134 4888 quosdam

546 4889 705 4957 hujus
727 4891 923 4949 Leonis
944 4905 1114 4965 poetae
1137 4914 1326 4956 versus
1350 4903 1621 4970 produxit.
1656 4906 1708 4959 In
1732 4909 1974 4964 eamdem
2004 4926 2137 4980 quo-

545 4997 649 5050 que
673 4985 982 5052 Opinionem
1008 4992 1286 5054 concessit
1337 4995 1680 5052 doctissimus
1728 4999 2134 5070 Papebrochius

545 5074 599 5125 in
625 5075 747 5128 Act.
773 5075 1026 5133 Sanctor.
1059 5082 1126 5136 ad
1156 5082 1302 5138 diem
1344 5101 1357 5137 l
1392 5084 1559 5152 Junii,
1587 5088 1639 5141 in
1669 5090 1784 5144 Vita
1818 5103 2130 5148 sanctorum

544 5163 788 5223 Gratiani
809 5179 864 5226 et
893 5171 1086 5238 Felini,
1117 5176 1415 5232 arbitratus
1446 5179 1740 5248 duntaxat,
1770 5184 1841 5237 ad
1870 5201 2130 5240 summam

543 5257 907 5325 perfectionem
959 5266 1222 5330 adductos
1273 5268 1440 5326 fuisse
1495 5288 1589 5328 eos
1632 5289 1824 5330 versus
1871 5292 1900 5330 a
1951 5277 2150 5335 Leone,

544 5347 752 5406 Gallico
791 5365 948 5422 poeta
990 5362 1190 5417 saeculo
1221 5363 1557 5421 duodecimo.
1603 5367 1672 5422 Et
1699 5369 1945 5438 profecto
1979 5371 2130 5441 Egi-

541 5439 662 5496 dius
711 5441 1030 5504 Parisiensis
1081 5453 1223 5522 apud
1277 5455 1346 5509 du
1393 5456 1688 5513 Chesnium
1748 5439 2128 5532 tomoquinto

544 5535 810 5606 Scriptor.
859 5539 1080 5609 Franc.,
1116 5561 1240 5619 pag.
1289 5548 1414 5616 5%,
1466 5551 1611 5606 inter
1641 5553 1776 5609 alios
1811 5565 1998 5623 poetas
2044 5557 2125 5611 sui

541 5630 822 5698 temporis,
857 5633 957 5690 hoc
1000 5647 1082 5692 est
1118 5640 1184 5695 ab
1229 5656 1373 5697 anno
1413 5643 1541 5701 1191
1594 5647 1661 5702 ad
1704 5648 1840 5704 1198
1882 5665 2120 5706 comme-

537 5731 713 5775 morat
736 5741 748 5776 ζ

2259 3214 2469 3285 opinari
2504 3214 2589 3271 fas
2619 3216 2723 3273 erit
2747 3227 2840 3272 aut
2869 3219 2938 3274 ab
2967 3235 3033 3275 eo
3058 3220 3442 3276 elucubratum
3471 3220 3608 3275 fuisse
3624 3232 3740 3288 poena

2259 3315 2369 3364 tam
2410 3310 2737 3364 concinnum
2769 3320 2824 3367 et
2851 3313 3090 3383 elegans,
3148 3316 3543 3384 verborumque
3567 3313 3643 3366 sibi
3663 3311 3738 3364 imi-

2256 3414 2372 3455 cem
2403 3403 2850 3472 respondentium
2908 3416 3174 3462 concentu
3232 3423 3509 3474 sonorum,
3535 3418 3582 3461 ut
3603 3420 3694 3460 unus
3711 3404 3734 3453 tr

2255 3491 2622 3550 admiratione
2645 3495 2826 3566 p0puli
2849 3507 2993 3553 esset
3018 3514 3044 3563 »;
3077 3509 3172 3553 aut
3213 3498 3294 3554 ita
3328 3515 3420 3555 eos
3448 3513 3606 3552 versus
3628 3504 3728 3550 contr

2254 3580 2460 3646 xuisse,
2491 3591 2549 3637 ut
2603 3599 2915 3656 quanquam
2966 3585 3186 3659 longum
3227 3605 3372 3660 opus
3423 3587 3674 3651 confecerit,
3709 3585 3736 3636 ir

2253 3669 2510 3727 clausulis
2543 3682 2724 3729 tamen
2777 3691 3033 3732 versuum
3085 3689 3411 3749 perpetuum
3460 3680 3671 3741 ordinem,
3702 3689 3733 3725 at

2252 3765 2496 3820 similiter
2550 3768 2743 3823 cadens
2808 3769 3037 3825 duarum
3109 3772 3443 3843 syllabarum
3489 3768 3706 3827 servaverit

2251 3857 2395 3925 quod
2443 3857 2676 3914 fortasse
2704 3874 2866 3916 nemo
2895 3870 3024 3917 ante
3073 3877 3196 3917 eum
3246 3863 3410 3934 plene
3461 3865 3605 3918 fuerat
3623 3873 3725 3912 unus

2251 3948 2410 4013 Nam,
2446 3960 2502 4005 ιιι
2537 3951 2801 4022 praefatus
2843 3969 2984 4021 sum,
3036 3955 3282 4025 plerique
3329 3967 3554 4011 veterum
3598 3952 3636 4006 in
3675 3963 3734 4002 utst

2250 4037 2477 4109 syllaba,
2506 4052 2838 4096 consonante
2865 4059 2984 4097 cum
3017 4043 3211 4110 altera,
3269 4057 3571 4100 concentum
3593 4054 3731 4095 suorum

2249 4130 2633 4200 rhythmorum
2697 4142 2790 4187 aut
2840 4145 3140 4189 metrorum
3191 4136 3532 4192 collocarunt.
3571 4129 3728 4197 Pleriquf

2249 4222 2410 4276 etiam
2447 4238 2552 4278 non
2586 4225 2638 4278 in
2665 4223 2771 4280 fine
2798 4227 3146 4297 geminorum
3192 4242 3465 4294 versuum,
3506 4227 3584 4282 sed
3606 4225 3643 4279 in
3663 4224 3728 4289 ipsa

2250 4327 2406 4366 versu
2439 4312 2614 4385 (cujus
2635 4317 2868 4386 primum
2893 4319 3200 4374 membrum
3229 4319 3560 4390 subsequenti
3581 4328 3727 4383 restet-.-

2247 4403 2430 4475 debat)
2461 4404 2605 4460 hanc
2628 4406 2836 4461 aurium
2863 4407 3286 4466 oblectationem
3319 4409 3632 4481 conquisiere.
3650 4402 3724 4467 Qui

2171 4487 2219 4548 ι)
2245 4495 2429 4551 omnia
2457 4495 2721 4568 exemplis
2748 4497 3129 4553 confirmatum
3159 4514 3246 4555 eo.

2319 4606 2432 4663 Sub
2463 4608 2625 4664 linem
2653 4608 2836 4666 smculi
2868 4627 2896 4664 a
2924 4611 3140 4668 Christo
3172 4622 3304 4668 nato
3327 4612 3460 4668 sexti
3485 4608 3722 4664 ﬂontitsar-

2244 4707 2366 4766 ctus
2391 4699 2785 4766 Columbanus,
2829 4702 3220 4760 celeberrimus
3253 4705 3343 4760 ille
3389 4699 3625 4757 Bobiensis
3661 4707 3710 4746 ω’

2241 4788 2389 4846 nobii
2419 4791 2718 4847 institutor.
2762 4792 2906 4847 Inter
2947 4792 3062 4862 ejus
3099 4795 3275 4865 Opera
3309 4799 3493 4867 legitur
3528 4790 3705 4861 rltytlnua

2246 4880 2320 4935 De
2344 4881 2573 4936 vanitate
2594 4883 2730 4948 vitae,
2762 4883 2852 4938 ubi
2881 4884 3169 4956 plerosque
3200 4903 3386 4944 versus
3411 4883 3717 4960 apotordriesz;

2239 4973 2532 5027 cernimus.
2557 4973 2802 5044 Exempli
2835 4990 2997 5031 causa
3029 4993 3043 5028 :

2307 5126 2683 5196 Diﬂ'aarentibus
2714 5131 2874 5184 vitam
2896 5146 3039 5186 mors
3061 5132 3260 5188 incerta
3278 5135 3478 5204 διετήρει
3498 5149 3512 5185 ;

2232 5257 2242 5266 ..
2311 5216 2503 5272 Omnes
2530 5220 2798 5289 superbos,
2824 5238 2981 5292 vagos
2999 5240 3192 5279 mceror
3215 5229 3392 5280 mortis
3411 5220 3604 5291 cortipt'l.
3621 5226 3688 5269 ειτ-

2286 5311 2558 5387 ,Ριενίιμιε
2578 5315 2809 5384 perpessi
2830 5328 2951 5369 sunt
2973 5333 3241 5386 poenarum
3267 5319 3508 5381 incendia,

2311 5405 2608 5461 Voluntatis
2629 5407 2850 5463 lubricw
2875 5410 3108 5466 nolentes
3132 5413 3419 5482 dispendia,
3448 5421 3538 5464 etc.

2231 5557 2487 5629 Reliquos
2512 5561 2724 5616 omitto.
2758 5560 2861 5628 Qui
2889 5577 3021 5617 sane
3058 5563 3101 5617 si
3127 5563 3494 5620 Columbanum
3511 5564 3700 5612 auctore:u

2230 5652 2457 5719 habent,
2517 5654 2952 5724 antiquissimam
3004 5658 3247 5723 pratbent
3286 5669 3510 5710 versuum
3533 5643 3698 5703 similis.r

2232 5744 2538 5801 cadentium
2567 5745 2821 5801 fortnam.
2858 5744 2949 5803 Sic
2986 5745 3131 5802 inter
3166 5745 3335 5817 Opera
3367 5744 3503 5802 Beda:
3524 5742 3692 5808 leguntur
