3834 6332
25 334 152 395 ’ῗ81

31 471 265 512 versus
291 455 365 509 De
394 451 620 517 computi
653 451 863 519 regulis,
909 451 960 503 iu
989 447 1141 516 queis
1169 445 1470 499 Leonimtm
1521 456 1650 494 cou-
1688 466 1734 518 Α

36 560 295 604 centum
327 548 501 602 audis.
533 545 747 600 Priorcs
768 543 1002 610 accipito
1031 559 1042 594 :

35 643 366 695 Adventum
393 639 601 693 Domini
629 653 734 691 non
761 647 832 690 est
863 632 1123 688 celebrare
1147 627 1416 684 Decembri

43 731 196 784 I’ost
244 742 421 784 ternas
451 727 659 790 Nonas,
688 742 848 797 neque
869 726 1077 794 quintas
1101 733 1222 775 ante
1247 715 1535 780 Kalendas,
1552 711 1663 769 etc.

38 823 172 876 Sed
215 831 279 876 et
331 831 552 876 sanctus
583 819 891 874 Bonifacius
929 814 1274 886 Moguntinns
1297 811 1580 882 episcopus
1609 817 1664 860 et

40 921 304 982 Inartyr,
336 927 495 981 supra
521 911 652 965 mihi
685 910 950 970 laudatus,
981 908 1033 960 in
1076 904 1301 977 cpistola
1329 903 1523 972 prima,
1557 899 1666 954 cir—

40 1005 208 1059 citer
237 1019 440 1058 annum
468 1003 572 1059 780
595 1003 926 1071 conscripta,
956 998 1267 1070 rhytlunum
1297 995 1504 1058 ell‘udit,
1533 1007 1665 1048 con-

37 1095 220 1152 sonis
251 1096 479 1152 vocibus
501 1095 850 1150 distinctum:

444 1208 595 1275 Vale,
621 1208 789 1279 frater
807 1206 1114 1277 ﬂorentibus

432 1302 733 1359 Iuventutis
760 1316 877 1353 cum
909 1299 1102 1353 viribus

435 1394 503 1449 (ft
533 1396 726 1465 ﬂorens
748 1409 864 1447 cum
897 1391 1117 1444 Domino

431 1484 493 1541 In
516 1488 823 1556 sempiterno
843 1482 995 1550 solio,
1015 1489 1120 1538 etc.

45 1607 213 1662 Tum
255 1607 306 1662 in
338 1605 567 1678 epistola
624 1603 694 1660 69
727 1601 967 1658 carmina
1001 1608 1236 1670 quatuor
1262 1597 1504 1670 ejusdem
1533 1595 1670 1651 refe-

45 1707 294 1764 runtur,
313 1696 551 1769 geminis
571 1696 815 1752 versibus
841 1691 1002 1748 simili
1033 1706 1167 1746 sono
1195 1686 1668 1759 respondentibus,

41 1792 160 1845 sed
191 1791 272 1845 ita
297 1799 376 1854 ut,
436 1803 746 1858 quanquam
799 1785 912 1840 fere
945 1797 1162 1854 semper
1189 1780 1435 1851 dactylus
1455 1794 1668 1834 versqu
1703 1814 1748 1874 Β

39 1881 316 1948 claudat,
342 1881 458 1936 duae
489 1888 702 1935 tantum
731 1887 1023 1950 postremae
1052 1874 1274 1948 syllabae
1303 1872 1512 1930 similes
1540 1871 1667 1928 sint.

44 1971 367 2041 Specimen
393 1970 615 2042 profero
641 1985 655 2024 :

435 2085 714 2142 Summum
735 2096 960 2138 sutorem
985 2082 1116 2138 soiia

434 2176 586 2232 Sedet
611 2179 701 2248 qui
720 2194 811 2246 per
830 2177 1092 2240 tet/tralia,

438 2273 542 2326 Alti
573 2271 769 2342 olympi
792 2271 1001 2324 arcibus

438 2363 744 2419 Ubrallatus
770 2365 1083 2428 minacibus,
1109 2373 1214 2418 etc.

64 2483 148 2538 Ita
177 2494 337 2545 vero,
369 2494 454 2534 me
487 2479 628 2533 Deus
659 2487 830 2542 amet,
860 2478 1112 2548 cuiquam
1159 2475 1425 2531 dubitatio
1446 2491 1669 2532 succur-

68 2583 182 2640 ret,
212 2589 342 2627 nmn
373 2580 520 2627 tanta
547 2580 789 2626 vetustas
815 2570 1076 2638 ejusmodi
1107 2569 1442 2624 carminibus
1469 2569 1542 2624 sit
1575 2569 1694 2634 tri-_

72 2665 316 2720 buenda.
342 2665 540 2720 Verum
566 2661 844 2718 dubitandi
877 2661 1001 2716 finis
1039 2659 1144 2716 erit
1173 2659 1218 2715 si
1241 2659 1677 2729 Antiphonarium

74 2757 468 2815 Benchorense.
504 2772 531 2810 a
566 2772 675 2820 me,
707 2764 766 2809 ut
796 2769 958 2824 supra
982 2753 1119 2818 dixi,
1146 2750 1453 2820 evulgatum
1482 2765 1678 2806 consu-

79 2850 177 2912 let,
212 2850 357 2919 quod
395 2857 544 2903 certe
573 2845 771 2902 saeculo
802 2846 1056 2916 septimo,
1081 2852 1174 2900 aut
1205 2857 1476 2899 summum
1529 2851 1679 2897 octa-

78 2957 174 3007 vo,
208 2941 261 2995 in
297 2956 393 2995 usu
445 2939 546 2994 fuit
575 2938 806 2994 celebris
846 2938 994 2993 illius
1036 2936 1357 2992 monasterii
1388 2935 1441 2990 in
1486 2932 1680 2988 Hiber-

79 3031 174 3085 ni‘t
213 3029 328 3095 siti,
357 3045 424 3086 ac
450 3030 644 3084 deinde
675 3029 727 3084 in
750 3028 1072 3084 Bobiensem
1094 3026 1502 3089 bibliothecam,
1526 3022 1680 3078 deni-

79 3135 193 3193 que
227 3121 278 3176 in
317 3120 734 3177 Ambrosianam
781 3117 1100 3174 translatum
1155 3125 1258 3171 est.
1317 3113 1568 3171 Occurrit
1606 3111 1678 3167 ibi

1423 321 1738 380 RIIYTllMl
1782 317 2128 375 VETERES.

2122 433 2302 486 Nostri
2326 429 2534 501 patroni
2560 427 2796 498 {ult/ialm,

2122 523 2359 594 Comgilli
2387 523 2554 577 sancti
2587 520 2814 586 nomine,

2127 611 2448 684 Refulgentis
2468 613 2522 664 in
2546 626 2720 680 apere,
2751 620 2855 664 etc.

1768 733 2029 788 Secundae
2057 727 2292 800 Sll'OleB
2316 743 2505 784 versus
2525 725 2750 798 quilibet
2783 725 2835 778 in
2866 717 2896 776 η
2923 721 3121 776 desiuit
3152 736 3164 772 :

2120 840 2311 894 Audite
2335 847 2517 909 pantes
2554 847 2606 891 tu
2627 852 2751 896 craa

2122 931 2284 986 Allati
2313 931 2382 985 ad
2409 928 2646 1000 angelica

2126 1023 2344 1096 Athlela:
2375 1021 2470 1076 Dei
2496 1020 2678 1073 abdita

2121 1116 2164 1169 Α
2187 1114 2458 1185 juventute
2479 1110 2696 1182 ﬂorida,
2724 1117 2828 1163 etc.

1772 1250 1977 1308 Eodem
2007 1248 2200 1305 ordine
2236 1246 2429 1316 reliqui
2483 1243 2804 1316 procedunt.
2839 1237 2946 1295 Sed
2973 1248 3025 1293 et
3062 1237 3134 1293 ibi
3166 1237 3370 1305 legum"

1775 1351 1862 1396 tur
1883 1338 2127 1395 versiculi
2154 1337 2372 1408 familia:
2393 1334 2679 1399 Benchuir,
2721 1346 2788 1386 ex
2833 1329 3032 1401 quibus
3055 1327 3207 1383 multi
3237 1343 3360 1396 pcr—

1773 1433 1975 1489 fectam
2006 1429 2303 1502 praeferunt
2330 1443 2518 1484 eorum
2548 1425 2799 1490 formam,
2824 1423 2914 1493 qui
2947 1421 3122 1476 serius
3147 1418 3359 1474 Leonini

1645 1533 1678 1555 -‘
1775 1520 2029 1594 appellati
2054 1529 2200 1578 sunt.
2227 1517 2670 1590 Experimentum
2701 1513 2881 1585 capiat
2903 1511 3076 1568 lector
3106 1527 3118 1564 :

2139 1629 2267 1688 Vere
2290 1628 2480 1702 regalis
2505 1628 2652 1693 aula,

2217 1721 2394 1777 Variis
2415 1721 2631 1792 gemmis
2650 1731 2858 1785 ornata,

2145 1831 2149 1837 '
2203 1811 2489 1882 Gregisque
2519 1809 2715 1865 Christi
2746 1808 2922 1872 cauta,

2199 1903 2362 1961 Patre
2394 1919 2597 1960 summa
2617 1913 2838 1957 serrata.

2138 1997 2299 2069 Virgo
2314 1997 2463 2052 valde
2485 1994 2731 2066 fecunda,

2207 2089 2337 2144 Ηαέ
2359 2099 2406 2143 et
2431 2096 2600 2140 mater
2620 2084 2848 2146 intacta,

2206 2182 2351 2237 La'ta
2379 2197 2442 2234 ac
2465 2174 2826 2236 tremebunda,

2216 2273 2382 2328 Verbo
2408 2270 2507 2326 Dei
2527 2273 2769 2325 subacta.

1778 2390 1903 2451 llarc
1927 2404 2063 2450 adeo
2101 2399 2286 2464 aperta
2336 2397 2482 2454 sunt,
2540 2393 2598 2440 ut
2625 2383 2856 2454 quisque
2899 2379 3010 2450 jam
3065 2375 3367 2444 intelligere

1778 2489 1973 2560 possit,
2004 2485 2259 2555 antiquos
2317 2475 2752 2552 rhythmopceios
2808 2483 2973 2544 atque
3023 2480 3215 2542 poetas
3261 2481 3367 2523 non

1778 2586 2127 2649 exspectasse
2172 2583 2416 2641 tempora
2459 2567 2658 2623 Leonis
2711 2563 3035 2622 Parisiensis
3083 2569 3274 2633 poetae,
3311 2570 3372 2614 ut

1779 2657 1848 2726 ab
1874 2685 1938 2726 eo
1968 2669 2333 2725 edocerentur
2364 2660 2655 2717 efformare
2676 2674 2866 2714 versus
2905 2655 3066 2721 simili
3105 2663 3369 2710 concentu

1780 2761 2038 2819 cadentes
2069 2777 2084 2826 ;
2115 2773 2294 2830 neque
2327 2755 2493 2811 nimia
2521 2751 2783 2808 facilitate
2804 2749 3069 2806 censenda
3099 2761 3219 2803 esse
3246 2761 3370 2802 car-

1781 2857 1928 2912 mina
1965 2852 2270 2925 composita
2313 2845 2691 2904 tantummodo
2753 2850 2876 2914 post
2921 2856 3122 2896 annum
3173 2838 3373 2894 Christi

1781 2948 2156 3011 millesimum,
2203 2943 2249 2997 si
2297 2955 2403 3012 qua
2449 2942 2745 2993 occurrunt
2791 2931 3010 2988 modulo
3051 2930 3216 2985 hocce
3246 2944 3378 2984 con-

1783 3049 2008 3096 structa.
2042 3034 2229 3091 Refert
2255 3029 2552 3088 cardinalis
2580 3025 2846 3083 Baronius
2892 3025 2944 3078 in
2976 3021 3274 3077 Annalibus
3302 3022 3374 3076 ad

1784 3145 1985 3186 annum
2010 3126 2216 3184 Christi
2251 3123 2354 3180 808
2389 3135 2582 3176 versus
2631 3116 2931 3172 incolumes
2978 3114 3155 3169 adlmc
3189 3111 3376 3167 Romae

82 3219 317 3286 hymnus
358 3215 526 3268 sancti
585 3213 832 3284 Comgilli
874 3213 928 3267 in
978 3211 1231 3282 strophas
1280 3216 1501 3273 sectus,
1551 3193 1749 3276 qua-C

1790 3228 2099 3278 asservatos
2129 3218 2182 3272 in
2213 3213 2411 3285 templo
2432 3208 2862 3274 Cruciferorum,
2895 3205 3034 3275 quod
3085 3203 3379 3258 Belisarius

86 3326 212 3365 rum
263 3308 489 3377 singulm
529 3323 559 3362 a
605 3307 792 3363 littera
836 3305 1104 3376 alphabeti
1158 3303 1374 3359 initium
1423 3307 1678 3366 sumunt,

82 3417 388 3474 earumque
414 3400 608 3472 singuli
635 3413 828 3456 versus
863 3401 916 3455 in
947 3399 1190 3454 eamdem
1215 3394 1481 3468 syllabam
1535 3390 1645 3444 desi
1665 3419 1678 3430 -

85 3503 257 3550 nunt:

428 3612 430 3614 ’
451 3605 804 3662 Recordemur
825 3604 1051 3676 justitia:

1790 3315 2100 3375 Justiniano
2127 3313 2149 3367 1
2179 3312 2483 3380 imperante
2530 3305 2838 3363 condidisse
2888 3303 3101 3358 dicitur.
3131 3303 3255 3356 Illos
3282 3318 3380 3355 au-

1792 3419 1900 3466 tem
1933 3406 2282 3463 doctissimus
2332 3401 2624 3457 cardinalis
2675 3399 2864 3454 eadem
2913 3397 3026 3466 ipsa
3057 3403 3404 3465 tempestate

1791 3499 2066 3557 confectos
2087 3512 2150 3552 ac
2180 3507 2454 3550 marmore
2502 3491 2792 3561 inscriptos
2820 3488 3134 3544 arbitratur.
3163 3484 3377 3541 Lectori

1789 3599 1843 3645 et
1868 3604 1968 3660 ego
1999 3584 2360 3656 inspiciendas
2387 3582 2617 3638 exhibeo
2647 3597 2661 3634 :
2687 3637 2690 3640 .

903 3739 1088 3797 llANC
1137 3738 1251 3794 VIR
1275 3730 1642 3792 PATRlCIV'S
1666 3721 2055 3785 VlLlSAlilV'S
2087 3717 2291 3778 URBlS
2314 3715 2572 3773 AMICVS

1025 3833 1114 3890 OB
1143 3830 1390 3888 (ΝιΡῶ
1424 3824 1679 3882 νΕΝιΑΜ
1707 3817 2025 3882 CONDlDlT
2056 3811 2460 3871 ECCLESIAM.
2616 3855 2618 3858 .

895 3926 1081 3983 IIANC
1116 3923 1391 3981 lDClRCO
1420 3916 1649 3976 PEDEM
1675 3911 1952 3972 SACRAM
1983 3909 2099 3978 QUI
2130 3905 2332 3964 PONIS
2359 3903 2426 3959 lN
2449 3900 2680 3970 EDEM,

1017 4019 1106 4076 UT
1136 4011 1534 4074 MISERETVR
1563 4005 1730 4074 EVM,
1765 4003 1962 4061 SIEPE
1988 3998 2309 4058 PRECARE
2343 3995 2553 4052 DEVM.

97 4168 225 4224 llaec
253 4165 299 4221 si
326 4161 614 4235 quisquam
643 4158 856 4230 rejiciat
881 4167 1005 4231 post
1030 4156 1289 4215 sacculum
1317 4171 1374 4220 χ,
1413 4146 1691 4208 adversari

98 4269 199 4328 ego
231 4226 423 4310 nolim.
446 4226 715 4309 A-ttamen'
729 4261 857 4307 sunt
882 4226 1020 4322 ulla:
1048 4248 1312 4305 suadeant
1352 4244 1468 4317 ipso
1497 4239 1693 4298 szeculo

98 4348 431 4406 Christianae
459 4361 582 4402 terte
611 4353 769 4401 sexto
803 4342 1213 4414 inscriptionem
1241 4339 1410 4394 fuisse
1437 4331 1716 4407 positam.~

103 4444 207 4498 Vix
235 4441 382 4498 enim
414 4449 537 4512 post
562 4439 731 4496 multa
776 4436 971 4493 s:ecula
1004 4434 1272 4507 rogandus
1315 4433 1490 4488 fuerat
1520 4444 1692 4501 popu-

104 4545 190 4590 Ius
219 4543 280 4589 ut
319 4533 570 4604 precibus
623 4529 868 4602 repetitis
898 4527 1160 4583 Belisario
1194 4523 1624 4581 misericordiam
1664 4533 1696 4573 a

108 4633 218 4687 Deo
240 4633 574 4701 impetraret.
602 4626 708 4684 Sed
741 4626 995 4690 alterum,
1028 4621 1401 4693 qualecunque
1423 4617 1514 4683 sit,
1531 4616 1695 4672 etiam

113 4721 383 4791 antiquius
410 4718 661 4774 similiter
684 4715 991 4772 cadentium
1028 4727 1218 4768 vocum
1260 4707 1565 4779 exemplum
1595 4706 1697 4761 ha-

113 4828 320 4872 bemus.
344 4811 577 4867 Sanctus
605 4808 938 4881 Augustinus
963 4804 1184 4861 circiter
1223 4817 1424 4857 annum
1451 4799 1558 4855 ’595
1579 4797 1696 4853 elu-

116 4904 360 4961 cubravit
388 4903 648 4975 psalmum
690 4869 879 4955 contra
929 4907 1130 4968 partem
1175 4892 1390 4956 Donati,
1440 4888 1533 4962 qui
1563 4869 1707 4945 nihil.

118 4998 260 5054 aliud
281 5007 550 5067 estquam
592 4997 901 5066 rhythmus.
944 4989 1150 5061 Singuli
1180 5003 1368 5044 versus
1412 5001 1444 5041 e
1491 4981 1700 5040 duobus

124 5089 398 5147 versiculis
423 5100 548 5145 octo
580 5087 804 5160 syllabis
836 5091 1106 5141 constant.
1139 5080 1280 5136 Sunt
1308 5078 1383 5134 ibi
1405 5077 1496 5148 qui
1518 5076 1701 5147 plures

121 5183 348 5258 syllabas
394 5181 710 5253 prreferunt,
765 5179 858 5236 sed
898 5175 1151 5233 fortassis
1185 5169 1511 5228 emendandi
1551 5175 1698 5224 sunt.

123 5279 331 5333 Intuere
353 5275 498 5330 hunc
522 5273 788 5344 psalmum
820 5272 962 5326 inter
987 5269 1163 5339 Opera
1185 5263 1469 5336 Augustini
1505 5262 1556 5316 in
1588 5260 1702 5332 pri-

124 5367 225 5422 mis
244 5365 454 5436 paginis
478 5373 610 5419 tom.
635 5361 707 5419 1X
753 5361 1010 5418 editionis
1040 5357 1367 5414 novissimae.
1398 5353 1474 5409 De
1494 5367 1560 5408 eo
1586 5352 1703 5421 ipse
1729 5396 1784 5457 Β

125 5458 238 5513 hac
265 5457 454 5513 scribit
500 5456 596 5513 lib.
645 5454 822 5527 primo
868 5453 1197 5516 Retractat.,
1238 5462 1359 5519 cap.
1388 5445 1504 5502 20:
1546 5443 1707 5499 Psal-

127 5565 266 5604 mum
301 5549 390 5620 qui
425 5549 490 5603 ab
539 5548 795 5619 imperitis
841 5555 888 5601 et
919 5544 1102 5600 idiotis
1129 5549 1456 5606 cantaretur,
1479 5554 1571 5609 per
1603 5535 1708 5591 La-

131 5645 262 5696 tinas
290 5641 492 5697 litteras
519 5642 639 5712 feci.
673 5640 826 5696 Tales
855 5648 1030 5694 autem
1057 5635 1394 5692 abeccdarios
1420 5629 1706 5703 appellant.

134 5735 257 5806 Ejus
280 5749 498 5806 generis
531 5742 615 5790 est
659 5732 945 5804 rhythmus
972 5729 1037 5784 de
1068 5725 1396 5789 Mediolano,
1425 5738 1586 5794 quem
1619 5738 1708 5777 su-

135 5843 224 5885 ora
255 5825 425 5888 innui.
450 5824 526 5880 uti
561 5831 615 5878 et
649 5822 787 5879 alter
829 5818 1150 5877 Adelmanni
1197 5814 1520 5873 Scholastici
1552 5822 1707 5868 antea

1797 4133 2158 4194 memoratus.
2181 4134 2578 4206 Alphabeticum
2617 4129 2766 4185 illum
2818 4129 3158 4185 Mabillonius
3195 4129 3383 4199 appel—

1796 4223 1960 4294 lavit,
1984 4226 2363 4283 Abecedarium
2395 4238 2526 4279 vero
2550 4219 2905 4293 Augustinus.
2962 4217 3206 4273 Similem
3253 4235 3388 4289 quo-

1798 4337 1904 4394 que
1935 4319 2077 4377 infra
2109 4320 2267 4383 dabo,
2293 4333 2359 4374 ex
2415 4315 2712 4372 Verenensi
2757 4313 2942 4368 codice
2966 4325 3285 4382 expressum
3318 4311 3389 4377 de

1797 4422 2024 4485 captura
2081 4411 2334 4466 Ludovici
2384 4407 2447 4462 ΙΙ
2499 4407 2755 4476 Augusti.
2806 4404 3078 4459 Praeterea
3125 4402 3255 4457 mihi
3306 4413 3392 4457 est

1801 4505 2091 4575 rhythmus
2133 4504 2188 4556 in
2235 4509 2496 4565 sanctum.
2531 4494 2816 4560 Zenonem,
2872 4508 2906 4548 a
2956 4497 3116 4564 s’upra
3173 4491 3390 4547 laudato

1799 4592 2164 4664 Campagnola
2199 4591 2267 4645 ad
2306 4603 2393 4644 me
2437 4588 2660 4658 missus,
2715 4595 2877 4656 atque
2921 4599 2989 4640 ex
3028 4583 3220 4640 eodem
3251 4583 3393 4637 anti-

1801 4687 2066 4759 quissimo
2096 4684 2284 4742 codice
2306 4690 2617 4752 excerptus,
2653 4679 2706 4734 in
2747 4692 2856 4748 quo
2886 4676 3072 4732 laudes
3101 4672 3390 4730 Mediolani

1794 4782 1908 4852 jam
1939 4785 2101 4850 supra
2127 4776 2284 4832 edita:
2313 4773 2652 4844 legebantur.
2701 4769 2769 4825 Et
2821 4767 2965 4824 istud
3009 4763 3391 4823 abecedarium

1802 4882 1904 4930 est.
1927 4873 2005 4928 En
2036 4869 2154 4939 ejus
2176 4866 2390 4922 initium
2418 4882 2432 4917 :
2488 4859 2496 4864 ’

1865 5003 2110 5058 Ἀιιάἱαηι
2135 4975 2412 5072 principes,
2441 4995 2662 5050 audiant
2683 4990 2884 5065 populi,
2901 4998 3005 5045 etc.

1804 5117 1916 5173 Illic
1937 5093 2202 5172 habetur:
2352 5094 2354 5096 ’

1878 5228 2049 5284 Kasta
2065 5230 2437 5297 permanserat
2460 5221 2666 5292 imperii
2685 5220 2823 5290 lilia,
2853 5227 2962 5274 etc.

1879 5322 2052 5392 Rogat
2087 5329 2137 5376 te
2167 5318 2467 5388 imperium,
2491 5315 2560 5370 ad
2581 5331 2636 5370 se
2663 5324 2712 5370 te
2737 5321 3008 5378 convocat,
3031 5305 3142 5368 etc.

1810 5438 1886 5493 lbi
1917 5438 2195 5509 imperium
2215 5448 2315 5505 pro
2347 5432 2687 5503 imperatore.
2721 5429 2793 5483 At
2822 5443 3038 5484 rursum
3066 5427 3190 5484 audi
3218 5427 3376 5498 Augu

1809 5531 2014 5586 stinum
2056 5528 2307 5584 eumdem
2361 5527 2428 5581 de
2473 5524 2566 5580 illo
2615 5523 2827 5594 psahno
2879 5522 3231 5591 loquentem:
3267 5519 3397 5573 Ideo

1812 5631 1988 5676 autem
2015 5635 2117 5673 non
2163 5617 2341 5691 aliqua
2387 5616 2640 5671 carminis
2686 5631 2869 5686 genere
2921 5614 2979 5667 id
3005 5612 3122 5684 ﬁeri
3148 5610 3311 5674 volui,
3339 5628 3401 5666 ne

1814 5733 1895 5770 me
1923 5711 2201 5790 necessitas
2231 5712 2446 5766 metrica
2472 5710 2540 5764 ad
2570 5709 2750 5779 aliqua
2773 5709 2927 5763 verba
2966 5703 3269 5776 quazqvulgo
3301 5704 3401 5759 nti-

1818 5825 1913 5863 mts
1936 5815 2054 5877 sunt
2083 5807 2304 5873 usitata,
2336 5801 2684 5871 compelleret.
2717 5800 2896 5867 Quare
2925 5809 3034 5854 tum
3065 5813 3131 5853 ex
3154 5795 3261 5856 his.
3290 5805 3402 5856 tum
