3834 6332
524 305 624 368 787

1301 315 1472 374 SA'ZC.
1505 315 1595 371 XI.
1638 317 1846 374 AUCT.
1871 289 2144 374 lNClillTl
2183 319 2348 377 ANNI
2388 323 2474 378 ET
2514 323 2776 380 SCRlPT.
2813 329 3027 385 'AAt-Istt.
3657 336 3719 388 is}

524 423 1708 516 prii-mentri-ppsita_tn__liunuiel~Francorum
1747 425 1944 498 regina:
1975 442 2118 516 anno
2157 430 2280 498 954,
2314 447 2476 501 quam
2502 434 2710 505 profert
2762 436 3102 494 Mabillonius
3157 452 3339 509 nuper
3394 438 3720 514 laudatuslps

523 493 733 564 primos
757 500 963 548 tantum
990 509 1177 549 versus
1201 495 1431 550 exhibeo
1461 515 1472 550 :

887 585 1236 642 SANGVINE
1274 583 1618 645 CIESAREO
1653 588 1869 645 JACET
1901 590 2011 646 HlC
2048 589 2366 648 EXCELSA
2400 590 2743 661 PROPAGO,

1023 677 1462 735 FltANCORVM
1501 679 1772 736 POPVLO
1815 680 2114 737 PRODlTA
2149 683 2236 738 DE
2275 681 2556 760 KAROLO
2594 691 2700 739 etc.

527 769 681 835 Quod
709 769 752 824 si
775 769 932 840 plura
975 771 1025 826 id
1053 787 1227 844 genus
1255 774 1531 846 epitaphia
1555 773 1727 846 cupis,
1755 774 1840 828 adi
1873 773 2116 844 ejusdem

523 857 814 916 llabillonii
835 862 1113 919 Analecta.
1130 865 1364 921 Consule
1390 866 1551 921 etiam
1574 866 1814 922 Annales
1835 867 2118 922 Treviren-
2149 857 2194 913 Α

521 968 609 1006 ses
646 953 907 1018 Broweri,
931 957 1021 1026 qui
1055 958 1220 1013 nulla
1248 957 1403 1015 aﬁ‘ert
1424 959 1634 1014 seculis
1654 969 1868 1027 octavo,
1901 975 2042 1015 nono
2066 967 2123 1016 et

519 1040 728 1097 decimo
746 1045 1060 1114 compositi.
1077 1045 1278 1102 Eodem
1301 1057 1478 1102 autem
1502 1047 1697 1103 saeculo
1718 1048 1926 1104 decimo
1941 1048 2120 1104 ﬁoruit

518 1131 872 1191 Fr'cdoardus
898 1136 1206 1206 Remensis,
1231 1139 1324 1209 qui
1357 1140 1407 1193 in
1432 1138 1674 1194 carmine
1701 1140 1766 1195 de
1791 1138 1912 1194 Vita
1937 1139 2122 1198 Sancti

521 1221 842 1281 Columbani
876 1227 1076 1284 multos
1123 1229 1400 1286 interserit
1430 1245 1644 1296 versus,
1677 1231 1864 1286 eodem
1889 1232 2121 1288 artiﬁcio

878 1335 891 1373 :
949 1320 1089 1389 quod
1140 1331 1192 1376 et
1246 1321 1498 1390 praestitit
1547 1321 1812 1378 Rosvitha
1848 1363 1863 1388 ,
1917 1323 2120 1379 incom-

519 1313 826 1372 elaboratas

521 1407 783 1473 parabilis
813 1409 1052 1479 ejusdem
1086 1411 1268 1466 szcculi
1304 1412 1753 1476 sanctimonialis,
1790 1412 1844 1466 in
1873 1414 2114 1470 carmine

2229 779 2295 834 de
2348 776 2516 849 gestis
2571 776 2828 834 Oddonis.
2878 778 2957 834 En
3007 781 3143 836 ducs
3171 789 3392 836 tantum
3426 782 3552 840 illius
3575 802 3730 847 versus:
3800 785 3801 792 “

2300 913 2590 987 Postquam
2627 915 2742 970 Rex
2772 931 2976 985 regum,
3005 916 3095 986 qui
3123 914 3273 970 solus
3316 929 3489 986 regnat
3516 920 3561 972 in
3581 940 3713 987 cur,

2305 1005 2412 1062 Per
2435 1023 2491 1063 δε
2515 1018 2824 1063 cunctorum
2850 1017 3211 1062 transmutans
3243 1018 3481 1077 ιειιιροηι
3501 1027 3732 1080 regulum,

2235 1139 2424 1195 Finem
2496 1140 2716 1196 vivendi
2783 1139 2915 1196 fecit
2980 1156 3124 1196 anno
3183 1141 3399 1196 Christi
3447 1143 3542 1198 993
3587 1161 3734 1203 sancti:

2233 1231 2587 1290 Gebehardus
2636 1232 3078 1289 Constantiensis
3121 1233 3442 1304 episcopus,
3492 1236 3623 1307 eique
3658 1250 3733 1295 tua

2231 1323 2469 1392 positum
2522 1321 2626 1378 fuit
2674 1321 3052 1393 epitaphium,
3093 1338 3122 1378 a
3167 1323 3398 1379 Canisio
3437 1336 3488 1379 et
3531 1325 3657 1382 Suri)
3686 1346 3736 1383 rc-

2225 1413 2417 1469 latum.

881 1501 1126 1556 DEBITA
1161 1502 1341 1557 PARS
1381 1503 1638 1558 'I‘ERRIE
1678 1504 2063 1560 FALLENTIA
2120 1491 2449 1563 TEMPORA
2489 1505 2782 1572 SPERNE,

891 1593 979 1646 ΕΤ
1019 1593 1404 1649 MEMOBARE
1446 1594 1603 1659 VIIE,
1644 1595 1837 1662 QVAM
1877 1595 2246 1654 TESTATVR
2285 1597 2461 1654 ClNlS
2490 1597 2663 1654 ISTE.

878 1683 1135 1740 GENTIS
1175 1686 1411 1742 11οΝοΠ
1451 1686 1753 1742 ΝΟΞΤΒᾸΞ
1790 1686 2004 1742 IACET
2045 1687 2176 1757 llIC,
2212 1689 2462 1746 GENTIS
2503 1689 2734 1747 DOLOR
2773 1689 3054 1758 ATQVE;

603 1829 606 1832 .
881 1776 1214 1834 PRAEFUIT
1255 1779 1415 1835 HUIC
1455 1780 1636 1846 URBI,
1677 1781 1954 1838 CUNCTO
1992 1781 2121 1838 SED
2157 1783 2461 1840 PllOFUlT
2495 1784 2681 1851 ORBI,
2705 1794 2812 1840 etc.

518 1867 838 1922 Adchuauni
896 1867 1214 1924 Scholastici
1267 1870 1580 1940 Rhythmum
1636 1871 2044 1942 alphabeticum,
2075 1888 2105 1927 a
2217 1875 2627 1932 consuetudinis
2679 1884 2870 1931 testem
2922 1877 3261 1932 luculentum
3315 1877 3456 1934 dabo
3503 1878 3734 1942 Otblouum,

520 1962 855 2031 p-axlaudato
887 1962 1196 2019 Mabillonio
1227 1963 1366 2019 inter
1395 1965 1656 2021 Analecta
1688 1967 1915 2031 editum,
1945 1980 2110 2034 supra

2227 1964 2550 2020 Monachum
2582 1964 3288 2033 Saut-Emmcramensem,
3314 1968 3468 2037 cujus
3483 1967 3630 2039 Opera
3649 1973 3736 2024 eiul

521 2054 838 2107 memoravi.
871 2054 919 2107 ls
943 2055 1008 2108 ad
1035 2055 1288 2109 saeculum
1323 2073 1373 2110 ει
1409 2065 1640 2127 spectat,
1671 2058 2114 2128 conqositusmte
2146 2091 2195 2152 Β
2225 2058 2376 2127 gavit
2426 2072 2589 2128 supra
2625 2057 2878 2111 laudatus
2917 2057 2978 2111 P.
3021 2057 3222 2113 Pezius
3281 2070 3426 2128 part.
3485 2077 3518 2115 ιι
3573 2064 3670 2115 torni
3702 2065 3734 2115 111

523 2145 624 2200 fuit
650 2146 870 2202 circiter
901 2162 1099 2201 annum
1126 2147 1282 2203 1055.
1313 2147 1448 2204 Tres
1472 2150 1964 2220 versus'stmpham
1989 2165 2118 2206 con-

523 2235 730 2303 ﬁciunt,
763 2252 826 2292 ac
853 2237 1186 2308 singulorum
1209 2239 1332 2294 ﬁnis
1358 2239 1521 2296 simili
1544 2241 1748 2313 syllaba
1777 2249 2008 2308 constat,
2040 2241 2118 2297 uti

522 2339 553 2379 e
583 2326 758 2396 prima
786 2327 1010 2397 stropha
1034 2327 1337 2383 constabit:

594 2415 889 2470 Armonicre
918 2416 1191 2486 facultatis
1221 2418 1525 2488 adspirante
1549 2420 1755 2491 gratia,

591 2507 780 2578 Refero
803 2511 940 2564 viros
969 2510 1222 2577 illustres,
1256 2510 1550 2566 litterarum
1581 2513 1804 2580 lumina,

597 2599 742 2666 Quos
775 2602 969 2656 recenti
1000 2603 1310 2658 recordatur
1329 2620 1474 2658 mens
1497 2603 1677 2660 dolore
1702 2605 1904 2672 saucia,
1938 2615 2043 2663 etc.

521 2698 806 2752 Cousonas
830 2710 1048 2768 quoque
1067 2711 1232 2754 voces
1255 2697 1307 2752 in
1324 2697 1434 2754 ﬁne
1457 2698 1836 2771 rhythmorum
1853 2699 2114 2764 invenias,

520 2805 655 2858 quos
699 2797 918 2844 sanctus
964 2789 1251 2845 Fulbertus
1299 2797 1428 2846 ante
1476 2790 1876 2847 Adelmannum
1929 2793 2118 2849 elucu-

520 2881 718 2936 bravit.
769 2881 1014 2936 Similem
1065 2883 1377 2954 rhythmum
1407 2882 1630 2940 circiter
1672 2900 1876 2940 annum
1915 2883 2118 2940 Christi

524 2974 660 3029 1075
693 2975 1041 3046 Landulphus
1077 2975 1305 3044 Senior,
1347 2976 1642 3033 historicus
1674 2977 2116 3044 Mediolanensis,

527 3068 778 3136 procudit
801 3067 853 3123 in
882 3069 986 3124 ﬁne
1011 3069 1135 3125 libri
1166 3070 1323 3139 primi
1356 3069 1611 3126 Historiae
1631 3085 1660 3124 a
1679 3086 1766 3126 me
1785 3071 1944 3126 editae
1972 3079 2118 3126 torno

521 3159 589 3215 ιν
618 3160 746 3216 lter.
781 3161 1012 3216 ltalicar.
1050 3162 1248 3232 Accipe
1271 3162 1506 3232 priorem
1530 3163 1811 3234 stropham
1842 3183 1856 3217 ε

596 3252 724 3310 Jesu
751 3253 980 3321 Christe,
1009 3253 1255 3325 splendor
1285 3252 1483 3319 Patris,
1517 3255 1622 3325 via,
1650 3256 1837 3311 veritas
1867 3264 1916 3310 et
1942 3256 2070 3323 vita,

598 3347 847 3403 Omnium
876 3346 1193 3418 Redemptor
1220 3347 1323 3418 pie,
1354 3356 1660 3402 cunctorum
1699 3348 1939 3419 aequitas,

606 3442 885 3500 Universos
909 3446 998 3517 qui
1023 3455 1072 3500 te
1096 3437 1338 3516 quierunt
1369 3453 1460 3499 tua
1485 3442 1642 3516 replet
1667 3445 1922 3500 charitas.

521 3534 578 3589 la
610 3535 785 3604 primo
815 3549 972 3590 versu
1016 3535 1302 3606 legendum
1332 3545 1415 3592 est
1453 3537 1554 3591 vita
1587 3544 1635 3590 et
1672 3522 1881 3590 ueritas.
1914 3533 2118 3589 Eodem

523 3638 698 3684 metro
741 3629 923 3684 caeteri
968 3627 1290 3698 procedunt.
1341 3628 1451 3684 Sed
1497 3637 1553 3684 et
1585 3628 1728 3684 idem
1771 3627 2121 3699 Landulphus

525 3720 622 3776 lib.
664 3735 746 3784 ut,
789 3736 910 3790 cap.
958 3718 1056 3786 16,
1108 3721 1277 3776 refert
1318 3720 1669 3786 cantilenam,
1712 3721 1814 3776 hoc
1840 3728 1924 3775 est
1964 3722 2120 3792 rhyt-

526 3827 694 3876 mum,
719 3828 874 3880 super
904 3823 1100 3867 statum
1127 3813 1259 3884 regis
1289 3811 1504 3877 Alberti,
1539 3813 1594 3867 in
1619 3829 1728 3883 quo
1757 3812 2117 3869 describendo

529 3919 634 3959 non
666 3903 833 3958 semel
861 3905 1104 3972 peccavit
1129 3905 1385 3975 antiquus
1428 3904 1733 3960 Librarius.
1786 3904 1885 3960 Vix
1937 3906 2121 3962 dubito

530 3998 659 4069 quin
683 3996 948 4066 ejusmodi
979 3997 1264 4068 rhythmus
1301 3996 1585 4055 confectus
1633 3996 1796 4052 fuerit
1833 4012 1938 4066 quo
1987 4006 2121 4052 tern-

530 4105 660 4160 pore
681 4104 748 4145 ex
775 4103 941 4160 regno
985 4087 1152 4144 Italiae
1191 4088 1397 4144 excidit
1423 4087 1774 4154 Adclbertus,
1805 4087 2120 4160 Berengarii

529 4184 565 4238 tl
598 4182 762 4248 ﬁlius,
795 4181 958 4237 llali;e
993 4196 1108 4247 rex,
1141 4181 1193 4236 id
1217 4189 1302 4238 est
1329 4181 1552 4238 circiter
1578 4195 1778 4235 annum
1824 4180 1952 4235 962.
2001 4180 2123 4252 jlos

530 4275 598 4329 rbi
634 4274 1006 4329 animadverte
1030 4288 1245 4339 versus,
1282 4272 1337 4329 in
1366 4273 1483 4345 ejus
1543 4281 1916 4343 contemptum
1970 4286 2124 4329 more

531 4375 768 4421 veterum
794 4364 1163 4420 Romanorum
1193 4365 1480 4421 Mediolani
1514 4365 1804 4422 cantitatos
1835 4374 1850 4422 ξ

817 4455 909 4522 Te,
944 4457 1173 4524 Alberte,
1213 4458 1358 4512 decet
1389 4473 1589 4525 nemus,

818 4547 882 4603 Et
909 4549 1153 4603 Ottonem
1182 4557 1355 4603 manet
1376 4548 1552 4604 decus.

815 4638 927 4693 Pro
957 4638 1184 4709 infamia
1208 4637 1466 4709 Walperti

817 4731 888 4786 Te
910 4732 1050 4786 decet
1079 4731 1199 4802 alga
1225 4731 1389 4802 regni.

817 4823 926 4878 Pro
958 4824 1135 4894 regina
1166 4840 1305 4878 nunc
1329 4823 1523 4880 Latina

820 4913 973 4969 Utere
993 4915 1109 4985 jam
1134 4933 1270 4971 nunc
1300 4918 1530 4971 marina.

817 5009 928 5064 Pro
954 5010 1117 5080 regali
1145 5023 1347 5081 sceptro
1373 5022 1552 5066 nostro

826 5099 1029 5156 Fruere
1056 5101 1178 5171 jam
1207 5103 1353 5157 navis
1391 5110 1582 5166 rostro,
1607 5109 1712 5157 etc.

533 5191 850 5261 Landulpho
878 5192 1220 5264 syncbronus
1250 5193 1351 5247 fuit
1381 5193 1582 5259 Benzo,
1635 5193 2126 5264 pseudoepiscopus

532 5284 804 5349 Albensis;
838 5285 928 5354 qui
955 5285 1226 5355 praecipue
1253 5285 1404 5342 hisce
1431 5285 1699 5355 rhythmis
1719 5285 2016 5341 delectatus
2044 5294 2130 5342 est

531 5378 587 5432 in
614 5375 879 5431 lutulento
908 5375 1239 5446 Panegyrico
1268 5369 1486 5432 llenrici
1515 5375 1579 5430 IV
1602 5376 1906 5432 Germanias
1963 5377 2125 5444 regis,

534 5479 683 5524 tomo
711 5467 886 5540 primo
914 5466 1252 5535 Scriptorum
1322 5468 1449 5524 Rer.
1504 5467 1878 5524 Germanicar.
1910 5467 2130 5523 Menke-

534 5562 632 5618 nii.
664 5561 732 5617 Et
756 5575 887 5616 sane
909 5557 1098 5614 eodem
1117 5558 1315 5614 saeculo
1330 5576 1382 5614 ιιι
1406 5562 1478 5614 ita
1498 5559 1748 5616 homines
1773 5547 2128 5630 capiebantur

533 5655 820 5711 harmonia
851 5651 1116 5723 ejusmodi
1136 5666 1391 5708 versuum
1428 5652 1866 5716 consonantium,
1888 5659 1944 5705 ut
1969 5651 2124 5721 pauci

534 5744 953 5806 muneraremur
985 5744 1152 5800 Musis
1175 5744 1398 5808 addicti,
1429 5745 1520 5812 qui
1551 5745 1790 5799 carmina
1815 5759 1915 5797 sua
1939 5744 2122 5808 hocce,

510 5851 590 5911 ut
615 5841 920 5912 putabant,
973 5844 1296 5898 ornamento
1353 5835 1608 5893 dQStituta
1677 5832 1906 5891 vellent."
1963 5834 2124 5903 Cujus

2230 2148 2496 2205 Thesaur.
2529 2148 2863 2204 Anecdotor.
2905 2148 3195 2205 Norissim.
3241 2151 3498 2206 Florehat
3529 2159 3735 2207 monet-tm;

2222 2241 2326 2298 iste
2353 2255 2496 2296 anno
2517 2240 2717 2296 Christi
2753 2240 2891 2295 1050
2915 2249 2966 2296 et
3005 2251 3128 2312 post
3157 2257 3220 2296 se
3267 2242 3510 2297 carmina
3537 2245 3732 2313 complura

2221 2333 2461 2405 reliquit,
2505 2334 2560 2389 in
2589 2334 2790 2406 quibus
2807 2334 3074 2404 plurimos
3105 2351 3306 2390 versus
3350 2345 3667 2390 consonantes
3684 2337 3734 2387 in-

2220 2427 2428 2483 venias.
2452 2426 2503 2483 ls
2528 2436 2709 2483 autem
2732 2428 2785 2482 in
2812 2428 3058 2482 carmine
3085 2426 3162 2482 De
3185 2428 3438 2482 doctrina
3466 2428 3676 2498 spirituali
3701 2431 3732 2480 in

2219 2518 2337 2575 haec
2363 2520 2526 2575 verba
2564 2518 2803 2590 loquitur
2837 2536 2851 2574 :

2292 2610 2464 2668 Porro
2489 2613 2630 2684 quod
2658 2613 2922 2668 interdum
2950 2611 3213 2683 subjungo
3237 2628 3477 2670 CONSONA
3513 2628 3666 2676 rem,

2295 2705 2427 2771 Qua:
2450 2721 2587 2762 avra:
2617 2722 2909 2764 un'ronvn
2949 2707 3143 2760 nimius
3169 2706 3443 2762 desiderat
3467 2721 3593 2772 rsrs,

2229 2851 2234 2872 ἶ
2299 2797 2416 2854 Hoc
2438 2817 2642 2871 quoque
2669 2799 2940 2855 verborum
2977 2798 3094 2870 plus
3114 2799 3307 2854 ordine
3343 2799 3641 2857 convenietin.

2301 2888 2531 2960 Insuper
2557 2904 2786 2954 mrtem
2815 2890 2880 2944 de
2904 2903 3312 2943 cossvr-zrvmne
3345 2888 3464 2957 feri.

2225 2981 2294 3038 Ut
2326 2981 2497 3057 vides,
2530 2998 2761 3037 consona
2790 2981 2944 3036 verba
2969 2981 3112 3051 apud
3139 2989 3366 3036 veteres
3417 2979 3724 3050 appellabantur

2221 3089 2341 3144 qua:
2390 3073 2736 3144 nunc_nobis
2784 3073 2914 3126 rime
2989 3072 3291 3138 dicuntur;
3341 3083 3500 3142 atque
3547 3070 3724 3140 ejusmult

2220 3181 2448 3239 poeseos
2473 3175 2727 3222 currente
2753 3165 2956 3221 saeculo
2982 3181 3036 3220 xr
3073 3165 3299 3235 antiqua
3330 3175 3449 3220 erat
3479 3165 3721 3218 renuendo.
3800 3207 3801 3238 ἰ

2222 3261 2402 3328 Quare
2430 3260 2505 3314 nil
2535 3260 2732 3314 mirum
2755 3259 2802 3314 si
2833 3259 3182 3327 subsequenti
3213 3257 3420 3313 szeeulo
3451 3275 3518 3312 xu
3545 3255 3724 3309 lautitiar-

2224 3351 2276 3407 in
2307 3352 2457 3407 ltalia
2480 3366 2698 3422 quoque
2727 3351 2870 3406 idem
2916 3351 3156 3406 studium
3187 3350 3364 3406 fuerit
3389 3351 3624 3405 Musarum
3650 3347 3719 3399 cui

2152 3444 2194 3502 C
2223 3445 2454 3514 toribus.
2486 3443 2623 3499 Vide
2670 3443 3032 3509 Donizouem,
3067 3443 3157 3512 qui
3216 3459 3369 3498 anno
3431 3443 3554 3498 1115
3600 3453 3720 3510 [noenu

2220 3537 2502 3594 contexuit
2528 3536 2593 3592 de
2624 3533 2745 3590 Vita
2777 3537 3064 3592 comitissa:
3097 3537 3402 3591 Mat/rildis.
3436 3534 3720 3590 Animadverte

2219 3626 2692 3698 quibusversibus
2713 3625 3033 3682 Guilielmus
3061 3627 3272 3695 Apulus
3303 3625 3504 3684 librum
3547 3623 3717 3689 quintum

2219 3719 2283 3772 de
2316 3715 2702 3772 Northmannis
2730 3717 3036 3771 concludat.
3068 3717 3203 3772 Vide
3227 3719 3396 3772 etiam
3451 3728 3714 3777 anouymum.

2221 3811 2311 3880 qui
2342 3809 2564 3874 circiter
2589 3824 2792 3863 annum
2830 3809 2967 3862 “27
3019 3825 3212 3878 poema
3271 3809 3470 3864 struxit
3511 3809 3566 3860 de
3586 3803 3717 3858 mitia

2222 3904 2364 3958 urbis
2423 3901 2692 3957 Comensis
2725 3918 2743 3956 :
2774 3901 2849 3954 uti
2909 3911 2963 3954 et
3010 3900 3360 3971 Radulphum
3402 3900 3716 3956 Carloruensm.
3800 3971 3801 3976 γ

2222 3995 2308 4051 cui
2331 3994 2490 4050 Gesta
2523 3993 2780 4047 Tancredi
2811 3993 3065 4062 principis
3087 3991 3371 4060 debemus,
3394 3993 3582 4056 circiter
3598 3989 3715 4040 eadem

2223 4096 2466 4158 tempora
2497 4095 2671 4139 metro
2697 4101 2760 4138 ac
2789 4100 2944 4154 prosa
2973 4085 3281 4156 conscripta
3317 4104 3330 4140 :
3367 4085 3573 4150 denique
3601 4076 3710 4132 Gale-
3800 4135 3801 4156 χ

2225 4181 2349 4235 ft'idi
2381 4179 2738 4234 Vitet'biensis
2764 4174 3062 4242 Pantheon,
3117 4187 3172 4231 et
3225 4176 3482 4233 Gaut‘redi
3507 4172 3715 4226 Malalt‘rrr

2226 4272 2515 4344 Historiam
2539 4271 2797 4336 Siculam,
2816 4285 2938 4340 qua:
2956 4271 3138 4324 omnia
3160 4270 3527 4339 complectitur
3543 4257 3716 4318 Colit-uio
3800 4313 3801 4344 ᾖ

2223 4379 2345 4420 mea
2379 4341 2577 4418 Rerum
2638 4360 2971 4426 Italicarum,
3019 4360 3292 4430 praecipue
3350 4367 3488 4412 tonio
3518 4354 3568 4406 \'.
3609 4350 3714 4413 L95“

2224 4469 2441 4526 quoque
2471 4452 2628 4507 velim
2662 4452 2946 4523 rhythmos
2963 4452 3248 4520 quosdam,
3276 4469 3304 4506 a
3343 4447 3598 4506 venerabili
3617 4445 3716 4497 l'ctm

2226 4545 2573 4607 Cluniacensi
2631 4546 2828 4600 abbate
2890 4544 3113 4599 circiter
3160 4560 3364 4600 annum
3427 4540 3595 4598 Christi
3632 4535 3713 4590 1151.Ι

2228 4639 2581 4709 compositos,
2631 4637 2681 4690 in
2720 4621 2918 4705 quibus
2948 4636 3200 4690 eumdem
3256 4653 3442 4692 vocum
3489 4637 3712 4687 cotlcculuu

2231 4731 2494 4788 invenias.
2536 4728 2806 4783 Przcterco
2855 4729 3137 4782 innumera
3170 4727 3274 4781 alia
3303 4743 3420 4782 eum
3466 4734 3616 4783 metra,
3646 4728 3709 4768 tum

2107 4861 2109 4863 ι
2151 4800 2204 4860 Ῑ)
2231 4823 2534 4894 rhythmos,
2562 4820 2751 4874 eodem
2783 4818 3013 4874 artiﬁcio
3037 4818 3339 4884 elaborata,
3371 4817 3577 4885 mihique
3601 4825 3623 4864 ε
3643 4820 3712 4860 rno-

2230 4913 2508 4969 numentis
2537 4911 2717 4968 saeculi
2743 4928 2818 4974 rx,
2852 4927 2885 4963 χ
2917 4921 2972 4965 et
2999 4911 3439 4982 subsequentium
3466 4906 3708 4963 collectamc

2229 5006 2427 5060 nimius
2455 5005 2580 5060 sim.

2239 5135 2253 5150 .
2303 5097 2449 5152 Nihil
2475 5105 2657 5152 tamen
2685 5095 3157 5151 dissimulamlum.
3184 5095 3437 5164 Pleraque
3455 5108 3511 5147 ex
3548 5088 3610 5143 his
3634 5094 3702 5134 ςπ-
3800 5095 3801 5142 1

2231 5189 2486 5251 minibus,
2517 5186 2840 5258 rhythmicis
2864 5195 2957 5240 aut
2986 5186 3325 5252 mctricis,eo
3356 5195 3534 5240 tantum
3557 5171 3706 5231 artiﬁci!
3800 5177 3801 5238 ξ

2233 5287 2507 5343 constant,
2539 5287 2598 5332 ut
2628 5277 2788 5331 unica
2819 5276 3023 5348 syllaba
3084 5275 3137 5330 in.
3169 5277 3344 5330 medio
3370 5287 3506 5327 versu
3545 5261 3700 5321 adhibita

2233 5387 2424 5429 sonum
2459 5369 2652 5426 reddat
2704 5369 2936 5424 simileru
2991 5368 3209 5438 syllabae
3255 5364 3521 5429 claudenti,
3557 5365 3702 5420 aull“I
3800 5369 3801 5374 “

2233 5474 2443 5520 tantum
2469 5461 2672 5534 syllaba
2702 5461 2932 5516 duorum
2960 5474 3211 5515 versuum
3238 5461 3388 5514 linem
3409 5443 3697 5522 occupantium

2233 5572 2385 5621 vero,
2417 5566 2473 5611 ut
2497 5570 2660 5624 supra
2695 5555 2867 5618 innui,
2898 5551 3156 5622 singulari
3184 5547 3431 5622 fortassis
3453 5537 3697 5624 appellatione

2236 5647 2454 5703 Leonini
2480 5661 2670 5702 versus
2701 5645 2736 5698 ii
2772 5643 3084 5698 dicerentur
3114 5641 3165 5695 in
3194 5640 3382 5712 quibus
3417 5634 3595 5706 gemine
3629 5618 3693 5691 si"

2237 5740 2372 5796 laba!
2407 5739 2600 5807 longae,
2634 5742 2730 5788 aut
2754 5742 2886 5796 tres,
2914 5731 2956 5786 si
2988 5731 3281 5800 penultinta
3303 5727 3459 5784 brct'is
3477 5720 3693 5783 retensum

2238 5829 2432 5903 aequali
2457 5828 2558 5886 sibi
2583 5824 2974 5898 responderent
3005 5823 3060 5881 in
3089 5823 3264 5878 medio
3291 5832 3336 5875 et
3363 5822 3447 5873 ﬁne
3475 5826 3621 5870 versus,
3639 5810 3691 5853 JSI
