3834 6332
19 390 94 447 m
1289 358 1612 416 uuvrtnu
1648 355 1988 414 vermes.

3158 353 3262 409 790

19 521 60 560 ιιι
90 501 184 553 line
204 497 428 550 deorum
471 499 721 543 versuum
749 501 761 535 :
793 479 1055 537 dubitatio
1085 477 1259 532 adhuc
1290 491 1574 546 superesse
1603 481 1648 539 Λ
1680 475 1942 530 dederunt
1965 474 2120 528 beato
2169 471 2406 541 lliartiuo
2461 470 2721 541 pontiﬁci,
2759 469 3107 540 θεριρεῑωφιε
3133 471 3264 539 fsme

19 587 326 666 potestsitue
355 579 519 650 hujus
547 575 764 632 artificii
795 572 1034 628 inventio
1068 577 1161 626 aut
1185 569 1447 640 perfectio
1476 569 1576 622 tri-

19 660 200 737 buenda
223 672 388 728 Leoni
421 666 709 725 Parisiensi
743 673 932 735 poetae,
960 662 1053 732 qui
1103 660 1325 716 circiter
1375 674 1587 719 annum,

19 773 134 830 1190
154 767 346 824 ﬂoruit.
385 764 583 820 Verum
608 773 840 830 quonam
860 756 1008 828 justo
1037 753 1190 808 titulo
1233 753 1286 808 in
1341 752 1578 807 Leonem

19 873 139 925 hante
167 859 541 919 transferenda
586 848 658 912 sit
713 851 1200 924 ejusmodi-gloria
1248 865 1354 904 non
1400 851 1578 917 video,

19 959 208 1031 quando
244 963 323 1011 tot
352 952 445 1007 alii
478 949 608 1005 mibi
642 952 938 1003 occurrunt
977 945 1067 1016 qui
1098 952 1380 998 ante-eum
1411 949 1582 996 metra

19 1064 94 1108 unt
118 1049 394 1122 rhythmos
433 1044 548 1115 pari
577 1037 1141 1105 condidereartiﬁcio.
1169 1034 1304 1099 Nam
1329 1035 1473 1104 quod
1499 1043 1605 1089 est.-

19 1149 72 1201 illi
97 1142 390 1215 singulares
413 1152 603 1194 versus
630 1132 891 1190 consonis
916 1130 1140 1187 vocibus
1188 1137 1498 1192 contextos,
1529 1127 1603 1187 in,

19 1241 72 1293 iis
98 1205 386 1306 pangendis
414 1230 653 1286 Leonem
679 1224 894 1295 plurimi
920 1205 1284 1294 praecesseref
1317 1221 1382 1274 Et
1409 1220 1584 1300 primo

20 1296 384 1400 quideniltalia
413 1318 712 1393 ipsanobis
740 1317 998 1371 continuo
1022 1315 1240 1371 exhibet
1265 1296 1584 1382 magistrum

22 1425 212 1494 Moysen
233 1420 680 1488 Bergomensem,
707 1423 981 1469 auctorem
1019 1407 1277 1464 carminis
1312 1404 1390 1457 De
1413 1402 1586 1456 laudi-

24 1517 101 1569 bus
128 1511 380 1582 Bergomi.
426 1523 458 1562 a
498 1521 584 1562 me
630 1506 759 1562 editi
790 1515 938 1558 tomo
985 1501 1029 1556 γ
1067 1499 1199 1554 Rer.
1253 1495 1591 1550 Italicarum.

25 1605 280 1663 Scribebat
318 1601 408 1663 ille
439 1600 660 1656 circiter
681 1612 886 1654 annum
951 1591 1153 1650 Christi
1207 1588 1366 1651 119.0,
1424 1593 1588 1656 atque

27 1703 64 1756 is
93 1713 211 1754 sane
238 1696 293 1750 in
321 1695 432 1748 line
467 1705 725 1747 versuum
751 1693 1097 1744 consectatus
1121 1690 1206 1737 est
1231 1681 1458 1736 duarum
1481 1675 1590 1747 syl-~

27 1794 238 1848 labarum
261 1800 566 1859 perennem
597 1789 945 1841 concentum.
992 1777 1081 1832 Ita
1119 1789 1275 1830 suum
1309 1769 1590 1828 exorditur

29 1898 189 1957 poema
217 1898 234 1938 :

96 1997 218 2050 Alme
240 1993 385 2052 Deus
411 2000 606 2055 rector,
629 1987 719 2058 qui
741 1983 1102 2058 mundixfreua
1124 1980 1406 2052 gubernas,
1426 2039 1436 2044 κ

93 2086 188 2142 Nec
209 2085 336 2140 sinis
361 2084 564 2153 absque
588 2080 744 2136 modo
783 2077 928 2132 sedes
950 2076 1160 2145 fluitare
1180 2085 1456 2142 supernas,
1481 2077 1590 2122 etc.
1612 2125 1620 2130 ,

32 2181 204 2236 Eodem
229 2180 362 2249 pede
381 2175 687 2248 procedunt
714 2170 910 2240 reliqui
959 2181 1170 2224 versus.
1202 2164 1308 2219 Sed
1341 2171 1397 2216 et
1449 2161 1591 2215 anti-

34 2275 224 2345 quiores
251 2279 376 2326 sunt
405 2283 549 2337 «tuos
576 2268 628 2320 in
658 2267 926 2328 honorem
973 2259 1145 2319 sancti
1182 2257 1320 2314 Lulli
1357 2253 1594 2336 episc-Opi

37 2363 295 2436 lloguntini
331 2359 646 2420 Wilieltnns
675 2351 1174 2416 Malmeshuriensis
1198 2349 1290 2404 lib.
1319 2349 1492 2427 primo
1523 2345 1597 2400 De

38 2465 150 2528 gest.
174 2469 283 2526 reg.
316 2451 480 2524 Angl.
516 2449 733 2507 circiter
757 2460 958 2500 annum
989 2442 1124 2507 ΗΞ]
1158 2441 1428 2496 scribebat
1452 2455 1509 2492 se
1567 2451 1607 2499 a_
1650 2517 1656 2528 Α

39 2547 238 2620 pueritia
259 2544 518 2609 audisse;
549 2539 802 2596 videlicet
831 2556 845 2590 ;

97 2665 300 2718 Antistes
333 2658 551 2721 bullus,
581 2669 690 2726 quo
712 2668 815 2707 non
845 2660 918 2704 est
943 2649 1175 2704 sanctior
1196 2646 1335 2702 ullus

99 2754 286 2808 Pollens
322 2753 534 2815 diuina,
567 2746 820 2802 tribuente
849 2741 979 2806 Deo,
1010 2740 1308 2803 mediciua,_

100 2846 314 2902 Occum‘t
347 2841 573 2905 morbis,
597 2849 651 2901 ut
684 2847 822 2891 totus
857 2834 1110 2905 prardicat
1142 2831 1306 2888 orbis.

45 2943 418 3012 Vetustissimos
451 2965 676 3025 quoque
699 2963 890 3005 versus
929 2956 1032 3010 est;
1065 2961 1172 3016 quo
1205 2945 1285 2999 usi
1314 2952 1437 2997 sunt
1496 2957 1601 2996 non

49 3051 173 3120 pauci
200 3065 228 3107 e
273 3046 623 3106 Germanicis
669 3040 1087 3114 imperatoribus
1142 3039 1194 3091 in
1227 3038 1340 3092 suis
1383 3033 1596 3105 sigillis.

48 3145 329 3216 Exemplum
357 3143 506 3199 dabo
539 3139 764 3210 petitum
820 3150 886 3190 ex
941 3131 1280 3202 autograper
1311 3129 1604 3200 diplomate

49 3238 165 3305 quod
189 3238 238 3292 in
266 3253 360 3293 suo
389 3233 666 3290 tabulario
693 3236 944 3286 asservat
973 3225 1274 3295 capitulum
1315 3222 1606 3278 canonico-

52 3345 146 3383 runt
165 3328 508 3386 Lucensium.

53 3459 259 3530 Diploma
283 3457 522 3530 Canradi
562 3453 988 3530 i‘nttgusti1quo
1017 3448 1293 3530 privilegia
1323 3447 1603 3515 conﬁrmat

324 3528 602 3584 canonicis
625 3521 978 3588 Lucensibus,
995 3537 1134 3575 anno
1162 3521 1315 3573 l038.

109 3645 155 3700 In
177 3645 382 3702 nomine
410 3649 620 3700 sancta:
644 3647 698 3694 et
726 3637 1014 3692 individuze
1060 3633 1364 3687 'l‘rinitatis.
1394 3631 1612 3687 Chaona-

55 3737 205 3805 radus,
231 3736 402 3793 divina
429 3734 650 3789 favente
665 3729 970 3792 clementia,
993 3725 1358 3780 Romanorum
1380 3723 1614 3793 impera-

57 3829 412 3901 torAugustus.
468 3823 610 3892 Quia
641 3823 797 3876 decet
853 3817 1157 3889 imperialis
1212 3815 1614 3887 magniﬁcentia

58 3919 152 3980 loca
179 3930 353 3977 sancta
383 3919 569 3975 ditare
599 3923 764 3984 atque
789 3909 1062 3972 venerari,
1093 3919 1150 3968 et
1175 3907 1426 3964 omnibus
1455 3905 1615 3964 Cbrie

60 4013 218 4068 stianis
237 4013 300 4068 de
328 4010 618 4066 animabus
641 4005 755 4060 suis
781 4017 968 4060 curam
1006 4011 1168 4071 atque
1194 3997 1613 4062 sollicitudinem

60 4106 366 4175 gererendeo
392 4105 620 4174 dignum
650 4097 904 4154 duximus
931 4095 1093 4150 modo
1122 4093 1176 4148 in
1201 4091 1456 4164 praesenti
1491 4105 1617 4145 san-

62 4197 253 4252 ctissimi
284 4196 502 4252 Martini
529 4191 766 4263 episcopi
788 4189 964 4244 locum
992 4185 1154 4241 Lucae
1176 4185 1339 4240 situm
1365 4181 1416 4236 in
1433 4181 1618 4251 aliquo

65 4289 372 4360 locupletare,
401 4301 466 4345 ut
493 4299 548 4345 et
571 4287 856 4357 ipsis,.pro
881 4281 1079 4352 quibus
1121 4277 1380 4335 donatum
1414 4285 1517 4341 est,
1551 4276 1618 4330 ad

65 4380 387 4454 refrigerium,
419 4392 476 4436 et
508 4379 665 4434 nobis
693 4378 760 4434 ad
787 4375 1086 4432 remedium
1115 4370 1365 4443 proﬁciat
1418 4369 1617 4439 scrupi-

67 4481 264 4530 ternum.
295 4475 635 4546 Quapropter
665 4468 1075 4526 considerantes
1121 4478 1241 4520 nos.
1275 4463 1396 4528 hoc,
1460 4471 1516 4517 et
1564 4461 1618 4515 in

1679 569 1797 622 sitae
1824 567 2002 634 Luem,
2040 564 2553 634 suisquelidelibns,
2578 575 2681 621 etc.

1753 661 1975 728 Signum
2002 659 2180 722 domui
2219 657 2526 719 C/tttoumdi
2569 659 2888 714 serenissimi
2934 660 3267 729 imperatoris

1682 752 1926 823 Augusti.

1757 842 2063 897 Kadelobus
2091 830 2457 896 cancellarius
2489 842 2608 896 vice
2637 840 2952 896 Ilerimanni
2995 840 3271 910 archiepi-

1685 938 1832 1008 scopi
1863 947 1915 992 et
1947 935 2410 993 arclticancellarii
2454 935 2784 1006 recognovit.
3230 917 3233 919 ’

1756 1032 1954 1107 Datum,
1982 1047 2054 1085 vn
2086 1030 2355 1086 Kalendas
2379 1029 2578 1094 Martii,
2607 1043 2748 1086 anno
2773 1027 3064 1084 Deminica:
3087 1028 3272 1082 incar-

1687 1126 1918 1189 nationis
1951 1124 2112 1190 1058,
2137 1123 2430 1178 indictione
2455 1139 2530 1187 vt,
2561 1137 2701 1176 anno
2743 1121 2926 1176 domui
2964 1119 3272 1176 Cltuonradi
3299 1158 3304 1163 .

1688 1219 1836 1289 regni
1865 1233 1987 1284 xw,
2021 1217 2228 1293 imperii
2260 1231 2356 1270 xm

1759 1311 1952 1366 Actum
1985 1311 2051 1366 ad
2085 1308 2241 1365 Viam
2263 1308 2554 1366 Venariatn
2606 1308 2660 1362 in
2713 1307 2968 1363 comitatu
3019 1305 3273 1367 Lucensi,

1691 1403 1938 1459 feliciter.
1971 1403 2166 1457 Amen.

1761 1494 1878 1550 Non
1913 1495 1966 1549 in
2013 1494 2213 1559 medio,
2239 1494 2334 1550 sed
2369 1492 2422 1547 in
2445 1501 2693 1548 extremo
2726 1490 2892 1544 latere
2949 1489 3278 1548 membranae

1691 1589 1890 1660 pendet
1916 1586 2054 1644 bulla
2087 1586 2415 1656 plutnbea,in
2430 1583 2583 1654 cujus
2612 1583 2830 1653 antiqua
2865 1589 3018 1651 parte
3036 1581 3283 1635 visuntur

1694 1679 1957 1750 imagines
2001 1679 2228 1732 duorum
2287 1678 2552 1743 virorum,
2604 1675 2775 1729 altera
2833 1688 3062 1744 quarum
3118 1689 3280 1726 manu

1696 1779 1840 1824 tenet
1864 1785 2102 1838 pomum,
2129 1769 2298 1824 altera
2334 1778 2626 1840 sceptrum,
2646 1776 2700 1823 et
2718 1767 2860 1823 inter
2891 1764 3008 1819 illas
3033 1764 3284 1834 leguntur

1623 1833 2019 1920 “Intulit-tera).
2090 1833 2098 1836 ﬁ
2361 1905 2365 1908 .
2426 1833 2441 1840 -
2614 1833 2617 1834 ν
2731 1899 2734 1902 .
3090 1833 3104 1834 7
3169 1856 3212 1910 ll

3171 2038 3216 2093 Ν
3247 2035 3253 2040 .

3173 2131 3246 2192 li

3097 2211 3233 2287 ,ι’

3177 2316 3218 2370 (1

3179 2407 3243 2464 ν,

3074 2543 3080 2549 -
3183 2504 3222 2556 S

3118 2596 3259 2651 REX
3273 2647 3292 2659 ,,

1703 2708 1758 2768 In
1793 2706 2190 2761 ctt'cnituvero
2220 2696 2598 2760 CONRADVS
2633 2682 2708 2752 ΪῘῙ
2761 2681 2897 2750 ῖῗῙῙᾸ
2947 2679 3115 2748 ΙἮῙΒ
3167 2693 3289 2747 Αγ-

1706 2798 2004 2855 GVSTV’S.
2032 2799 2087 2852 In
2114 2799 2320 2868 postica
2361 2797 2566 2868 eliigies
2612 2790 2795 2846 Romae
2845 2787 3054 2858 sculpta
3101 2786 3307 2846 visitur.

1705 2908 1828 2952 cum
1854 2893 1956 2946 hoc
1983 2893 2154 2966 Versu
2179 2907 2194 2942 :
2689 2926 2692 2928 -

1856 2982 2063 3058 noua
2091 2980 2318 3038 CAPVT
2361 2979 2577 3036 MVNDI
2597 3035 2608 3041 ..

1854 3077 2063 3154 “EGIT.
2116 3076 2336 3150 onnts,
2381 3070 2605 3130 FBENA
2663 3066 2987 3125 RO'I‘VNDI.

1636 3194 1679 3256 ε
1724 3149 1725 3152 Ἴ
1780 3171 1884 3230 Sed
1917 3149 1970 3225 et
2007 3171 2276 3230 llobertus
2304 3167 2470 3222 abbas
2502 3162 2689 3219 Sancti
2721 3159 2977 3228 Remigii,
3007 3157 3097 3225 qui
3121 3153 3300 3209 llisto.

1713 3266 1848 3318 riam
1884 3257 2430 3334 llierosolymitunam
2461 3255 2906 3315 circiterannum
2936 3248 3072 3303 1110
3103 3245 3302 3306 litteris

1711 3358 2074 3429 consignavit,
2116 3355 2498 3410 editatntomo
2553 3348 2730 3418 primo
2784 3343 2997 3400 Gestar.
3054 3340 3146 3395 Dei
3207 3353 3303 3407 per

1713 3454 1908 3510 Franc.
1941 3448 2208 3506 similibus
2236 3443 2481 3499 versibus
2505 3453 2725 3512 prosam
2751 3450 2904 3492 suum
2936 3429 3299 3499 interspersit,

1713 3559 1945 3620 quorum
1976 3557 2104 3612 pars
2131 3540 2185 3594 in
2212 3537 2477 3608 margine,
2527 3546 2655 3604 pars
2685 3529 2739 3584 in
2772 3528 2888 3598 ipso
2912 3535 3055 3581 textu
3083 3521 3298 3592 legi-tur.

1712 3636 2010 3696 Nonnullos
2040 3631 2258 3705 profero
2291 3646 2304 3682 :
2325 3663 2335 3669 -

1720 3767 1831 3824 Nec
1865 3766 2043 3821 leviter
2071 3771 2238 3816 tactus
2271 3757 2603 3828 Raynalaus.
2631 3752 2868 3823 apbstata
2890 3748 3084 3818 factus,

1785 3855 2095 3930 Abjurando
2123 3854 2310 3918 Deum,
2338 3867 2391 3905 se
2421 3848 2602 3919 probat
2626 3861 2736 3899 esse
2770 3858 2936 3897 reum.

1719 3955 1859 4023 Quid
1883 3954 2075 4023 faceret
2111 3941 2675 4014 Turcus,populusque
2723 3953 2813 4007 per
2844 3935 3017 3989 omnia
3042 3947 3260 4004 spurcus
3285 3932 3310 3985 2

1724 4045 1798 4100 Ni
1819 4062 1918 4100 sua
1943 4053 2088 4114 terga
2112 4040 2286 4104 daret,
2308 4050 2410 4107 quo
2441 4038 2644 4088 venerat
2670 4037 2716 4083 et
2741 4037 3020 4083 remearet.

1721 4184 1799 4240 lta
1855 4192 1908 4238 et
1946 4177 2254 4240 Gaufredus
2305 4173 2626 4238 Malaterra,
2679 4168 2772 4238 qui
2837 4165 3058 4221 circiter
3107 4178 3309 4215 annum

1724 4274 2180 4333 1099llistoriam
2223 4269 2460 4325 Siculam
2495 4265 2749 4334 scripsit,
2809 4261 3008 4315 editam
3066 4266 3209 4312 tomo
3270 4253 3310 4306 V

1725 4365 2140 4427 Rer.ltulicar.,
2173 4375 2333 4436 pares
2373 4371 2564 4414 versus
2595 4354 2751 4409 nobis
2801 4350 3022 4410 exhibet
3075 4348 3170 4401 lib.
3229 4362 3310 4410 ιιι,

1724 4477 1844 4530 cap.
1886 4457 1975 4511 9.3.
2008 4455 2118 4510 llos
2145 4467 2349 4524 paucos
2377 4449 2502 4504 audi
2540 4466 2553 4500 :

67 4567 219 4621 animo
241 4567 710 4634 volventes,prece
735 4570 791 4617 et
809 4558 1177 4616 admonitione
1201 4556 1411 4634 dilecta:
1433 4543 1619 4623 coniu-
1652 4545 1695 4600 ι)
1800 4548 1910 4604 Nec
1936 4546 2088 4602 nimis
2114 4546 2209 4603 hoc
2229 4542 2405 4612 culpo,
2435 4537 2670 4611 quamvis
2690 4594 2694 4599 ,
2711 4537 2794 4588 hic
2832 4533 2960 4587 talia
2997 4530 3196 4598 sculpo.

69 4658 136 4726 gis
160 4670 368 4726 nostrae,
399 4659 671 4726 simulque
715 4653 988 4710 consortis
1017 4649 1192 4707 nostri
1240 4630 1400 4721 regni
1436 4648 1618 4713 Gislae,

70 4752 418 4812 conﬁrmamus
446 4750 708 4822 praedicto
737 4755 926 4802 sancto
951 4743 1117 4810 Loco,
1139 4743 1301 4798 sicuti
1331 4741 1458 4798 olim
1486 4739 1622 4812 Ugo,

71 4838 340 4907 Lotbarius,
371 4852 532 4912 atque
564 4840 772 4910 primus
794 4835 942 4901 Otto,
978 4843 1034 4890 et
1062 4834 1358 4909 secundus,
1406 4847 1470 4890 ac
1503 4841 1619 4886 ter-

73 4934 181 5002 tius,
208 4951 302 4992 nec
323 4952 426 4992 non
463 4934 776 4995 lleiancus,
807 4942 1155 5001 precessores
1187 4926 1359 4982 nostri
1391 4941 1546 4996 reges
1569 4934 1624 4981 et

75 5023 394 5094 imperatores
428 5043 528 5098 pro
562 5027 806 5080 remedio
833 5022 1137 5076 animarum
1163 5019 1439 5077 Adelberti
1475 5034 1622 5074 mar-

75 5115 256 5174 chionis
294 5129 346 5174 et
376 5118 552 5176 Berta:
572 5117 888 5180 comitissue,
942 5129 1043 5168 nec
1099 5128 1206 5168 non
1263 5120 1318 5167 et
1375 5127 1621 5177 suarum,

1805 4641 1917 4699 Nec
1947 4639 2224 4710 prohibens
2248 4636 2384 4700 vita;
2417 4649 2531 4688 cum
2565 4629 2658 4698 ﬁat
2686 4628 2871 4697 juncta
2897 4623 3106 4686 marito,

1803 4733 2002 4804 Diligat
2026 4742 2073 4784 et
2088 4729 2232 4800 juste
2255 4727 2424 4798 {trdus
2453 4723 2708 4781 servando
2740 4729 2965 4773 venuste.

1812 4825 1952 4880 Nam
1987 4842 2114 4896 quos
2137 4823 2220 4876 lea:
2246 4823 2437 4896 iungit,
2461 4817 2714 4873 sententia
2739 4811 2883 4866 nulla
2914 4808 3172 4877 repungit,
3212 4814 3316 4859 etc.

1731 4922 1838 4978 Sed
1894 4929 1949 4974 et
2007 4916 2242 4974 tumulo'
2275 4894 2539 4969 Beatricis
2587 4907 2823 4963 ducissua
2871 4901 3081 4956 Tusciae
3112 4941 3126 4965 ,
3177 4915 3318 4952 anno

1734 5017 1871 5073 1076
1901 5014 2010 5068 vita
2071 5011 2268 5066 functae
2317 5007 2480 5072 Pisis,
2519 5003 2748 5074 positum
2786 4996 2920 5051 "fuit
2983 4994 3082 5047 hoc
3139 4991 3320 5062 Epita-

1733 5111 1918 5180 phium
1949 5126 1959 5160 :

459 5272 767 5343 QVAMVIS
813 5266 1198 5325 racemus
1243 5224 1653 5322 svu‘DONNA
1692 5258 1970 5316 voca“
2018 5231 2322 5308 nearntx

538 5367 605 5422 IN
655 5363 940 5422 ΤΗΙνίλο
985 5360 1188 5416 MISSA
1226 5357 1437 5416 JACEO
1469 5356 1636 5424 QUAS
1681 5350 2063 5412 COMITISSA.

83 5510 148 5567 lla
167 5529 365 5576 carmen
394 5522 447 5579 in
477 5522 692 5579 lvonem
718 5523 1106 5593 Dionystanum
1144 5515 1396 5572 aobatem
1428 5557 1442 5581 ,
1487 5530 1628 5568 antu.

90 5605 204 5661 1:095
237 5609 588 5680 interfectum,
615 5611 1142 5671 etliditclarissimus
1175 5606 1545 5673 Mabillonius,
1571 5606 1626 5660 in

89 5711 180 5761 (Ιιιο
201 5701 336 5769 prior
356 5721 602 5761 versuum
627 5723 753 5776 pars
779 5703 1128 5775 subsequenti
1155 5701 1464 5773 respondet.
1491 5699 1631 5756 Pau-

89 5801 169 5843 cos
198 5801 382 5853 tantum
404 5799 564 5873 selige
593 5817 612 5858 :
1557 5792 1560 5793 ⁷

1817 5529 1921 5596 Qui
1951 5523 2185 5580 nondum
2215 5519 2388 5583 norat,
2414 5513 2510 5570 sub
2537 5510 2693 5584 quale
2725 5507 2934 5564 caribde
2956 5507 3156 5563 laborat

1815 5620 2104 5678 Occultans
2141 5613 2235 5668 illa
2262 5612 2354 5681 ﬁat
2397 5609 2651 5664 damnata
2673 5601 2857 5672 favilla
2881 5618 2900 5656 :

1755 5748 1760 5752 -
1814 5715 1884 5771 Et
1912 5728 2002 5769 ceu
2029 5705 2270 5767 scintilla:
2293 5701 2608 5774 stipularum
2633 5705 2841 5752 corruat
2871 5692 2980 5757 ille,
3008 5700 3114 5747 etc.
