3834 6332
13 347 91 404 ms
733 304 739 313 ’
1248 334 1251 337 ‘
1363 330 1677 395 RllYl'llMl
1726 328 2067 399 vernans.-

1631 454 1677 519 Α
1705 463 1768 511 n,
1802 450 2006 507 noviss.
2035 444 2311 513 editionis,
2349 448 2595 503 carmina
2637 448 2892 520 leguntur
2943 448 3140 505 Metelli
3192 449 3295 503 Tc~

69 459 241 531 Cujus
267 466 451 514 morte
482 486 507 499 —
537 472 670 512 nava
693 464 830 511 sorte
852 486 880 495 -
900 454 1006 510 vita
1030 453 1176 509 nobis
1206 452 1396 518 oritur,
1420 458 1526 511 etc.

14 582 81 635 ist
118 577 191 632 ibi
229 584 290 632 et
310 574 464 631 alius
489 573 779 643 rhythmos
801 570 993 626 similis
1040 570 1095 623 in
1122 567 1370 625 honorem
1403 563 1592 619 Matris

14 669 222 735 lumini,
247 667 355 723 sub
391 665 619 721 nomine
645 680 814 734 prosa:
836 662 1035 719 editus.
1063 660 1188 715 llaec
1220 668 1403 715 autem
1434 655 1595 712 circi-

14 782 70 820 er
96 776 306 817 annum
360 758 574 816 Christi
606 754 745 813 H30
771 756 973 826 scripta
1005 754 1174 808 luere.
1230 751 1308 807 lta
1358 749 1593 805 Joannes

13 857 299 913 Severanus
322 850 382 905 in
419 850 561 907 libro
585 847 837 907 Memoria
863 861 1013 901 sacre
1039 845 1093 898 di
1115 843 1300 908 Roma,
1324 858 1442 913 pag.
1465 840 1594 912 ’514ι

18 946 416 1018 ascriptionem
452 939 967 1005 rcfertannoll28,
998 939 1229 1010 positam
1253 936 1473 1013 _Joanni
1526 936 1591 991 de

14 1042 183 1098 Irema
206 1035 494 1095 cardinali
521 1036 575 1100 in
615 1034 772 1092 titulo
807 1033 996 1091 Sancti
1025 1031 1390 1105 Chrysogoni,
1442 1027 1598 1101 cuius

13 1146 111 1186 :cce
130 1127 299 1185 verba
328 1124 345 1182 ὲ

208 1219 254 1275 Ο
281 1218 479 1274 BONE
520 1214 885 1283 SALVATOR

198 1308 522 1374 NOSTRJE
577 1306 870 1364 SALVTIS
921 1296 1233 1371 AMATOII,

197 1402 335 1459 FILI
377 1401 686 1458 CHRISTE
736 1399 874 1467 DEI,

202 1495 444 1553 PARCE
473 1492 897 1551 REDEMPTOR
941 1484 1026 1558 EI,

13 1611 59 1673 Et
81 1609 219 1691 apud
250 1609 549 1675 Canisium
570 1608 858 1680 Antiquar.
895 1604 1141 1668 Lection.
1181 1610 1311 1659 tom.
1334 1600 1397 1657 Ill
1444 1609 1589 1672 part.

3188 334 3294 392 ’ἴθι

1704 541 2008 612 gerseensis
2054 540 2331 605 monachi,
2376 541 2468 610 qui
2518 556 2662 596 anno
2690 541 2882 600 saltem
2911 541 3049 596 1160
3069 542 3293 606 illoruit,

1701 634 1805 689 hoc
1831 643 1935 698 est,
1975 641 2103 688 ante
2160 632 2416 699 Leonem,
2469 635 2585 689 sive
2632 633 2893 689 Leonium
2940 633 3174 694 Gallum.
3214 632 3295 690 ibi

1703 723 2015 795 Rhythmici
2046 738 2237 780 versus
2266 724 2591 793 complures.
2618 723 2832 782 Paucos
2852 725 2977 781 audi
3009 742 3022 780 :

1781 833 2102 901 Laudabunt
2123 834 2216 889 alii
2245 834 2447 891 clarum
2472 852 2633 907 genus
2658 855 2675 893 :
2697 854 2761 891 ac
2795 837 2923 895 mihi
2953 836 3066 895 lene

1913 926 2110 985 Christi
2129 930 2319 1000 jugum
2348 930 2440 983 dat
2470 929 2622 984 verba
2662 928 2948 987 Cammna’.

1780 1021 2028 1095 Syderea:
2057 1022 2241 1090 patria:
2272 1022 2404 1076 cires
2431 1023 2637 1077 abolere
2663 1022 2923 1088 studebat,

1928 1111 2034 1167 Per
2062 1129 2191 1184 quos
2220 1128 2400 1183 pacem
2426 1114 2577 1167 rebus
2600 1114 2842 1173 habebat.

1794 1205 2005 1262 Vivebat
2033 1206 2262 1260 scintilla
2292 1215 2487 1266 tamen,
2520 1205 2743 1277 frigente
2771 1205 2972 1277 favilla,

1919 1298 2152 1355 Tandem
2175 1310 2316 1354 mota
2346 1299 2530 1370 procul
2557 1301 2717 1359 micat
2739 1300 2975 1367 illa,etc.

1706 1414 1811 1470 Sed
1869 1414 2027 1484 longe
2077 1423 2204 1472 ante
2259 1414 2375 1469 lucc
2429 1423 2670 1486 tempora
2721 1411 3008 1482 compositi
3050 1411 3299 1465 videntur

1703 1522 1808 1562 non
1855 1506 2127 1563 absimiles
2157 1504 2266 1569 duo
2301 1521 2513 1573 versus,
2555 1506 2653 1578 qui
2683 1505 2881 1578 Capuae
2908 1506 3087 1583 adhuc
3111 1503 3298 1575 legun-

1702 1608 1792 1656 tur
1829 1615 1843 1653 :

422 1743 566 1802 HOC
609 1740 765 1799 PlVS
794 1738 1154 1804 AN'I‘ISTES,
1192 1735 1395 1795 ccum
1446 1726 1612 1794 va.
1649 1732 1836 1791 erro
1859 1733 2194 1805 ranam,

423 1834 938 1904 ECCLESIIEQVE
984 1831 1241 1899 PATER,
1279 1829 1439 1896 RES,
1464 1825 1699 1884 MOBES
1736 1825 2246 1887 AMPLIFICAVI'I‘.

13 1980 56 2033 Si
92 1974 371 2033 referenda
401 1975 692 2045 inscriptio
717 1983 801 2030 est
854 1973 922 2029 ad
977 1972 1235 2028 Ottonem
1276 1967 1592 2037 Capuanum
1627 1951 1671 2007 Β
1697 1963 1948 2019 Annalib.
1973 1965 2309 2022 Benedictin.
2344 1964 2413 2021 ad
2439 1979 2640 2020 annum
2676 1963 2779 2018 707
2800 1963 2853 2017 in
2884 1963 3038 2018 theca
3071 1971 3310 2033 argenta.

14 2072 325 2141 episcopum,
355 2082 530 2140 quem
589 2068 689 2123 sub
731 2068 893 2121 tinem
937 2063 1119 2120 saaculi
1170 2061 1300 2118 noni
1343 2058 1594 2114 ﬂoruisse

17 2162 271 2233 l‘ghellius
294 2161 584 2232 opinatur,
607 2159 801 2213 iterum
820 2157 1199 2213 contirmatam
1231 2152 1382 2206 vides
1406 2148 1595 2218 hujus-

18 2256 143 2321 modi
166 2268 427 2312 versuum
457 2252 868 2323 antiquitatem.
900 2249 977 2309 lta
1035 2244 1349 2310 Mabillonio
1370 2251 1510 2297 teste
1536 2240 1591 2295 in

1700 2064 1949 2113 contecta
1981 2057 2074 2112 ubi
2104 2056 2384 2112 collocata:
2425 2057 2676 2111 videntur
2728 2070 2871 2110 anno
2936 2053 3138 2108 Christi
3185 2052 3291 2107 946

1700 2148 1947 2218 reliquiae
1996 2150 2170 2209 sancti
2201 2148 2400 2210 Hidulti
2434 2147 2694 2219 episcopi,
2727 2128 3004 2202 hiversus
3038 2144 3291 2216 legeban-

1702 2250 1791 2297 tur
1819 2259 1832 2296 :

422 2360 727 2462 ovoav‘u
768 2386 1060 2444 nvumn
1098 2381 1238 2441 SVM
1293 2378 1451 2436 TALI
1510 2375 1851 2433 vssrrrvs
1894 2376 2223 2447 nonnae,

420 2482 616 2553 DIGNI
650 2477 1077 2537 REDDANTVR
1123 2473 1356 2532 DIVINO
1401 2467 1679 2527 SEMPER
1722 2469 1986 2527 AMORE.

22 2622 87 2676 Ita
108 2622 158 2677 in
193 2619 298 2679 line
322 2619 590 2677 Ghmnici
640 2615 986 2674 Centulensis
1012 2613 1152 2683 apud
1184 2608 1507 2669 Dachorium
1543 2606 1597 2659 in

26 2713 283 2786 Spicilegio
330 2712 670 2782 Hariulphus
724 2711 844 2780 ejus
897 2706 1149 2764 Historia:
1193 2714 1403 2765 auctor,
1456 2714 1599 2754 anno

27 2805 142 2863 “88
164 2820 380 2863 carmen
402 2803 711 2876 subiunxit,
731 2799 890 2874 cujus
912 2815 979 2857 en
1000 2799 1205 2870 primos
1228 2791 1599 2850 tantummodo

26 2912 193 2954 \‘ﬁl‘SUS
215 2912 231 2954 ξ

90 3010 206 3087 Toto
236 3012 392 3068 corde
421 3026 545 3067 meo
567 3020 635 3074 te,
661 3006 882 3064 Centula
902 3014 1091 3069 mater,
1121 3002 1314 3065 amavi,

89 3103 320 3163 Traditus
340 3123 377 3161 a
396 3121 594 3177 puero,
619 3120 735 3157 mea
764 3103 858 3157 sub
881 3112 929 3155 te
959 3101 1095 3155 colla
1123 3097 1412 3169 ligaci,etc.

33 3214 422 3287 lleliquieodem
472 3232 667 3273 vocum
703 3222 954 3270 contextu
997 3211 1322 3283 procedunt.
1363 3206 1598 3265 Consule

34 3309 187 3375 etiam,
210 3310 253 3365 si
298 3309 473 3375 lubet,
504 3307 840 3366 Wilielmnm
898 3301 1458 3363 Malmesburiensem,
1506 3298 1595 3367 qui

37 3412 221 3455 cannon
242 3398 457 3469 profert
477 3398 545 3453 in
577 3394 909 3452 Ethelstani
937 3394 1080 3461 regis
1110 3392 1369 3446 honorem
1407 3388 1597 3443 condio

38 3496 152 3554 tum,
178 3486 328 3560 longe
354 3499 523 3555 antea
548 3504 716 3558 quam
741 3485 857 3561 Leo
883 3484 1207 3543 Parisiensis
1260 3490 1592 3543 nasceretur.

38 3576 160 3633 lllius
177 3581 447 3650 specimen
478 3579 680 3635 habeto
710 3596 723 3632 :

97 3688 241 3761 Regia
260 3694 533 3764 progenies
559 3690 805 3762 produxit
831 3689 1000 3744 nobile
1021 3698 1241 3742 stemma
1259 3726 1276 3752 ,

98 3778 219 3837 Cum
239 3784 461 3841 tenebris
499 3783 688 3838 nostris
712 3780 884 3836 illuxit
906 3779 1177 3851 splendida
1203 3793 1428 3850 gemma,
1455 3785 1561 3832 etc.

44 3912 155 3971 \‘ide
171 3917 324 3973 etiam
352 3917 691 3975 Radevicum
717 3915 809 3971 lib.
833 3931 895 3981 ιι,
924 3930 1047 3986 cap.
1076 3914 1133 3982 ‘2,
1179 3915 1252 3970 De
1285 3912 1438 3970 Gest.
1472 3912 1595 3968 Fri-

46 4005 249 4075 dericil,
288 4011 364 4070 uti
391 4020 447 4067 et
482 4009 703 4081 Henrici
733 4006 1217 4063 lluntindouiensis
1262 4006 1465 4067 Histor.
1507 4005 1599 4060 Li-

46 4095 175 4151 brum
202 4101 472 4169 quintum,
504 4112 559 4156 et
584 4100 837 4156 Scholam
871 4098 1298 4165 Salernitanam,
1344 4109 1400 4152 et
1422 4097 1599 4161 Gede-

48 4186 213 4251 tridum
240 4192 658 4260 Viterbiensem,
679 4202 736 4247 ot
771 4206 990 4246 carmen
1021 4207 1051 4245 a
1081 4206 1167 4246 me
1209 4191 1518 4262 cvulgatum
1543 4188 1596 4241 in

48 4275 281 4337 Chronico
304 4283 681 4353 Casauriensi,
725 4292 869 4353 part.
899 4298 939 4341 ιι
967 4282 1097 4337 tomi
1120 4282 1159 4339 ll
1186 4281 1312 4341 Rcr.
1360 4280 1594 4344 ltalicar,

49 4380 147 4437 ιιθε-
172 4371 289 4442 78,5.
321 4376 399 4432 uti
423 4386 485 4434 et
506 4374 881 4447 praelationem
904 4374 971 4429 cl.
993 4375 1092 4429 viri
1124 4374 1183 4428 Ρ.
1208 4373 1350 4428 Pezii
1384 4373 1437 4427 in
1455 4373 1615 4428 The-

48 4469 168 4525 satur.
194 4462 611 4525 Anecdotorum.
654 4466 760 4523 Sed
794 4464 1061 4536 inprimis
1089 4463 1264 4519 recole
1294 4478 1413 4532 quae
1437 4472 1597 4521 antea

50 4551 216 4613 Protuli
255 4569 285 4613 e
318 4559 688 4617 vetustissimo
730 4555 1125 4627 Antiphonario
1194 4554 1593 4619 Benchorensi;

51 4638 162 4697 nihil
191 4644 323 4704 enim
382 4652 455 4708 ibi
506 4652 846 4717 desideratur
893 4649 959 4712 ad
1014 4648 1268 4715 Leoninae
1314 4647 1597 4703 cantilena:

55 4742 256 4801 taetrum
279 4743 606 4813 absolutum.
658 4742 1048 4811 Antiquitatem
1113 4740 1336 4810 insuper
1377 4739 1596 4794 artiﬁcii

56 4819 188 4892 huius
210 4828 359 4903 longe
388 4836 673 4907 majorem,
701 4849 860 4904 quam
905 4832 1070 4901 vulgo
1090 4831 1364 4899 credatur,
1394 4830 1600 4886 contir-

59 4918 201 4979 mabit
226 4921 448 5005 hymnus
492 4928 837 4993 Hartmanni,
875 4927 1123 4982 monachi
1159 4925 1590 4994 SancGallensis,

59 5014 177 5063 tomo
198 5012 371 5075 XXVII
394 5020 710 5076 Bibliothec.
735 5020 977 5086 Patrum,
1004 5035 1126 5091 pag.
1156 5019 1288 5083 lil'i.
1313 5017 1432 5079 iam
1452 5034 1595 5091 prta-.-

60 5094 387 5173 ditiﬂot‘uisse
412 5113 558 5169 illum
603 5128 749 5167 anno
776 5112 900 5168 870.

410 5224 599 5279 Tribus
622 5225 807 5298 signis,

472 5318 582 5373 Deo
607 5319 801 5390 dignis,

475 5409 594 5465 Dies
623 5409 724 5464 ista
748 5411 956 5467 colitur.

411 5499 529 5554 Tria
556 5501 706 5571 signa

475 5590 656 5647 Laude
675 5592 855 5662 digna,

482 5686 656 5741 Caelus
686 5688 769 5742 hic
800 5689 1147 5760 persequitur.

438 5776 597 5845 Stella
628 5777 811 5850 Magos

2165 2626 2327 2681 Duxit
2373 2641 2533 2696 uagos

2157 2721 2240 2774 Ad
2268 2735 2496 2790 preesepe
2516 2717 2748 2778 Domini,
2766 2727 2873 2773 etc.

1702 2850 1964 2907 Eumdem
1982 2861 2306 2908 concentum
2334 2866 2526 2907 vocum
2551 2858 2761 2907 canem:
2783 2852 3020 2923 stropha:
3044 2855 3296 2910 reddunt.

1703 2942 1820 2997 Alia
1852 2951 2202 2999 monumenta
2223 2952 2467 2999 veterum
2498 2941 2742 3012 ejusdem
2765 2944 2980 3014 generis
3006 2955 3295 3014 prmtereo.

1704 3037 1948 3092 dicturus
1976 3036 2193 3093 tandem
2220 3053 2306 3091 me
2340 3037 2425 3090 vix
2458 3036 2674 3103 assequi
2707 3052 2864 3107 posse
2884 3052 2981 3091 cur
3003 3037 3113 3093 Leo
3143 3038 3297 3091 Pari-

1702 3128 1902 3184 siensis
1927 3139 2108 3199 poeta,
2139 3129 2228 3198 qui
2263 3129 2487 3183 circiter
2506 3144 2716 3183 annuat
2741 3126 2943 3183 Christi
3002 3130 3142 3185 l190
3199 3129 3296 3184 llo.

1701 3220 1875 3275 ruisse
1900 3219 2386 3285 dicitur,Leoninos
2408 3233 2597 3274 versus
2622 3219 2996 3288 excogitassse
3020 3219 3296 3291 credatur,

1700 3311 1917 3382 quando
1948 3320 2027 3367 tot
2056 3310 2216 3382 longe
2244 3309 2584 3379 antiquiores
2617 3310 2877 3363 habemus
2901 3310 2991 3378 qui
3014 3309 3299 3379 rhythmos

1700 3413 1755 3458 et
1786 3413 1956 3458 metra
1988 3402 2283 3459 condidere
2314 3403 2504 3457 eodem
2532 3402 2647 3472 ipso
2676 3417 3040 3457 eonsonarum
3102 3417 3293 3457 vocum

1700 3494 1929 3553 artificio
1959 3509 2023 3549 ac
2071 3494 2293 3551 tinnitu.
2337 3492 2497 3549 Certe
2547 3508 2579 3547 a
2622 3492 2894 3547 sententia
2942 3491 3296 3561 Papebrochii

1704 3584 2112 3648 discedendum,
2136 3584 2229 3653 qui
2256 3583 2323 3637 ad
2360 3583 2503 3638 diem
2533 3599 2627 3638 xix
2660 3582 2785 3637 lllaii
2836 3582 2886 3637 in
2920 3583 3040 3638 Vita
3088 3593 3295 3638 sancta:

1702 3674 2049 3729 Pudentiana:
2071 3683 2126 3729 et
2154 3674 2415 3730 Praxcdis
2450 3689 2638 3730 versus
2674 3674 3013 3745 rhythmicos
3041 3677 3093 3731 in
3120 3676 3295 3732 eccle-

1702 3765 1782 3819 sia
1806 3766 2022 3837 Sanctae
2040 3764 2392 3822 Pudentianae
2416 3765 2594 3836 reiicit
2624 3767 2691 3821 ad
2721 3776 2963 3836 tempora
2990 3765 3293 3822 Innocentii

1623 3856 1668 3919 C
1702 3859 1744 3912 II
1772 3873 1944 3930 papae,
1975 3859 2195 3914 circiter
2241 3874 2445 3915 annum
2473 3857 2636 3924 1150,
2695 3858 2838 3914 hanc
2869 3859 3136 3914 rationem
3166 3856 3296 3915 s'uh-

1697 3950 1893 4022 jiciens
1926 3967 1942 4005 π
1970 3947 2118 4007 Nam
2172 3947 2525 4005 Leoninorum
2586 3965 2831 4004 uersuum
2872 3950 3094 4006 initium
3144 3966 3296 4006 nemo

1698 4042 1936 4095 eruditus
1965 4041 2145 4110 fecerit
2191 4040 2388 4096 steculo
2432 4056 2510 4096 ιιι
2570 4042 2859 4111 antiquius.
2904 4041 3026 4096 Alia
3077 4042 3184 4098 erit
3236 4041 3296 4096 in

1699 4142 2000 4203 posterum,
2032 4144 2090 4188 ut
2126 4134 2344 4203 opinor,
2404 4123 2744 4188 eruditorum
2775 4134 2979 4202 opinio.

1767 4227 1945 4296 Atque
1968 4228 2085 4283 haec
2107 4228 2174 4281 de
2208 4227 2516 4297 rliytbmiea
2554 4236 2797 4282 veterum
2822 4227 2990 4296 poesi.
3034 4226 3189 4281 Nunc
3213 4226 3285 4281 ad

1697 4317 1962 4389 originem
1991 4332 2216 4388 poeseos
2235 4316 2433 4372 Italicae
2456 4317 2694 4387 vulgaris
2715 4332 2801 4372 me
2829 4326 3113 4372 converto.
3148 4315 3286 4371 Nul-

1699 4410 1783 4466 lus
1822 4409 2104 4465 dubitandi
2159 4410 2310 4465 locus
2365 4404 2615 4480 est'quin
2667 4410 2850 4479 poesis
2905 4425 2933 4464 a
2986 4409 3292 4481 vulgarium

1699 4503 2007 4573 linguarum
2028 4501 2202 4571 poetis
2228 4500 2472 4556 adhibita
2490 4542 2506 4568 ,
2535 4501 2876 4556 nativitatem
2910 4515 3063 4556 suam
3093 4500 3290 4554 debeat

1697 4597 2042 4666 antiquorum
2066 4596 2408 4668 rhythmicm.
2429 4594 2616 4666 Neque
2637 4596 2781 4650 enim
2799 4593 3057 4665 vulgares
3074 4593 3292 4662 lingum,

1697 4687 1881 4742 Italica
1914 4687 2185 4754 videlicet,
2227 4686 2453 4753 Gallica,
2507 4685 2821 4756 Hispanica,
2867 4695 2998 4748 etc.,
3048 4685 3101 4740 in
3154 4699 3292 4739 con-

1700 4775 1949 4830 texendis
1978 4775 2227 4832 versibus
2255 4784 2505 4845 Spectant
2527 4774 2686 4829 ullam
2722 4771 3053 4844 syllabarum
3101 4787 3282 4840 quan-

1703 4866 1939 4929 titatern,
1963 4866 2079 4922 sive
2107 4867 2417 4937 prosodiam
2438 4883 2454 4920 :
2476 4865 2621 4936 quod
2647 4866 2716 4920 ab
2744 4862 2986 4933 antiquis
3003 4863 3209 4919 Graecis
3235 4872 3284 4921 tt

1698 4959 1905 5024 Latinis
1942 4960 2146 5016 factum
2178 4969 2282 5016 est.
2336 4957 2672 5029 thuamvis
2720 4955 2905 5011 Italica
2954 4954 3136 5026 lingua
3183 4957 3291 5011 duo

1700 5052 1986 5107 verborum
2014 5067 2210 5124 genera
2236 5050 2489 5122 praeferat
2510 5092 2523 5117 ,
2549 5048 2735 5107 brevia
2771 5061 2964 5117 nempe
3001 5057 3059 5102 et
3108 5047 3287 5116 longa,

1702 5153 1941 5213 attamen
1971 5144 2089 5199 haec
2114 5158 2306 5199 vocum
2334 5143 2613 5215 quantitas
2646 5143 2697 5195 in
2730 5140 3047 5211 penultimis
3079 5150 3288 5202 tantum

1620 5216 1675 5284 1)
1702 5234 1921 5305 syllabis
1950 5235 2113 5298 sistit,
2137 5235 2182 5289 si
2217 5237 2378 5289 verba
2413 5235 2522 5289 sint
2552 5234 2852 5305 trisyllaba,
2882 5242 3016 5299 etc";
3045 5248 3109 5289 ac
3147 5249 3281 5303 prin.

1704 5337 1850 5383 terea
1875 5327 2021 5382 nulla
2065 5329 2255 5382 harum
2289 5327 2532 5382 brevium
2566 5338 2663 5379 aut
2686 5328 2968 5397 longarum
3002 5328 3138 5381 ratio
3181 5328 3283 5382 ha-

1702 5418 1877 5481 betur,
1927 5416 2032 5473 nisi
2091 5424 2351 5487 quantum
2402 5416 2586 5487 exigat
2636 5431 2828 5472 vocum
2880 5416 3164 5472 collocatio
3215 5416 3289 5472 ad

1699 5510 2003 5566 uberiorem
2035 5509 2246 5564 aurium
2286 5508 2617 5580 voluptatem
2662 5508 2723 5563 in
2768 5523 2929 5564 versu
2989 5508 3282 5565 audiendo.

1702 5602 2086 5658 Recentiorum
2122 5617 2251 5674 ergo
2272 5603 2513 5658 carmina
2560 5600 2694 5659 nihil
2740 5602 2891 5658 aliud
2944 5612 3069 5659 sunt
3120 5596 3291 5673 quam

1704 5695 1963 5764 rhythmi;
2015 5703 2072 5750 et
2137 5694 2593 5765 quemadmodum
2657 5692 2875 5764 plurimi
2929 5710 2995 5751 ex
3042 5696 3284 5765 antiquis

1712 5783 1980 5855 rhythmis
2008 5801 2293 5843 numerum
2311 5785 2684 5843 tantummodo
2712 5785 2909 5856 pedum
2933 5800 3024 5840 seu
3052 5784 3256 5841 svlla‘ha
