3892 6314
566 308 670 365 795

1230 308 1399 365 SIEC.
1432 310 1497 365 ΧΙ
1534 309 1738 367 AUCT.
1780 312 2053 368 INCER'I'I
2076 315 2238 366 ANV:
2264 317 2339 367 ΕΙ
2384 316 2645 371 δωιΙΡἹ.
2704 326 2905 374 ΔΔΕΣΠ.

3686 342 3762 404 796‘

564 428 704 485 rum,
739 435 844 475 non
868 432 999 474 vero
1034 420 1290 490 temporis
1318 421 1758 476 observationem
1786 423 2134 492 qmerebant;
2168 438 2218 497 Α
2245 433 2396 473 suam
2453 423 2611 478 debet
2648 424 2876 481 historia
2909 426 3109 483 italicae
3141 444 3391 500 pocseos,
3435 435 3484 490 in
3515 437 3751 510 Comment.

564 520 753 581 satque
779 511 974 570 artiﬁci
1006 512 1057 564 in
1091 512 1155 565 iis
1178 510 1529 567 conﬁciendis
1557 506 2008 570 erat'demulcere
2039 530 2137 568 au-

561 606 793 661 ditorum
816 620 974 660 aures
999 605 1227 674 quodam
1250 614 1537 672 concentu,
1569 616 1886 677 erumpente
1916 623 1982 663 ex
2033 622 2143 661 una

559 694 912 765 dispositione
933 710 997 750 ac
1019 695 1251 765 paritate
1277 695 1475 765 pedum
1508 697 1561 752 in
1609 696 1837 768 singulis
1866 698 2137 765 versibus,

559 786 701 841 idem
738 802 1004 859 quoquea
1036 787 1340 859 vulgarium
1382 788 1686 859 linguarum
1722 790 1899 859 poetis
1931 789 2134 845 factum

557 878 678 933 fuit.
709 878 888 945 Quare
914 894 1035 934 cum
1058 879 1289 950 primum
1320 879 1460 945 Itali,
1510 880 1671 943 Galli,
1713 891 1850 948 etc.,
1902 883 2137 940 condere

556 985 744 1026 versus
792 982 1098 1041 cmperuut,
1148 973 1365 1044 pr0pria
1411 973 1620 1044 vulgari
1658 974 1837 1047 lingua
1897 985 2134 1042 utentes,

554 1062 717 1116 hosce
746 1062 1086 1132 appellarunt
1134 1064 1431 1134 rhythmos,
1458 1082 1576 1136 quae
1626 1081 1731 1123 vox
1773 1067 1913 1136 apud
1953 1066 2133 1131 italos,

552 1152 1012 1225 Gallos,Anglos
1062 1155 1307 1225 aliosque
1356 1154 1603 1227 pepulos,
1674 1157 1779 1213 levi
1836 1159 2135 1213 mutatione

554 1245 719 1311 facta,
745 1246 1011 1315 appellata
1049 1244 1164 1311 fuit,
1193 1255 1248 1305 et
1278 1246 1455 1305 adhuc
1484 1248 1790 1318 appellatur
1817 1250 1974 1303 rima.
2017 1248 2133 1304 Non

553 1353 642 1393 me
663 1337 799 1409 fugit
824 1355 922 1410 per
946 1353 1131 1394 vocem
1166 1340 1307 1393 hanc
1333 1341 1464 1393 rima
1515 1356 1620 1395 non
1669 1356 1698 1394 a
1742 1341 2134 1396 recentioribus

554 1438 784 1494 tantum,
809 1432 902 1485 sed
933 1440 1035 1485 eta
1061 1431 1385 1501 quibusdam
1418 1431 1658 1501 antiquis
1705 1430 1905 1488 Italicae
1941 1431 2136 1501 linguae

549 1521 903 1591 scriptoribus
964 1522 1254 1591 significari
1312 1525 1682 1597 ὁμοιοτέλευτον
1716 1565 1735 1590 ,Α
1770 1540 1864 1580 seu
1894 1526 2134 1578 similiter

546 1613 780 1681 cadens,
847 1630 954 1684 quo
1014 1615 1354 1684 potissimum
1408 1632 1535 1672 suos
1615 1632 1804 1672 versus
1879 1617 2132 1688 vulgares

546 1717 763 1773 quoque
829 1712 999 1774 poeta:
1066 1721 1263 1762 ornare
1325 1717 1741 1763 consueverunt.
1812 1706 2007 1764 Verum
2063 1723 2132 1764 ex

2245 520 2378 565 tom.
2423 513 2606 583 prim.,
2662 530 2786 585 cap.
2820 515 2875 578 2,
2915 517 3077 573 veluti
3112 536 3225 575 rem
3252 524 3756 595 evidentissimamsla.

2244 602 2603 679 tuit,Siculos
2633 622 2661 660 a
2696 609 3121 677 provincialibus
3157 615 3354 682 poetis,
3409 633 3625 687 quorum
3649 628 3755 692 Vitas

2239 694 2629 758 Nostradamus
2658 702 2893 772 scriptas
2939 703 3179 776 reliquit,
3215 719 3399 781 utpote
3426 714 3512 782 qui
3541 727 3671 775 antea
3689 725 3756 783 lio.

2241 802 2418 855 ruere,
2469 791 2776 847 universam
2836 811 3061 865 poeseos
3103 804 3462 865 oeconomiam
3509 807 3655 869 fuisse
3672 834 3757 875 mu.

2240 884 2435 933 tuatos.
2469 880 2536 935 Et
2565 897 2755 939 revera
2775 885 3188 954 provincialium
3224 894 3467 953 carmina
3496 895 3599 954 fere
3619 909 3751 962 omnia

2237 969 2618 1049 complectitur
2663 976 2933 1047 pretiosus
2978 978 3223 1037 Estensis
3259 984 3593 1045 bibliothecze
3631 999 3755 1055 codex

2237 1075 2400 1116 manu
2464 1074 2722 1121 exaratns
2778 1084 2921 1124 anno
2960 1070 3120 1139 1254,
3161 1089 3367 1147 eosque
3413 1082 3639 1140 novimus
3658 1094 3756 1146 scri-

2236 1152 2411 1221 psisse
2450 1170 2643 1213 versus
2672 1157 2740 1213 ab
2788 1175 2929 1215 anno
2961 1163 3098 1220 1110
3135 1182 3308 1238 usque
3338 1171 3405 1227 ad
3446 1177 3667 1233 eumdem
3688 1200 3757 1239 an-

2237 1258 2387 1311 num,
2436 1260 2558 1299 cum
2602 1258 2791 1309 contra
2836 1251 3141 1314 Italicorum
3198 1268 3483 1329 poetarum
3532 1270 3754 1341 vestigium

2236 1334 2471 1405 vix,post
2496 1353 2698 1396 annum
2723 1342 2924 1399 Christi
2942 1347 3077 1404 1200
3099 1366 3242 1409 nunc
3267 1354 3614 1423 inveniamus,
3636 1334 3757 1434 alque

2234 1439 2420 1480 eorum
2449 1439 2708 1497 prmterea
2733 1436 2949 1505 pauculi
2975 1453 3197 1507 versus,
3228 1444 3695 1516 incomptiomuiuo
3711 1473 3756 1515 ac

2237 1516 2415 1579 rudes.
2478 1524 2750 1580 nascentis
2806 1542 3035 1596 poeseos
3086 1532 3371 1589 infantiam
3410 1540 3642 1607 prodant.
3667 1546 3757 1602 Cla-

2234 1609 2485 1668 rissimus
2537 1627 2717 1671 autem
2770 1617 3128 1678 Fontaninius
3183 1626 3236 1680 in
3265 1626 3358 1682 lib.
3393 1630 3566 1698 primo
3593 1633 3757 1693 Decle-

2232 1711 2422 1773 quent.
2450 1705 2649 1776 ltalic.,
2679 1725 2799 1781 cap.
2838 1713 2868 1767 7
2897 1723 2953 1769 et
2976 1729 3251 1786 sequent.,
3282 1724 3540 1789 ostendit,
3564 1724 3755 1787 Brunetti

476 1792 479 1795 ’
547 1792 887 1849 institutione
909 1811 1005 1850 sua
1037 1796 1331 1867 rltytltmtts,
1356 1814 1452 1854 seu
1474 1798 1629 1863 rima,
1658 1808 1866 1869 emptus
1892 1808 1977 1855 est
2027 1816 2123 1855 no-
2157 1792 2203 1851 B
2231 1793 2408 1851 Latini
2461 1800 2789 1857 auctoritate
2830 1803 3021 1871 fretus,
3078 1809 3357 1880 vulgarem
3396 1813 3767 1877 Provincialium

547 1885 740 1945 minari
790 1887 1001 1959 int-eger
1055 1905 1246 1955 versus
1294 1892 1555 1963 vulgaris,
1582 1907 1675 1947 seu
1700 1909 1943 1959 carmen,
1968 1903 2131 1963 atque

544 1986 758 2042 poema,
793 1977 858 2032 ad
886 1978 1244 2034 imitationem
1282 1981 1661 2053 rhythmorum
1695 1982 2010 2037 Latinorum
2048 1984 2127 2037 lu-

542 2064 853 2132 cubratum,
884 2067 951 2122 de
974 2068 1169 2139 quibus
1200 2070 1460 2126 hactenus
1482 2070 1708 2142 egimus.
1729 2071 1842 2127 liae
1868 2074 1933 2128 de
1964 2089 2126 2129 causa

542 2153 835 2212 Pctrarcha
863 2142 1059 2213 cecinit
1091 2178 1105 2213 :

625 2266 740 2334 Voi,
769 2269 850 2322 ch'
876 2270 1126 2325 ascoltale
1158 2273 1209 2327 in
1237 2272 1383 2327 llime
1407 2291 1584 2345 sparse
1607 2274 1645 2328 il
1668 2291 1851 2329 suono.

540 2376 696 2445 Nam,
728 2390 786 2434 ut
812 2395 974 2449 supra
997 2398 1060 2436 ex
1085 2382 1318 2440 Othlouo
1356 2385 1609 2453 vidimus,
1657 2387 1900 2443 similiter
1928 2388 2121 2443 cadens

536 2471 668 2527 olim
698 2474 1071 2542 appellabatur
1101 2493 1386 2531 consonum
1417 2479 1649 2544 verbum,
1688 2494 1783 2534 seu
1814 2496 2119 2562 consonan-

537 2563 613 2617 tia
641 2580 840 2629 vocum,
865 2576 922 2619 ut
942 2568 1207 2623 Antonius
1232 2569 1298 2623 de
1326 2568 1526 2639 Tempe
1551 2578 1795 2627 testatur.
1828 2571 2121 2642 Scriptoris

538 2654 699 2722 hujus
729 2656 926 2714 librum
953 2660 1132 2721 adhuc
1161 2660 1279 2717 luce
1299 2672 1602 2731 carentem,
1628 2673 1685 2720 et
1711 2664 1764 2719 in
1791 2664 2118 2721 bibliotheca

537 2747 748 2805 Estensi
775 2766 839 2806 ac
868 2753 1224 2809 Ambrosiana
1251 2765 1608 2822 asservatum,
1647 2772 1747 2828 ego
1769 2756 1883 2828 jam
1916 2759 2114 2813 dudum

537 2843 833 2897 memoravi
883 2842 977 2899 lib.
1006 2846 1201 2916 primo,
1227 2862 1349 2917 cap.
1392 2850 1447 2913 3,
1480 2850 1553 2903 De
1580 2850 1807 2919 perfect.
1835 2850 1985 2919 pocsi
2011 2851 2116 2905 lta—

537 2929 654 2992 lic.,
701 2931 856 3002 cujus
895 2933 983 2990 hic
1012 2935 1235 2991 titulus:
1271 2934 1491 2992 Summa
1521 2939 1652 2993 artis
1682 2941 1965 3010 rhythmici
1995 2941 2111 2996 vul-

533 3022 677 3088 garis
723 3024 1044 3092 dictaminis,
1090 3029 1378 3098 composita
1415 3031 1480 3085 ab
1519 3031 1747 3087 Antonio
1798 3034 1864 3087 de
1895 3033 2109 3103 Tempo,

527 3111 729 3179 judice,
778 3115 884 3170 cive
914 3114 1194 3183 Puduano,
1224 3120 1294 3174 ad
1318 3120 1575 3175 illustrem
1603 3123 1890 3194 principem
1917 3124 2105 3179 Alber-
2140 3137 2182 3194 ί]

532 3214 644 3259 tum
672 3207 744 3261 ‘de
790 3207 844 3262 la
879 3208 1058 3264 Scala.
1092 3212 1245 3267 Anno
1285 3213 1499 3268 Domini
1525 3216 1681 3270 15⁸52.
1710 3215 1790 3272 Ac
1808 3217 2035 3287 proinde
2063 3219 2109 3275 is

458 3363 464 3371 ,
531 3300 778 3355 carmina
834 3302 1143 3360 Petrarcha:
1182 3321 1280 3362 sua
1331 3307 1711 3364 lucubratione
1730 3311 2027 3381 praecessit.
2059 3311 2110 3368 l's

528 3403 659 3461 ergo
682 3391 1038 3462 rhythmorum
1074 3396 1370 3467 vulgarium
1422 3407 1617 3468 septem
1665 3416 1857 3470 genera
1903 3418 2110 3456 enume-

528 3492 631 3548 rat,
658 3496 915 3552 sonetum,
947 3487 1215 3554 bellatum,
1248 3491 1540 3546 cantionem
1580 3501 1870 3561 extensum,
1897 3503 2004 3549 etc.
2029 3494 2108 3549 Ex

529 3589 642 3643 quo
671 3576 824 3632 vides
876 3579 1210 3635 carminibus
1242 3581 1373 3652 ipsis
1403 3597 1599 3640 nomen
1621 3585 1848 3654 rhythmi
1876 3586 2104 3643 inditum

528 3663 717 3721 fuisse.
744 3665 954 3725 Rursus
976 3669 1070 3726 ille
1097 3672 1286 3727 scribit
1316 3673 1370 3728 in
1397 3675 1545 3731 rubr.
1576 3692 1594 3732 ι
1624 3694 1639 3731 :
1670 3675 1967 3748 Rhymmus
1988 3680 2101 3733 vul-

526 3756 671 3825 garis
724 3766 801 3811 est
850 3774 1011 3828 genus
1054 3761 1319 3832 quoddam
1350 3765 1670 3833 dictaminis,
1703 3775 1807 3823 etc.
1836 3767 2104 3825 Litteralis

524 3847 799 3915 'Itythmus
829 3849 907 3920 (id
932 3859 1017 3907 est
1041 3850 1288 3924 Latinus)
1320 3858 1604 3913 secundum
1634 3862 2002 3930 grammaticos
2026 3871 2102 3917 est

523 3950 816 3992 consonans
861 3941 1063 4009 paritas
1090 3930 1434 4013 syllabarum,
1473 3958 1611 4002 certo
1637 3964 1851 4003 numero
1872 3966 2103 4020 compre-

522 4029 823 4085 hcnsarum.
860 4032 926 4087 Et
960 4034 1139 4089 eadem
1180 4036 1451 4107 dispositio
1480 4040 1621 4094 cadit
1648 4041 1701 4096 in
1722 4041 1950 4113 quolibet
1979 4042 2099 4097 vul-

519 4120 637 4189 gari
680 4123 940 4192 rhythmo,
971 4128 1231 4197 prtecipue
1257 4129 1312 4183 in
1347 4140 1491 4185 motu
1526 4132 1783 4203 confecto,
1813 4143 1921 4190 etc.
1953 4135 2097 4192 Infra

522 4212 706 4269 subdit
740 4233 754 4270 :
786 4216 1014 4282 Quilibet
1045 4222 1316 4293 rhythmus
1351 4225 1540 4281 habeat
1570 4228 1754 4284 saltent
1786 4230 2095 4287 unam'con-

516 4307 814 4361 sonantium
839 4325 958 4363 cum
995 4312 1239 4380 dictione,
1265 4317 1597 4389 quea-habeat
1645 4320 1906 4376 diuersum
1934 4324 2097 4394 signi-

516 4394 754 4462 ﬁcatum,
809 4407 915 4454 etc.
944 4394 1080 4455 sunt
1130 4402 1201 4457 ibi
1241 4413 1420 4461 tamen
1455 4417 1511 4463 et
1539 4408 1644 4464 alia
1675 4409 1792 4467 loca
1815 4412 1866 4467 in
1899 4414 2094 4483 quibus

2233 1902 2327 1942 seu
2385 1888 2720 1948 Francorum
2769 1896 3005 1968 linguam
3052 1916 3195 1956 anno
3250 1904 3391 1958 1260
3447 1906 3604 1964 fuisse
3634 1910 3757 1982 lapiit

2231 1977 2520 2037 dilettevole
2550 2000 2577 2038 e
2600 1982 2652 2038 la
2682 1986 2772 2055 piit
2797 2005 3035 2057 comune,
3065 1993 3157 2046 σιω
3183 1996 3304 2048 tutti
3323 1996 3403 2066 gli
3421 1997 3542 2052 altri
3566 1977 3758 2074 linguag.

2228 2071 2314 2140 gi;
2338 2088 2401 2127 ac
2424 2084 2709 2145 propterea
2739 2078 2887 2136 illius
2918 2086 3197 2140 sententia
3212 2097 3297 2142 est
3317 2104 3425 2143 non
3450 2090 3613 2146 solum
3639 2108 3693 2147 ex

2230 2160 2408 2231 lingua
2461 2165 2622 2223 Italos
2677 2169 2956 2227 derivasse
2997 2185 3169 2231 artem
3205 2179 3580 2250 rhythmorum
3617 2186 3758 2257 vulga-

2230 2255 2390 2322 rium,
2436 2258 2531 2312 sed
2566 2260 2732 2315 etiam
2758 2263 2851 2317 clte
2877 2264 2929 2318 la
2956 2266 3136 2337 lingua
3180 2269 3506 2347 Provenzale
3543 2275 3595 2330 in
3627 2255 3769 2333 natur

2225 2346 2283 2415 fu
2333 2350 2514 2405 madre
2566 2351 2620 2406 in
2664 2371 2797 2424 gron
2824 2368 2973 2427 parte
2994 2358 3117 2421 dell‘
3151 2357 3389 2421 Ita/iano
3414 2346 3604 2437 dopoil
3624 2373 3759 2426 θείοιο

2225 2443 2517 2497 undecimo.
2557 2444 2816 2515 Equidem
2846 2451 3095 2524 suSpicor
3118 2452 3500 2519 Fontaninjum
3529 2462 3757 2517 neminem

2224 2538 2332 2589 tam
2385 2537 2594 2591 enormi
2650 2540 2933 2595 sententia:
2981 2532 3413 2602 consentientem
3465 2550 3755 2617 habiturum,

2221 2638 2532 2695 quanquam
2586 2638 2641 2683 et
2701 2629 2966 2687 Varchius
3027 2637 3324 2703 censuerit,
3380 2637 3753 2698 Provincialiun'.

2218 2714 2455 2787 linguam
2495 2722 2715 2776 matrem
2757 2740 2949 2794 magna
2991 2744 3056 2781 ex
3079 2739 3229 2799 parte
3265 2728 3432 2800 fuisse
3459 2732 3649 2791 halica:
3664 2750 3770 2807 post

2217 2825 2416 2866 annum
2473 2813 2631 2870 1200.
2668 2816 2853 2887 Neque
2902 2821 3046 2877 enim
3097 2834 3205 2879 tam
3238 2840 3362 2882 sero
3415 2831 3645 2896 emersit,
3674 2841 3761 2888 sta-

2220 2910 2443 2975 tumque
2465 2909 2674 2979 accepit
2695 2908 2879 2967 Italica
2904 2912 3084 2985 lingua
3111 2934 3123 2971 :
3159 2918 3267 2974 imo
3289 2919 3404 2976 haec
3429 2936 3458 2976 a
3487 2921 3757 2979 Provincia-

2216 2993 2355 3050 libus
2385 2998 2598 3053 nonnisi
2622 3015 2792 3069 pauca
2823 3006 3081 3061 vocabula
3106 3012 3338 3080 accepit,
3370 3014 3448 3069 uti
3475 3014 3583 3084 jam
3610 3031 3754 3091 param

2215 3082 2418 3140 factum
2465 3097 2549 3142 est
2579 3104 2741 3159 supra
2791 3093 2842 3146 iu
2874 3093 3268 3156 Dissertatione
3304 3118 3453 3158 xxxii
3476 3082 3544 3159 de
3577 3082 3758 3177 Origine

2214 3173 2435 3245 Lingute
2479 3176 2707 3233 Italiae.
2765 3181 2833 3238 Et
2882 3200 3191 3256 quanquam
3246 3191 3445 3248 multas
3503 3173 3765 3251 voces’ex:

2214 3266 2544 3324 Francorum
2606 3282 2701 3326 aut
2754 3273 3171 3335 Provincialium
3216 3281 3401 3354 lingua
3457 3286 3515 3341 in
3546 3287 3753 3344 ltalicam

2212 3358 2477 3429 migrasse
2524 3362 2796 3427 daremus.
2854 3383 2957 3422 non
3009 3381 3311 3442 propterea.
3337 3375 3462 3444 jura
3499 3380 3677 3434 matris
3696 3381 3755 3435 illi

2210 3451 2491 3508 tribuenda
2548 3453 2744 3512 forent.
2798 3458 3026 3519 ilttetius
3075 3465 3212 3534 ipse,
3261 3469 3349 3524 vir
3378 3474 3756 3541 spectatissima:

2209 3544 2546 3611 eruditionis,
2598 3546 2726 3604 licet
2754 3550 2961 3619 Gallus,
2994 3555 3064 3610 'in
3093 3556 3186 3611 lib.
3224 3558 3298 3615 De
3327 3562 3524 3632 origin.
3553 3564 3752 3618 fabular.

2209 3634 2560 3705 Romanens.,
2610 3649 2829 3697 nostros
2876 3645 3015 3700 ridet
3061 3650 3203 3717 quod
3243 3651 3409 3707 nimia
3458 3654 3754 3710 liberalitate

2206 3726 2403 3784 multas
2452 3728 2648 3802 lingua:
2693 3744 2893 3789 nostra:
2953 3753 3112 3793 voces
3153 3739 3585 3803 Provincialibus
3614 3748 3753 3803 veluti

2205 3830 2456 3890 acceptas
2502 3822 2759 3892 referant,
2827 3844 2964 3898 quas
3018 3840 3199 3887 tamen
3251 3850 3377 3891 cum
3416 3837 3491 3892 illi
3524 3832 3631 3894 tum
3666 3856 3751 3894 non

2202 3912 2359 3970 Latio
2403 3915 2683 3975 debemus.
2739 3921 2995 3994 Exempla
3035 3934 3092 3981 et
3138 3942 3236 3998 ego
3267 3930 3430 3986 attuli
3456 3933 3506 3986 in
3541 3934 3676 3989 notis
3696 3937 3763 3988 ad'

2202 4008 2447 4064 carmina
2486 4010 2668 4068 Italica
2720 4012 3048 4073 Petrarehae.
3083 4018 3326 4093 Denique
3377 4040 3471 4081 eos
3491 4029 3647 4082 etiam
3669 4030 3756 4083 ειη.

2200 4100 2449 4170 probavit
2482 4104 2680 4161 Dantes
2708 4106 2982 4177 Aligerius
3026 4110 3079 4164 in
3111 4112 3395 4181 Convivia,
3428 4118 3525 4187 qui
3549 4118 3754 4174 Provin-

2198 4191 2417 4248 cialium
2447 4194 2682 4267 linguam
2713 4197 2912 4255 italicae
2939 4202 3321 4271 praeferebant.
3345 4207 3607 4264 Cmterum
3627 4213 3753 4281 quod

2199 4292 2283 4337 est
2311 4281 2376 4338 ad
2422 4285 2730 4343 Italicorum
2758 4291 2988 4359 poesim,
3020 4308 3128 4348 non
3165 4295 3263 4351 abs
3293 4311 3354 4352 re
3383 4296 3582 4355 Marius
3602 4301 3753 4371 Equi-

2195 4372 2334 4441 cola,
2357 4375 2552 4431 Petrus
2572 4377 2824 4445 Bembus,
2859 4380 3176 4451 Speronius,
3205 4385 3559 4455 SansOvinus,
3584 4400 3750 4460 atque,

518 4483 744 4554 rhythmi
768 4501 868 4543 vox
896 4490 1035 4547 idem
1067 4492 1375 4564 signiﬁcare
1403 4497 1617 4554 videtur
1653 4515 1717 4557 ac
1749 4466 2085 4559 nobis.rima.
2115 4477 2170 4539 θ
2196 4473 2256 4520 ιη
2276 4466 2413 4564 3.“.08
2443 4477 2710 4564 °"‘,'."‘""'
2742 4472 3056 4541 prmlauda"
3082 4476 3527 4539 Cmsc'mbem“
3551 4493 3603 4538 ⁸⁸
3629 4484 3754 4537 iam“

515 4572 623 4663 Sed
649 4580 1019 4646 quandonam,
1066 4591 1121 4639 et
1150 4586 1291 4654 apud
1327 4603 1464 4657 quos
1491 4598 1619 4645 nata
1653 4591 1835 4648 Italica
1866 4595 2090 4663 poesis?

511 4661 763 4723 Omnium
795 4673 1128 4729 eruditorum
1171 4677 1380 4734 calculo
1404 4679 1518 4749 jam
1551 4683 1821 4739 firmatum
1851 4661 1953 4750 est,
1979 4688 2089 4754 pri-

511 4774 630 4816 mos
686 4761 739 4816 in
790 4762 942 4819 italia
994 4764 1205 4824 Siculos
1231 4770 1507 4842 vulgarem
1539 4772 1800 4845 linguam,
1845 4775 2086 4835 Italicam

510 4852 786 4923 nimirum,
820 4872 1110 4928 usurpasse
1140 4861 1206 4916 ad
1230 4864 1542 4921 condendos
1575 4882 1783 4925 versus.
1815 4871 1945 4938 Quae
1967 4888 2085 4929 om-

507 4944 655 4999 nium
680 4948 1042 5004 vetustissima
1068 4964 1311 5022 poemata
1335 4955 1533 5013 Italica:
1557 4957 1748 5031 lingua:
1770 4975 2081 5035 supersunt,

505 5030 705 5092 Siculis
757 5039 933 5108 poetis
990 5042 1321 5099 tribuuntur.
1396 5030 1643 5118 insuper,
1684 5030 1981 5112 Petra-rcha
2026 5030 2080 5114 in

504 5122 787 5196 Triumph.
833 5129 1044 5189 Amen.
1074 5149 1194 5203 cap.
1223 5135 1276 5201 4,
1301 5136 1519 5197 ltalicos
1547 5152 1733 5212 poetas
1766 5162 2077 5217 recensens,

500 5231 889 5278 commemorat
911 5223 1207 5295 iSiciliam’,

640 5333 747 5389 Che
775 5335 865 5405 fur
888 5340 974 5408 gia
999 5342 1174 5411 primi,
1205 5360 1235 5398 e
1261 5345 1402 5416 quivi
1431 5364 1559 5402 eran
1588 5350 1656 5403 tla
1684 5368 1855 5407 sezzo.

567 5447 720 5504 Unde
747 5466 876 5507 vero
905 5451 1069 5509 Siculi
1098 5456 1378 5515 hauserint
1400 5475 1654 5519 versuum
1680 5479 1743 5519 ac
1769 5478 2075 5534 poematum

495 5538 795 5611 vulgarium
820 5540 1072 5612 formam,
1106 5563 1373 5620 usumque
1399 5554 1820 5610 consonantium
1854 5573 2075 5627 vocum,

493 5640 649 5685 antea
683 5633 1018 5704 disputatum
1069 5647 1153 5692 est
1183 5640 1327 5695 inter
1356 5640 1570 5699 Italicos
1599 5647 1866 5702 eruditos.
1899 5646 2073 5705 Joan-

492 5736 587 5777 nes
615 5720 816 5781 Marius
844 5726 1300 5795 Crescimbcuius,
1328 5733 1412 5787 cui
1445 5749 1607 5804 supra
1639 5747 1865 5793 caeteros
1894 5740 2068 5796 lucem

2196 4558 2433 4615 tauinius
2458 4561 2704 4618 arbitrati
2735 4573 2886 4632 sunt,
2927 4568 3191 4639 originem
3218 4572 3378 4629 istius
3402 4592 3430 4630 a
3460 4576 3753 4632 Provincia.

2190 4648 2321 4705 lium
2373 4650 2678 4709 imitatione
2714 4669 2837 4712 esse
2877 4660 3099 4715 omnino
3153 4668 3551 4722 arcessendam.
3582 4669 3753 4725 Liceat

2193 4748 2373 4797 tamen
2424 4754 2480 4799 et
2532 4746 2661 4801 mihi
2684 4740 2945 4807 'addere:
2978 4752 3032 4809 id
3057 4754 3274 4825 quidem
3299 4760 3414 4813 veri
3447 4762 3635 4825 simile,
3664 4762 3752 4815 mi-

2189 4834 2337 4891 nime
2353 4850 2483 4892 vero
2496 4846 2705 4895 certum
2735 4856 2874 4898 esse.
2903 4841 3023 4899 Jam
3046 4849 3276 4916 produxi
3307 4849 3402 4906 lib.
3430 4854 3615 4923 primo,
3639 4871 3745 4923 cap.

2186 4925 2244 4991 5,
2268 4924 2421 4981 Delta
2442 4928 2666 4998 perfetta
2689 4933 2891 5001 poesia,
2933 4936 3096 4991 verba
3139 4936 3469 5008 Petrarchte,
3502 4959 3615 5014 qum
3642 4955 3750 4997 rur-

2186 5031 2284 5073 sus
2331 5018 2420 5075 hic
2464 5020 2863 5079 consideranda
2923 5028 3162 5083 veniunt.
3223 5031 3279 5085 ln
3336 5035 3645 5102 praefatione
3686 5037 3745 5087 ad

2186 5110 2442 5180 epistolas
2493 5127 2620 5169 suas
2669 5113 2964 5175 familiares
3002 5120 3071 5177 de
3121 5122 3275 5179 libris
3303 5139 3333 5179 a
3364 5142 3425 5181 se
3453 5128 3745 5198 eotnpositis

2183 5200 2273 5256 ille
2294 5218 2481 5272 agens,
2512 5205 2796 5276 rhythmos
2822 5209 2986 5266 etiam
3012 5213 3219 5285 vulgari
3247 5217 3429 5288 lingua
3455 5236 3484 5275 a
3516 5236 3569 5275 se
3607 5220 3749 5274 lucu-

2181 5290 2370 5350 hratos
2400 5295 2551 5353 hisce
2578 5300 2757 5355 verbis
2809 5302 3110 5361 describit:
3147 5308 3286 5365 Pars
3310 5313 3591 5367 mulcendis
3615 5312 3743 5381 uulgi

2180 5384 2397 5439 auribus
2452 5387 2675 5453 intenta,
2718 5392 2830 5445 suis
2870 5404 2919 5447 et
2946 5395 3058 5465 ipsa
3083 5397 3284 5468 legibus
3312 5403 3562 5457 utebatur.
3594 5402 3743 5468 Quod

2178 5491 2340 5545 genus
2385 5479 2527 5546 apud
2577 5479 2789 5538 Siculos
2846 5485 2926 5554 (ut
2980 5486 3128 5556 fama
3152 5496 3252 5562 est)
3285 5508 3389 5547 non
3418 5495 3586 5548 multis
3633 5504 3745 5546 ante

2178 5565 2385 5621 sarculis
2416 5577 2654 5624 renatum
2675 5612 2689 5637 ,
2723 5572 2861 5629 brevi
2879 5593 2972 5646 per
2989 5594 3195 5635 omnem
3220 5582 3439 5639 Italiam
3464 5603 3523 5640 ac
3545 5585 3744 5655 longius

2176 5658 2411 5712 manavit
2453 5675 2473 5714 :
2532 5664 2673 5731 apud
2701 5663 3006 5724 Graecorum
3034 5670 3159 5726 olim
3180 5691 3243 5729 ac
3274 5674 3739 5755 LatinorunLuetu-

2177 5746 2430 5805 stissimos
2458 5752 2805 5823 celebratum;
2855 5760 3106 5831 siquidem
3151 5774 3199 5821 et
3232 5765 3491 5829 Romanos
3516 5746 3741 5832 uuluam
