3892 6314
3174 204 3201 215 \

118 341 186 402 797
1358 323 1670 381 IlllY'l‘IIMl
1714 324 2046 381 VETERES.
3188 320 3297 377 798

116 445 344 515 ihythmico
360 452 547 496 tantum
573 440 795 494 canuine
830 439 901 493 uti
926 438 1107 494 solitos
1131 440 1447 509 accepimus.
1478 439 1602 494 Ilzec
1632 444 1673 499 Α
1702 438 1983 508 scripserit
2008 453 2070 493 ex
2100 435 2267 506 ipsius
2321 436 2505 492 Daulis
2536 434 2700 491 verbo
2734 454 2746 490 :
2773 434 3155 505 thytltnwrum
3181 438 3297 489 vul-

115 512 342 604 ρεῖητειιει
388 536 593 590 circiter
642 549 839 587 annum
889 532 1090 588 Christi
1119 532 1258 587 1560
1294 533 1601 587 scribebat:
1708 532 1914 603 garium
1982 529 2295 584 Italicorum
2354 538 2524 584 artem
2576 528 2795 585 circiter
2844 544 3020 584 annos
3066 537 3289 584 centum

112 656 199 710 qua'
217 630 453 690 Ludovico
474 625 802 683 Castelvelro
828 625 1116 681 Mutinensi
1148 625 1199 679 in
1230 625 1601 681 Additament.
1708 622 2098 693 quinquaginta
2129 630 2254 675 ante
2279 621 2529 679 eumdem
2580 621 2875 693 Aligeriutn
2902 621 3169 692 originem
3199 624 3295 674 ha-

110 735 157 786 ud
186 729 261 783 tib,
300 725 515 795 primum
547 720 695 775 Pros.
742 718 924 774 Bembi
949 717 1062 787 jam
1087 718 1177 773 ditt
1201 720 1604 785 animadversa,
1706 715 1909 771 bnisse.
1936 713 2149 782 Epocha
2176 712 2275 767 ista
2305 713 2359 769 iu
2387 728 2481 767 eos
2503 712 2647 781 ipsos
2676 729 2847 769 annos
2869 714 3144 779 convenit,
3170 713 3288 783 qni-

110 821 449 895 persuaserunt,
480 811 743 865 immerito
770 810 983 865 obtrudi
1010 808 1383 864 Provinciales
1419 820 1607 880 poetas
1707 808 1806 864 bus
1828 806 2319 864 etProvincialium
2345 814 2625 875 poetarum
2650 806 2811 875 primi
2846 807 3099 862 ﬂoruere.
3115 806 3295 873 Quid?

111 926 311 985 tanquam
336 916 575 978 parentes
596 912 687 957 aut
719 904 1006 973 magistros
1032 902 1233 958 Italica:
1260 918 1504 972 poescos.
1541 904 1606 959 Et
1707 901 1849 971 quod
1898 912 1953 956 et
1996 901 2139 956 idem
2178 898 2615 954 Crescimbenius
2647 907 2789 967 part.
2820 914 2880 963 ιι,
2911 898 3035 953 libri
3060 914 3100 952 ιι
3129 898 3291 953 Com~

109 1021 152 1061 ea
174 999 356 1071 quidem
384 996 476 1050 sibi
508 994 754 1064 opposuit
782 992 1258 1059 Creseimbenius;
1290 994 1383 1049 sed
1416 1010 1609 1064 quanta
1718 1005 1953 1059 ntentar.
2002 1003 2189 1051 auctor
2239 1002 2344 1058 est,
2384 992 2594 1049 Tuscia:
2625 1007 2730 1046 non
2772 992 3006 1047 defuisse
3040 990 3303 1059 vulgares-

111 1099 164 1150 vis
185 1090 319 1149 multa
360 1093 745 1142 commentatus
784 1083 967 1151 fuerit,
1000 1085 1202 1140 nemini
1234 1084 1497 1141 hactenus
1527 1086 1605 1142 vi-
1706 1096 1894 1158 poetas
1957 1101 2099 1141 anno
2141 1088 2303 1140 etiam
2346 1084 2504 1139 1200.
2554 1084 2690 1139 Cum
2731 1098 2861 1137 vero
2899 1083 3160 1149 Etruscis,
3190 1081 3294 1137 Pe-

108 1192 251 1243 deatur
296 1179 555 1236 debilitata
601 1177 800 1232 nedum
837 1177 1085 1233 confossa
1133 1178 1451 1233 Castelvetri
1483 1194 1607 1234 sen-
1710 1181 1924 1236 tt'archa
1953 1188 2105 1242 teste,
2133 1178 2446 1248 pneiverint
2473 1176 2660 1243 Siculi,
2688 1175 2955 1245 reliquum
2983 1182 3067 1229 est
3091 1183 3151 1228 ιιι
3185 1188 3290 1244 «tuo

108 1278 246 1333 lentia.
273 1272 391 1326 Nam
418 1269 556 1340 quod
582 1269 725 1325 nulla
759 1268 1063 1325 Siculorum
1095 1270 1337 1325 carmina
1362 1270 1603 1338 vulgaria
1710 1283 1951 1342 tempore
1992 1269 2407 1327 Provincialium
2450 1268 2632 1339 poesis
2686 1267 2922 1338 vigebat.
2983 1264 3293 1319 Siculorum

107 1369 337 1424 habeamus
375 1371 494 1415 ante
546 1375 745 1415 annum
827 1361 967 1415 1200
993 1362 1217 1430 scripta,
1263 1377 1602 1431 nequaquam
1707 1383 1924 1439 quoque
1977 1348 2159 1437 poesis
2209 1365 2405 1421 usitata
2462 1364 2603 1435 apud
2655 1362 2909 1433 vulgares
2963 1357 3127 1415 fuerit
3165 1371 3180 1412 :
3225 1372 3291 1412 ac

107 1452 373 1511 inferendum
407 1459 483 1504 est
530 1450 675 1504 nulla
709 1465 896 1520 reapse
920 1450 1221 1520 composita
1252 1462 1378 1506 ante
1402 1466 1603 1506 annum
1706 1459 1934 1531 pmimte
1974 1458 2207 1513 veritate
2254 1457 2373 1524 niti,
2405 1459 2548 1526 quod
2584 1455 2877 1512 Petrareha
2906 1453 2999 1517 ait,
3040 1450 3295 1507 videlicet

108 1547 212 1601 illum
244 1541 411 1596 fuisse.
444 1539 583 1606 Quot
638 1540 781 1595 enim
810 1549 867 1595 et
916 1550 1117 1610 quanta
1168 1540 1323 1596 nobis
1344 1540 1607 1612 eripuerit
1710 1552 2085 1624 rhythmorum
2140 1557 2314 1605 artem
2371 1548 2512 1618 apud
2568 1546 2774 1603 Siculo,
2826 1560 2928 1599 ηοη
2964 1542 3143 1597 mum,
3170 1550 3301 1596 mue.

106 1650 280 1708 tempus.
310 1634 353 1689 is
381 1637 584 1688 tantum
619 1632 829 1703 ignorat
865 1632 956 1703 qui
987 1633 1183 1703 hospes
1216 1634 1269 1688 iu
1296 1633 1606 1690 eruditione

1756 1645 1914 1700 eculis
1939 1643 2172 1715 (duobus
2205 1641 2426 1711 saltem)
2451 1650 2688 1695 renutant
2721 1639 2902 1709 fuisse.
2936 1635 3121 1705 Neque
3152 1633 3293 1704 inju-

105 1742 269 1800 pmrsus
312 1732 416 1792 est,
443 1733 499 1777 ut
530 1725 804 1790 omittam,
857 1724 1008 1794 plura
1041 1725 1197 1780 condi
1219 1725 1461 1795 potuisse
1485 1739 1604 1796 qua:
1641 1796 1642 1799 η

1760 1750 1790 1789 a
1838 1734 2015 1790 subdit
2064 1732 2172 1797 ille,
2224 1730 2439 1786 Siculos
2472 1746 2501 1785 e
2531 1728 2737 1786 Graecis
2787 1738 2951 1793 atque
2992 1725 3200 1779 Latinis
3240 1724 3294 1778 id

105 1817 245 1874 niteris
270 1814 474 1869 minime
504 1813 711 1871 fuerint
737 1815 1072 1886 consignata.
1641 1794 1683 1851 Β
1711 1841 1883 1898 genus
1933 1838 2163 1896 poeseos
2192 1821 2471 1886 didicisse,
2503 1836 2624 1876 cum
2661 1829 2819 1873 antea
2849 1815 3297 1886 conspexerimus

151 1906 606 1977 Perspectissimum
663 1922 792 1962 vero
845 1908 1138 1964 Petrarcha
1176 1908 1389 1974 habuit,
1421 1918 1609 1980 utpote
1712 1919 2013 1975 familiares
2043 1916 2210 1971 fuisse
2230 1930 2351 1970 cum
2384 1914 2590 1970 Graecis
2616 1923 2727 1968 tum
2751 1911 2956 1966 Latinis
2987 1910 3290 1982 rhythmos,

103 2017 168 2072 per
204 2013 350 2055 annos
402 1997 711 2067 complures
767 1999 821 2054 in
858 1998 1146 2056 Provincia
1176 2008 1446 2067 versatus,
1474 2011 1609 2073 quot

1759 2027 1776 2067 ι
1805 2021 2065 2083 praeterea
2112 2010 2323 2064 vocum
2371 2020 2735 2063 consonarum
2771 2018 2947 2067 usum,
2980 2017 3117 2072 quas
3151 2016 3296 2055 nune

102 2099 234 2159 poetas
253 2104 306 2144 ea
335 2088 475 2159 regio
503 2086 724 2153 tulerat,
779 2105 995 2160 quoque
1021 2102 1261 2160 tempore
1286 2092 1319 2146 ii
1349 2092 1602 2148 ﬂoruere.

1754 2106 1838 2159 me
1889 2116 2301 2173 nuncupamus,
2365 2114 2487 2155 sera
2539 2097 2860 2168 antiquitate
2896 2093 3291 2149 conuueudari.

102 2178 226 2233 riiltilo
248 2185 405 2231 tamen
433 2177 635 2242 secius,
681 2193 787 2232 nou
814 2179 882 2234 ab
912 2179 976 2235 iis
1003 2178 1213 2237 Siculos
1238 2182 1492 2237 didicisse
1521 2199 1606 2239 ar-
1709 2196 1864 2265 Apud
1916 2196 2061 2266 ipsos
2094 2193 2330 2253 Siculos,
2367 2191 2564 2247 εωειιιο
2589 2189 2912 2245 duodecimo
2941 2186 3293 2247 decurrente,

102 2284 171 2322 rem
206 2268 551 2341 rhythmorum
606 2270 827 2352 scribit,
872 2272 964 2326 sed
1012 2272 1192 2341 potius
1238 2289 1269 2327 a
1314 2272 1524 2329 Latinis
1548 2284 1604 2331 et

1766 2287 1977 2342 usmodi
2030 2301 2222 2340 versus
2274 2300 2304 2338 a
2349 2282 2559 2338 Latinis
2598 2280 2772 2352 poetis
2808 2277 3077 2340 excultos,
3108 2277 3295 2346 paucis

102 2362 262 2426 Grecis,
305 2362 435 2431 apud
479 2378 713 2438 quorum
772 2364 961 2436 vulgus
1022 2367 1076 2420 in
1128 2384 1224 2423 usu
1274 2368 1402 2422 olim
1438 2369 1603 2424 fuisse

1765 2380 2018 2435 stendam.
2082 2376 2314 2447 llogcrio
2352 2376 2370 2429 I
2411 2374 2613 2443 inclyte
2665 2370 2865 2426 Sicilia:
2917 2377 2974 2423 et
3029 2365 3302 2422 Calabria:

102 2453 326 2523 “l'ilhmos
358 2454 469 2523 ῖνεε
529 2453 830 2511 Ροῑνθῐέίιίι
879 2467 1182 2527 θεεονυττιι-
1215 2459 1442 2516 001⁵1³05
1468 2459 1603 2515 amr“
1710 2471 1915 2534 comiti,
1942 2470 2032 2540 qui
2063 2486 2205 2523 anno
2233 2466 2363 2522 1101
2398 2474 2605 2519 natura‘.
2643 2461 2887 2518 debitum
2917 2459 3094 2520 solvit,
3121 2468 3296 2510 tumu-

101 2560 268 2609 memus,
296 2545 426 2615 quod
454 2545 501 2599 is
529 2544 690 2617 longe
722 2548 939 2616 propior
960 2546 1382 2605 Provincialium
1408 2553 1601 2621 poetis,

1773 2581 1799 2621 s
1823 2567 1924 2620 hac
1945 2562 2236 2635 epigraphe
2262 2570 2488 2615 ornatus
2511 2556 2676 2612 Mileti
2700 2555 2909 2626 positus
2930 2551 3049 2618 fuit,
3079 2549 3310 2605 Boccho.

100 2647 130 2689 ει
145 2638 251 2690 inter
266 2647 429 2707 patres
452 2637 657 2693 Italicae
687 2654 911 2709 poeseos
926 2651 1267 2707 numeratus,
1303 2643 1605 2713 ignoravit?
1712 2660 1869 2715 pirro
1903 2667 2043 2713 reste
2067 2657 2120 2712 in
2147 2653 2474 2723 Chronolog.
2509 2646 2627 2722 reg.
2660 2646 2899 2705 Siciliae:

100 2729 144 2783 Αι-
166 2730 389 2802 pracipue
412 2747 535 2787 cum
566 2730 1187 2789 LeonardusArretinus
1206 2734 1259 2789 in
1278 2736 1395 2791 Vita
1417 2737 1604 2794 Daulis

508 2865 859 2934 LI‘NQVENS
898 2866 1299 2936 TERRENAS,
1339 2872 1671 2931 MIGRAVIT
1708 2876 1848 2931 DVX
1888 2875 1977 2930 AD
2016 2872 2342 2931 AMOENAS

507 2956 863 3016 ROGERIVS
902 2959 1138 3029 SEDES,
1178 2962 1325 3018 NAM
1358 2963 1558 3022 COELI
1598 2966 2156 3042 DETINE'ILAZDES.

98 3090 165 3139 Par
198 3096 264 3143 est
308 3089 639 3160 epitaphium
690 3090 954 3163 Rnynaldi
1016 3094 1254 3162 comitis,
1300 3112 1442 3150 anno
1472 3098 1609 3153 1126
1638 3141 1680 3197 Ο
1720 3103 1922 3160 Notitia
1942 3104 2235 3160 Catanens.
2282 3098 2561 3155 Ecclesia}.
2594 3096 2667 3150 Ita
2695 3092 2963 3149 Guiliclmi
2996 3092 3011 3145 1
3047 3090 3186 3160 regis

98 3182 206 3235 ribus
240 3180 469 3241 humanis
531 3186 797 3256 exempti,
853 3188 991 3257 apud
1023 3188 1270 3244 eumdem
1314 3188 1527 3246 Pirrum
1554 3193 1606 3247 in
1640 3180 1680 3197 ν
1717 3192 1926 3263 pulcro,
1960 3208 2103 3248 anno
2132 3189 2272 3247 1170
2304 3188 2585 3258 inscriptio
2617 3186 2732 3241 lucc
2763 3183 2932 3239 incisa
2958 3190 3038 3236 est
3066 3198 3078 3234 :

515 3318 635 3374 HIC
676 3318 814 3375 TVA
854 3320 1111 3377 ROGERI
1157 3323 1297 3380 DVX
1336 3324 1669 3395 QVONDAM
1709 3324 2036 3382 TEMPORE

786 3321 814 3374 ἱ
854 3320 1111 3377 ROGERI
1157 3323 1297 3380 DVX
1336 3324 1669 3395 QVONDAM
1709 3324 2036 3382 TEMPOllE
2075 3323 2323 3380 PATRIS

508 3412 693 3469 OSSA
732 3413 959 3470 TENET
998 3415 1361 3483 TVMVLVS,
1402 3419 1687 3476 TVMVLO
1725 3418 2172 3475 CONTERMINA
2214 3415 2509 3482 MATIUS,

506 3505 851 3591 VNDECIES
887 3507 1169 3563 CENTVM
1211 3510 1453 3566 DECIES
1490 3509 1658 3579 SEX,
1700 3512 1803 3568 BIS
1841 3510 2053 3565 MAGIS
2092 3509 2277 3566 ANNO
2301 3552 2315 3576 ,

509 3597 826 3654 MIGRANS
863 3598 1040 3655 POST
1078 3600 1433 3656 CHRISTVM
1473 3601 1710 3659 NATVM
1750 3602 1880 3658 SVB
1916 3601 2194 3657 IIEIKODE
2231 3597 2598 3666 TYRANNO,
2638 3606 2742 3653 etc.

93 3731 245 3802 Reliqui
280 3746 459 3789 versus
507 3734 701 3789 eodem
735 3733 991 3805 rhythmo
1038 3735 1358 3806 procedunt.
1401 3735 1604 3793 Similis
1641 3747 1725 3793 est
1754 3737 2035 3808 inscriptio
2060 3752 2203 3794 anno
2234 3734 2373 3793 1183
2392 3733 2565 3805 posita
2588 3731 2891 3803 Margariue
2915 3730 3155 3803 reginae:

509 3870 626 3927 HIC
666 3871 919 3927 REGINA
959 3872 1167 3927 .IACES
1207 3873 1594 3930 RFGALIBVS
1630 3875 1832 3931 EDITA
1873 3873 2109 3940 CVNIS,

523 3963 969 4029 MARGARITA,
1014 3965 1145 4020 TIBI
1185 3965 1422 4022 NOMEN
1463 3966 1647 4035 QVOD
1688 3969 1991 4026 MORIBVS
2030 3964 2220 4033 VNIS,
2262 3973 2368 4022 etc.

92 4093 191 4148 Nihil
214 4109 327 4164 ergo
348 4111 478 4166 opus
510 4095 615 4149 fuit
640 4096 838 4151 Siculis
868 4095 1285 4151 Provincialium
1313 4097 1612 4169 disciplina:
1718 4106 1806 4175 qui
1854 4114 1911 4160 ut
1936 4103 2224 4175 plurimum
2254 4117 2551 4157 consonans
2589 4109 2698 4166 est,
2738 4097 2905 4154 vocali
2935 4098 3148 4165 affecta,
3183 4114 3300 4151 runt

90 4200 171 4238 sese
182 4187 385 4253 tradere,
401 4196 455 4242 ul
468 4196 647 4245 artem
660 4188 980 4245 contexendi
998 4191 1611 4263 νειοδυεξὸμοιοτελέυτους

1762 4216 1825 4253 ua
1853 4214 1917 4253 ea:
1955 4198 2124 4251 tribus
2169 4195 2549 4267 quiescentibus
2578 4191 2919 4262 prwcedeute,
2950 4200 3003 4243 ut
3032 4207 3163 4255 una,
3188 4206 3299 4253 tua,

88 4278 399 4333 edocerentur.
1720 4304 1846 4353 atto,
1886 4296 1993 4342 etc.
2025 4287 2208 4357 Usque
2239 4288 2375 4340 adeo
2412 4284 2464 4340 id
2495 4292 2705 4339 certum
2726 4290 2832 4347 est,
2862 4291 2921 4336 ut
2948 4278 3301 4335 eruditissimi

135 4370 278 4440 Atque
325 4373 410 4428 hic
455 4373 769 4428 addendum
819 4383 904 4428 est
935 4389 1039 4429 non
1064 4372 1288 4430 Latinos
1324 4384 1532 4430 tantum
1561 4385 1615 4431 et
1642 4389 1692 4448 ι)
1724 4378 1901 4433 lluetii
1961 4378 2013 4432 in
2063 4377 2184 4432 libr.
2213 4377 2289 4432 De
2312 4377 2509 4447 origin.
2540 4374 2773 4430 fabular.
2810 4373 3140 4429 Rotnanens.
3173 4387 3297 4427 sen-

87 4456 251 4515 Gtmcos
301 4464 593 4534 rhythmici
651 4464 911 4519 carminis
964 4464 1206 4534 exempla
1246 4465 1442 4521 Siculis
1472 4483 1606 4537 ιιι-ωε
1723 4472 1887 4524 tentia
1911 4469 2097 4534 fuerit,
2130 4486 2223 4523 nos
2253 4469 2317 4523 ab
2367 4467 2600 4522 Arabum
2628 4466 2819 4538 papula
2847 4466 3107 4535 accepisse
3132 4474 3300 4519 artem

86 4550 240 4618 IIIIISSC,
269 4564 323 4609 ut
348 4555 646 4611 Petrarcha
676 4557 889 4612 erudite
937 4556 1338 4621 animadvertit,
1362 4558 1454 4613 sed
1480 4559 1615 4613 alios
1719 4560 2082 4631 rhythmandi,
2108 4560 2210 4614 hoc
2235 4558 2791 4626 cst,,consonantium
2828 4557 3116 4611 verborum
3144 4570 3300 4609 usum

86 4657 250 4713 quoque
273 4647 492 4718 populos
516 4648 571 4702 iu
603 4649 703 4703 hac
728 4658 845 4704 arte
874 4650 1077 4729 eisdem
1107 4662 1161 4705 ct
1197 4651 1424 4722 reliquis
1467 4652 1613 4709 italis
1717 4652 1769 4706 in
1800 4652 2064 4720 versibus,
2092 4666 2158 4706 ex
2183 4665 2290 4720 quo
2316 4649 2565 4706 videlicet
2588 4648 2824 4704 nefanda
2853 4663 2988 4719 gens
3020 4644 3301 4704 meliorem

87 4732 217 4789 facem
263 4739 568 4795 ministrare
614 4741 873 4810 potuisse.
923 4740 1057 4795 Nam
1109 4742 1247 4796 ultra
1277 4744 1383 4797 duo
1413 4743 1609 4799 saecula
1720 4743 1992 4813 Hispania:
2040 4752 2251 4814 partem
2301 4739 2434 4812 jugo
2486 4756 2587 4796 suo
2636 4754 2884 4810 premere
2910 4740 3076 4810 empit
3116 4735 3329 4806 :quod,

87 4825 160 4879 sub
200 4827 585 4886 Saracenorum
636 4832 877 4886 Arabmu
917 4830 1050 4904 jugo
1083 4833 1266 4888 Sicilia
1320 4835 1611 4903 gemuitad
1720 4835 1941 4889 ineunte
1991 4834 2191 4890 szcculo
2241 4843 2432 4887 octavo
2463 4831 2708 4902 contigit.
2739 4830 2939 4885 Eadem
2962 4844 3289 4900 quoques»

85 4932 241 4971 :nmum
288 4936 454 4991 usque
508 4922 671 4987 l060,
728 4938 836 4991 quo
893 4922 1138 4977 Messana
1186 4925 1262 4979 eis
1299 4935 1482 4995 erepta
1510 4935 1611 4979 est.
1717 4927 1841 4979 culo
1870 4941 2012 4981 nono
2044 4926 2225 4981 sedem
2254 4925 2370 4979 lixit
2400 4924 2453 4979 in
2504 4924 2692 4979 Sicilia
2730 4932 2893 4992 atque
2923 4920 3191 4978 Calabria.
3224 4920 3295 4977 ιιι·

84 5009 204 5064 Αιιιιο
222 5023 387 5069 autem
413 5015 549 5070 1001
578 5015 788 5087 integra
817 5016 990 5071 insula
1021 5018 1071 5071 in
1089 5018 1389 5088 principum
1423 5018 1616 5073 North-
1720 5031 1945 5071 nmnera
1976 5016 2086 5069 dixi
2114 5016 2289 5069 adhuc
2342 5014 2580 5070 existere
2620 5013 2867 5069 Arabica:
2896 5012 3075 5083 gentis
3106 5009 3298 5066 carmio

81 5115 353 5161 mannorum
388 5106 657 5163 ditionem
683 5090 852 5164 venit.
878 5109 1040 5179 Atqui
1067 5120 1273 5164 certum
1302 5120 1387 5165 est
1407 5111 1616 5166 Arabes
1720 5129 1822 5177 na;
1852 5112 2013 5180 idque
2034 5110 2197 5167 etiam
2216 5108 2555 5165 Derbelotius
2583 5123 2684 5163 nos
2722 5105 2925 5160 docuit.
2972 5105 3084 5159 Ιιιιο
3128 5103 3299 5173 Span-

81 5209 255 5265 quoque
279 5198 573 5255 delectatos
602 5202 923 5272 rhythmicis
951 5203 1214 5270 versibus,
1245 5220 1381 5274 quos
1412 5207 1463 5258 in
1496 5220 1614 5258 mo-
1723 5203 1933 5257 homins
1952 5210 2143 5254 auctor
2162 5208 2244 5255 cst
2272 5198 2445 5267 poetis
2467 5197 2570 5251 illis
2598 5213 2703 5250 non
2732 5195 3044 5249 inventione
3067 5201 3299 5260 tantum,

80 5299 168 5343 rem
204 5301 501 5347 nostrorum
549 5295 977 5348 consonantibus
1016 5295 1194 5349 verbis
1231 5297 1612 5352 terminabant.
1722 5295 1816 5350 sed
1855 5304 1907 5348 et
1941 5308 2168 5349 numero
2199 5299 2515 5361 poematum
2559 5304 2626 5345 ac
2660 5302 2911 5343 versuum
2944 5287 3098 5357 copia
3129 5286 3197 5341 ab
3221 5287 3301 5339 eis

80 5376 188 5433 Sunt
224 5383 360 5451 apud
406 5400 504 5439 eos
563 5385 944 5456 antiquissima
982 5388 1223 5442 carmina
1266 5403 1387 5458 qua:
1439 5388 1615 5444 adhuc
1724 5385 2072 5453 scriptorum,
2102 5382 2399 5454 quemlibet
2422 5382 2589 5436 alium
2632 5380 2886 5451 populum
2916 5379 3073 5449 longe
3100 5392 3297 5434 conce-

80 5470 205 5526 lidem
231 5473 305 5528 rei
333 5473 562 5530 faciunt.
597 5475 758 5547 quue
789 5476 872 5529 vel
897 5477 1066 5547 ipsius
1094 5476 1377 5532 Maumetis
1406 5488 1613 5547 tetnpo-
1720 5480 1865 5534 dere.
1897 5478 1963 5533 Et
1993 5476 2237 5548 profecto
2271 5476 2402 5531 mihi
2456 5490 2714 5546 perquam
2741 5473 3038 5530 verisimile
3087 5473 3297 5527 videtur

81 5565 197 5620 ribus
223 5570 638 5638 familiarefuit;
676 5588 800 5627 nam
831 5581 1063 5628 testante
1090 5571 1460 5628 Marraccioin
1487 5571 1615 5626 l’ro-
1722 5588 1821 5627 nos
1876 5585 2032 5640 posse
2084 5585 2191 5626 non
2249 5578 2455 5626 temere
2498 5569 2741 5624 Arabum
2792 5567 2989 5638 populo
3016 5573 3297 5637 acceptam

78 5655 246 5729 dmino,
300 5664 391 5719 ubi
446 5665 514 5721 de
566 5665 831 5722 Alcorano
861 5668 993 5738 agit,
1036 5681 1156 5737 cap.
1192 5666 1246 5735 Ξ,
1276 5666 1423 5736 impii
1475 5667 1616 5722 illius
1722 5665 1925 5720 referre
1946 5673 2119 5721 artem
2153 5663 2534 5734 rhytlnnieaut,
2560 5663 2675 5717 sive
2702 5677 2855 5716 usum
2882 5657 3299 5715 consonantium

78 5748 170 5805 “bri
210 5755 374 5822 signa.
423 5759 541 5813 sive
594 5760 865 5826 versiculi,
917 5760 968 5813 in
1002 5760 1296 5828 rhythmum
1346 5758 1607 5825 desinunt,
1724 5774 1914 5813 vocum
1960 5758 2012 5813 in
2067 5757 2171 5813 ﬁne
2226 5772 2502 5821 versuum,
2558 5756 2770 5825 quando
2801 5754 2990 5809 eruditi
3023 5758 3301 5807 testantur.
