3834 6332
1218 285 1537 345 RHYTllMI
1576 281 1916 339 VETERES.

3083 271 3193 335 80!

38 429 102 484 Ad
128 417 405 493 vulgarium
426 410 733 469 Italicorum
763 406 1065 463 caminum
1102 402 1328 460 formam
1355 400 1496 472 quod
1524 401 1575 464 Α
1600 406 1885 470 propterea
1933 393 2167 451 evadunt
2217 386 2654 462 dodccasyllabi,
2710 383 2952 456 ejusdem
3011 393 3189 441 tamen

30 523 150 580 tinet,
173 528 235 569 ne
258 513 392 567 hanc
418 506 632 578 quidem
666 516 899 557 necesse
916 499 1018 555 fuit
1059 507 1119 553 ut
1146 496 1311 553 Siculi
1341 504 1501 551 caete-

30 625 102 687 ]ue
129 605 278 663 Italici
318 616 349 657 a
401 594 826 656 Provincialibus
876 591 1052 663 poetis
1097 597 1496 673 mutuarentur.

30 683 352 759 escimbcnius
397 693 488 748 lib.
540 689 716 760 primo
771 686 974 741 Histor.
1016 683 1227 754 vulgar.
1273 694 1505 752 poeseos

30 796 227 863 ripserat
255 806 268 842 :
301 785 416 857 Egli
456 782 484 837 ἑ
524 782 705 836 chiara
746 794 895 844 casa,
936 776 1027 830 clte
1080 773 1501 830 f‘endecasillabo

29 887 146 956 (gare
160 896 309 937 venae
344 879 397 932 in
439 876 596 930 Italia
630 871 771 927 delia
801 869 1094 925 Proven'sa.
1127 869 1326 925 Verum
1364 867 1500 937 ipse,

52 972 328 1045 diligentius
375 970 638 1039 inspecta,
680 963 750 1018 ab
792 960 1055 1034 ejusmodi
1093 960 1347 1031 opinione
1389 957 1503 1014 dis-

31 1066 184 1123 ssitin
210 1062 566 1119 Commentar.
603 1057 697 1111 lib.
746 1054 945 1126 primo,
989 1067 1107 1123 cap.
1155 1049 1367 1121 quinto,
1411 1048 1502 1103 ubi

29 1170 141 1218 serte
167 1157 356 1213 fatetur
384 1168 440 1209 se
470 1165 687 1221 quoque
715 1159 1012 1219 agnoscere
1048 1142 1354 1198 Italicorum
1382 1155 1507 1196 vera

30 1270 51 1309 s
81 1268 136 1308 ex
166 1248 454 1305 imitatione
498 1244 817 1298 Latinorum
865 1237 1217 1309 processisse.
1270 1236 1327 1290 ld
1376 1248 1505 1288 vero

30 1358 77 1401 tte
108 1343 238 1399 illum
276 1338 484 1396 erudite
516 1336 808 1390 adnotarat
834 1328 1405 1386 nostchaslelvetrus
1453 1336 1511 1381 et

33 1438 167 1493 cobus
189 1432 487 1490 Maszonins
529 1428 622 1484 lib.
670 1444 730 1493 ιι,
774 1440 894 1496 cap.
927 1424 1017 1490 55,
1062 1423 1116 1478 in
1158 1422 1380 1493 Apolog.
1411 1421 1508 1476 Co-

30 1532 113 1585 md.
139 1528 327 1584 Dautis.
355 1525 510 1580 Addo
547 1538 648 1595 ego
679 1538 784 1578 non
817 1536 848 1577 c
883 1520 1072 1575 metris
1122 1526 1331 1573 tantum
1381 1530 1508 1585 pere

29 1624 198 1692 ctisque
222 1619 533 1674 Latinorum
564 1616 816 1670 versibus
842 1610 1073 1668 derivari
1102 1610 1345 1682 potuisse
1366 1607 1511 1662 Itali-

29 1730 129 1769 trum
154 1713 388 1774 farinam,
422 1709 518 1765 sed
551 1708 717 1765 etiam
751 1722 816 1762 ex
850 1704 1141 1775 incomptis
1176 1703 1509 1772 rudibusque

1603 493 1862 564 temporis
1905 497 2070 560 atque
2117 483 2574 558 hendecasyllabi.
2616 480 2899 536 δάν-ιιηαὶοιί
2936 479 3118 537 ltalice
3160 496 3190 533 a

1602 587 1758 642 nobis
1787 582 2036 655 appellati
2082 581 2338 653 (quorum
2378 578 2663 633 inventum
2694 574 2882 631 nescio
2928 590 3027 629 cur
3058 572 3193 628 Varv

1602 680 1758 734 chius
1783 678 1836 732 in
1866 675 2167 731 llerculauo
2190 671 2441 728 tribuerit.
2462 669 2850 741 Sannazario),
2876 668 3193 725 eorumdem

1605 785 1859 826 versutuu
1901 767 2177 838 specimen
2219 779 2285 820 ex
2334 762 2504 833 ipsius
2531 760 2815 819 Walafridi
2863 760 3197 818 carminibus

1600 877 1771 919 CXCI‘O
1797 878 1810 917 Ξ

1818 991 2060 1062 Legistis,
2091 989 2326 1043 meminit
2355 998 2523 1042 vestra
2562 988 2827 1059 sagacitas

1821 1084 1886 1137 At
1920 1082 2098 1137 multis
2126 1090 2321 1150 egomet
2349 1080 2592 1134 sordibus
2624 1078 2840 1140 obsitus.

1822 1174 2027 1231 Doua‘ri
2062 1174 2262 1228 veniam
2298 1174 2454 1227 credo
2489 1172 2766 1241 sagaciter,
2793 1179 2907 1224 etc.

1609 1311 1752 1367 Sane
1780 1311 1832 1365 in
1864 1310 2013 1365 hisce
2044 1307 2390 1379 antiquorum
2433 1304 2899 1376 hendecasyllabis
2943 1318 3068 1358 raro
3108 1304 3203 1358 de—

1609 1405 1913 1475 prehendas
1967 1402 2379 1463 collocationem
2427 1409 2751 1455 accentuum
2794 1400 3061 1468 (posalure
3103 1412 3208 1453 nos

1609 1497 1935 1570 dicimus).in
1963 1497 2211 1553 versibus
2238 1496 2439 1552 ltalicis
2468 1493 2685 1551 facilem
2715 1505 2879 1563 atque
2905 1501 3206 1562 patentem.

1609 1591 1860 1646 Attamen
1885 1606 2006 1649 cum
2037 1590 2193 1660 primi
2241 1597 2413 1660 poeta:
2445 1588 2694 1660 vulgares
2730 1586 2976 1643 versibus
3002 1600 3207 1656 paucae

1612 1694 1730 1747 rum
1762 1682 2090 1755 syllabarum
2126 1682 2394 1752 praecipue
2440 1694 2661 1750 operam
2692 1680 2901 1741 darent,
2927 1694 2992 1733 ac
3017 1688 3209 1747 postea

29 1822 132 1861 trum
159 1803 429 1876 rhythmis.
453 1795 578 1857 3am
608 1815 768 1870 supra
792 1798 1025 1864 ostendi,
1051 1807 1104 1853 et
1126 1796 1271 1852 nullo
1295 1766 1511 1866 negotio

1613 1791 1829 1831 versum
1868 1775 2253 1845 conquirerent
2293 1773 2380 1828 cui
2415 1771 2618 1842 aliquid
2660 1768 2965 1839 maiestatis
2990 1784 3055 1825 ex
3090 1770 3211 1839 plu-

29 1898 252 1954 culentius
308 1893 594 1951 ostendere
658 1905 846 1945 rursus
907 1904 1162 1955 possein,
1228 1887 1514 1958 rhythmos

30 1990 161 2044 atinas
187 1988 346 2044 fuisse
378 1985 711 2057 compositos
742 1982 1143 2054 tetrasyllabos,
1179 1979 1514 2052 peutasylla-

30 2099 81 2149 l5,
106 2092 221 2149 etc.,
243 2095 439 2151 eosque
466 2080 628 2151 longe
650 2085 780 2133 ante
806 2085 1048 2147 tempore
1074 2082 1356 2146 poetarum
1379 2072 1515 2129 Pro—

30 2175 258 2229 nciatium.
288 2174 391 2230 Sed
424 2172 544 2243 jam
575 2171 712 2228 satis
756 2183 1027 2242 superque
1065 2168 1386 2225 Dissertatio
1412 2169 1516 2224 ista

29 2266 196 2321 terevit.
246 2265 421 2333 Quare
481 2280 652 2318 unum
690 2277 1030 2334 persequar,
1076 2276 1291 2317 versum
1329 2260 1514 2316 videli-

29 2368 53 2410 :t
88 2354 593 2428 hendecasyllabum,
621 2370 729 2424 quo
767 2354 1106 2424 potissimum
1130 2352 1315 2407 ltalica
1342 2351 1520 2421 poesis

30 2449 251 2516 tlectatur,
278 2457 647 2519 praeterquam
685 2446 826 2516 quod
872 2445 1013 2515 apud
1051 2443 1269 2501 Grtecos
1292 2451 1347 2499 et
1370 2442 1520 2497 Lati-

30 2559 65 2597 η
97 2544 327 2610 occurrit,
372 2558 405 2597 a
462 2540 888 2613 rhythmopteiis
942 2539 1105 2593 etiam
1164 2552 1228 2594 ac
1278 2535 1521 2591 metricis

30 2638 125 2690 ietis
172 2633 430 2690 excultum
494 2631 703 2694 fuisse,
764 2630 890 2685 dum
941 2628 1224 2684 barbarica
1276 2636 1521 2698 tempora

36 2738 185 2781 iet-ent.
212 2726 351 2780 inter
387 2722 573 2795 Opera
599 2719 879 2778 Walafridi
910 2719 1218 2795 Strabonis,
1250 2718 1403 2787 cuius
1438 2727 1524 2773 est

35 2834 99 2872 ma
138 2818 348 2874 celebris
391 2816 544 2870 inter
590 2816 885 2885 scriptores
918 2811 1098 2866 saeculi
1140 2811 1288 2875 noni,
1327 2809 1528 2880 legitur

32 2912 178 2967 usdem
202 2915 280 2983 pia
302 2915 508 2979 oratio,
532 2927 564 2967 e
590 2925 695 2980 qua
728 2905 1015 2962 nonnullos
1040 2918 1229 2959 versus
1249 2903 1481 2974 decerpe
1507 2920 1524 2959 :

124 3027 162 3081 ι)
191 3044 354 3083 rerum
382 3026 552 3083 Sator
576 3029 809 3080 omnium
837 3024 1124 3091 tremende,

126 3117 245 3172 Dum
268 3135 439 3188 poenas
471 3116 651 3170 crucis
686 3116 932 3169 innocens
960 3114 1135 3179 luisti;

126 3208 183 3263 In
208 3227 303 3281 quo
332 3210 405 3264 nil
432 3209 543 3264 nisi
574 3207 802 3278 repperis
829 3207 1063 3273 ruinam,
1082 3218 1169 3263 etc

29 3340 36 3373 I
70 3323 135 3377 Itis
176 3339 271 3379 non
310 3334 528 3380 tantum
570 3325 757 3396 pedes,
806 3324 899 3379 sed
939 3332 993 3378 et
1031 3336 1314 3376 numerum
1362 3321 1533 3375 habes

30 3413 366 3487 endecasyllabi
404 3416 581 3472 Italici
624 3416 815 3487 :quod
858 3424 912 3471 et
959 3413 1223 3485 contingit
1261 3412 1315 3467 in
1362 3411 1532 3468 llora-

29 3513 106 3558 ‘ano
132 3506 248 3563 illo:

126 3617 236 3675 lam
255 3622 379 3676 satis
407 3620 574 3677 terris
600 3620 759 3687 nivis,
783 3628 937 3691 atque
957 3616 1110 3684 diras,
1138 3623 1245 3671 ete.

30 3738 289 3805 tquouiam
337 3738 528 3810 poesis
581 3746 766 3793 nostra
816 3751 916 3807 pro
965 3733 1219 3806 spondam
1258 3731 1533 3804 dactylum

29 3827 201 3885 thibere
222 3836 393 3901 potest
416 3831 476 3886 in
503 3828 612 3884 ﬁne
633 3826 942 3897 huiusmodi
972 3842 1254 3893 versuum,
1282 3825 1374 3895 qui
1405 3833 1531 3878 tunc

29 3947 2653 3993 _________________________._._...__——-

1622 1868 1759 1925 rium
1800 1867 2128 1939 syllabarum
2168 1880 2332 1922 cursu
2378 1864 2685 1929 accederet,
2714 1861 2922 1923 nullum
2946 1860 3210 1932 aptiorem

1617 1962 1872 2018 invenere
1907 1975 2071 2032 quam
2102 1940 2642 2028 hendecasyllabum.
2674 1955 2787 2015 sive
2818 1954 2869 2010 is
2900 1968 2967 2009 ex
3003 1953 3217 2008 duobus

1617 2053 1954 2112 brevioribus
1986 2051 2235 2110 versibus
2264 2050 2549 2116 conﬂetur,
2580 2050 2697 2106 sive
2736 2049 2843 2104 alio
2869 2046 3058 2104 ordine
3085 2060 3215 2102 coa-

1618 2150 1822 2215 lcscat;
1862 2148 2009 2204 illius
2051 2156 2232 2202 autem
2287 2143 2593 2215 exemplum
2642 2142 2782 2213 apud
2832 2140 3212 2212 rhythmorum

1620 2244 1920 2314 scriptorcs
1944 2239 2164 2295 obvium
2195 2238 2452 2293 habuere.
2501 2238 2680 2307 Atque
2723 2236 2809 2289 hic
2841 2233 3037 2303 publici
3076 2229 3221 2299 juris

1623 2336 1826 2393 factum
1871 2333 1995 2388 volo
2052 2332 2364 2402 rhythmum
2426 2314 2688 2382 hactenus
2740 2326 2857 2380 luce
2904 2332 3218 2386 carentem,

1623 2412 1774 2497 cujus
1818 2427 2148 2482 mentionem
2195 2422 2297 2478 l'eci
2352 2422 2404 2476 in
2448 2420 2839 2476 Dissertatione
2874 2434 2893 2472 ι
2925 2418 2991 2471 de
3026 2416 3221 2471 exteris

1622 2522 1879 2593 gentibus.
1934 2520 2071 2575 Eum
2109 2516 2372 2588 descripsi
2414 2530 2514 2586 ego
2563 2530 2594 2568 e
2632 2512 3001 2568 vetustissimo
3033 2508 3225 2564 codice

1625 2630 1727 2671 tus.
1758 2612 1979 2684 capituli
2025 2610 2411 2667 canonicornm
2458 2605 2864 2661 Mutinensium.
2912 2602 3049 2671 Tum
3099 2616 3225 2671 quae

1626 2707 1957 2779 praecedunt,
2020 2714 2133 2759 tum
2178 2700 2474 2771 antiquitas
2525 2698 2757 2764 codicis,
2795 2696 2930 2752 satis
2980 2694 3222 2750 indicant

1627 2801 1803 2871 ipsum
1834 2799 2004 2854 fuisse
2036 2795 2397 2865 compositum
2434 2791 2535 2848 sub
2566 2792 2779 2848 initium
2811 2789 2995 2846 steculi
3026 2787 3221 2844 decimi

1627 2912 1658 2950 a
1687 2895 1906 2951 Christo
1938 2903 2065 2949 nato
2094 2908 2109 2946 :
2138 2906 2246 2963 quo
2274 2901 2539 2959 tempore,
2588 2897 2648 2941 ut
2683 2885 2754 2940 ibi
2785 2884 3041 2957 prmfatus
3077 2897 3220 2947 sum,

1630 2989 1868 3059 llungari
1907 2997 1986 3042 tot
2023 2985 2407 3057 impressiones
2452 2981 2505 3035 in
2546 2979 2778 3047 Italiam,
2827 2988 2882 3033 et
2921 2975 3226 3048 prmsertim

1631 3082 1686 3137 in
1745 3081 2075 3136 Mulincnses
2128 3079 2327 3133 leccrc.
2382 3072 2788 3143 Dodecasyllabi
2835 3079 2960 3125 sunt
3008 3083 3226 3134 versus,

1552 3147 1599 3209 Ο
1630 3175 1748 3240 sed,
1772 3171 2031 3242 temporis
2060 3170 2269 3225 ratione
2292 3173 2803 3236 computata,pares
2823 3158 3228 3230 hendecasylla-

1626 3268 1735 3323 bis.
1767 3268 1911 3321 lnter
1946 3266 2089 3334 ipsos
2120 3271 2299 3316 autem
2339 3259 2598 3330 quosdam
2638 3254 2849 3311 sentias
2887 3254 2955 3307 ita
3005 3260 3227 3307 contex—

1634 3373 1741 3426 tos,
1776 3369 1835 3415 ut
1863 3358 2188 3413 familiarem
2217 3355 2268 3409 in
2301 3353 2368 3409 iis
2396 3359 2666 3407 texturam
2696 3361 2760 3401 ac
2787 3360 2979 3400 somuu
3017 3355 3230 3398 nostro-

1634 3475 1753 3516 rum
1791 3470 2046 3510 versuum
2083 3447 2479 3520 deprehendas.
2524 3445 2606 3500 Ad
2645 3444 2761 3498 hac
2802 3439 2997 3510 singuli
3042 3452 3234 3494 versus

1635 3549 1836 3621 aliquid
1865 3545 2091 3602 Leouini
2119 3540 2433 3613 prmferunt.
2455 3553 2577 3592 cum
2608 3536 2662 3591 in
2688 3550 2848 3589 unam
2879 3531 3235 3599 eamdemque

1634 3642 1877 3697 vocalem
1907 3653 1970 3693 ac
2016 3636 2129 3706 pari
2162 3643 2429 3690 concentu
2462 3626 2734 3686 desinant’.
2766 3627 2846 3681 Tu
2889 3624 3232 3697 experimen-

1637 3742 1761 3790 tum
1781 3730 1967 3786 facite.

2658 3940 3225 3967 ψ.

1194 4033 2008 4243 RHYTHMUS

380 4353 716 4421 Canendus
749 4352 1060 4416 militibus
1080 4347 1465 4423 Mutinensis
1492 4345 1671 4408 urbis
1704 4345 2074 4417 custodibus
2103 4348 2360 4411 circiter
2387 4361 2619 4408 annum
2660 4340 2803 4406 925.

238 4651 281 4707 Ο
313 4661 367 4707 ιιι
397 4652 488 4722 qui
521 4665 708 4707 servas
734 4650 903 4705 armis
932 4649 1035 4704 ista
1066 4646 1289 4715 moenia,

175 4739 285 4799 Noli
312 4746 575 4809 dormire,
606 4758 824 4808 moneo,
851 4742 947 4798 sed
975 4740 1159 4812 vigila.

178 4837 305 4892 Dum
336 4839 536 4893 [lector
562 4838 689 4908 vigil
724 4835 932 4891 exstitit
966 4837 1018 4889 in
1050 4830 1235 4901 Troia,

182 4926 290 4983 Non
319 4944 437 4983 eam
466 4929 608 4998 cepit
638 4927 979 4981 fraudulenta
1008 4925 1238 4981 Graecia.

182 5018 355 5074 Prima
380 5021 563 5091 quiete
588 5018 891 5074 dormiente
916 5016 1097 5085 Troja,

185 5109 400 5168 Laxavit
440 5113 607 5173 Sinon
640 5111 802 5167 fallax
823 5111 1059 5167 claustra
1083 5108 1308 5179 perfida.

185 5202 287 5259 Per
312 5205 493 5261 funem
521 5207 671 5276 lapsa
698 5203 964 5259 occultata
995 5203 1208 5273 agmina

188 5294 446 5352 Invadunt
471 5298 657 5353 urbem
690 5304 745 5350 et
781 5295 1071 5350 incendunt
1094 5292 1365 5363 Pergama-

188 5389 340 5460 Vigili
372 5405 506 5445 voce
530 5390 646 5447 avis
677 5405 840 5451 anser
867 5388 1101 5446 candida

186 5477 615 5551 FugavitGallos
634 5497 698 5536 ex
733 5496 858 5541 arce
885 5478 1172 5543 Romulea;

186 5569 288 5627 Pro
318 5589 423 5644 qua
454 5575 647 5630 virtute
673 5574 812 5630 facta
840 5584 921 5631 est
947 5584 1227 5647 argentea,

192 5662 253 5719 Et
284 5681 313 5718 a
342 5664 600 5724 Romanis
621 5669 842 5726 adorata
872 5677 932 5723 ut
960 5670 1081 5725 dea.

194 5753 295 5813 Nos
320 5760 603 5820 adoremus
626 5762 768 5819 celsa
801 5761 995 5819 Christi
1025 5764 1264 5831 numina,

1554 4494 1759 4521 -ιιρ-εεῆ

1578 4628 1623 4685 Ῑ)
1862 4644 1943 4707 llli
1968 4657 2171 4711 eam
2202 4642 2397 4700 demus
2416 4649 2601 4697 nostra
2631 4636 2823 4711 iubila.

1861 4738 2008 4796 illius
2036 4752 2229 4809 magna
2258 4736 2341 4791 fisi
2380 4735 2483 4790 sub
2510 4734 2777 4798 custodia,

1863 4830 1991 4893 Hac
2011 4828 2298 4902 vigilantes
2319 4826 2611 4897 jubilemus
2630 4826 2893 4881 carmina.

1935 4923 2148 4989 Divina,
2185 4921 2371 4977 mundi
2402 4934 2502 4976 rex
2532 4918 2766 4985 Christe,
2799 4917 3049 4974 custodia

1871 5014 1984 5071 Sub
2016 5024 2108 5071 tua
2139 5029 2297 5071 serva
2329 5014 2445 5068 lace
2476 5020 2653 5069 castra
2685 5011 2885 5080 vigilia.

1867 5107 1946 5162 'l‘u
1977 5122 2162 5163 murus
2196 5107 2304 5163 tuis
2333 5106 2411 5160 sis
2438 5102 2898 5175 inexpugnabilis,

1868 5199 1957 5256 Sis
1986 5200 2217 5256 inimicis
2249 5199 2421 5255 hostis
2451 5207 2505 5252 tu
2539 5188 2814 5251 tert‘ibilis.

1869 5290 1946 5351 Te
1971 5295 2244 5364 vigilante,
2280 5292 2424 5349 nulla
2455 5300 2614 5347 nocet
2642 5289 2826 5352 fortia.

1871 5385 1978 5452 Qui
2000 5396 2197 5441 cuneta
2231 5384 2388 5454 fugas
2418 5383 2606 5454 procul
2634 5396 2785 5436 arma
2812 5380 3025 5436 bellica.

1873 5475 1953 5529 Tu
1983 5474 2135 5545 cinge
2171 5474 2294 5529 haec
2315 5481 2521 5537 nostra,
2551 5472 2783 5538 Christe,
2812 5472 3143 5540 munimina,

1876 5566 2178 5623 Dclcndeus
2203 5580 2266 5621 ea
2302 5576 2388 5619 tua
2423 5564 2546 5620 forti
2576 5565 2782 5632 lancea,

1881 5663 2079 5718 Sancta
2106 5660 2296 5729 Maria,
2323 5662 2493 5718 Mater
2527 5660 2728 5716 Christi
2763 5660 3070 5731 splendida,

1884 5761 2005 5818 lle
2031 5779 2153 5820 cum
2178 5763 2405 5834 Joanne,
2430 5760 2754 5829 Thcolocos,
2784 5761 3010 5831 impetra
3035 5778 3048 5811 :
