3834 6332
1742 256 1767 267 ο

88 378 200 433 8ΓΙ
1438 375 1660 432 ΗΥΜΝΙ
1697 373 2229 433 ECCLESIASTIGL
3274 378 3377 437 818

204 494 381 561 Atque
404 492 700 563 prcdonnm
729 492 1009 546 machinas
1041 503 1312 559 retexens,
1717 495 1763 551 A
1895 491 2181 547 Fratribus
2225 505 2406 547 coram
2432 489 2684 560 precibus
2708 489 2966 560 peractis,

211 582 374 637 Valde
402 584 613 636 tutubat
639 582 856 638 monitis
879 583 1128 637 supernis

380 671 589 741 Oppida
617 671 779 727 fessa.

202 762 369 818 Dulce
390 762 632 817 solamen
664 764 878 818 miseris
908 764 1244 830 ministrans,

207 852 493 906 llorridam
528 862 731 922 pestem
761 852 921 907 famis
955 856 1288 922 amputavit;

200 942 440 998 Barbara
470 943 650 1012 plures
678 942 892 999 feritate
915 944 1087 998 victor

369 1035 540 1091 Solvit
562 1036 630 1091 ab
654 1038 825 1093 hoste.

197 1127 395 1199 Digne
424 1127 718 1193 confessor,
752 1128 972 1185 humilis
1006 1131 1285 1200 magister,

200 1218 283 1273 Tu
308 1220 527 1289 quidem
559 1236 806 1275 normam
848 1220 1127 1277 monachis
1155 1222 1370 1290 dedisti,

199 1310 353 1365 Calle
384 1310 765 1367 demonstrans
787 1312 970 1367 sol-rio
995 1328 1258 1384 sequaces

376 1401 651 1459 Scandere
680 1404 877 1458 celmn.

192 1494 250 1548 1η
294 1494 400 1550 tuis
431 1498 635 1552 sanctis
665 1498 915 1554 manibus
951 1499 1161 1555 refulsit

189 1587 399 1642 Celitus
426 1586 627 1655 lumen,
658 1589 1000 1662 reﬂuensque
1024 1593 1197 1648 crevit

186 1680 272 1733 Ad
319 1690 439 1735 tuos
467 1680 692 1737 haustus
731 1683 835 1739 olei
868 1683 1162 1755 liquamen,

371 1771 565 1828 Fontis
594 1774 664 1829 ad
706 1774 902 1831 instar.

179 1862 493 1920 Condolens
524 1875 747 1924 cunctos
782 1868 969 1938 inopes
997 1869 1233 1935 fovebat,

179 1952 493 2024 Languidos
522 1970 743 2025 sanans,
775 1959 1051 2017 relevabat
1077 1976 1235 2029 egros
1269 1980 1283 2014 :

185 2045 383 2101 Omnis
410 2049 677 2105 accedens
702 2052 976 2107 salubrem
1004 2053 1266 2108 medelam

368 2137 609 2209 Sumpsit
637 2141 704 2195 ab
731 2143 841 2198 illo.

184 2227 379 2297 Tuque
411 2230 688 2300 Sylvinum
739 2234 916 2291 loculo
938 2237 1236 2307 jacentem,

68 2381 290 2423 muses
327 2383 515 2424 SANCTI
542 2385 704 2426 nutet
732 2387 999 2428 MABTYRIS
1028 2373 1124 2446 (⁸5).
1199 2351 1386 2499 ἓοθίῖε
1415 2351 1580 2497 {emis

151 2480 213 2499 η.
395 2482 421 2499 ιγ
708 2494 717 2499 _
795 2486 806 2496 .
1248 2446 1582 2499 vanaeistai

331 2383 515 2424 SANCT!
542 2385 704 2426 auter
732 2387 999 2428 susurrans
1028 2373 1124 2446 (5).
1199 2351 1386 2499 E00065
1415 2349 1845 2499 ἷξεῖυιείιιὶξέίξοιίε

350 2497 358 2499 _
395 2482 421 2499 .,
708 2494 717 2499 _
795 2486 806 2496 .
1248 2458 1416 2499 vanae
1440 2453 1541 2499 Ista
1570 2458 1641 2499 no
1680 2456 1786 2498 IIS.

1248 2444 1541 2512 vangelista
1570 2443 1786 2499 nobilis.

1270 2536 1582 2608 Spargendo
1606 2535 1748 2606 plebi
1776 2532 1955 2588 lucida

1200 2628 1380 2684 Verbo
1410 2626 1600 2683 salutis
1631 2634 1924 2696 spermata,

1197 2715 1304 2771 Pro
1329 2715 1495 2787 Regis
1521 2714 1615 2770 alti
1645 2713 1865 2769 nomine

1197 2805 1285 2862 Fit
1307 2805 1583 2861 laureatos
1609 2805 1870 2875 sanguine
1894 2820 1908 2856 :

1273 2896 1444 2968 Cujus
1465 2898 1696 2953 sacratis
1724 2896 1952 2952 artubus

1196 2987 1400 3043 Salutis
1429 2997 1619 3043 auctor
1648 2987 1890 3043 omnium
1914 3027 1930 3050 ,

1191 3085 1443 3142 Christus
1471 3085 1732 3141 moderno
1771 3095 2013 3155 tempore

1192 3174 1441 3246 Compsit
1474 3176 1650 3231 solum
1692 3174 2004 3231 Germanic.

1264 3264 1458 3320 Letare
1481 3263 1608 3319 felix
1636 3263 1834 3334 Augia,

151 2480 367 2536 Festum
395 2482 540 2538 beati
582 2486 840 2555 martyris

80 2565 209 2620 Odis
232 2567 475 2625 colamus
504 2571 778 2636 consonis,

86 2657 247 2723 Quem
270 2660 419 2715 misit
440 2663 558 2717 orbi
584 2664 805 2733 provida

94 2750 246 2822 Regis
266 2768 499 2824 superna
523 2756 722 2826 gratia.

152 2844 303 2900 Hunc
335 2846 388 2900 in
418 2848 700 2916 quaternis
724 2850 958 2905 vultibus

86 2932 342 3005 Pmpheta
376 2940 646 3007 quondam
668 2941 913 3013 prem-ius

90 3026 223 3081 Vidit
246 3026 417 3083 ieonis
448 3029 631 3085 inclita

88 3114 482 3186 Mysteriarcbis
510 3119 632 3190 (sic)
662 3118 921 3175 formula.

145 3202 336 3259 Missus
366 3220 600 3275 superno
627 3224 848 3265 munero

90 3294 236 3352 ferra
269 3296 320 3351 in
347 3297 694 3365 Alexandrie,

1902 580 2077 636 Morte
2110 580 2346 647 devicta,
2374 581 2555 635 redire
2584 580 2757 637 fecisti
2786 581 2852 636 ad

2068 674 2277 733 Gaudia
2300 675 2378 735 vit

1896 765 2093 823 Cereos
2117 765 2332 822 ﬂamma
2354 766 2476 823 fidet
2496 779 2772 825 cremante

1896 859 2089 931 Arguit
2111 868 2332 916 sanctus
2361 868 2518 931 pater
2550 861 2793 918 infideles
2823 881 2837 917 :

1894 948 2112 1022 Nosque
2139 950 2258 1022 (sic)
2287 948 2663 1008 llammescunt
2688 952 2915 1008 Deitatis
2935 954 3058 1027 igne

2067 1043 2258 1115 Algida
2294 1044 2480 1100 corda.

1891 1132 2056 1203 Cujus
2079 1137 2146 1192 ad
2170 1136 2334 1192 funus
2358 1137 2580 1193 veniens
2607 1148 2907 1207 sacratum,

1893 1225 2073 1282 Mutus
2093 1227 2300 1297 accepit
2334 1227 2577 1284 modulos
2608 1229 2842 1300 loquele,

1887 1318 2060 1375 Cecus
2088 1319 2295 1375 exultat
2328 1321 2514 1393 procul
2543 1321 2880 1380 ambulantes

2064 1408 2301 1465 Cernere
2332 1420 2509 1466 notos.

1889 1498 2167 1571 Neapolis,
2192 1504 2364 1573 gaude
2406 1504 2655 1559 redimita
2687 1504 2861 1572 festis,

1887 1590 2088 1648 Plaude
2121 1593 2374 1650 celestem
2402 1596 2643 1657 retinens
2663 1607 2978 1666 patronum,
3062 1660 3065 1663 _

1885 1681 2055 1751 Quem
2088 1683 2184 1739 tibi
2219 1700 2490 1753 summum
2520 1686 2684 1742 decus
2705 1697 2756 1743 et
2781 1688 3035 1757 juvauten

2062 1775 2306 1833 Prcstitit
2344 1788 2556 1834 auctor.

1877 1866 2047 1935 Hujus
2071 1883 2104 1923 ο
2128 1869 2365 1926 clemens
2387 1872 2567 1926 meriti
2587 1872 2834 1938 Creator,

1888 1962 2126 2020 Gloriam
2161 1964 2319 2020 nobis
2346 1965 2668 2035 veniamque
2688 1968 2899 2033 confer,

1889 2053 2007 2122 Quo
2032 2056 2106 2109 tui
2138 2055 2315 2111 cultus
2344 2071 2506 2126 super
2537 2067 2687 2112 astra
2715 2074 2930 2128 semper

2064 2146 2210 2203 Luce
2237 2146 2499 2203 fruamur.

2316 2347 2492 2403 Tuum
2533 2348 2721 2406 fovens
2745 2364 2933 2406 carum
2964 2352 3081 2408 solo

2318 2435 2496 2493 Habes
2534 2445 2929 2509 patronamque
2959 2440 3102 2509 polo.

2390 2530 2487 2592 Te,
2515 2530 2715 2597 Marce,
2748 2540 2874 2588 voto
2903 2532 3133 2601 supplici

2316 2619 2502 2691 Culpis
2538 2636 2791 2691 rogamus
2819 2623 3039 2693 perditi,

2318 2713 2449 2770 Tuis
2474 2713 2703 2783 benigne
2722 2715 2952 2770 servulis

2318 2802 2466 2859 Laxa
2493 2805 2693 2860 malum
2718 2805 3070 2877 peccaminis.

2381 2894 2467 2950 Sit
2502 2893 2755 2950 Trinitati
2786 2893 2982 2965 gloria,

2318 2986 2385 3041 Et
2411 2986 2529 3041 laus
2552 2986 2777 3042 honoris
2808 2987 3039 3041 maxima
3052 3021 3072 3052 ε

2314 3076 2434 3144 Que
2473 3077 2565 3133 dat
2590 3092 2847 3134 coronam
2876 3079 3101 3149 martyri

2317 3168 2469 3226 Nunc
2494 3177 2550 3226 et
2575 3184 2670 3240 per
2694 3184 2855 3224 omne
2883 3172 3136 3225 seculum.

2952 3264 3143 3317 Amen.

1192 3355 1411 3413 Honore
1443 3365 1595 3412 tanto
1620 3354 1869 3427 predita;

380 3479 591 3520 HYHNUS
629 3481 669 3520 ιι
699 3480 931 3523 EIUSDEM
958 3483 1145 3525 SANCTI
1171 3486 1353 3527 IARCI.

242 3553 361 3610 3am
388 3573 533 3611 nunc
562 3562 659 3627 per
688 3573 848 3613 ornnc
882 3560 973 3615 iux
1004 3560 1232 3633 refulget
1259 3562 1521 3631 seculum,

174 3647 291 3701 Lux
321 3647 430 3713 illa,
462 3647 639 3704 Patris
661 3649 806 3705 lucet
834 3665 940 3720 que
970 3651 1038 3707 de
1065 3651 1202 3709 solio
1222 3694 1240 3721 ,

171 3739 287 3806 Que
318 3739 458 3805 fons,
486 3740 665 3812 origo,
697 3741 953 3811 splendor
980 3743 1118 3800 lucis
1153 3761 1339 3811 auree.

173 3829 499 3901 [labensque
524 3847 739 3903 semper
767 3833 948 3889 lumen
996 3835 1337 3902 indeﬁciens,

169 3922 356 3977 Celum
387 3932 624 3989 serenat,
667 3921 861 3980 arcens
892 3927 1075 3981 mundi
1104 3928 1375 3985 tenebras.

245 4014 417 4085 Hujus
439 4028 654 4073 sacrato
684 4017 820 4074 lucis
841 4019 909 4075 de
933 4022 1233 4078 vibramine

171 4107 424 4181 Suscepit
449 4111 652 4165 almum
688 4113 895 4168 radium
923 4113 1024 4168 sub
1058 4123 1278 4185 pectore

170 4204 411 4269 Marcus,
440 4206 628 4261 beatus
657 4207 846 4262 doctor
868 4208 1232 4279 evangelicus,

168 4296 371 4352 Factus
399 4297 640 4365 lucerna,
669 4314 854 4355 amore
900 4301 1034 4354 tanti
1074 4300 1315 4365 luminis,

169 4387 384 4443 Ardcns
427 4386 634 4456 fugavit
665 4390 831 4445 seculi
869 4390 1182 4462 caliginem.

242 4479 462 4549 Septem
491 4480 755 4536 columnis
795 4497 899 4536 una
925 4483 990 4538 de
1015 4482 1335 4546 candidulis,

168 4573 369 4629 Aureis
394 4582 597 4643 septem
625 4589 794 4628 unum
823 4575 887 4630 de
912 4574 1275 4638 candelabris.

163 4667 453 4736 Cingitque
481 4676 654 4722 totum
685 4669 945 4723 mundum
978 4670 1128 4724 claro
1165 4670 1343 4725 sidere
1377 4688 1390 4733 ;

164 4756 534 4812 Ecclesiarum
573 4759 766 4814 nititur
794 4760 896 4814 sub
923 4759 1179 4831 culmine,
1242 4770 1245 4773 ‘

161 4851 448 4906 Sustentat
486 4851 591 4907 alte
614 4850 964 4908 fundamenta
998 4853 1222 4911 fabrico.

238 4940 513 5008 Quantum
538 4943 680 5012 quod
718 4943 847 4999 olim
878 4944 1089 4998 viderat
1118 4943 1387 5007 Ezechiel,

160 5032 435 5101 Propheta
468 5044 707 5100 sanctus,
736 5035 937 5089 animal
978 5034 1360 5100 lectissimum,

167 5121 314 5177 Vidit
339 5121 635 5181 Iohannes.
667 5142 765 5181 ceu
809 5126 1009 5181 Christi
1040 5126 1315 5183 recubitor

164 5214 366 5270 Leonis
393 5215 493 5270 hoc
521 5224 575 5271 et
604 5217 765 5288 typici
805 5218 905 5272 sub
949 5218 1151 5288 specie,

162 5306 419 5363 Clamore
444 5308 614 5362 multo
644 5325 740 5379 per
764 5310 979 5366 deserta
1017 5310 1283 5367 frendere.

237 5399 351 5467 Sic,
384 5416 413 5455 a
437 5402 598 5459 beato
632 5402 796 5460 Petro
827 5405 1047 5471 missus,
1088 5407 1221 5460 adiit

160 5491 563 5561 Aquileiensem
606 5494 805 5549 dudum
840 5495 1264 5551 famosissimum

166 5582 398 5651 Urbem;
428 5587 627 5640 sacrati
658 5586 809 5641 verbi
842 5588 1157 5657 pullulantia

164 5673 546 5729 Dissetninavit
568 5687 705 5743 sata;
744 5692 851 5747 quo
877 5679 1198 5749 centuplicis

112 5787 205 5859 ⁸(ὅ)
235 5786 367 5844 Vide
391 5788 635 5845 Bolland.
667 5793 732 5847 ad
754 5792 894 5849 dicm
926 5812 1030 5850 xxv
1058 5795 1276 5868 Aprilis.

1883 3463 2114 3521 Fructus
2140 3463 2207 3519 ad
2236 3461 2346 3518 alta
2376 3462 2524 3519 vexit
2555 3459 2683 3515 felix
2714 3462 2910 3515 horrea

1947 3554 2151 3610 Christi
2179 3552 2378 3609 dicavit
2399 3567 2520 3605 mox
2546 3551 2615 3605 ibi
2645 3550 2950 3607 ecclesiam.

1874 3647 2009 3703 Nam
2041 3646 2453 3702 fundamentum
2484 3642 2609 3698 lldei
2636 3642 2986 3697 fortissimum

1873 3740 2096 3795 Fixerat
2118 3754 2284 3794 unum
2315 3744 2526 3808 petram
2556 3750 2718 3805 super
2743 3735 3059 3807 lympidam.

1874 3831 1991 3901 Qua
2021 3832 2221 3887 ﬂumen
2252 3832 2461 3885 nudans
2490 3843 2597 3884 nec
2619 3838 2903 3883 ventorum
2930 3827 3150 3881 fulmina

1874 3922 2149 3991 Quassare
2186 3929 2432 3993 possunt,
2482 3927 2752 3975 torrentes
2782 3933 2879 3973 nec
2902 3917 3104 3987 plut-ie.

1944 4013 2150 4069 Deinde
2183 4027 2371 4066 rursus
2410 4025 2534 4065 cum
2563 4024 2763 4065 corona
2797 4024 3047 4065 remeans

1874 4102 2095 4158 Athleta
2138 4100 2361 4166 Christi,
2392 4110 2605 4170 compta
2634 4099 2874 4169 pulchris
2917 4100 3064 4161 liliis.

1876 4196 2212 4266 Mixtumque
2242 4195 2458 4265 palmis,
2499 4194 2654 4249 lauro
2682 4203 2847 4265 atque
2875 4194 3070 4248 rosulis

1875 4290 2135 4345 Portabat
2166 4288 2407 4360 gaudens
2442 4286 2688 4342 diadema
2716 4287 2941 4351 vertice,

1871 4383 2155 4453 ingressus
2194 4380 2384 4436 urbem
2414 4379 2641 4434 Romam
2682 4378 2901 4433 Christo
2919 4378 3118 4433 comite

1944 4477 2040 4533 His
2066 4478 2140 4532 ita
2164 4477 2333 4547 gestis
2354 4515 2369 4542 ,
2407 4474 2583 4545 pergit
2611 4472 2993 4529 Alexandriam
3024 4491 3040 4525 .-

1868 4567 2074 4623 Sancto
2100 4565 2341 4637 repletus
2370 4565 2563 4636 spiritu
2594 4564 2893 4629 letissimo,

1873 4660 2033 4715 Fines
2058 4674 2158 4730 per
2193 4671 2386 4714 omnes
2406 4655 2610 4728 jugiter
2642 4655 3014 4724 Memphiticos

1869 4751 2048 4807 Patris
2074 4749 2340 4806 tremendi
2367 4749 2681 4819 predicabat
2719 4749 2938 4801 unicum

1873 4845 2098 4903 Venisse
2124 4841 2309 4901 mundi
2338 4857 2437 4914 pro
2461 4841 2637 4899 salute
2670 4841 2886 4896 Filium.

1942 4936 2124 4992 Turba
2158 4935 2396 4992 crudelis
2416 4932 2623 4991 Christi
2655 4932 2800 4989 circa
2839 4930 3064 4985 militem

1874 5028 2111 5084 Tumens
2147 5027 2377 5096 parabat
2402 5032 2798 5081 tormentorum
2831 5020 3058 5091 spicula.

1880 5118 2061 5173 Vinxit
2084 5119 2312 5183 catenis,
2356 5117 2629 5172 transfixit
2665 5114 2893 5181 aculeis,

1867 5208 2192 5263 Dilaniando
2218 5205 2404 5276 ﬂagris
2437 5215 2624 5261 sancta
2667 5206 2899 5269 viscera,

1867 5301 2116 5358 Carceris
2140 5299 2358 5354 umbras
2383 5280 2532 5353 misit
2560 5298 2628 5351 ad
2657 5297 3047 5367 phantasticas.

1938 5392 2154 5446 Primus
2177 5388 2397 5459 superni
2442 5387 2679 5442 nominis
2701 5386 2947 5440 notitiam

1866 5483 2023 5540 Dedit
2045 5483 2097 5537 in
2124 5482 2312 5537 urbem
2336 5480 2547 5535 Marcus
2574 5477 2956 5535 Alexandriam
2988 5495 3000 5531 :

1866 5572 2069 5629 Christi
2100 5570 2302 5628 dicavit
2324 5584 2451 5626 mox
2482 5568 2558 5624 ibi
2587 5569 2896 5635 Basilicam,

1857 5665 2030 5734 Quam
2053 5663 2293 5736 expiavit
2312 5662 2550 5733 pretioso
2575 5663 2835 5733 sanguine
