3834 6332
568 335 673 390 819

676 444 902 500 Vallavit
927 425 1066 498 alme
1098 441 1223 498 ﬁdei
1242 441 1576 497 munimine.

745 537 928 594 Gloria
971 534 1138 598 Patri,
1165 520 1329 589 decus
1357 541 1412 588 et
1452 533 1740 602 imperium
1773 536 1787 587 ε

671 630 773 694 Sit,
812 627 966 693 Nate,
995 640 1210 696 semper
1243 625 1336 679 tibi
1369 639 1530 695 super
1552 623 1742 680 sidera
1839 651 1844 655 -

671 720 876 783 llonor,
901 725 1165 786 potestas.
1199 715 1509 785 Sancteque
1535 714 1760 786 Spiritui

667 812 750 866 Sit
771 809 1225 865 Trinitatisvirtus
1250 807 1524 862 individue

663 903 768 960 Per
799 902 1006 958 inﬁnita
1038 898 1576 978 seculorum'seculat

761 1013 972 1054 HYIINUS
1026 1011 1213 1052 SANCTI
1279 1009 1528 1049 FLAVIAN!
1571 1006 1936 1048 CONFESSORIS.

662 1090 820 1149 Alme
852 1088 1152 1151 confessor,
1185 1085 1380 1141 summi
1413 1083 1576 1155 Regis
1601 1082 1803 1154 presul,

662 1183 912 1252 Audique
938 1181 1087 1236 vocis
1130 1177 1314 1232 famuli
1348 1186 1584 1242 tuorum,

840 1271 916 1327 Te
944 1266 1273 1343 flagitantes.
1629 1273 1633 1280 ’

662 1365 825 1420 Fides
853 1367 1154 1435 preclarus,
1179 1360 1442 1416 candidus
1483 1359 1535 1414 in
1571 1359 1679 1414 vita

659 1459 974 1516 Predicator
1015 1473 1174 1512 verus
1202 1441 1382 1528 quam
1411 1455 1624 1527 spirans
1657 1453 1733 1512 illi
1771 1454 1925 1510 dedit

840 1550 1076 1621 Spiritus
1104 1564 1280 1604 sacer.

661 1642 706 1698 0
731 1641 870 1697 bone
899 1649 1103 1712 pastor,
1134 1640 1391 1695 Flaviane
1419 1652 1596 1705 sacer,

661 1732 889 1804 Protege
918 1723 1075 1801 plebe
1109 1731 1313 1800 tibique
1343 1716 1665 1794 commissa,

833 1813 1084 1878 Athletas
1118 1823 1234 1878 Dei.

659 1912 961 1984 llostesque
991 1924 1111 1970 tuos
1137 1913 1374 1984 undique
1401 1913 1696 1984 conﬂigunt
1720 1927 1746 1966 ι

655 2003 764 2060 Nos
792 2007 910 2061 sine
940 2005 1041 2062 viri
1071 2005 1402 2076 vernuloque
1431 2012 1552 2060 tuos

833 2097 1039 2168 Adjuva
1052 2140 1067 2165 ,
1111 2099 1294 2153 Pater.
1606 2151 1608 2154 ,

656 2189 995 2244 Ereticorum
1025 2199 1080 2244 tu
1107 2189 1359 2259 sprevisti
1391 2189 1614 2260 dogmas

657 2280 721 2334 Et
746 2280 1038 2336 confutasti
1070 2281 1322 2351 uticcque
1346 2281 1543 2351 probat
1572 2280 1671 2350 (4).

831 2370 883 2426 0-
904 2371 1066 2426 Pater
1105 2382 1311 2428 sancte.
1499 2359 1504 2364 ’
1629 2354 1634 2360 ’
1681 2359 1683 2361 ’

655 2459 923 2517 Gaudium
950 2463 1126 2518 intrat
1147 2463 1467 2532 Dominique
1502 2460 1610 2514 tuis

657 2550 960 2606 Commissa
1005 2553 1100 2622 tibi
1130 2567 1258 2608 oves
1287 2561 1624 2624 representa,

821 2642 1024 2700 Fidelis
1068 2659 1242 2702 serve.
1308 2655 1313 2659 '
1414 2655 1419 2661 '

655 2733 760 2788 Pro
785 2733 1003 2792 Christo
1029 2753 1221 2807 passus
1257 2740 1422 2797 (ilium
1459 2745 1606 2802 fuisti
1645 2766 1656 2802 :

656 2826 728 2888 lbi
756 2827 809 2882 in
839 2833 1003 2885 carne
1035 2817 1310 2904 vitamque
1339 2835 1528 2903 finisti,

832 2920 987 2976 Celos
1017 2933 1284 2994 receptos.
1332 2927 1337 2931 ’
1472 2931 1475 2933 ’

657 3012 986 3081 Aprutiense
1011 3015 1264 3074 decoravi
1307 3021 1462 3078 tellus
1488 3043 1502 3076 :

653 3102 837 3161 Noluit
881 3106 1141 3164 Dominus
1188 3111 1404 3182 prepria
1437 3111 1700 3172 frustrare

826 3195 988 3253 Nobis
1013 3209 1260 3270 patrono.

655 3287 756 3352 Qui
789 3291 1062 3360 quondam
1090 3304 1229 3362 erat,
1272 3309 1456 3356 manet
1495 3301 1646 3357 urbis
1675 3308 1852 3371 presul
1887 3320 1912 3362 :.

652 3377 819 3455 Nobis
859 3393 1113 3444 coruscat
1145 3387 1409 3452 miracula
1441 3393 1743 3464 sepulchris

823 3473 1202 3541 Deojuvante.
1663 3501 1668 3507 υ
1744 3502 1747 3506 -

649 3559 728 3613 Sit
757 3559 872 3616 laus
899 3562 995 3630 illi,
1031 3567 1195 3622 decus
1222 3577 1387 3640 atque
1425 3572 1619 3640 virtus,

643 3650 743 3719 Qui
784 3668 946 3723 supra
978 3657 1078 3721 celi
1112 3661 1462 3741 residensque
1487 3667 1684 3723 throno

827 3742 1024 3801 Trinus
1052 3757 1107 3803 et
1135 3766 1296 3809 unus.
1343 3754 1536 3810 Amen.

608 3850 819 3910 tit-usus
840 3851 1026 3918 Sit-Neri
1054 3858 1359 3914 wvsaaus,
1383 3865 1691 3914 sanan-msts
1715 3869 1944 3917 EPISCOPI

1303 3941 1346 3996 ι.

641 4027 918 4086 Clarescat
953 4031 1112 4088 terris
1160 4032 1436 4090 iuvenalis
1459 4036 1626 4105 gloria
1649 4056 1677 4104 ς,

644 4121 895 4186 Celorum
927 4127 1132 4180 sanctis
1173 4126 1264 4195 qui
1289 4127 1497 4184 exultat
1531 4132 1759 4204 cetibus,

641 4215 884 4290 Sacratis
915 4217 1071 4287 cujus
1102 4219 1310 4274 meritis
1343 4218 1512 4276 Narni
1543 4223 1736 4284 civitas

818 4310 957 4366 Tuta
1005 4311 1255 4383 refulget.
1747 4299 1749 4301 l

635 4401 869 4464 Protulit
904 4404 1069 4459 istum
1103 4405 1287 4462 Africa
1319 4407 1600 4476 divinitus,
1805 4469 1808 4471 .

634 4494 824 4550 Virum
854 4497 1179 4567 prudentem
1208 4501 1454 4557 moribus
1473 4504 1843 4574 mitissimum,

639 4585 920 4660 Scripture
944 4605 1100 4645 sacre
1129 4590 1394 4646 cultorem
1437 4597 1737 4666 egregium,
1847 4583 1855 4590 ’

813 4677 992 4734 Mente
1022 4679 1303 4736 decorum.

631 4763 824 4820 Divina
853 4775 1032 4842 tamen
1064 4769 1236 4826 noluit
1258 4769 1617 4832 Providentia.

633 4855 890 4913 Fcrtilem
923 4873 1044 4916 esse
1075 4859 1222 4915 illum
1250 4861 1370 4918 sine
1398 4862 1664 4923 fructibus
1694 4888 1709 4924 :

629 4947 860 5004 Romam
905 4951 1083 5022 coegit
1122 4967 1417 5022 properare
1448 4955 1640 5016 celitus

806 5039 1030 5113 Remige
1058 5041 1294 5104 Christo.

634 5131 771 5188 Ecce
812 5143 1058 5196 matrona
1091 5137 1317 5206 pulchra
1350 5137 1732 5212 Philadelphia.

632 5221 783 5278 Tunc
817 5223 1094 5283 Juvenalis
1122 5228 1255 5300 (sic).
1271 5232 1517 5301 suscepit.
1537 5234 1798 5306 hospitio.

630 5313 800 5368 Anxia
837 5331 1053 5389 semper
1092 5321 1346 5392 fratrum,
1371 5327 1574 5384 Christi
1605 5329 1798 5398 gloria.

802 5405 1007 5465 Nomen
1045 5415 1362 5493 adimplens.
1485 5425 1494 5428 “

628 5498 739 5554 llec
771 5507 832 5552 ut
855 5507 1106 5572 cognovit
1135 5508 1368 5580 hospitis
1395 5513 1758 5582 clementiam,

630 5591 934 5657 Sununissa
967 5612 1128 5666 prece
1159 5615 1386 5659 romano
1409 5604 1660 5664 Pontilici

595 5770 671 5842 (⁵ο)
705 5771 904 5831 Textus
931 5783 1310 5844 corruptus....

2171 444 2224 501 Α

2141 4511 2190 4593 D

2463 195 2466 198 .
2497 185 2517 198 .'.
2533 179 2591 210 *ἕλε

1705 327 1876 386 SA'JC.
1918 325 1989 383 XI
2030 327 2299 385 MONUM.
2343 325 2627 384 LITURG.

2364 441 2502 494 Eunt
2533 451 2738 502 sacrari
2775 435 3014 507 postulat
3038 433 3343 504 episcopum

2537 529 2703 584 Narni
2737 528 3040 585 ferendum.

2359 623 2559 682 Ibidem
2588 619 2999 692 nepitandorum
3029 617 3192 673 idola.

2355 716 2615 771 Colebant
2649 714 2796 769 cives
2825 712 2974 768 lovis
3004 726 3068 768 ac
3095 705 3364 767 Mercurii,

2355 808 2562 879 Martis,
2612 805 2854 872 Saturni,
2893 813 2950 860 et
2979 803 3238 865 Minerve,
3273 796 3478 854 Veneri.

2535 900 2760 956 Lumine
2785 897 2948 967 capti.

2342 991 2622 1064 Ingressus
2649 1004 2880 1058 cumque
2909 983 3110 1042 Christi
3139 990 3284 1054 patet
3329 977 3550 1044 famulus,

2357 1083 2515 1139 Urbis
2540 1095 2730 1138 errore
2754 1081 2867 1149 ‘ram
2900 1080 3134 1149 .deccpte
3164 1074 3343 1137 devio.

2349 1173 2569 1232 Clarum
2609 1173 2850 1230 ostendit
2880 1169 3126 1226 veritatis
3156 1166 3396 1238 pervium

2524 1267 2632 1322 lter
2661 1264 2895 1337 Olympi.
2986 1275 2990 1278 ‘

2351 1359 2557 1416 Stravit
2597 1358 2864 1413 culturam
2895 1354 3161 1411 idolorum
3204 1352 3464 1416 sordidam
3495 1367 3512 1400 :

2345 1451 2558 1506 Fractis
2593 1449 2811 1521 lapillis,
2843 1448 3044 1504 Christi
3077 1448 3233 1518 jussu
3257 1446 3448 1511 solido,

2346 1541 2564 1615 Abrahe
2596 1539 2797 1601 multos
2826 1538 3084 1616 excitavit
3111 1538 3272 1603 ﬁlios,

2523 1630 2630 1687 Ore
2659 1638 2911 1687 venusto.

2350 1722 2447 1789 Te,
2478 1721 2779 1789 Juvenalis,
2813 1731 2862 1777 te
2897 1720 3205 1777 summissis
3235 1718 3479 1790 precibus

2347 1814 2548 1869 Omnes
2575 1828 2817 1879 oramus,
2851 1821 2911 1868 ut
2939 1827 3038 1882 pro
3067 1811 3227 1867 nobis
3267 1809 3536 1863 Dominum

2345 1905 2622 1960 Christum
2653 1919 2867 1969 exores,
2903 1919 3013 1974 quo
3041 1917 3143 1971 nos
3172 1913 3365 1962 omnes
3397 1899 3568 1970 liberet

2518 1995 2569 2050 Μ
2573 2005 2702 2059 οτιθ,
2717 1995 2976 2056 secunda.

2347 2089 2528 2148 Gloria
2561 2088 2710 2158 Patri
2741 2101 3060 2143 resonemus
3085 2099 3303 2150 onmes,
3332 2095 3436 2144 etc.

2949 2178 3158 2232 «η,

2238 2305 2244 2308 -
2342 2270 2671 2338 Verbacum
2703 2273 2809 2326 vite
2839 2269 3046 2326 civibus
3077 2267 3427 2333 diffunderet,

2343 2364 2612 2434 Sacerdos
2641 2363 2912 2442 quondam
2943 2346 3239 2416 demonum'
3267 2358 3551 2430 sacrilegus

2347 2456 2580 2512 Victime
2608 2465 2768 2529 gustu
2796 2455 2913 2526 (sic)
2937 2455 3186 2510 hortatus
3230 2459 3293 2507 ut
3323 2447 3548 2506 sumeret

2479 2549 2484 2553 ’
2515 2546 2623 2606 Ore
2662 2549 2748 2609 vel
2779 2549 2892 2619 ipse
2917 2559 2932 2598 :

2345 2651 2499 2720 Quod
2536 2644 2832 2708 Iuvenalis,
2859 2637 3040 2710 presul
3075 2636 3286 2694 Christi
3329 2635 3586 2695 maximus,

2343 2740 2630 2802 Constanti
2663 2737 2814 2810 vultu
2843 2741 2899 2788 et
2930 2740 3110 2804 mente
3133 2729 3429 2799 purissima

2344 2829 2543 2894 Renuit
2587 2823 2815 2894 nephas,
2865 2826 2925 2872 ut
2969 2814 3172 2871 Christi
3217 2812 3517 2884 discipulus

2519 2916 2690 2988 Valde
2718 2915 2932 2969 hcatns.
3054 2904 3060 2930 ⁵
3221 2921 3223 2924 ’
3394 2922 3414 2930 ”

2342 3011 2516 3066 iratus
2545 2987 2682 3071 inde,
2705 3003 2873 3073 judex
2899 2999 3015 3070 ipse
3051 2996 3271 3052 concite

2343 3103 2612 3166 Cultrum,
2645 3098 2788 3175 quod
2822 3111 3015 3152 carnes
3041 3101 3205 3155 dabat
3243 3095 3533 3164 sacrificiis,

2340 3193 2601 3249 Dentibus
2633 3191 2838 3246 sanctis
2866 3191 3030 3246 audet
3059 3190 3206 3246 intus
3237 3204 3425 3246 serere

2511 3282 2978 3355 Arte-nephanda.

2337 3376 2530 3430 Divino
2561 3375 2752 3446 plenus
2782 3373 3061 3429 Juvenalis
3092 3373 3318 3444 spiritu,

2335 3467 2556 3538 lmpiam
2592 3465 2800 3521 nollens
2824 3467 3114 3535 degustare
3140 3446 3442 3538 victilnam,

2334 3524 2559 3627 corpori
2595 3554 2794 3610 Christi
2823 3571 2960 3632 pura
2988 3569 3214 3610 servans
3243 3524 3418 3624 labia,
3445 3540 3452 3546 ’

2517 3646 2690 3703 Sorde
2729 3646 3021 3721 malorum.
3093 3653 3098 3657 '

2332 3741 2539 3796 Furore
2567 3725 2736 3808 judex,
2761 3755 3022 3804 accensus
3053 3738 3367 3809 multiplici,

2332 3837 2572 3893 Presulis
2598 3853 2694 3892 ore
2723 3835 2918 3892 evulsit
2947 3851 3069 3889 cum
3098 3821 3376 3904 gladium,

2332 3931 2537 4002 Impetu
2566 3931 2682 4000 ipso
2709 3928 2812 3985 sibi
2851 3935 3010 3984 necat
3042 3937 3263 3998 gutture
3289 3926 3412 4002 (sic)

2501 4025 2739 4106 Vulnere
2767 4022 2978 4103 mortis.
3050 4094 3052 4096 _

2326 4124 2536 4182 Civium
2564 4104 2759 4190 magno
2787 4114 2904 4190 (sic)
2929 4104 3056 4190 pars
3084 4113 3202 4190 viso
3233 4116 3492 4171 miraculo

2331 4216 2483 4273 Unda
2525 4208 2772 4284 poposcit
2797 4206 2996 4263 Christi
3028 4213 3156 4260 tunc
3183 4207 3525 4284 baptismatis

2334 4283 2550 4371 Lavari,
2581 4283 2753 4361 sancti
2781 4315 2846 4355 ac
2872 4297 3025 4368 sequi
3055 4283 3298 4371 episcopi

2500 4401 2658 4476 Iussa
2685 4395 2850 4453 beati.
2970 4385 2975 4394 ’
3258 4385 3266 4392 ’

2323 4494 2444 4549 lstis
2470 4495 2701 4566 receptis
2729 4492 2886 4557 ovilis
2915 4491 3036 4568 (sic)
3061 4487 3372 4553 dominicis,

2322 4587 2576 4659 Martyris
2600 4601 2754 4641 aram
2781 4567 3050 4639 Valentini
3082 4581 3294 4642 adiens,
3381 4567 3386 4572 ”

2321 4682 2516 4736 Sacras
2547 4689 2608 4736 ut
2633 4677 3041 4745 ibiimmolaret
3067 4674 3277 4730 hostias

2508 4770 2916 4842 )mnipotentis,
3324 4828 3328 4831 _

2317 4866 2554 4922 Calicem
2589 4852 2704 4940 eius
2733 4860 3153 4930 ehristallinum,
3185 4861 3491 4936 sanguinem
3522 4861 3616 4940 (iis)

2318 4959 2564 5024 Plenum,
2591 4943 2717 5014 dum
2748 4959 2960 5032 cunctis
2979 4960 3286 5029 porrigebat
3317 4957 3536 5029 populis,

2319 5052 2488 5107 Sacra
2513 5061 2811 5125 creverunt.
2831 5052 3089 5122 decenter
3117 5051 3372 5124 libamina
3475 5033 3480 5037 ’

2492 5143 2696 5198 Celitus
2731 5153 2913 5206 aucta.
3307 5129 3329 5133 Si
3363 5129 3383 5132 ”

2320 5237 2395 5292 Te
2430 5235 2730 5299 Iuvenalis,
2768 5245 2870 5310 etc.

2317 5329 2500 5396 Gloria
2526 5328 2700 5407 Patri,
2735 5337 2838 5407 etc.

2976 5419 3056 5474 Ill.

2283 5505 2285 5507 ’
2317 5515 2524 5592 Christi
2556 5514 2759 5576 athlete
2784 5523 2843 5573 ut
2868 5515 3052 5569 ederet
3080 5515 3404 5594 certamina.~

2316 5608 2612 5668 Obsidione
2635 5608 2921 5679 tenebatur
2940 5607 3135 5683 civitas

2282 5787 2356 5858 (ὅ)
2390 5785 2520 5843 Vide
2547 5786 2785 5844 Bolland.
2832 5788 2896 5842 ad
2925 5805 3062 5844 mem
3102 5805 3152 5844 Iv
3189 5787 3324 5843 Maii.

3630 325 3695 379 830
