3834 6332
26 328 143 383 837
1028 318 1031 319 ⁷
1191 314 1833 406 Sr‘tCliAMENTAIiIUM
1866 314 2111 369 VETUS.
3225 321 3327 375 εδδ

34 443 251 496 hilium
311 442 493 496 amore
536 453 832 508 rapiantur.
878 436 941 489 Et
992 435 1113 501 ideo
1154 447 1275 486 cum
1328 428 1533 500 angelis
1582 436 1635 481 et
1667 440 1713 494 Α
1746 427 1906 480 stella
1940 426 2081 480 duce
2113 425 2387 489 revelasti,
2427 426 2660 480 concede
2690 427 2972 497 propitius,
3010 437 3065 482 ιιι
3097 430 3185 500 qui
3209 430 3321 498 jam

26 528 796 603 arcliaugelis,cmuthronis
823 535 877 580 et
898 522 1381 582 dominationibus,
1409 532 1639 585 cumque
1745 528 1795 570 te
1842 532 1909 571 ex
1953 514 2058 569 ﬁde
2105 515 2479 584 cognovimus,
2541 530 2711 587 usque
2749 520 2814 571 ad
2857 520 3322 590 contemplandum

29 622 209 679 onmi
249 620 438 681 militia
467 618 706 673 caelestis
735 615 1004 670 exercitus
1040 613 1298 683 hymnum
1321 608 1503 679 gloria:
1533 616 1632 659 tua'
1744 607 1977 676 speciem
2012 616 2113 661 tua:
2150 606 2889 677 celsitudinis.perducamur.
2932 609 3054 664 Per.

29 716 311 769 canimus
334 714 450 767 sine
483 712 586 765 fine
615 709 898 764 dicentes:
1814 699 2043 755 Secreta.
2087 700 2342 755 Ecclesiae
2388 709 2510 765 tuae,
2557 716 2884 770 quzesumus,
2927 702 3151 757 Domine
3182 703 3321 759 dona

115 808 291 877 Infra
325 807 603 861 actionem.
644 798 1148 862 Commuuicantes,
1188 804 1243 851 et
1274 794 1417 849 diem
1459 807 1642 848 sacra-

34 901 332 955 tissimum
364 897 721 956 celebrantes,
753 908 872 962 quae
903 893 1074 946 beatae
1095 888 1278 942 Mariae
1318 887 1643 940 intemerata

37 991 347 1059 virginitas
368 989 493 1043 huic
522 986 723 1041 mundo
751 984 917 1038 edidit
943 981 1304 1043 Salvatorem,
1332 978 1427 1032 sed
1451 986 1504 1031 et
1532 990 1644 1029 mc-

43 1086 295 1139 moriam
324 1090 653 1138 venerantes
682 1064 924 1147 ejusdem
958 1075 1205 1145 gloriosa:
1236 1086 1450 1143 semper
1482 1067 1644 1139 virgi-

45 1178 144 1231 nis
174 1176 357 1230 Maria:
378 1172 659 1245 genitricis
690 1170 784 1225 Dei
809 1178 863 1225 et
893 1167 1104 1223 Domini
1135 1164 1307 1220 nostri
1333 1161 1462 1217 Jesu
1494 1160 1646 1215 Chri-

44 1270 152 1333 sti,
184 1268 282 1322 sed
305 1276 359 1321 et
383 1268 688 1322 beatorum.
1239 1317 1247 1325 ,
1638 1320 1641 1325 Α

132 1360 589 1417 I’oslcontmunio.
653 1357 874 1418 Prmsta,
914 1365 1248 1423 quaesumus,
1303 1347 1646 1416 omnipotens

50 1455 229 1520 Deus,
259 1461 317 1508 ut
346 1460 505 1505 natus
556 1447 716 1501 hodie
761 1445 1014 1500 Salvator
1041 1441 1251 1502 mundi.
1284 1439 1425 1495 sicut
1454 1438 1649 1493 divina:

51 1547 219 1602 nobis
251 1540 617 1616 generationis
646 1547 730 1593 est
753 1546 966 1602 auctor,
998 1536 1072 1589 ita
1121 1541 1175 1589 et
1223 1528 1649 1586 immortalitatis

52 1636 128 1689 sit
158 1635 275 1704 ipse
305 1618 547 1699 largitor.
591 1626 691 1694 Qui
722 1632 898 1679 tecum
924 1622 1079 1676 vivit.

334 1738 386 1777 IN
437 1736 588 1775 FEST.
627 1732 815 1771 δΑΝετι
855 1728 1111 1769 STEPHANI
1152 1726 1381 1766 LEVITE.

1744 791 2015 861 propitius
2067 791 2298 854 intuere,
2341 791 2538 860 quibus
2575 790 2686 859 jam
2724 807 2828 845 non
2868 807 3081 859 aurum,
3126 795 3251 849 thus
3274 805 3327 849 ct

1748 882 1965 953 myrrha
2015 881 2313 952 profertur,
2357 881 2449 935 sed
2490 881 2631 950 quod
2665 881 2868 935 eisdem
2896 884 3209 938 muneribus
3235 883 3327 939 de-

1746 972 2011 1037 claratur,
2042 970 2352 1026 immolatur
2378 981 2433 1026 et
2461 972 2711 1026 sumitur.
2741 973 2863 1028 Per.

1855 1062 2134 1133 Pra'fatio.
2169 1065 2204 1135 ᾗ·
2233 1063 2458 1118 A‘Etet‘ne
2505 1063 2669 1129 Deus,
2701 1064 2826 1133 quia
2855 1066 2975 1118 cum
3011 1065 3318 1137 unigenitus

1746 1156 1916 1211 Filius
1948 1167 2068 1212 tuus
2092 1157 2145 1210 in
2191 1156 2491 1212 substantia
2526 1165 2726 1210 nostrae
2761 1158 3111 1213 mortalitatis
3158 1175 3325 1229 appa-

1752 1248 1880 1313 ruit,
1914 1262 2050 1303 nova
2078 1263 2177 1303 nos
2208 1248 2632 1304 immortalitatis
2656 1263 2768 1304 suae
2794 1248 2913 1303 luce
2946 1251 3236 1320 reparavit.
3264 1250 3331 1303 Et

1752 1342 1891 1396 ideo.

1754 1432 1757 1435 ⁷
1822 1432 1977 1500 Infra
2001 1433 2281 1487 actionem.
2325 1432 2806 1488 Communicantes
2851 1439 2905 1485 et
2951 1431 3093 1486 diem
3147 1447 3328 1487 sacra-

1754 1524 2022 1579 tissimum
2069 1524 2433 1590 celebrantes,
2485 1539 2591 1593 quo
2641 1523 2958 1592 Uuigcuitus
3002 1533 3123 1577 tuus
3160 1523 3210 1576 in
3244 1534 3329 1576 tua

1755 1624 1931 1670 tecum
1987 1615 2158 1687 gloria
2209 1625 2552 1678 coaeternus,
2618 1617 2670 1669 in
2728 1616 2956 1668 veritate
3012 1615 3190 1669 carnis
3236 1610 3333 1668 uo:

1754 1716 1884 1763 sti-az
1922 1707 2211 1763 visibilitcr
2238 1707 2539 1777 corporalis
2594 1708 2865 1776 apparuit,
2902 1706 2993 1760 sed
3023 1714 3077 1761 et
3124 1720 3328 1759 memo-

135 1817 210 1870 Da
252 1815 428 1879 nobis,
476 1824 806 1882 quaesumus,
841 1807 1086 1869 Domine,
1122 1804 1320 1859 imitari
1345 1802 1486 1870 quod
1513 1799 1645 1854 coli-
1684 1786 1726 1840 Β
1753 1799 1913 1863 riam,
1947 1808 2053 1853 etc.

56 1925 207 1971 mus,
258 1917 315 1961 ut
362 1906 638 1960 discamus
679 1911 734 1955 et
773 1900 1022 1955 inimicos
1065 1897 1314 1967 diligere,
1360 1893 1485 1964 quia
1529 1892 1645 1962 ejus

56 2001 317 2055 natalitia
340 1998 702 2063 celebramus,
726 1994 817 2065 qui
848 1993 997 2069 novit
1022 1992 1185 2046 etiam
1212 2004 1311 2060 pro
1339 1996 1648 2069 persecuto-

57 2094 217 2147 ribus
238 2105 486 2145 exorare.
516 2088 619 2143 Per
650 2086 956 2142 Dominum.
1629 2064 1634 2069 ’

134 2182 369 2237 Secreta.
433 2180 679 2249 Suscipe,
721 2177 967 2253 Domine,
1014 2187 1237 2228 [nunera
1284 2185 1384 2241 pro
1429 2178 1643 2223 tuorum

54 2273 583 2339 couimemoratione
628 2280 963 2334 sanctorum,
1011 2276 1072 2320 ut
1116 2265 1258 2335 quod
1303 2262 1424 2319 illos
1463 2260 1644 2332 passio

55 2367 355 2437 gloriosos,
379 2380 478 2419 nos
501 2362 714 2418 devotio
739 2361 928 2417 reddat
954 2361 1237 2413 innocuos.
1267 2355 1394 2412 Per.

139 2459 473 2513 Communia.
502 2455 847 2510 Auxilientur
900 2452 1085 2517 nobis,
1138 2449 1386 2512 Domine,
1432 2456 1644 2514 sumpta

55 2551 350 2624 mysteria,
388 2559 442 2604 et
486 2548 854 2604 intercedente
886 2546 1045 2599 beato
1087 2542 1361 2611 Stephano
1409 2548 1646 2609 martyre

55 2657 156 2699 tuo
175 2643 504 2714 sempiterna
529 2640 865 2711 protcctione
896 2638 1243 2713 confirment.
1271 2632 1395 2687 Per.

265 2754 317 2791 IN
359 2750 512 2790 ηδτ.
555 2748 745 2788 SANCTI
772 2744 999 2805 (JOKNNIS
1036 2740 1442 2781 EVANGELISTAE.

135 2830 437 2885 Ecclesium
486 2836 680 2889 tuam,,
710 2822 957 2886 Domine,
1005 2821 1271 2887 benignus
1314 2816 1547 2881 iilustra,
1588 2824 1648 2869 ut

55 2923 209 2978 beati
252 2919 477 2976 Joannis
522 2916 871 2988 evangelista:
911 2912 1215 2968 illuminata
1262 2909 1530 2964 doctrinis
1577 2909 1645 2964 ad

55 3017 203 3070 dona
241 3012 521 3084 perveniat
542 3009 892 3078 sempiterna.
928 3005 1050 3060 Per.

136 3106 376 3162 Secreta.
422 3103 649 3172 Suscipe
689 3113 939 3167 munera,
978 3096 1226 3161 Domine,
1270 3110 1390 3165 quae
1431 3095 1484 3149 in
1520 3095 1636 3165 ejus

56 3199 413 3255 solemnitate
448 3195 556 3263 tibi
607 3192 930 3256 deferimus,
981 3188 1135 3259 cujus
1182 3204 1282 3244 nos
1321 3188 1646 3244 confidimus

57 3290 372 3361 patrocinio
400 3286 642 3343 liberari.
675 3285 799 3339 Per.
1329 3342 1336 3351 λ

132 3380 467 3436 Communia.
514 3376 722 3433 ltefecti
770 3374 891 3430 cibo
936 3384 1177 3443 potuque
1214 3370 1455 3443 cmlesti,
1504 3371 1647 3424 Deus

57 3487 272 3541 noster,
318 3484 370 3529 te
406 3472 677 3543 supplices
716 3470 1098 3539 deprecamur,
1143 3475 1200 3520 ut
1242 3465 1296 3519 in
1337 3465 1494 3536 cujus
1532 3462 1647 3517 haec

56 3565 583 3625 commemoratione
631 3560 993 3634 percepimus,
1040 3557 1160 3627 ejus
1208 3557 1541 3618 muniamur,
1593 3562 1649 3607 et

57 3664 343 3737 precibus.
375 3662 499 3718 Per.

184 3816 189 3820 _
582 3769 633 3808 IN
670 3766 875 3815 OCTAVA
921 3764 1130 3806 DOMINI.

127 3851 307 3913 Deus,
354 3848 445 3917 qui
493 3845 649 3900 nobis
699 3844 810 3898 nati
862 3841 1168 3898 Saivatoris
1200 3839 1343 3895 diem
1368 3837 1646 3894 celebrare

28 3931 326 4000 concedis
344 3950 616 4004 octavum,
642 3937 728 3992 fac
753 3949 877 4001 nos,
903 3948 1233 4004 quaesumus,
1255 3930 1369 4001 ejus
1393 3939 1647 4001 perpetua

46 4032 356 4089 divinitate
388 4029 613 4095 muniri,
658 4027 811 4099 cujus
854 4040 1042 4081 sumus
1080 4022 1290 4080 carnali
1320 4021 1649 4089 cotnmercio

42 4143 190 4198 repa
203 4125 331 4184 rati.
371 4123 496 4178 Per.
1201 4163 1205 4167 .

123 4221 377 4276 Secreta.
417 4217 647 4282 Praesta,
682 4211 1292 4285 quaesumus,Domine,
1326 4219 1385 4263 ut
1408 4222 1507 4279 per
1533 4208 1648 4262 haec

40 4330 324 4377 munera,
376 4326 495 4381 quae
537 4308 751 4364 Domini
802 4305 971 4360 nostri
1019 4302 1146 4358 Jesu
1194 4301 1401 4357 Christi
1437 4314 1650 4355 arcanae

46 4404 382 4464 nativitatis
438 4399 706 4474 mysterio
769 4396 1045 4467 gerimus,
1102 4393 1402 4464 puriﬁcata:
1456 4389 1651 4444 mentis

38 4493 483 4565 intelligentiam
513 4503 937 4558 consequamur.
969 4485 1094 4540 Per.
1262 4530 1266 4535 λ
1482 4536 1485 4539 λ

170 4582 506 4639 Communia.
563 4581 785 4641 Pragsta,
845 4589 1190 4646 qnazsumus,
1252 4573 1516 4637 Domine,
1587 4582 1648 4625 ut

40 4679 210 4753 quod
243 4675 545 4731 Salvatoris
586 4672 754 4727 nostri
794 4672 989 4724 iterata
1020 4665 1371 4722 solemnitate
1403 4663 1649 4733 percepi-

44 4751 190 4829 mus
230 4775 502 4839 perpetuae
529 4762 683 4820 nobis
716 4757 1105 4830 redemptionis
1132 4754 1379 4812 conferat
1426 4751 1647 4808 medici-

42 4875 215 4919 nam.
248 4857 372 4912 Per.

550 4963 604 5001 IN
640 4959 922 5001 EPIPIIANIA
961 4956 1172 4997 DOIINI.

132 5046 307 5108 Deus,
336 5040 428 5111 qui
458 5039 716 5095 hodierna
745 5037 830 5091 die
852 5033 1197 5105 Uuigenitum
1223 5040 1369 5085 tuum
1401 5028 1649 5099 gentibus

133 5224 216 5296 (8)
241 5223 393 5296 Ceret
432 5220 742 5296 _oenedictio
797 5220 849 5273 in
883 5219 977 5296 die
1016 5214 1421 5296 Puriﬁeatioriis
1459 5212 1645 5296 plagae

47 5284 340 5369 posterior
363 5291 519 5369 valde
554 5300 636 5369 est
667 5290 999 5369 temporibus
1041 5289 1214 5369 sancti
1245 5284 1492 5369 Gregorii
1538 5284 1649 5338 Ma—

49 5355 179 5439 gni.
214 5364 502 5439 ﬁon‘enim
535 5361 653 5432 ejus
685 5355 932 5416 meminit
956 5374 1132 5439 neque
1159 5355 1462 5439 Al‘n'alarius
1486 5396 1499 5422 ,
1550 5370 1646 5434 ne:

48 5425 172 5509 {ine
213 5433 533 5509 Walfridus,
563 5425 749 5502 neque
789 5425 1162 5509 supposititius
1202 5427 1495 5490 Alcuinus,
1554 5425 1644 5495 qui

53 5502 251 5563 [amen
287 5506 535 5559 meminit
556 5518 838 5559 cereorum
869 5502 1303 5563 benedictorum,
1337 5512 1474 5567 quos
1516 5512 1648 5565 pou-

51 5579 200 5633 tifex
234 5576 501 5631 maximus
527 5574 923 5629 distribuebat!
974 5572 1139 5627 Multo
1168 5571 1346 5625 minus
1385 5571 1438 5621 in
1483 5567 1645 5623 Gela-

53 5650 244 5712 siano,
276 5647 328 5701 in
360 5645 712 5716 Gregoriano,
751 5646 805 5699 in
858 5643 1167 5716 Gelloncusi
1217 5639 1449 5716 aliisque
1467 5654 1649 5694 sacra—

54 5710 377 5775 mentorum
400 5710 551 5772 libris
572 5717 639 5772 de
668 5717 770 5770 hac
797 5714 1176 5770 benedictione
1201 5712 1399 5775 agitur.
1434 5710 1490 5763 lu
1516 5724 1647 5778 quo-

53 5792 189 5845 dam
214 5790 437 5860 antiquo
465 5787 797 5846 Turonensis
826 5785 1080 5843 Ecclesiae
1109 5782 1311 5839 missali
1340 5780 1478 5838 libro
1500 5783 1644 5840 circa

1821 1891 2150 1947 Communia.
2176 1892 2398 1959 Prtesta,
2425 1907 2758 1963 qumsumus,
2778 1891 3003 1945 Domine
3038 1888 3181 1943 Dens
3238 1904 3335 1943 no-

1749 1991 1900 2049 ster,
1938 1993 1995 2038 ut
2023 2001 2142 2055 qua:
2175 1986 2399 2041 solemni
2450 1986 2789 2042 celebramus
2819 1984 2993 2040 cilicio
3042 1984 3337 2054 puriticatae

1748 2079 1947 2133 mentis
1988 2079 2354 2151 intelligentia
2383 2094 2802 2149 consequamur.
2846 2078 2967 2132 Per.

1750 2189 1824 2261 (8)
1853 2206 2168 2248 nsscnrcrto
2206 2210 2369 2250 sursn
2392 2210 2586 2249 cuneos
2609 2209 2661 2248 1N
2692 2206 3096 2247 PUMHCATIONE
3122 2204 3335 2244 suam

2440 2278 2641 2318 MARIJE.

1754 2376 1755 2379 ‘
1821 2357 2052 2422 Exaudi,
2080 2370 2405 2426 quzesumus,
2433 2354 2681 2419 Domine,
2705 2353 2912 2422 plebem
2945 2363 3111 2418 tuam,
3135 2359 3187 2406 et
3217 2367 3337 2421 qua:

1749 2449 2095 2503 extrinsecus
2126 2446 2304 2500 annua
2348 2445 2540 2499 tribuis
2564 2445 2851 2499 devotione
2876 2443 3144 2502 venerari,
3195 2442 3337 2496 intc—

1752 2539 1866 2593 rius
1902 2536 2116 2606 assequi
2141 2536 2328 2606 gratia:
2364 2544 2466 2589 tum
2496 2534 2614 2589 luce
2644 2534 2896 2589 concede.
2929 2533 3051 2587 Per.

1821 2629 2080 2685 Dominus
2106 2628 2405 2682 vobiscum.
2438 2627 2504 2680 Et
2556 2642 2698 2681 cum.
2734 2625 2962 2680 Sursum
2989 2625 3175 2678 corda.
3202 2624 3290 2678 Gr;
3311 2651 3341 2663 -

1751 2722 1856 2777 tias
1895 2736 2118 2791 agamus
2139 2719 2366 2773 Domino
2392 2718 2500 2774 Deo
2546 2729 2753 2773 nostro.
2820 2722 2877 2780 >14
2921 2715 3147 2769 Aiterue
3172 2716 3335 2782 Deus,

1750 2822 1965 2869 creator
1992 2813 2117 2868 εωιί
2153 2820 2205 2866 et
2229 2820 2406 2875 terrae,
2444 2811 2559 2864 Rex
2603 2826 2813 2879 regum,
2844 2817 2899 2863 ct
2939 2807 3196 2861 Dominus
3241 2806 3336 2860 do-

1748 2907 2103 2972 minantium,
2140 2921 2241 2960 uos
2263 2903 2535 2974 suppiices
2565 2911 2686 2956 tuos
2721 2900 2787 2955 ad
2816 2911 2865 2955 te
2896 2898 3194 2954 clamantes
3237 2898 3341 2951 cle-

1748 3009 1960 3054 menter
1984 2998 2239 3053 exaudire
2271 2996 2526 3067 digueris,
2553 2995 2675 3064 quia
2703 2993 2885 3048 omnia
2912 3008 2979 3045 ex
3004 2991 3094 3045 nili
3118 2991 3168 3043 lo
3191 3006 3221 3046 c
3253 3005 3342 3044 ca-

1742 3089 1879 3155 .asti,
1912 3087 2143 3157 etjussu
2186 3097 2279 3143 tuo
2322 3101 2484 3156 Opera
2540 3101 2703 3156 apum
2762 3087 2901 3139 hunc
2956 3084 3220 3153 liquorem
3270 3082 3339 3135 ad

1751 3180 2141 3251 perfectionem
2171 3179 2313 3235 cerei
2351 3177 2809 3247 evenirefeeisti,
2861 3185 2913 3231 et
2948 3176 3207 3231 hodierna
3256 3173 3344 3226 die

1752 3271 2067 3339 petitionem
2086 3270 2217 3340 justi
2248 3270 2519 3339 Simeouis
2556 3268 2808 3337 implesti.
2836 3267 2911 3321 Te
2941 3252 3217 3321 lmmiliter
3248 3264 3340 3318 de-

1742 3377 2036 3432 precamur
2059 3403 2074 3428 ,
2115 3370 2172 3417 ut
2206 3363 2303 3431 has
2341 3360 2594 3416 candelas
2624 3359 2687 3413 ad
2722 3374 2876 3413 usum
2942 3357 3243 3425 hominum,
3286 3365 3341 3410 et

1736 3455 2385 3524 ,sanitatcmcorporum
2420 3462 2471 3506 et
2502 3452 2807 3506 animarum
2850 3450 3175 3520 quicumque
3221 3461 3344 3505 tuus

1751 3548 1925 3621 fidelis
1952 3562 2047 3618 pro
2072 3546 2454 3612 benedictione
2500 3545 2611 3599 suis
2661 3543 2957 3613 gestaverit
3006 3543 3056 3595 iu
3091 3541 3340 3595 manibus

1751 3641 1868 3696 sive
1898 3640 1948 3693 iu
1993 3650 2137 3694 terra
2168 3679 2184 3705 ,
2221 3639 2335 3694 sive
2392 3639 2444 3691 iu
2490 3635 2647 3705 aquis
2697 3648 2794 3705 per
2823 3632 3217 3689 invocationem
3263 3632 3341 3685 tui

1734 3716 2079 3795 sanctissimi
2110 3730 2366 3795 nominis,
2402 3738 2458 3784 et
2496 3728 2941 3799 intercessionem
2988 3734 3188 3779 sanctae
3231 3722 3343 3777 Ma-

1751 3828 1845 3881 riae
1878 3825 1997 3880 Filii
2042 3825 2116 3879 tui
2155 3823 2452 3895 genitricis,
2485 3821 2637 3891 cujus
2660 3820 3036 3891 purgationem
3061 3817 3220 3895 hodie
3248 3831 3341 3893 cc,-

1752 3918 2025 3974 lebramus
2065 3917 2334 3973 mentibus
2371 3915 2580 3971 devotis
2608 3956 2623 3980 ,
2653 3920 2814 3991 atque
2844 3911 3084 3966 oumium
3118 3894 3337 3963 sancto-

1752 4027 1869 4066 rum
1891 4021 2104 4078 tuorum
2133 4023 2312 4081 prece,
2328 4019 2382 4062 et
2407 4007 2614 4061 meritis
2639 4005 3020 4073 benedi-jcere,
3044 4010 3098 4056 et
3122 3999 3341 4068 sanctif-

1736 4105 1916 4177 'ficare
1947 4114 2033 4159 tua
2061 4104 2263 4173 pietate
2307 4101 2566 4170 digneris,
2620 4108 2677 4153 nt
2711 4100 2825 4154 haec
2878 4098 3029 4168 plebs
3088 4105 3177 4149 tua
3202 4135 3216 4159 ,
3247 4094 3340 4164 qui

1752 4196 1850 4252 hos
1874 4211 2061 4252 cereos
2098 4194 2393 4250 honorifice
2423 4194 2476 4248 in
2502 4192 2754 4248 manibus
2779 4197 2975 4261 portat,
3013 4198 3169 4257 teque
3201 4187 3342 4256 psal-

1736 4276 1910 4345 iendo
1939 4288 2127 4343 laudes
2157 4288 2435 4352 decantat,
2467 4293 2522 4339 tu
2550 4284 2810 4340 exaudias
2842 4295 3029 4337 eorum
3072 4293 3232 4335 voces
3275 4278 3341 4333 de

1753 4382 1891 4437 coelo
1912 4390 2101 4437 sancto
2134 4390 2253 4444 tuo,
2278 4388 2333 4433 et
2359 4380 2424 4434 de
2455 4378 2581 4432 sede
2632 4374 2934 4444 majestatis
2962 4382 3105 4437 tuze;
3154 4371 3339 4442 propi-

1678 4495 1726 4554 Ι)
1756 4472 1967 4545 tiusque
1996 4472 2070 4525 sis
2096 4471 2348 4552 omnibus
2367 4466 2725 4551 clamantibus
2756 4467 2821 4518 ad
2852 4474 2924 4528 te,
2947 4478 3082 4532 quos
3100 4460 3339 4531 pretioso

1755 4564 1953 4619 Christi
1980 4562 2101 4617 Filii
2134 4562 2209 4617 tui
2237 4544 2505 4631 sanguine
2544 4559 2799 4629 dignatus
2840 4571 2897 4611 es
2930 4555 3218 4615 rciimere.
3249 4555 3338 4623 qui

1756 4665 1932 4711 tecum
1960 4655 2108 4710 vivit.

1823 4744 2071 4800 Oremus.
2102 4741 2392 4812 Prmceptis
2421 4740 2752 4795 salutaribus
2781 4736 2998 4801 moniti,
3027 4746 3134 4789 etc.
3179 4733 3339 4789 Pater

1738 4848 1938 4905 noster
1965 4838 2055 4908 qui
2089 4851 2149 4891 es
2185 4836 2236 4889 in
2278 4834 2448 4901 caelis,
2478 4846 2585 4889 etc.

1826 4930 1945 4985 Alia
1966 4930 2159 4985 oratio.
2180 4928 2473 4997 Benej-dic,
2508 4926 2752 4991 Domine,
2783 4923 2908 4979 Jesu
2934 4921 3173 4988 Christe,
3196 4921 3341 4976 hanc

1754 5030 2056 5077 creaturam
2091 5021 2233 5074 cerei
2270 5018 2749 5088 supplicationibus
2779 5013 3000 5078 nostris,
3029 5020 3082 5067 et
3120 5009 3341 5065 infunde

1734 5235 1789 5274 ,x
1816 5218 2069 5275 saeculum
2095 5217 2334 5287 scripto,
2380 5216 2541 5270 unica
2575 5225 2780 5287 tantum
2830 5214 3006 5287 oratio
3051 5213 3336 5287 repetitur,

1752 5291 1821 5344 ad
1869 5289 2151 5344 luminaria
2190 5281 2535 5343 benedicendo
2564 5328 2578 5353 ,
2648 5296 2701 5339 et
2755 5285 2809 5339 in
2867 5286 2973 5339 alio
3020 5281 3266 5353 perantiq
3306 5294 3340 5335 0

1754 5362 2069 5416 monasterii
2120 5360 2291 5414 sancti
2344 5356 2873 5412 Theoderici‘unica
2922 5356 3122 5425 pariter
3159 5354 3337 5425 oratio

1729 5433 1824 5486 .ad
1862 5432 2235 5486 benedicendos
2265 5445 2479 5491 cereos;
2516 5442 2650 5496 quas
2695 5422 2971 5481 orationes
3000 5424 3165 5479 refert
3200 5422 3339 5496 Mar-

1756 5512 1879 5560 teue
1903 5508 1966 5572 (t.
1999 5501 2058 5555 Ill
2090 5500 2269 5570 Antiq.
2303 5515 2410 5553 ecc.
2448 5492 2636 5572 discip.
2671 5497 2763 5572 lib.
2798 5512 2871 5563 tv,
2899 5513 2948 5572 u.
2979 5496 3209 5572 5),_cum
3232 5492 3338 5572 aii—

1754 5565 1949 5643 quibus
1974 5573 2165 5627 ritibus
2195 5565 2323 5625 sane
2354 5565 2590 5643 antiquis
2617 5569 2683 5643 ad
2705 5583 2892 5643 cereos
2917 5565 3331 5643 ben‘edicendos.

1754 5638 1901 5699 Nihil
1932 5644 1999 5698 de
2044 5644 2158 5713 ipsa
2192 5644 2410 5711 insuper
2458 5641 2525 5713 in
2557 5640 2778 5709 antiquo
2824 5638 3003 5696 libello
3023 5639 3334 5695 orationum

1753 5711 2417 5785 Gothico-liispanicarum
2461 5711 2594 5769 alias
2631 5724 2946 5768 memorato.

1826 5899 1897 5913 ,κθ
1919 5906 1925 5913 .
