3834 6332
583 362 686 418 85‘)

583 477 630 530 ei
661 491 752 545 per
773 473 1025 528 virtutem
1048 475 1249 525 sanct.e
1268 462 1503 548 Crufcis
1521 460 1950 516 benedictionem
1978 461 2170 513 cmles-

586 575 717 631 tem,
751 574 811 619 ut
846 563 936 633 qui
983 577 1104 616 eam
1139 559 1206 613 ad
1239 555 1587 625 cxpellcndas
1637 553 1886 608 tenebras
1928 551 2164 604 hmnano

582 659 764 731 generi
787 655 1018 728 tribuisti
1036 654 1197 709 talem
1213 649 1490 723 signaculo
1516 646 1735 720 crn-i-cis
1766 656 1869 702 ture
1900 645 2167 702 fortitudi-

583 767 706 806 nem
742 759 797 804 et
824 747 1254 803 benedictionem
1282 743 1532 812 accipiat,
1582 751 1637 793 ut
1671 740 1724 794 in
1755 739 2166 808 quilmscunque

581 842 717 898 locis
745 855 977 896 accensa
1003 839 1118 894 sive
1144 836 1320 908 posita
1352 833 1558 899 fuerit,
1589 831 1828 886 discedat
1863 839 1914 884 et
1955 839 2169 885 contre-

580 933 777 988 miscat
805 929 1049 984 diabolus
1074 937 1130 984 et
1160 927 1332 998 fugiat
1371 924 1601 996 pallidus
1629 938 1749 978 cum
1783 922 2036 977 omnibus
2067 923 2166 976 mi-

579 1023 770 1079 nistris
807 1022 921 1078 suis
953 1021 1019 1076 de
1057 1019 1506 1082 habitationibus,
1567 1032 1667 1071 nec
1713 1023 2006 1086 praesumat
2052 1030 2168 1067 am-

579 1116 722 1186 plius
767 1115 993 1170 illudere
1036 1111 1398 1169 servientibus
1445 1110 1576 1166 Deo.
1609 1107 1840 1163 Proinde
1868 1116 1917 1162 te
1945 1121 2165 1178 quresu-

579 1223 721 1273 mus,
749 1207 996 1272 Domine,
1029 1214 1089 1260 ut
1111 1205 1298 1260 mittas
1326 1212 1571 1258 sanctum
1597 1200 1847 1272 angelum
1887 1211 2035 1255 tuum
2065 1201 2169 1254 lia-

578 1300 852 1370 phaclem,
875 1300 968 1369 qui
999 1298 1194 1354 evulsit
1220 1312 1250 1352 a
1280 1297 1413 1352 Sara
1438 1303 1492 1350 et
1512 1295 1677 1350 Tobia
1706 1295 2001 1349 daemonem
2024 1307 2166 1348 mor-

581 1393 798 1448 tiferum
825 1408 918 1448 eos
940 1390 1306 1453 infestantem,
1335 1397 1580 1443 conterat
1610 1387 1780 1452 illum,
1802 1394 1857 1440 et
1884 1385 2073 1457 perdat
2099 1386 2167 1440 de

581 1487 793 1544 cunctis
816 1485 1243 1551 habitationibus
1271 1483 1559 1538 colentium
1581 1481 1775 1547 Deum,
1801 1482 1867 1536 de
1894 1480 2164 1546 domibus,

577 1579 649 1634 tle
672 1579 900 1650 angulis,
933 1577 1003 1632 de
1045 1577 1276 1640 lectulis,
1305 1577 1370 1630 de
1402 1574 1778 1636 refcctoribus,
1809 1573 1873 1627 de
1901 1571 2166 1627 universis

581 1671 716 1726 locis
749 1672 798 1724 in
828 1670 1238 1740 quibuscunque
1266 1669 1375 1722 Deo
1403 1667 1730 1722 famulantes
1760 1666 2026 1732 habitant,
2049 1666 2168 1735 qui-

579 1770 790 1826 escunt,
821 1761 1117 1828 dormiunt,
1145 1759 1389 1831 vigilant,
1423 1759 1698 1814 ambulant
1727 1767 1782 1812 et
1816 1757 2161 1826 consistunt,

579 1869 684 1909 nec
722 1853 901 1908 valeat
939 1852 1030 1908 ille
1075 1853 1348 1922 malignus
1380 1851 1612 1921 amplius
1663 1851 1967 1920 inquietare
2023 1851 2164 1918 illos,

581 1961 718 2016 quos
739 1945 913 2004 sancti
944 1945 1254 2000 chrismatis
1301 1943 1374 1998 tui
1405 1943 1659 2004 unctione
1692 1941 1866 1998 fecisti
1898 1958 2018 1998 esse
2056 1959 2172 1997 mu-

578 2039 745 2094 nitos.
775 2038 1043 2093 Bcnedico
1074 2036 1173 2092 bos
1211 2051 1400 2091 cereos
1432 2035 1485 2089 in
1542 2035 1762 2090 nomine
1810 2035 1902 2089 Dei
1925 2035 1964 2104 εει
1994 2034 2170 2092 Patris

578 2127 993 2202 omnipotentis,
1021 2137 1074 2182 et
1095 2127 1217 2181 Filii
1243 2127 1281 2196 -ξ-
1307 2127 1426 2198 ejus
1454 2126 1740 2197 unigeniti,
1773 2134 1827 2180 ct
1870 2125 2104 2197 Spiritus
2129 2127 2169 2198 ἰ-

580 2220 753 2275 sancti
784 2218 1070 2288 paracleti,
1096 2227 1155 2271 ut
1198 2218 1270 2272 sit
1303 2217 1501 2288 ubique
1533 2216 1733 2272 diaboli
1771 2215 2052 2288 eﬂ'ugatio,
2089 2227 2172 2274 at-

579 2327 686 2380 que
710 2312 951 2367 omnium
974 2311 1450 2367 contubernalium
1479 2326 1703 2366 suorum
1733 2310 2120 2369 cxterminatio
2151 2351 2167 2377 ,

580 2403 881 2458 auxiliante
901 2404 1095 2464 eadem
1126 2412 1315 2458 sancta
1346 2413 1399 2458 et
1426 2403 1701 2458 individua
1731 2403 2024 2470 Trinitate,
2052 2419 2172 2474 qua:

580 2493 635 2547 in
663 2493 894 2549 Unitatis
917 2494 1155 2550 essentia
1179 2508 1396 2565 semper
1432 2502 1714 2564 permanet
1752 2493 1806 2549 in
1847 2494 2044 2550 saecula
2073 2510 2172 2552 sre-

579 2590 853 2647 culot'um.
888 2593 1083 2645 Amen.

653 2723 908 2779 Sacerdos
937 2724 1179 2794 primitus
1209 2723 1455 2778 accendat
1495 2738 1700 2779 cereum
1745 2733 1792 2778 et
1820 2725 2023 2780 caeteris
2071 2725 2172 2779 tri-

579 2815 726 2881 buat,
775 2825 825 2869 et
879 2825 992 2884 post
1039 2815 1394 2868 accensianem
1446 2814 1586 2868 dicat
1642 2815 1780 2869 hanc
1839 2815 2168 2870 orationem:

579 2907 938 2978 Omnipotens
964 2906 1297 2976 sempiterne
1327 2905 1489 2973 Dens,
1517 2905 1608 2975 qui
1641 2905 1987 2977 Unigenitum
2017 2914 2171 2960 tuum

580 2999 845 3056 hodierna
893 2997 981 3052 die
1023 2996 1164 3052 ulnis
1203 2997 1378 3051 sancti
1430 2995 1705 3052 Simeonis
1759 2997 1812 3052 iu
1846 2997 2043 3067 templo
2081 3006 2174 3053 tuo

581 3100 775 3148 sancto
817 3090 1221 3161 suscipiendum
1273 3090 1642 3160 prarsentasti,
1677 3099 1728 3145 te
1771 3091 2043 3161 supplices
2082 3091 2176 3147 tle-

581 3195 890 3251 precamur,
924 3190 982 3233 ut
1014 3179 1114 3233 hos
1139 3193 1330 3244 cereos
1373 3187 1492 3234 tuos
1531 3195 1668 3248 quos
1696 3179 1885 3235 famuli
1916 3181 1990 3236 tui
2022 3173 2171 3237 enini

582 3256 991 3343 magniﬁcentia
1027 3270 1385 3339 suscipientes
1411 3279 1625 3340 gestare
1661 3270 1909 3340 cupimus
1937 3270 2058 3327 luce
2085 3286 2175 3328 ac-

580 3378 797 3429 censos,
823 3362 962 3419 bene
977 3361 1020 3435 ἰ-
1037 3363 1220 3419 dicere
1241 3370 1294 3418 et
1312 3363 1488 3418 sancti
1504 3363 1544 3433 -ι-
1558 3363 1722 3420 ﬁcare
1735 3364 1996 3434 digneris,
2013 3372 2177 3436 atque

581 3455 789 3512 lumine
805 3472 1055 3527 supernae
1069 3457 1204 3511 bene
1221 3456 1260 3525 -ι-
1285 3455 1540 3512 dictionis
1565 3456 1885 3523 accendere,
1909 3467 2177 3526 quatenus

581 3564 677 3605 eos
727 3549 821 3604 tibi
879 3549 1108 3605 Domino
1155 3549 1265 3606 Deo
1325 3559 1512 3607 nostro
1562 3549 1842 3607 offerendo
1894 3553 2074 3624 digni,
2123 3560 2178 3607 et

582 3650 779 3697 sancto
835 3643 959 3713 igne
995 3651 1104 3698 tuae
1147 3642 1452 3698 dulcedinis
1503 3643 1791 3700 charitatis
1836 3645 2075 3712 accensi,
2121 3646 2175 3702 in

586 3733 787 3804 templo
843 3743 1032 3790 saneto
1089 3733 1274 3802 gloriae
1335 3745 1443 3791 tua:
1506 3735 1887 3808 repnnsentari
1962 3751 2178 3793 merca-

585 3841 731 3880 mur.
762 3825 867 3881 Per

1066 3937 1220 3977 IIISSA
1257 3938 1310 3977 IN
1348 3930 1438 3977 DIE
1477 3937 1702 3979 SANCTO.

658 4033 1017 4104 Omnipotens
1058 4034 1386 4104 sempiterne
1431 4033 1595 4101 Deus,
1646 4036 1983 4107 maiestatem
2029 4047 2176 4096 tuam

583 4128 859 4198 supplices
900 4143 1208 4192 exoramus,
1241 4137 1300 4184 ut
1342 4127 1481 4182 sicut
1511 4128 1822 4198 unigenitus
1848 4129 2018 4185 Filius
2055 4141 2178 4186 tuus

587 4222 852 4278 hodierna
879 4223 966 4278 die
995 4239 1117 4279 cum
1150 4234 1351 4280 nostrae
1391 4225 1572 4281 carnis
1604 4224 1906 4280 substantia
1949 4224 2001 4279 in
2041 4232 2178 4280 tem-

657 4355 738 4428 (9)
775 4356 1063 4412 Catbedrze
1090 4357 1274 4412 Sancti
1305 4358 1448 4413 Petri
1483 4356 1652 4413 festus
1691 4357 1807 4413 dies
1844 4356 2102 4412 recolitur
2123 4358 2175 4412 in

591 4427 781 4498 postro
833 4427 1037 4482 missali
1087 4438 1208 4498 post
1251 4429 1506 4484 festivum
1555 4428 1956 4484 Puriﬁcationis
2004 4429 2178 4484 beata:

591 4493 774 4552 Mariae
811 4493 1346 4569 virginisfideoque
1397 4514 1583 4554 mense
1639 4499 1952 4566 februario;
2031 4499 2172 4568 quod

590 4568 938 4640 apertissime
969 4570 1204 4640 ostendit
1239 4568 1414 4638 neque
1447 4571 1783 4640 temporibus
1821 4570 1994 4625 sancti
2025 4569 2171 4624 Petri

593 4639 844 4693 Damiani
880 4639 937 4693 in
981 4639 1273 4695 Ordinario
1321 4639 1868 4696 ltomano’eatbedra:
1915 4640 2171 4696 Romana!

590 4709 790 4764 festum
822 4710 987 4773 diem,
1017 4711 1108 4779 qui
1157 4709 1416 4765 Januario
1455 4726 1642 4766 mense
1686 4712 1962 4779 recolitur,
2005 4710 2172 4766 fuisse

589 4781 944 4849 descriptum.
972 4782 1082 4835 lmo
1110 4795 1277 4850 penes
1308 4797 1394 4836 me
1412 4789 1498 4835 est
1522 4783 1804 4850 antiquum
1836 4781 2170 4838 breviarium

591 4851 1074 4905 membranaceum
1104 4853 1299 4906 saeculo
1324 4868 1414 4906 xw
1438 4852 1698 4908 scriptum
1732 4852 1818 4907 ubi
1855 4851 2041 4908 Sancti
2073 4851 2174 4906 Pen

592 4921 664 4974 tri
695 4921 964 4976 Catbedra
1019 4938 1122 4976 non
1165 4923 1397 4978 habetur
1439 4937 1508 4976 xv
1543 4921 1816 4977 Kalendas
1868 4922 2171 4977 Februarii.

591 4988 898 5047 Putandum
923 5003 1102 5047 tamen
1128 5007 1232 5047 non
1265 5004 1350 5048 est
1381 4994 1566 5048 haberi
1598 4994 1686 5047 hic
1719 4992 1914 5050 festum
1940 4994 2080 5049 diem
2107 4992 2176 5047 de

594 5063 706 5117 sola
761 5062 1032 5118 Catltedra
1077 5065 1436 5128 Antiochena,
1503 5065 1592 5133 qui
1647 5079 1833 5119 mense
1879 5063 2177 5119 Februario

594 5133 925 5199 celebratur,
959 5149 1024 5188 eo
1068 5133 1153 5187 vel
1198 5137 1432 5189 maxime
1480 5135 1606 5205 quia
1639 5135 1705 5187 de
1740 5136 1979 5189 Romana
2033 5133 2176 5188 nulla

598 5205 662 5256 Iit
723 5206 986 5258 memoria
1043 5205 1096 5259 in
1129 5205 1282 5260 libris
1349 5214 1811 5260 sacramentorum
1869 5205 2071 5261 Gelasii
2125 5214 2181 5260 ct

595 5272 864 5344 Gregorii.
905 5275 1194 5346 Menardus
1223 5277 1390 5336 enim,
1425 5285 1480 5330 et
1509 5277 1725 5346 quidem
1765 5291 1901 5330 sano
1926 5274 2177 5338 consilio,

596 5353 754 5417 putat
785 5345 996 5417 hacdie
1025 5345 1092 5400 de
1118 5357 1350 5417 utraque
1372 5345 1642 5401 Cathedra
1667 5348 1983 5402 meumriam
2014 5347 2176 5401 recoli

599 5415 668 5486 ab
698 5415 961 5486 Ecclesia,
991 5417 1133 5486 quod
1164 5415 1355 5473 revera
1384 5419 1708 5473 auctoritate
1735 5418 1906 5473 nostri
1942 5417 2180 5473 missalis

596 5483 723 5539 libri
770 5483 1072 5556 probatur,
1137 5489 1226 5543 ubi
1292 5489 1456 5545 missa
1502 5489 1735 5543 habetur
1801 5491 1853 5544 in
1918 5488 2177 5544 cathedra

599 5555 788 5630 Sancti
819 5555 965 5630 Petri
1008 5560 1124 5612 sine
1174 5559 1542 5630 expressione,
1591 5575 1661 5613 an
1703 5559 1793 5614 illa
1829 5559 2074 5614 Romana
2111 5559 2183 5614 sit

596 5627 684 5681 vel
715 5628 1074 5682 Antiochena.
1103 5629 1183 5683 Ad
1219 5627 1359 5685 lianc
1397 5631 1718 5684 sententiam
1753 5631 2179 5685 confirmandam

599 5697 830 5752 multum
878 5697 1171 5753 conferunt
1211 5701 1539 5754 doctissimte
1593 5709 1735 5754 notae
1789 5701 1972 5762 Patris
2012 5701 2176 5755 Blan-

601 5770 746 5823 chiui
791 5769 858 5823 ad
908 5769 1144 5822 libellum
1193 5771 1499 5839 orationum
1529 5769 2178 5839 Gothico-llispanarum,

602 5840 658 5910 in
690 5856 796 5910 quo
827 5839 1058 5894 habetur
1099 5853 1284 5895 mense
1325 5837 1650 5906 Februario,
1689 5856 1785 5894 vttt
1815 5837 1935 5896 Kal.
1977 5842 2177 5908 Martii,

1783 343 1958 400 SIEC.
1989 341 2058 398 Xl
2085 340 2352 398 MONUM.
2383 341 2662 398 LlTUi‘tG.

3688 349 3757 400 ΗΘ

2199 452 2242 508 Α
2277 436 2364 505 pla
2394 446 2478 490 est
2518 441 2899 506 praesentatus,
2948 431 3021 486 ita
3067 446 3166 486 nos
3215 430 3381 485 facias
3413 432 3666 490 puriﬁcatis
3696 449 3754 496 tua

2269 526 2540 581 mentibus
2567 525 2908 596 praesentari.
2938 522 3044 577 Per
3066 522 3340 577 eumdem.

2329 616 2562 672 Secreta.
2613 615 2848 680 Exaudi,
2903 614 3149 679 Domine,
3196 629 3387 683 preces
3417 625 3625 684 nostras,
3653 631 3694 675 et
3723 637 3757 678 ι

2268 711 2428 782 digna
2465 710 2577 764 sint
2599 723 2850 773 munera,
2880 721 3001 776 quae
3028 704 3203 762 oculis
3245 715 3351 760 tuae
3392 706 3653 774 maiestatis
3679 713 3759 768 alio.

2269 803 2460 866 rimus,
2494 800 2791 856 subsidium
2837 799 2996 853 nobis
3035 806 3140 852 tua:
3172 796 3392 867 pietatis
3424 797 3657 866 impende.
3680 802 3757 857 Per.

2341 893 2668 948 Communia.
2702 891 3047 960 Quaesumus,
3090 890 3317 944 Domine
3362 889 3504 945 Deus
3531 901 3691 958 noster,
3725 909 3759 950 ut

2271 994 2620 1042 sacrosancta
2660 984 2942 1055 mysteria,
2986 997 3108 1054 quae
3138 997 3238 1053 pro
3265 984 3606 1052 reparationis
3629 997 3758 1041 nostra

2269 1079 2572 1132 munimine
2634 1075 2954 1140 contulisti,
3009 1074 3384 1130 intercedente
3434 1074 3579 1130 beata
3605 1077 3755 1146 Virgil:

2268 1166 2458 1232 Maria,
2512 1176 2566 1220 et
2597 1180 2838 1237 praesens
2886 1165 3043 1219 nobis
3093 1163 3394 1219 remedium
3437 1181 3548 1220 esse
3579 1165 3759 1222 faciasd

2270 1262 2532 1313 futurum.
2559 1258 2681 1312 Per.

2581 1352 2658 1426 (9)
2697 1368 2750 1407 Lv
2801 1364 3086 1406 cunnum
3125 1363 3316 1404 SANCTI
3359 1365 3537 1404 perm.

2342 1449 2483 1505 Deus
2513 1449 2604 1520 qui
2641 1446 2800 1502 beato
2831 1443 3080 1515 apostolo
3113 1453 3207 1501 tuo
3237 1445 3405 1499 Petro
3452 1443 3636 1498 collatis
3659 1443 3759 1496 dari-

2268 1541 2371 1597 bus
2409 1541 2565 1612 regni
2609 1537 2872 1600 caelestis,
2907 1537 3121 1592 animas
3156 1537 3359 1608 ligandi
3404 1545 3560 1607 atque
3597 1535 3757 1590 solventi

2269 1634 2608 1703 pontificium
2666 1630 2960 1695 tradidisti,
3005 1631 3244 1687 concede
3295 1630 3757 1698 intercessionisrjas

2269 1726 2472 1780 auxilio
2524 1739 2554 1779 a
2613 1733 2963 1796 peccatorum
3009 1733 3323 1779 nostrorum
3380 1722 3595 1777 nexibus
3635 1721 3759 1774 libere

2201 1826 2243 1886 η
2271 1833 2410 1872 mur.
2441 1819 2564 1873 Per.

2338 1907 2572 1964 Secreta.
2613 1909 2871 1966 Ecclesia:
2907 1919 3034 1972 tua),
3068 1923 3403 1980 quaesumus,
3449 1906 3668 1970 Domine,
3691 1921 3761 1975 pre-

2273 2015 2362 2057 ces
2412 2011 2469 2058 et
2525 2003 2734 2060 hostias
2802 2003 2948 2060 beati
3019 2004 3168 2060 Petri
3221 2001 3451 2073 apostoli
3510 2004 3756 2056 commeatu

2271 2095 2470 2160 oratio,
2502 2107 2560 2151 ut
2605 2097 2748 2166 quod
2785 2112 2886 2167 pro
2919 2097 3061 2152 illius
3105 2097 3280 2168 gloria
3307 2096 3644 2160 celebramus,
3673 2097 3761 2148 rutis

2271 2185 2444 2254 prosit
2472 2185 2538 2240 ad
2571 2185 2805 2241 veniam.
2838 2187 2962 2243 Per.

2344 2275 2679 2332 Communia.
2721 2277 2924 2333 Sancta
2955 2287 3043 2333 tua
3089 2293 3208 2343 nos,
3237 2277 3487 2340 Domine,
3528 2290 3760 2344 qmesrmrs.

2275 2380 2507 2440 sumptae
2532 2370 2831 2436 vivilicent,
2869 2381 2925 2426 et
2949 2371 3323 2427 intercedente
3351 2371 3514 2427 beato
3540 2368 3672 2422 Petro
3691 2383 3760 2435 agn-

2273 2460 2413 2516 stolo
2445 2469 2558 2528 tuo,
2602 2462 2996 2518 misericordia:
3035 2464 3385 2533 sempiterna:
3429 2474 3762 2536 prmparentt-t-

2271 2553 2468 2624 piatas.
2495 2553 2614 2610 Per.

2591 2643 2703 2715 (l0)
2733 2659 2785 2699 IN
2819 2659 2971 2701 res-r.
3007 2660 3196 2701 ssxcn
3233 2661 3514 2701 BESEDICTI

2349 2733 2707 2806 Omnipotens
2753 2738 3086 2808 sempiterne
3131 2738 3300 2802 Deus,
3347 2739 3438 2808 qui
3481 2753 3574 2808 per
3611 2735 3758 2806 gluma

2272 2825 2426 2882 beati
2473 2826 2755 2883 Benedicti
2803 2829 3016 2884 abbatis
3036 2830 3287 2901 exetnpla
3322 2828 3762 2885 humilitatistn'au-

2273 2917 2438 2988 phale
2463 2919 2620 2974 nobis
2651 2919 2756 2975 iter
2793 2921 3105 2982 ostendisti,
3150 2921 3241 2987 da,
3275 2937 3590 2992 quaesumus,
3618 2920 3758 2973 unita

2281 3009 2378 3065 tibi
2408 3009 2622 3080 placita:
2644 3011 2988 3079 obedientize,
3019 3027 3118 3082 per
3145 3027 3310 3083 quam
3339 3013 3640 3068 venerabilis
3667 3008 3759 3062 Patet

2278 3098 2610 3157 Benedictus
2651 3101 2852 3158 illaesus
2883 3104 3268 3169 antecedebat,
3316 3120 3414 3160 nos
3440 3102 3759 3174 prtcclansqa

2201 3195 2246 3257 C
2279 3192 2488 3248 meritis
2516 3192 2683 3263 adjuti
2717 3194 2836 3250 sine
2864 3209 3052 3251 errore
3083 3196 3499 3266 subsequamur.
3529 3195 3618 3250 Per

2351 3280 2586 3337 Secreta.
2616 3281 2862 3340 Paternis
2887 3284 3368 3342 intercessionibus
3389 3287 3629 3358 magnifici
3650 3295 3758 3353 {va-to

2279 3374 2356 3430 ris
2403 3372 2702 3443 Benedicti,
2733 3391 3044 3447 quaesumus
3095 3377 3317 3434 familia:
3355 3389 3476 3446 tum,
3519 3381 3756 3448 omipotus

2277 3465 2442 3532 Deus,
2470 3468 2879 3524 commendetur
2925 3469 3151 3537 oblatio,
3184 3470 3341 3540 cujus
3367 3472 3752 3527 viL-tlibusdemrz-

2277 3568 2370 3614 tur
2392 3560 2676 3630 exemplis.
2709 3561 2832 3616 Per.

2349 3647 2682 3706 Communia.
2723 3651 3025 3724 Perceptis.
3077 3655 3308 3713 Domine
3350 3659 3488 3714 Deus
3523 3667 3675 3720 noster,
3704 3669 3754 3707 5:-

2278 3747 2576 3802 cramcntis
2618 3745 2947 3804 salutaribus
2999 3749 3307 3808 humilitate
3351 3754 3672 3824 deprecamur,
3710 3749 3754 3800 ia-

2280 3839 2589 3895 tcrcedente
2635 3840 2794 3896 beato
2839 3839 3134 3898 Benedicto
3181 3844 3397 3910 abbate,
3421 3861 3533 3915 qua:
3555 3859 3630 3914 pro

2277 3930 2590 3986 venerando
2631 3932 2843 4003 agimus
2886 3933 3069 4001 obitu,
3103 3933 3260 3991 nobis
3304 3936 3568 4007 proﬁciant
3596 3933 3753 3987 adsue

2280 4028 2411 4076 tem.
2436 4021 2560 4078 Per.

2518 4114 2632 4186 (ll)
2671 4131 2722 4170 IN
2753 4132 3188 4173 ANNUNTIATIONE
3221 4134 3435 4176 sucus
3465 4131 3628 4172 usus.
3806 4167 3807 4186 ἰ

2349 4205 2511 4275 Deus,
2540 4209 2632 4279 qui
2683 4210 2945 4265 hodierna
2980 4210 3069 4268 die
3099 4210 3336 4267 Verbum
3367 4223 3502 4267 tuum
3527 4211 3660 4264 beat:
3682 4202 3751 4256 ‘5:-

2278 4344 2558 4401 Cathedra
2585 4343 2772 4416 Sancti
2799 4345 2968 4413 Petri,
3001 4355 3058 4401 ttt
3083 4348 3135 4402 in
3165 4360 3372 4416 nostro,
3416 4357 3465 4403 et
3487 4343 3748 4416 tamentam-
3806 4343 3807 4358 ‘

2279 4430 2403 4488 ἕψε,
2461 4416 2554 4488 qui
2609 4415 2681 4471 ibi
2733 4411 2962 4486 legitur,
3017 4429 3206 4488 aperte
3269 4411 3573 4474 demonstrat
3599 4411 3748 4488 testu

2281 4485 2432 4559 illum
2463 4484 2606 4559 diem
2635 4501 2762 4542 esse
2805 4484 3069 4543 Statutuni
3109 4492 3179 4544 ad
3208 4500 3484 4559 utramque
3520 4484 3747 4542 cathedra

2200 4547 2252 4609 Β
2279 4556 2649 4622 recolestdam,
2676 4573 2800 4614 cum
2833 4559 3050 4613 dicatur
3075 4577 3089 4614 :

2597 4670 2758 4743 Adest
2785 4671 2916 4743 dies,
2946 4689 3054 4743 quo
3090 4671 3347 4727 Romulea

2597 4742 2666 4796 In
2702 4743 2829 4797 urbe
2851 4741 3188 4810 consecratus
3219 4762 3274 4798 es
3301 4759 3320 4796 ς

2275 4850 2592 4978 Opportune
2612 4854 2794 4910 subdit
2815 4854 2897 4908 vir
2919 4855 3006 4908 ille
3028 4855 3376 4914 doctiSsimus
3395 4859 3525 4928 (tom.
3542 4853 3619 4921 ιβ.
3635 4846 3740 4910 13'"

2282 4939 2302 4974 ι
2379 4940 2411 4978 η
2443 4922 2701 4978 Romanae
2727 4927 2998 4978 cathedra:
3017 4941 3143 4978 cum
3169 4930 3491 4978 Antinchena
3519 4929 3740 4978 (θωπείαν

2282 4939 2302 4974 ι
2324 4922 2411 4978 En
2443 4922 2701 4979 Romanae
2727 4927 2998 4981 cathedra:
3017 4941 3143 4982 cum
3169 4922 3491 4985 Antiocbena
3519 4929 3740 4980 multum

2278 4995 2421 5069 ratio
2446 5009 2519 5069 v_tt
2546 4994 2665 5069 Kal.
2706 4994 2906 5069 Martii.
2945 5017 2964 5050 ›
2994 4998 3170 5053 Etiam
3213 4989 3674 5069 Pinius(num.gﬂil

2277 5064 2553 5120 Cathcdra
2592 5065 2780 5140 Sancti
2813 5068 2958 5140 Petri
2989 5070 3210 5140 agittet
3231 5064 3445 5140 quidam
3467 5065 3736 5140 Incultum"?!

2280 5119 2381 5190 suo
2419 5119 2662 5215 tractatu
2706 5119 3208 5208 cltrotiolog—irco'D—e
3237 5119 3650 5211 adigatur,“
3680 5123 3736 5174 θέ-
3806 5119 3807 5174 l

2279 5221 2565 5280 5P4?!C“-__
2614 5279 2626 5280 ,
3523 5279 3528 5280 ,
3622 5272 3642 5280 ..
3693 5273 3719 5280 ,.
3806 5225 3807 5234 “

2349 5275 2464 5344 (10)
2506 5278 2586 5332 Ab
2613 5279 2719 5333 hac
2741 5281 2913 5334 sancti
2942 5280 3216 5337 Benedicti
3250 5283 3455 5336 abbatis
3473 5279 3599 5331 misy
3621 5272 3732 5344 Ws"-

2280 5339 2473 5416 uljam
2505 5350 2640 5414 dixi,
2683 5350 2828 5405 hunc
2861 5351 3134 5406 missalem
3182 5351 3379 5408 librum
3409 5353 3469 5404 ad
3495 5339 3732 5417 usumftti-‘sj‘

2283 5419 2676 5474 monachorum
2704 5420 2914 5476 ordinis
2952 5424 3126 5477 sancti
3161 5422 3454 5483 Benedicti,
3487 5430 3532 5474 et
3563 5416 3730 5485 ρητίτθτ

2283 5503 2311 5542 a
2350 5492 2525 5560 prima
2555 5501 2611 5546 et
2639 5506 2667 5545 a
2699 5495 2933 5568 secunda
2962 5494 3236 5568 oratione,
3267 5496 3453 5564 quibus
3486 5493 3596 5568 [ictis
3617 5487 3714 5568 ﬂf‘f

2285 5557 2395 5638 tu},
2444 5571 2502 5638 με
2544 5566 2786 5638 pagi-nis
2828 5557 3300 5638 intercessionibus-
3329 5559 3566 5638 νηιαςηίβίί

2287 5623 2562 5686 Benedicti
2611 5633 2804 5688 oblatio
2845 5638 3152 5703 manustij
3205 5623 3724 5703 Iamilitt't'ommcnda'ff:

2285 5703 2345 5778 ln
2375 5704 2494 5774 ejus
2535 5705 2762 5778 transitu
2819 5700 3051 5778 hab'etur
3094 5692 3316 5778 propria
3359 5700 3570 5765 urariitio
3601 5692 3724 5746 wn"

2288 5775 2342 5829 in
2374 5783 2648 5848 postre_ma
2679 5775 3010 5848 Appendice.
3103 5775 3107 5776 ⁷
3198 5775 3215 5778 ⁷

2360 5830 2474 5917 (Ἡ)
2537 5830 2904 5904 Ἐεδῐςιε”όίρε
2964 5830 3402 5906 Annuntiationis
3459 5830 3720 5901 beatam-'1‘}
