3834 6332
657 382 761 437 815

1899 361 2067 418 SAZC.
2115 360 2181 413 XI
2217 355 2483 413 uoxuu.
2521 358 2800 416 Ltruno.
3715 374 3768 428 ω

660 497 836 551 cuncti
890 489 1311 548 resurrexisseut
1342 506 1370 542 a
1398 485 1640 543 mortuis.
1678 484 1967 553 Propterea
1997 492 2046 536 et
2083 480 2238 535 turba
2270 452 2322 513 Α
2420 478 2647 533 Secreta.
2713 477 2828 547 lpse
2876 475 2999 539 tibi,
3063 489 3391 544 quaesumus,
3438 478 3615 533 Domine
3650 498 3768 547 Sinite,

659 604 782 643 cum
811 585 975 640 rantis
996 583 1295 653 palmarum
1311 580 1591 636 obviantes
1609 576 1947 632 clamabant:
1968 572 2245 639 Hosanna,

662 676 975 733 benedictus
1005 672 1095 742 qui
1126 671 1269 727 venit
1300 672 1351 723 in
1400 668 1615 724 nomine
1664 665 1871 720 Domini
1912 663 2025 717 Rex
2056 661 2243 717 Israel.

658 768 1017 837 Quapropter,
1074 778 1385 834 quaesumus
1433 759 1773 814 clementiam
1825 765 1991 820 tuam,
2034 764 2098 809 ut
2151 770 2248 809 nos

661 858 892 913 fatuulos
920 867 1059 921 tuos,
1087 856 1179 925 qui
1218 854 1377 925 hujus
1402 854 1477 908 rei
1508 852 1739 922 gratiam
1778 857 1833 905 et
1862 849 2021 904 ﬁdem
2052 848 2243 902 verita-

662 952 732 1005 tis
757 951 1108 1021 percipimus,
1135 964 1297 1003 eruas
1327 955 1381 1001 et
1412 960 1581 1001 exuas
1610 944 1675 999 de
1696 957 1790 997 ore
1830 940 2047 1007 inferni,
2075 948 2130 995 et
2160 940 2251 993 ad-

656 1043 915 1113 jutorium
947 1041 1135 1113 gratia:
1161 1048 1264 1095 tuae
1291 1038 1448 1093 nobis
1479 1036 1716 1091 tribuere
1744 1034 2002 1107 digneris,
2032 1031 2261 1100 utjuste

661 1144 715 1187 et
738 1133 825 1203 pie
869 1141 1159 1202 sancteque
1200 1131 1440 1185 viventes
1469 1144 1591 1182 cum
1617 1126 1806 1182 electis
1835 1125 2009 1179 facias
2052 1123 2252 1179 habere

661 1225 1015 1279 consortium.
1048 1223 1151 1277 Per
1187 1238 1345 1293 quem
1394 1223 1532 1284 haec,
1577 1219 1822 1284 Domine,
1870 1231 2082 1289 semper
2110 1217 2251 1272 bona

662 1330 839 1379 creas,
867 1313 1237 1382 sanetifticas,
1288 1312 1594 1381 vivijticas,
1630 1310 1945 1379 benej-dicis
1987 1320 2041 1364 et
2100 1308 2253 1363 nobis

666 1407 836 1460 servis
865 1406 970 1459 tuis
996 1405 1217 1475 largiter
1242 1413 1493 1475 praestas.
1520 1403 1622 1458 Per
1651 1403 1833 1458 omnia
1859 1401 2053 1458 szccula
2086 1417 2255 1457 sreeu-

667 1500 863 1553 lorum.
894 1498 1086 1553 Amen.

740 1588 857 1641 Alia
890 1590 1079 1643 oratio.
1115 1588 1276 1656 Deus,
1312 1588 1401 1660 qui
1439 1588 1810 1658 Filiumjuum
1841 1585 2124 1641 Dominum
2156 1599 2252 1639 no-

669 1686 841 1735 strum
873 1679 1057 1736 Jesum
1087 1681 1364 1737 Christum
1396 1697 1494 1752 pro
1543 1689 1728 1737 nostra
1781 1678 1957 1735 salute
2000 1679 2054 1733 in
2112 1678 2256 1732 hunc

2348 568 2510 624 Pater
2559 568 2922 638 omnipotens,
2966 565 3287 621 sacrilicium
3337 578 3547 623 nostrum
3575 575 3770 631 reddata.

2349 674 2591 733 ceptum,
2621 663 2711 732 qui
2756 660 3038 731 discipulis
3084 661 3197 716 suis
3226 660 3276 714 in
3304 662 3381 715 sui
3412 672 3771 725 commemoratum

2350 758 2453 813 hoc
2498 757 2614 813 fieri
2663 755 2927 812 hodierna
2976 753 3267 810 traditione
3319 757 3611 811 monstravit.
3645 760 3773 825 ουῑιε.

2350 864 2493 903 cum.

2422 936 2576 1006 Infra
2605 937 2886 992 actionem.
2920 936 3395 993 Communicantes
3420 947 3468 992 et
3498 939 3610 993 rbem
3632 948 3773 999 sacrati:-

2352 1029 2547 1084 simum
2573 1028 2934 1097 celebrantes,
2967 1044 3074 1100 quo
3104 1029 3361 1085 Dominus
3383 1030 3774 1088 nosterlesusChrl.

2353 1129 2470 1176 stus
2494 1135 2591 1190 pro
2626 1120 2783 1176 nobis
2812 1128 2895 1175 est
2927 1119 3178 1184 traditus,
3206 1121 3299 1176 sed
3339 1129 3389 1175 et
3420 1121 3669 1177 memoriam
3687 1139 3773 1180 uno

2353 1229 2559 1274 rantes.

2429 1306 2756 1362 Communia.
2802 1302 3011 1360 Refecti
3056 1304 3379 1360 salutaribus
3437 1304 3672 1371 alimentis,
3702 1323 3776 1377 qu-

2344 1400 2563 1469 'sumus,
2621 1399 2869 1464 Domine,
2938 1398 3080 1453 Deus
3133 1410 3340 1462 noster,
3394 1408 3447 1453 ut
3494 1401 3607 1468 quod
3644 1410 3775 1470 [tmpore

2358 1506 2558 1552 nostrae
2606 1491 2955 1548 mortalitatis
2978 1491 3350 1561 exsequimur,
3380 1490 3708 1545 immortalitatis
3728 1504 3774 1545 tu

2359 1602 2582 1643 munere
2610 1598 3030 1654 consequamur.
3061 1581 3185 1639 Per.

2924 1714 2976 1752 ΙΝ
3018 1712 3377 1753 PARASCEVEN.

666 1774 923 1825 mundum
956 1772 1172 1838 misisti,
1208 1780 1264 1827 ut
1289 1788 1346 1827 se
1377 1772 1688 1827 ltumiliaret
1720 1772 1785 1827 ad
1809 1786 1926 1836 nos,
1955 1778 2009 1826 et
2036 1785 2257 1825 revoca-
2290 1802 2333 1860 η
2433 1787 2684 1855 Oremus,
2710 1786 3049 1843 dilectissimi
3100 1788 3278 1851 nobis,
3327 1800 3423 1857 pro
3462 1784 3651 1841 Ecclesia
3682 1800 3775 1839 mu

668 1873 750 1917 ret
772 1863 837 1945 ad
870 1872 942 1929 te,
971 1864 1061 1933 qui
1090 1866 1254 1919 etiam
1283 1864 1408 1920 dum
1440 1864 1777 1920 Hierusalem
1816 1864 2045 1931 veniret,
2078 1874 2131 1921 et
2159 1864 2255 1919 ad-

672 1959 923 2030 impleret
971 1959 1303 2030 Scripturas,
1357 1962 1693 2017 credentium
1730 1960 2047 2031 populorum
2096 1960 2255 2015 turba

666 2049 979 2105 fidelissima
1028 2050 1333 2107 devotionis
1381 2068 1495 2108 sua:
1543 2052 1869 2107 vestimenta
1919 2066 2040 2106 cum
2092 2050 2255 2105 ramis

666 2141 967 2209 palmarum
1018 2141 1072 2196 in
1112 2144 1197 2198 via
1247 2144 1586 2211 sternebant,
1615 2154 1813 2215 prmsta
1836 2159 2163 2215 quaesumus,
2198 2152 2257 2197 ut

667 2232 741 2286 illi
770 2233 895 2288 fidei
929 2233 1071 2288 viam
1125 2251 1507 2305 praeparemus,
1552 2236 1619 2292 de
1664 2252 1771 2306 qua
1828 2244 2035 2291 remoto
2080 2235 2257 2304 lapide

666 2322 981 2380 olfensionis
1007 2333 1063 2380 et
1092 2334 1245 2395 petra
1275 2327 1535 2393 scandali,
1574 2327 1825 2383 frondeat
1849 2342 2013 2397 Opere
2032 2325 2257 2396 justitim

670 2429 873 2481 ramos,
906 2425 965 2470 ut
989 2414 1108 2485 ejus
1138 2417 1365 2488 vestigia
1389 2418 1647 2487 consequi
1672 2433 1994 2473 mercamur.
2027 2418 2145 2472 Per.

742 2506 872 2562 Hcce
900 2518 975 2563 est
1004 2508 1112 2563 alia
1144 2510 1333 2565 oratio.
1364 2509 1609 2566 Petimus
1641 2518 1713 2576 te,
1742 2520 1932 2566 sancte
1959 2510 2120 2565 Pater
2142 2528 2258 2566 om-

667 2598 938 2668 nipotens,
981 2609 1185 2655 aeterne
1224 2601 1387 2669 Deus,
1416 2609 1476 2657 ut
1519 2600 1791 2672 respicere
1818 2602 2058 2672 digneris
2097 2618 2259 2673 super

665 2689 809 2744 banc
838 2698 1147 2747 creaturam
1172 2691 1328 2749 oliva:
1352 2702 1404 2749 et
1432 2694 1647 2764 palmae,
1674 2709 1794 2765 qua:
1819 2708 1885 2749 ex
1914 2693 2044 2767 ligni
2088 2706 2259 2751 mate-

667 2782 746 2835 ria
775 2782 991 2852 prodire
1008 2782 1247 2855 jussisti,
1280 2800 1440 2857 quam
1465 2786 1713 2844 columba
1738 2786 1953 2843 rediens
1979 2787 2048 2842 ad
2076 2802 2257 2842 arcam

665 2874 886 2942 proprio
927 2872 1153 2944 protulit
1200 2889 1296 2931 ore
1347 2874 1717 2947 bene-j-dicere
1770 2884 1824 2931 et
1871 2874 2259 2947 sancti-j-flcare

668 2968 930 3045 digneris,
980 2978 1039 3025 ut
1088 2970 1397 3041 quicunque
1425 2985 1494 3027 ex
1537 2984 1602 3026 ea
1644 2969 1996 3040 sumpserint,
2030 2969 2261 3039 accipiat

668 3062 769 3116 sibi
816 3064 883 3117 ad
933 3063 1324 3134 perfectionem
1370 3066 1565 3123 animae
1612 3073 1669 3121 et
1712 3065 1979 3136 corporis,
2037 3065 2258 3135 fiatque,

2358 1881 2474 1948 Dei,
2517 1889 2576 1935 ut
2620 1894 2739 1935 eam
2790 1880 2931 1935 Deus
2970 1890 3026 1935 et
3066 1878 3332 1936 Dominus
3360 1885 3531 1933 noster
3562 1877 3775 1946 paciﬁcum

2356 1972 2633 2029 custodire
2662 1971 2910 2043 dignetur
2947 1980 3059 2027 toto
3086 1970 3222 2027 orbe
3252 1979 3532 2033 terrarum,
3557 1969 3773 2035 subjiciat-ei

2355 2065 2691 2136 principatus
2740 2074 2793 2121 et
2835 2074 3155 2135 potestates,
3209 2062 3407 2133 detque
3436 2061 3571 2117 nobis
3593 2061 3774 2130 quietius

2358 2158 2703 2229 tranquillam
2737 2158 2905 2212 vitam
2933 2155 3277 2228 .degentibus
3304 2154 3582 2227 gloriﬁcare
3611 2152 3774 2208 Densi.»

2360 2259 2494 2304 trem
2518 2250 2967 2321 omnipotentem.

2429 2339 2675 2395 Oremus.
2701 2339 3002 2395 Flectamus
3024 2355 3216 2410 genua.
3250 2336 3575 2408 Omnipotens
3591 2337 3773 2404 sempitea

2359 2431 2520 2497 Deus,
2548 2432 2639 2501 qui
2680 2432 2909 2503 gloriam
2942 2439 3087 2485 tuam
3117 2430 3374 2486 omnibus
3411 2431 3461 2485 in
3492 2426 3659 2485 Christo
3687 2440 3772 2495 gent-

2356 2530 2459 2584 bus
2513 2526 2788 2593 revelasti,
2838 2528 3049 2582 custodi
3075 2541 3243 2599 Opera
3287 2523 3626 2581 misericordia:
3656 2532 3773 2577 unm:

2360 2620 2622 2684 Ecclesia,
2653 2629 2766 2675 toto
2794 2620 2926 2675 orbe
2946 2618 3161 2684 diffusa,
3196 2619 3387 2693 stabiu
3411 2616 3505 2673 fide
3522 2617 3565 2672 in
3582 2612 3773 2671 confessi-ant

2361 2711 2436 2766 tui
2460 2711 2695 2767 nominis
2718 2720 3048 2781 perseveret.
3080 2710 3185 2767 Per
3214 2711 3480 2767 eumdem.

2430 2802 2660 2860 Oremus
2687 2812 2743 2858 et
2780 2819 2879 2873 pro
2909 2803 3227 2859 beatissimo
3259 2818 3393 2873 papa
3424 2810 3579 2856 nostro
3596 2798 3640 2852 Ν.
3659 2795 3771 2850 uti)»

2359 2903 2415 2950 et
2440 2894 2702 2950 Dominus
2732 2903 2917 2951 noster
2956 2896 3047 2966 qui
3083 2895 3252 2966 elegit
3288 2910 3411 2950 eum
3441 2895 3489 2948 in
3512 2892 3653 2948 Ordine
3672 2890 3770 2955 ερίψ

2360 2997 2521 3059 patus
2563 2988 2773 3043 salvum
2820 3000 2985 3060 atque
3028 2988 3359 3045 incolumem
3387 2985 3614 3043 custodiat
3640 2982 3769 3035 [τάξω

2364 3088 2565 3136 sanctae
2590 3095 2702 3137 suae
2723 3080 2789 3135 ad
2816 3081 3111 3152 regendum
3149 3080 3406 3152 p0pulum
3433 3087 3631 3134 sanctum
3663 3074 3726 3125 Dei.

668 3152 916 3222 Domine,
938 3166 1136 3213 nostra:
1156 3157 1350 3215 salutis
1370 3158 1693 3225 remedium,
1728 3167 1832 3215 tua:
1858 3159 2047 3230 gratiae
2074 3172 2257 3215 sacra-
2285 3160 2327 3219 C
2434 3170 2678 3227 υτεηιιιε,
2703 3170 3024 3227 Flectamus,
3044 3172 3402 3243 Omnipotens
3425 3168 3677 3238 sempitern:
3695 3162 3767 3214 Dn

671 3254 934 3301 mentum.
960 3249 1083 3305 Per.

1150 3356 1350 3397 INCIPIT
1390 3355 1543 3396 IIISSA
1573 3355 1624 3395 IN
1656 3355 1765 3395 DIE.

740 3434 1097 3503 Omnipotens
1128 3434 1458 3504 sempiterne
1494 3431 1656 3498 Deus,
1689 3432 1782 3502 qui
1812 3431 2050 3487 humano
2075 3432 2261 3503 generi

666 3526 739 3581 ad
813 3526 1136 3581 imitandum
1192 3523 1515 3580 humilitatis
1568 3522 1874 3592 exemplum
1926 3521 2261 3577 Salvatorem

670 3630 913 3677 nostrum
958 3634 1178 3674 carnem
1208 3633 1446 3685 sumere,
1478 3627 1535 3673 ct
1563 3632 1781 3672 crucem
1811 3616 1994 3671 subire
2022 3614 2259 3683 voluisti,

670 3712 908 3768 concede
962 3711 1248 3782 propitius,
1304 3720 1364 3765 ut
1413 3719 1467 3765 et
1509 3710 1784 3779 patientia:
1839 3709 2011 3779 ipsius
2063 3709 2262 3764 habere

674 3805 1000 3858 documenta
1054 3812 1108 3858 et
1153 3802 1570 3859 resurrectionis
1619 3802 1890 3858 consortia
1929 3816 2258 3857 mereamur.

673 3896 797 3951 Per.

747 3971 978 4043 secreta.
1034 3988 1280 4043 Concede
1325 4005 1653 4059 quaesumus,
1705 3989 1952 4054 Domine,
2005 3996 2065 4041 ut
2095 3984 2263 4042 oculis

678 4091 783 4136 tua:
807 4080 1107 4149 maiestatis
1136 4095 1333 4136 munus
1364 4082 1603 4137 oblatum
1632 4090 1687 4136 et
1713 4081 1946 4153 gratiam
1979 4079 2135 4135 nobis
2159 4087 2263 4134 tute

674 4172 984 4227 devotionis
1027 4172 1270 4229 obtineat
1314 4182 1369 4229 et
1397 4174 1647 4230 ell'eetum
1694 4174 1862 4229 beata:
1906 4173 2264 4243 percnnitatis

672 4268 939 4335 acquirat.
962 4266 1088 4321 Per.

732 4357 1007 4426 I’m’falio.
1024 4356 1347 4429 (1-).1Eterne
1364 4359 1522 4425 Deus,
1536 4374 1634 4429 per
1647 4374 1805 4428 quem
1820 4358 1975 4412 nobis
1989 4358 2265 4429 indulgen-

677 4450 749 4503 tia
784 4449 1039 4519 largitur,
1072 4459 1125 4504 et
1162 4465 1263 4519 pax
1292 4465 1387 4519 per
1423 4465 1584 4506 omne
1631 4449 1886 4505 sarculum
1916 4449 2259 4520 praedicatur.

676 4540 934 4595 Traditur
966 4542 1174 4596 cunctis
1205 4542 1549 4597 credentibus
1578 4541 1882 4611 disciplina,
1926 4549 1982 4595 ut
2016 4539 2257 4596 sanctifl~

675 4644 829 4689 catos
859 4649 955 4690 nos
978 4634 1150 4703 possit
1180 4634 1296 4689 dies
1321 4644 1581 4689 venturus
1605 4634 1874 4703 excipere.
1900 4631 1966 4685 Et
1995 4632 2117 4687 ideo
2136 4646 2259 4686 cum

675 4728 897 4799 angelis.
1532 4714 1535 4715 ν

746 4817 1077 4887 Communia.
1104 4815 1210 4872 Per
1238 4815 1419 4884 hujus,
1449 4816 1690 4881 Domine,
1725 4815 2094 4886 operationem
2140 4831 2257 4888 mya

676 4911 850 4977 sterii,
901 4920 956 4966 et
982 4911 1111 4964 vitia
1146 4921 1329 4964 nostra
1357 4920 1656 4982 purgentur
1701 4919 1756 4964 et
1802 4907 1946 4978 justa
1994 4908 2261 4964 desideria

676 5007 1066 5074 compleantur.
1103 5001 1225 5057 Per.

1088 5132 1245 5170 FBItIA
1273 5131 1326 5179 v,
1356 5131 1407 5169 ιτ(
1434 5130 1592 5170 causa
1626 5114 1844 5169 Donum.

749 5211 890 5265 Dens
920 5227 947 5264 a
978 5226 1086 5280 quo
1108 5221 1161 5264 et
1187 5208 1354 5264 .ludas
1384 5218 1565 5263 reatus
1593 5211 1673 5263 sui
1701 5221 1936 5278 pmnam,
1965 5218 2021 5264 et
2048 5209 2254 5265 confes-

678 5304 832 5358 sione
882 5314 969 5358 tua
1007 5303 1147 5358 latro
1200 5303 1480 5371 praemium
1528 5301 1777 5371 sumpsit,
1829 5302 2065 5357 concede
2107 5302 2262 5358 nobis

680 5407 786 5451 tuae
811 5395 1210 5468 propitiationis
1238 5393 1513 5460 eﬂ'ectum,
1546 5403 1604 5448 ut
1632 5394 1773 5449 sicut
1802 5394 1855 5449 in
1887 5393 2137 5463 passione
2163 5408 2260 5449 sua

678 5484 835 5541 Jesus
859 5486 1109 5541 Christus
1135 5484 1397 5540 Dominus
1423 5493 1608 5540 noster
1648 5484 1859 5540 diversa
1905 5484 2152 5554 utrisque
2176 5484 2260 5539 in-

680 5574 803 5630 tulit
832 5574 1095 5645 stipendia
1131 5574 1478 5641 meritorum,
1513 5574 1583 5629 ita
1626 5574 1783 5629 nobis
1820 5574 1996 5630 ablato
2025 5583 2265 5631 vetusta-

678 5664 749 5720 tis
770 5677 959 5721 errore
994 5664 1410 5720 resurrectionis
1447 5680 1556 5723 suae
1588 5667 1816 5736 gratiam
1840 5666 2117 5737 largiatur.
2159 5664 2259 5734 Qui

677 5770 856 5815 tecum
890 5760 1038 5814 vivit.

2362 3263 2516 3334 cujus
2536 3263 2743 3334 judicio
2780 3265 3033 3319 universa
3076 3262 3400 3329 fundantur,
3431 3262 3603 3329 respice
3633 3254 3768 3325 propiu-

2363 3355 2432 3412 ad
2477 3369 2670 3425 preces
2706 3364 2923 3411 nostras
2964 3363 3019 3410 et
3052 3355 3289 3410 electum
3328 3354 3474 3409 nobis
3504 3350 3706 3405 antistitem
3733 3356 3767 3391 ικι

2363 3447 2564 3519 pietate
2580 3462 2867 3513 conserva,
2896 3456 2953 3502 ut
2982 3447 3293 3503 Christiana
3322 3448 3479 3519 plebs.
3501 3442 3769 3517 quatalisulrt'

2363 3550 2525 3595 natur
2560 3549 2802 3606 auctore,
2844 3542 2944 3596 sub
2974 3549 3128 3595 tanto
3167 3542 3421 3610 pontifice
3462 3537 3769 3594 Cl'Bdlllllalnﬁ‘I

2364 3631 2575 3687 meritis
2601 3640 2877 3703 augeatur.
2915 3632 3037 3688 Per.

2436 3720 2666 3778 Oremus
2712 3734 2767 3778 et
2810 3739 2906 3793 pro
2945 3723 3203 3778 omnibus
3250 3724 3522 3793 episcopis.
3569 3720 3756 3789 ρτδλθξῖτ·

2365 3813 2698 3878 diacouibus,
2778 3815 3220 3878 subdiaconibus,
3295 3816 3553 3886 acolytliis,
3602 3808 3755 3864 exorta“

2364 3908 2676 3971 lectoribus,
2728 3907 2987 3971 ostiariis,
3018 3907 3442 3971 confessoribus,
3495 3902 3765 3973 virginime-

2365 3998 2510 4064 duis,
2543 3998 2823 4067 orpltanis,
2855 4007 2910 4053 et
2950 4014 3048 4067 pro
3078 4000 3227 4053 omni
3255 3999 3446 4069 populo
3469 4005 3616 4052 sancto
3634 3992 3699 4044 Do.

2444 4092 2689 4146 Oremus.
2720 4090 3042 4144 Flectamus.
3063 4090 3417 4161 Omnipotens
3437 4082 3761 4157 sempiteth-

2367 4186 2521 4252 cujus
2550 4184 2752 4253 Spiritu
2785 4193 2953 4239 totum
2980 4200 3179 4254 corpus
3224 4184 3469 4240 Ecclesia:
3489 4178 3725 4235 sanauit-sn
3746 4182 3761 4207 α

2369 4277 2592 4347 regitur,
2622 4275 2816 4330 exaudi
2850 4291 2950 4332 nos
2992 4292 3090 4347 pro
3134 4277 3402 4332 universis
3429 4274 3646 4329 ordinibus
3671 4280 3761 4327 siti"

2368 4378 2581 4433 cantes,
2604 4376 2660 4420 ut
2682 4368 2871 4438 gratia:
2898 4378 3002 4423 tute
3032 4384 3258 4425 munere
3281 4370 3350 4426 ab
3372 4367 3585 4425 omnibus
3603 4360 3664 4414 tibi
3680 4372 3727 4425 in
3754 4378 3759 4383 ‘

2368 4462 2468 4517 bus
2491 4461 2719 4517 fideliter
2747 4462 3032 4517 serviatur.
3065 4461 3187 4518 Per.

2439 4553 2669 4609 Oremus
2696 4563 2750 4609 et
2770 4569 2870 4624 pro
2895 4554 3359 4612 Christianissimo
3397 4557 3651 4623 imperatore

2365 4645 2430 4701 N.
2461 4655 2521 4700 ut
2552 4646 2693 4701 Deus
2739 4656 2795 4702 et
2837 4645 3099 4701 Dominus
3149 4658 3337 4703 noster
3390 4646 3593 4701 subditas
3624 4634 3747 4688 illia:

2363 4750 2554 4792 omnes
2599 4736 2865 4793 barbaras
2915 4736 3163 4793 nationes
3210 4740 3279 4794 ad
3330 4749 3543 4793 nostram
3591 4736 3753 4801 ρεφτίπ

2362 4844 2573 4902 pacem.

2439 4922 2681 4978 Oremus.
2714 4920 3035 4980 Flectamus.
3060 4922 3408 4997 Omnipotens
3427 4909 3753 4989 sempiternam

2366 5018 2419 5076 in
2466 5020 2621 5091 cujus
2672 5033 2865 5074 manus
2907 5027 3033 5074 sunt
3057 5034 3249 5074 omnes
3300 5025 3577 5089 potestates,
3611 5016 3644 5061 et
3672 5012 3753 5051 tW

2363 5112 2480 5184 jura
2497 5126 2807 5185 regnorum,
2838 5112 3048 5183 respice
3071 5112 3139 5167 ad
3162 5113 3452 5167 Romanum
3475 5102 3665 5169 beaignus
3684 5104 3755 5147 τιν

2364 5205 2525 5270 rium,
2564 5212 2623 5259 ut
2646 5212 2856 5275 gentes,
2886 5218 3008 5274 quae
3037 5202 3089 5258 in
3121 5218 3216 5259 sua
3252 5202 3455 5257 feritate
3493 5191 3693 5251 confidant.
3718 5196 3751 5237 θ’

2363 5298 2547 5354 tentias
2576 5306 2679 5353 tuas
2704 5296 2927 5352 dextera
2952 5296 3393 5366 comprimantur.
3423 5290 3523 5345 Per.

2434 5389 2666 5446 Oremus
2683 5399 2739 5444 et
2774 5404 2872 5459 pro
2901 5388 3305 5443 catechumenis
3347 5383 3539 5442 nostris
3562 5386 3603 5431 ut
3634 5368 3751 5423 [νεεδ

2363 5483 2626 5540 Dominus
2665 5490 2852 5537 noster
2875 5480 3085 5550 aperiat
3110 5495 3268 5535 aures
3295 5474 3595 5551 przecordium
3616 5466 3771 5533 ἰρφτνιι

2356 5572 2689 5645 januamque
2718 5571 3124 5639 misericordia,
3159 5581 3215 5627 ut
3238 5586 3333 5641 per
3359 5570 3583 5622 lavacrum

2364 5664 2527 5721 tionis
2580 5673 2799 5735 accepta
2834 5665 3152 5721 remissione
3199 5664 3427 5721 omnium
3474 5638 3745 5729 ρεεςιωηυεδ

2366 5758 2465 5827 ipsi
2491 5758 2833 5814 inveniantur
2861 5760 2911 5815 in
2940 5759 3157 5815 Christo
3194 5757 3311 5812 Jesu
3346 5754 3542 5807 Domino
3559 5749 3681 5797 nos!”

3760 6022 3765 6155 l
