3834 6332
13 321 137 375 8ίὸ

1255 331 1713 392 SACRAMENTA
1731 329 1900 387 lllUM
1938 330 2184 390 VETUS.

3209 351 3313 407 856

133 435 384 488 Oremus.
475 435 794 497 Flectamus.
873 445 1223 517 Omnipotens
1300 448 1630 520 sempiterne
1662 452 1703 509 Λ
1734 444 1876 499 sicut
1908 442 2087 499 fumus
2120 443 2320 514 jecoris
2366 448 2561 519 piscis,
2600 466 2760 525 quem
2799 455 3038 527 Raphael
3080 463 3314 518 archan-

13 526 205 591 Deus,
234 529 327 597 qui
356 529 655 589 Ecclesiam
682 545 826 592 tuam
851 555 991 595 nova
1021 556 1235 612 semper
1261 542 1411 614 prole
1437 541 1627 597 fecun-

16 618 162 679 das,
189 634 325 691 auge
350 620 510 677 fidem
537 633 590 678 et
616 625 944 685 intellectum
967 633 1376 689 catechumenis
1405 632 1627 698 nostris,

11 718 80 760 nt
159 710 337 764 renati
392 711 543 769 fonte
587 714 929 787 baptismatis
979 723 1285 794 adoptionis
1344 733 1450 779 tute
1506 722 1632 777 liliis

14 833 424 895 aggregentur.
456 830 580 884 Per.

90 916 367 987 Oremus,
393 921 730 980 dilectissimi
759 926 935 995 nobis,
968 927 1135 985 Deum
1157 939 1365 999 patrem
1386 930 1632 1002 omnipo-

9 1016 273 1075 tentem,
308 1020 366 1066 ut
391 1014 603 1071 cunctis
630 1018 888 1073 mundum
929 1031 1123 1093 purget
1155 1021 1456 1087 erroribus,
1489 1038 1634 1078 mor-

9 1098 128 1155 bos
180 1100 418 1171 auferat,
452 1103 652 1161 famem
682 1108 936 1179 depellat,
984 1113 1193 1182 aperiat
1222 1127 1491 1179 carceres,
1516 1114 1634 1168 vin-

12 1191 153 1247 cula
183 1194 472 1263 dissolvat,
505 1200 984 1271 peregrinantibus
1010 1206 1266 1271 reditum,
1316 1205 1634 1262 infirmanti-

5 1286 130 1340 bus
171 1288 487 1357 sanitatem,
528 1292 910 1363 navigantibus
968 1311 1183 1367 portum
1227 1299 1416 1355 Salutis
1457 1299 1633 1354 indul-

7 1393 121 1447 gea
135 1390 181 1433 t.

77 1473 351 1528 Oremus.
382 1474 705 1535 Flectamus.
740 1478 1093 1553 Omnipotens
1132 1486 1461 1554 sempiterno
1493 1486 1634 1540 Deus

5 1573 361 1620 maestorum
388 1569 719 1638 consolatio,
752 1573 1116 1630 laborantium
1156 1576 1414 1633 fortitudo
1444 1591 1634 1647 perve-

9 1654 195 1709 niant
214 1658 285 1710 ad
309 1666 360 1712 te
391 1674 579 1728 preces
610 1674 830 1731 nostra,
861 1666 926 1720 de
951 1668 1633 1736 quacunquetribulatione

11 1744 431 1813 clamantium,
480 1758 539 1805 ut
584 1766 775 1809 omnes
825 1755 927 1811 sibi
974 1758 1026 1811 in
1061 1760 1474 1817 necessitatibus
1518 1761 1631 1816 suis

16 1834 484 1894 misericordiam
514 1850 661 1898 tuam
694 1846 963 1915 gaudeant
986 1849 1243 1904 adfuisse.
1279 1848 1401 1907 Per.

86 1922 345 1982 Oremus
378 1937 431 1983 et
469 1944 568 2000 pro
596 1933 867 1991 haereticis
900 1945 955 1991 et
982 1938 1366 2006 schismaticis,
1403 1951 1460 1996 ut
1490 1942 1633 1998 Deus

14 2027 67 2069 et
98 2018 383 2075 Dominus
407 2033 590 2080 noster
617 2036 771 2082 eruat
797 2043 891 2083 eos
933 2031 1002 2084 ob
1031 2033 1308 2089 erroribus
1344 2034 1629 2105 universis,
1707 2041 1711 2045 ’

9 2120 68 2163 et
121 2112 214 2166 ad
261 2125 501 2171 sanctam
550 2128 774 2175 matrem
827 2121 1132 2178 Ecclesiam
1188 2121 1516 2183 catholicam
1580 2138 1634 2184 et

11 2203 398 2271 apostolicam
432 2221 690 2265 revocare
720 2210 989 2283 dignetur.

92 2291 367 2349 Oremus.
391 2293 714 2354 Flectamus.
741 2301 1094 2374 Omnipotens
1116 2306 1447 2376 sempiteme
1468 2307 1632 2376 Deus,

10 2384 113 2453 qui
157 2384 345 2441 salvas
368 2401 584 2455 omnes,
614 2400 672 2447 et
695 2393 969 2450 neminem
994 2395 1076 2451 vis
1100 2396 1300 2467 perire,
1334 2399 1543 2469 respice
1566 2399 1634 2455 ad

14 2478 264 2533 animas
305 2478 567 2536 diabolica
595 2481 786 2537 fraude
809 2484 1083 2557 deceptas,
1114 2495 1173 2542 ut
1192 2488 1342 2544 omni
1377 2489 1635 2545 hazretica

13 2567 312 2635 pravitate
339 2568 581 2640 deposita
605 2612 619 2637 ,
660 2574 959 2629 errantium
1001 2578 1165 2632 corda
1194 2578 1549 2649 resipiscam,
1579 2589 1637 2637 et

14 2659 86 2712 ad
122 2660 382 2716 veritatis
414 2671 518 2717 tuae
553 2665 774 2720 redeant
802 2667 1084 2722 unitatem.
1113 2669 1234 2725 Per.

99 2752 349 2806 Oremus
384 2762 440 2808 et
486 2770 585 2825 pro
608 2757 827 2825 perﬁdis
851 2757 1074 2826 Judaeis,
1116 2768 1173 2815 ut
1208 2761 1351 2816 Deus
1370 2770 1427 2818 et
1452 2763 1636 2820 Domi-

18 2859 135 2897 nus
184 2852 369 2900 noster
397 2845 609 2902 auferat
636 2848 882 2904 velamen
920 2851 986 2906 de
1016 2853 1270 2909 cordibus
1306 2869 1525 2922 eorum,
1577 2866 1638 2911 ut
1700 2874 1703 2877 ·

16 2944 74 2985 ct
135 2934 250 3003 ipsi
300 2946 633 3006 cognoscant
676 2947 727 2994 te
775 2937 961 2995 Jesum
1010 2939 1290 2997 Christum
1347 2944 1633 3000 Dominum

19 3035 312 3081 nostrum.
1463 3094 1468 3099 .

92 3116 225 3171 Hic
274 3136 374 3174 non
408 3121 621 3176 dicatur
666 3120 987 3181 Flectamus.
1036 3123 1393 3198 Omnipotens
1432 3130 1634 3201 sempi-

18 3218 205 3261 terne
227 3207 365 3264 Deus
399 3211 491 3281 qui
523 3211 686 3267 etiam
722 3213 1003 3284 perﬁdiam
1030 3214 1312 3273 Iudaicam
1344 3232 1373 3272 a
1410 3226 1501 3273 tua
1533 3219 1633 3274 mi-

15 3300 333 3355 sericordia
368 3317 475 3358 non
511 3304 755 3375 repellis,
792 3306 985 3362 exaudi
1028 3322 1218 3378 preces
1255 3319 1471 3366 nostras
1496 3325 1634 3381 quas

12 3407 129 3459 pro
175 3391 319 3448 illius
358 3396 539 3466 populi
584 3397 950 3455 obcatcatione
994 3399 1324 3468 deferimus,
1364 3412 1422 3457 ut
1450 3404 1632 3474 agnita

13 3484 292 3542 veritatis
322 3496 426 3543 tuae
451 3488 592 3555 luce,
622 3504 743 3561 quae
770 3489 1019 3547 Christus
1039 3500 1153 3558 est,
1186 3507 1215 3546 a
1253 3494 1364 3548 suis
1396 3493 1633 3549 tenebris

10 3585 325 3634 eruantur.
364 3579 488 3635 Per.
1163 3588 1167 3593 ’

90 3666 346 3727 Oremus
367 3673 422 3727 et
460 3687 558 3743 pro
587 3674 837 3746 paganis,
862 3684 920 3731 ut
947 3675 1092 3731 Deus
1127 3678 1340 3732 auferat
1377 3678 1633 3748 iniquita-

10 3773 147 3815 tem
196 3761 259 3815 de
292 3763 547 3819 cordibus
583 3780 802 3831 eorum,
839 3775 894 3819 ct
947 3767 1150 3823 relictis
1180 3767 1336 3824 idolis
1364 3769 1477 3824 suis
1506 3783 1634 3825 con-

6 3862 329 3908 vertantur
363 3856 430 3911 ad
456 3856 746 3913 Dominum
778 3860 959 3915 vivum
988 3870 1043 3917 et
1076 3877 1259 3916 verum
1282 3906 1296 3930 ,
1327 3872 1381 3917 ct
1415 3863 1632 3919 unicum

6 3946 243 3999 Filium
291 3948 404 4016 ejus
446 3948 630 4005 .icsum
674 3952 990 4020 Christum,
1025 3955 1192 4011 Deum
1235 3968 1290 4011 et
1346 3957 1634 4013 Dominum

6 4047 310 4107 nostrum,
336 4056 459 4096 cum
488 4058 594 4113 quo
618 4045 751 4100 vivit
773 4056 828 4101 et
853 4058 1042 4118 regnat
1065 4065 1187 4104 cum
1218 4050 1418 4120 Spiritu
1442 4058 1633 4106 sancto

8 4131 189 4184 Deus
219 4146 319 4201 per
338 4132 525 4189 omnia
548 4134 741 4192 sazcula
764 4137 1105 4193 saeculorum.

96 4219 361 4278 Oremus.
388 4224 714 4282 Flectamus.
738 4228 1092 4299 Omnipotens
1121 4231 1447 4301 sempiterno
1473 4232 1630 4298 Deus,

6 4319 121 4383 qui
166 4328 272 4367 non
308 4328 539 4372 mortem
587 4328 934 4388 peccatorum
966 4321 1061 4376 sed
1098 4322 1259 4376 vitam
1298 4335 1511 4392 semper
1552 4325 1633 4377 in-

6 4405 247 4472 qniris,
278 4406 496 4477 suscipe
518 4408 821 4464 orationem
850 4417 1091 4464 nostram
1112 4450 1129 4477 ,
1167 4418 1221 4464 et
1247 4411 1418 4466 libera
1444 4425 1538 4466 eos
1564 4412 1633 4466 ab

1732 533 1883 602 gelus
1929 543 2051 589 tuus
2098 535 2280 592 Tobias
2338 538 2540 598 famulo
2589 552 2676 598 tuo
2730 548 2912 603 docuit
2977 554 3196 608 accendi
3243 557 3313 609 ad

1734 634 1977 681 sanctam
2029 626 2422 685 liberationem.
2462 633 2765 693 Descendat
2810 656 2971 712 super
3021 644 3159 701 hanc
3194 662 3314 717 spe-

1735 715 1871 768 ciem
1900 715 2102 772 incensi
2131 718 2288 787 plena
2309 720 2674 793 benc'j’dictiu,
2693 736 2751 782 ut
2778 730 2847 784 sit
2879 732 2973 786 tibi
3006 715 3308 804 acceptum;

1733 806 1875 861 sicut
1899 807 2006 873 ille,
2030 808 2096 865 de
2117 824 2223 879 quo
2246 808 2413 867 David
2433 816 2694 885 propheta
2720 828 2840 875 tuus
2866 822 3064 879 cecinit
3090 825 3309 884 dicens:

1738 894 2009 965 Dirigatur
2043 898 2219 954 oratio
2265 914 2405 969 mea,
2443 902 2584 958 sicut
2614 904 2892 963 incensum
2928 910 2980 964 in
3023 927 3314 985 conspectu

1736 1000 1856 1040 suo.
1890 987 1974 1042 Sit
2023 989 2178 1045 nobis
2212 991 2347 1045 odor
2390 995 2778 1053 consolationis
2826 1016 2890 1055 ac
2941 1005 3227 1063 suavitatis
3261 1020 3318 1065 et

1735 1082 1962 1147 gratiae,
2020 1089 2079 1135 ut
2128 1081 2308 1140 fumus
2351 1085 2467 1156 ejus
2512 1086 2713 1159 effuget
2762 1107 2951 1148 omnes
2998 1096 3316 1166 phantasias

1735 1171 1934 1226 mentis
1979 1183 2035 1226 et
2088 1175 2354 1244 corporis,
2406 1186 2464 1231 ut
2494 1178 2700 1247 simus,
2738 1182 2977 1253 Apostoli
3027 1188 3103 1243 tui
3147 1206 3312 1259 voce,

1734 1262 1862 1316 boni
1917 1263 2100 1319 odoris
2155 1266 2299 1334 Deo,
2353 1269 2576 1338 effugiat
2624 1286 2654 1326 a
2711 1272 2850 1330 facie
2896 1275 3056 1346 hujus
3106 1281 3316 1338 incensi

1734 1353 1914 1410 omnis
1940 1356 2240 1412 daemonum
2272 1360 2539 1425 incursus,
2564 1363 2701 1419 sicut
2722 1367 2896 1435 pulvis
2927 1385 2957 1423 a
2984 1369 3123 1427 facie
3151 1377 3314 1441 venti,

1735 1453 1792 1499 et
1829 1444 1970 1501 sicut
2010 1445 2189 1503 fumus
2224 1465 2255 1504 a
2307 1449 2446 1507 facie
2485 1453 2643 1524 ignis.
2674 1454 2877 1514 Prtesta
2908 1459 3041 1530 hoc,
3076 1463 3318 1533 piissime

1735 1536 1917 1606 Pater,
1968 1554 2067 1610 per
2117 1541 2467 1613 Unigenitum
2519 1555 2699 1617 tuum,
2730 1566 2855 1606 cum
2919 1569 3029 1624 quo
3088 1557 3225 1615 vivis
3263 1568 3318 1615 et

1704 1688 1707 1689 ν
1736 1643 1932 1700 regnas
1961 1646 2084 1687 cum
2121 1632 2327 1705 Spiritu
2371 1646 2562 1695 sancto
2592 1639 2734 1697 Deus
2769 1642 2825 1698 in
2859 1647 3055 1703 saecula
3093 1650 3319 1708 saeculo-

1739 1735 1878 1776 rttm.
1900 1722 2092 1779 Amen.

2180 1871 2498 1914 BENEDIC‘I‘IO
2537 1875 2677 1917 ICNIS
2715 1877 2860 1920 Νονι.

1804 2012 2154 2084 Omnipotens
2205 2018 2553 2086 sempiterne,
2593 2024 2793 2075 aeterne
2868 2021 3007 2077 Deus
3080 2022 3310 2080 Creator

1734 2107 1973 2160 omnium
2017 2122 2227 2173 rerum,
2265 2118 2314 2162 te
2352 2110 2626 2164 humiliter
2663 2111 3039 2181 deprecamur,
3073 2126 3131 2171 ut
3173 2118 3314 2174 hunc

1736 2198 1910 2269 ignem
1954 2214 2185 2262 novum,
2227 2200 2364 2255 coelo
2413 2211 2568 2258 terra:
2615 2205 2888 2275 largitum,
2933 2210 3317 2280 sanctij-licare

1734 2297 1789 2342 et
1815 2288 2176 2358 bene-j-dicere
2227 2291 2486 2361 digneris,
2532 2303 2587 2346 et
2635 2294 2778 2350 sicut
2827 2297 2880 2350 in
2939 2300 3170 2353 adventu
3230 2311 3320 2355 tuo

1735 2379 2000 2435 elementa
2043 2381 2365 2451 contagione
2428 2394 2777 2452 peccatorum
2830 2387 3034 2457 polluta
3087 2406 3320 2461 purgare

1736 2472 2038 2544 polliceris;
2077 2476 2148 2528 ita
2187 2486 2241 2530 et
2279 2475 2368 2529 hic
2400 2475 2540 2546 ignis
2574 2491 2749 2533 novus
2784 2479 3144 2538 tabernaculis
3191 2482 3323 2537 ﬁde-

1735 2566 1869 2621 lium
1895 2574 2107 2621 tuorum
2139 2567 2417 2624 habendus
2442 2571 2823 2641 purgationem
2853 2572 3152 2644 perfectam
3182 2577 3322 2631 obti-

1738 2668 1902 2725 neat,
1953 2668 2008 2715 et
2066 2660 2367 2717 obstaculis
2420 2664 2658 2721 invictus
2708 2676 2900 2722 contra
2956 2683 3171 2725 omnem
3228 2687 3321 2725 ne-

1736 2751 1960 2823 quitiam
1989 2751 2210 2823 maligni
2242 2754 2465 2824 spiritus
2493 2756 2825 2825 perficiatur.
2848 2758 2973 2815 Per.
3208 2766 3213 2771 '

1807 2842 1951 2899 Lact.
1983 2859 2021 2898 ι.
2049 2844 2105 2899 in
2134 2835 2400 2916 principio
2435 2848 2656 2903 creavit.
2736 2856 2739 2857 ⁷

1810 2935 2018 2990 Oratio.
2051 2936 2193 2992 Deus
2216 2977 2231 3003 ,
2258 2938 2350 3006 qui
2381 2938 2707 2997 mirabiliter
2734 2944 2932 3000 creasti
2970 2944 3241 3023 hominem
3269 2956 3325 3002 et

1738 3028 2003 3085 mirabilia
2047 3029 2353 3099 redemisti,
2391 3032 2457 3087 da
2518 3032 3085 3105 nobis,‘qu:esumus,
3130 3048 3321 3095 contra

1738 3118 2133 3176 oblectamenta
2190 3122 2396 3191 peccati
2449 3123 2647 3178 mentis
2684 3125 2894 3181 ratione
2923 3128 3232 3197 persistere,
3265 3138 3326 3187 ut

1737 3224 2046 3265 mereamur
2092 3211 2159 3267 ad
2187 3212 2381 3283 gaudia
2412 3222 2614 3270 asterna
2640 3215 2945 3283 pervenire.
2972 3215 3095 3273 Per.

1804 3300 1947 3355 Lect.
1976 3317 2037 3356 ιι.
2081 3300 2306 3357 Factum
2353 3311 2437 3356 est
2474 3302 2529 3356 in
2582 3302 2784 3374 vigilia.
2823 3304 2977 3375 Resp.
3021 3306 3318 3364 Cantemus

1736 3390 1977 3447 Domino.

1810 3484 2014 3539 Oratio.
2047 3485 2187 3540 Deus
2220 3484 2373 3554 cujus
2409 3486 2631 3556 antiqua
2670 3487 2928 3543 miracula
2972 3489 3025 3544 in
3068 3491 3322 3561 praesenti

1732 3593 1949 3651 quoque
1990 3579 2186 3636 sacculo
2211 3595 2501 3637 coruscare
2543 3583 2827 3651 sentimus,
2861 3594 3079 3655 praesta,
3109 3601 3321 3657 quaasu-

1735 3686 1889 3737 mus,
1922 3679 1983 3726 ut
2024 3671 2164 3727 sicut
2198 3673 2443 3749 priorem
2464 3674 2719 3746 populum
2754 3676 2822 3731 ab
2860 3676 3132 3751 Egyptiis
3191 3680 3323 3736 libe-

1735 3764 1889 3833 rasti,
1907 3765 2011 3821 hoc
2033 3766 2099 3819 ad
2126 3765 2351 3822 salutem
2377 3758 2638 3838 gentium,
2666 3783 2761 3838 per
2784 3785 2954 3840 aquas
2978 3772 3320 3843 baptismatis

1734 3858 1998 3929 opereris.
2031 3858 2155 3916 Per.

1806 3951 1949 4008 Lect.
1982 3952 2404 4025 Apprehendent
2431 3964 2634 4026 septem
2659 3955 2933 4012 mulieres.
2968 3955 3120 4027 Resp.
3153 3958 3321 4015 Vinea

1735 4042 1877 4098 facta
1907 4053 2010 4099 est.

1809 4135 2013 4193 Oratio.
2050 4139 2209 4203 Deus,
2242 4138 2334 4208 qui
2382 4154 2480 4193 nos
2524 4140 2590 4193 ad
2642 4138 3023 4195 celebrandum
3068 4139 3322 4210 paschan

1735 4240 2131 4285 sacramentum
2164 4232 2446 4300 utriusque
2478 4230 2807 4286 Testamenti
2836 4230 3046 4303 paginis
3075 4230 3319 4297 instruis,

1735 4324 1802 4379 da
1832 4324 1988 4379 nobis
2019 4323 2317 4394 intelligere
2346 4323 2769 4379 misericordiam
2804 4331 2970 4387 tuam,
3002 4332 3057 4378 et
3093 4338 3156 4380 ea
3200 4337 3323 4393 per-

1735 4416 1979 4485 ceptione
2010 4416 2353 4487 praesentium
2382 4430 2663 4471 munerum
2702 4415 2855 4469 firma
2895 4415 2966 4469 sit
2991 4413 3323 4484 exspeCtatio

11 4496 308 4552 idolorum
338 4499 571 4563 cultura,
601 4508 655 4555 et
677 4514 908 4572 aggrega
936 4500 1195 4556 Ecclesiae
1221 4510 1324 4557 tua:
1346 4512 1547 4557 sanctae
1568 4505 1633 4558 ad
1667 4526 1711 4580 ι)
1738 4502 2061 4558 futurorum.
2089 4501 2211 4558 Per.

10 4587 257 4642 laudem
287 4598 341 4643 et
371 4589 597 4661 gloriam
630 4592 863 4647 nominis
887 4591 985 4647 tui.
1008 4590 1131 4647 Per.

12 4681 156 4751 (l5)
202 4681 532 4740 BENEDICTIO
597 4700 970 4742 TllYﬂlAﬂATlS
1019 4702 1074 4741 IN
1126 4702 1360 4743 SABBA‘I'O
1412 4702 1634 4743 saucro.

103 4773 399 4832 {Eternam
430 4788 483 4831 et
506 4778 863 4848 justissimam
898 4779 1149 4850 pietatem
1176 4789 1319 4836 tuam
1350 4782 1636 4853 deprecor,

16 4869 271 4923 Domine
314 4880 534 4932 sancte,
563 4869 726 4926 Pater
751 4870 1096 4941 omnipotens
1116 4911 1130 4933 ,
1159 4879 1362 4927 aeterne
1387 4873 1551 4939 Deus,
1579 4860 1638 4927 ut

20 4959 411 5030 bene-inlicere
460 4960 699 5031 digneris
755 4961 898 5015 hanc
944 4960 1178 5029 speciem
1234 4960 1633 5030 thymiamatis,

29 5050 125 5103 vel
184 5050 472 5121 cujuslibet
507 5051 739 5120 Speciei,
788 5060 847 5105 ut
893 5051 964 5104 sit
1019 5053 1299 5107 incensum
1340 5049 1633 5120 majestatis

34 5156 148 5198 tuac
200 5144 254 5199 in
293 5146 515 5201 odorem
555 5145 840 5199 suavitatis
890 5154 1204 5214 acceptum,
1246 5154 1299 5201 et
1331 5161 1360 5200 a
1396 5155 1481 5211 te,
1527 5145 1631 5203 Do-

40 5239 207 5305 mine,
244 5239 619 5305 benedicatur,
665 5240 736 5293 ita
781 5238 1088 5308 ubicunque
1118 5242 1249 5295 odor
1294 5240 1630 5309 pervenerit,

42 5334 343 5389 extricetur
389 5339 443 5385 et
489 5329 756 5401 eﬂ‘ugetur
797 5345 958 5386 omne
1005 5347 1176 5402 genus
1220 5332 1631 5395 daemoniorum,

98 5509 224 5582 (15)
254 5508 564 5587 Benedictio
590 5507 1141 5587 thymiamatishapud
1178 5506 1427 5587 .lttlarrtene
1458 5506 1627 5587 habe-

35 5581 141 5651 “Ir,
203 5577 308 5635 sed
350 5590 431 5659 est
462 5577 730 5659 posterior
758 5580 934 5659 sancti
968 5577 1213 5659 Gregorii
1259 5578 1628 5659 temporibus,

25 5649 136 5720 .‘lec
188 5651 463 5720 reperitur
517 5650 571 5704 in
612 5649 721 5704 ullo
769 5650 875 5704 alio
925 5650 1150 5718 antiquo
1204 5649 1630 5720 sacramentario

18 5708 176 5787 “bro
220 5708 274 5776 xi
323 5720 523 5775 saeculi.
586 5720 641 5774 ln
673 5719 871 5774 Missali
915 5708 1260 5774 Moza'rabnm
1322 5719 1476 5771 adest
1519 5716 1631 5770 hate

12 5791 257 5858 rubrica
310 5809 321 5844 :
372 5790 572 5845 Deinde
628 5792 894 5845 benedicat
952 5792 1177 5861 quinque
1239 5805 1405 5859 grana
1462 5788 1628 5840 thuris

1812 4591 1953 4649 Lect.
1994 4593 2116 4648 Haec
2137 4602 2223 4648 est
2252 4570 2573 4648 haereditas:
2596 4591 2753 4663 Resp.
2783 4591 3015 4647 Attende
3042 4592 3263 4647 etelum.

1812 4685 2015 4741 Oratio.
2044 4685 2206 4750 Deus,
2228 4686 2320 4754 qui
2345 4684 2642 4741 Ecclesiam
2670 4694 2813 4738 tuam
2843 4699 3055 4753 semper
3083 4685 3321 4753 gentium

1740 4781 2021 4835 vocatione
2063 4777 2421 4848 multiplicas,
2461 4777 2697 4833 concede
2740 4776 3033 4847 propitius,
3085 4785 3142 4831 ut
3186 4790 3322 4847 quos

1739 4887 1877 4940 aqua
1910 4869 2246 4941 baptismatis
2278 4869 2451 4925 abluis
2471 4909 2485 4933 ,
2523 4869 2775 4924 continua
2805 4867 3139 4939 protectione
3166 4878 3321 4922 tuea-

1740 4962 1834 5016 ris.
1858 4960 1979 5016 Per.

1810 5050 1965 5121 Resp.
1992 5050 2141 5107 Sicut
2168 5064 2381 5106 cervus.

1811 5144 2016 5199 Oratio.
2042 5143 2312 5209 Concede,
2345 5156 2671 5213 quaesumus,
2696 5141 3039 5211 omnipotens
3070 5140 3228 5203 Deus.
3265 5153 3321 5196 ut

1734 5236 1826 5307 qui
1858 5235 1996 5290 festa
2027 5234 2299 5304 paschalia
2342 5232 2554 5303 agimus
2581 5231 2887 5287 coelestibus
2914 5232 3194 5287 desideriis
3230 5248 3320 5286 ac-

1736 5331 1906 5396 censi,
1934 5328 2083 5384 fonte
2117 5327 2235 5382 vita:
2262 5327 2545 5382 satiemur.
2578 5325 2696 5379 Per.

1734 5502 1999 5580 inﬁgenda
2030 5518 2197 5580 terea.
2228 5500 2592 5580 Quem_ritum
2627 5506 2777 5580 notat
2804 5498 2854 5552 in
2876 5498 3131 5580 .niat'gine
3159 5498 3317 5580 Blan-

1734 5569 1945 5628 chinins
1976 5574 2187 5626 innitimur
2218 5572 2512 5642 sumpsisse
2542 5569 2746 5642 sacculo
2780 5585 2832 5621 δ.
2860 5569 2930 5642 At
2962 5570 3015 5622 in
3039 5586 3118 5642 ea
3152 5571 3314 5626 missa

1735 5643 1876 5697 nulla
1910 5644 1967 5697 fit
1993 5642 2198 5697 mentio
2219 5644 2283 5697 de
2312 5640 2685 5698 benedictione
2713 5640 3103 5711 thymiamatis,
3139 5653 3316 5711 orque

1738 5715 1906 5769 thuris
1933 5713 2302 5769 comburendi.
