3834 6332
7 378 91 419 διυ

1191 348 1650 407 SACRAMENTA
1664 344 1775 401 RIU
1788 343 1835 399 Μ
1871 342 1904 396 ν
1918 341 2003 397 ΕΤ
2016 340 2121 396 US.

3145 327 3261 383 850'

7 470 279 529 munimine
312 469 622 533 contulisti,
662 474 716 522 et
767 482 1003 537 prcesens
1056 466 1209 521 nobis
1263 466 1559 521 remedium
1593 472 1639 528 Α
1673 462 1873 524 vimus,
1914 456 2136 526 implere
2169 453 2374 510 coelesti
2409 450 2762 522 inSpiratione
2801 446 3101 501 valeamus.
3134 444 3254 498 Per.

2 582 106 621 esse
135 563 303 618 facias
337 570 392 616 et
422 561 682 614 futurum.
713 558 833 614 Per.

127 656 240 729 (l5)
266 672 317 709 ta
347 671 544 709 suam
576 668 762 708 διδοῖ]
794 668 955 706 ιιιιιιςι
989 667 1390 706 ενιῑισειιετε.

62 750 221 813 Deus,
252 748 345 818 qui
377 749 517 802 hanc
561 746 725 809 diem,
759 744 973 815 gloriosi
1025 745 1166 798 beati
1210 743 1371 799 Marci
1403 761 1572 799 evan-

0 841 192 911 gelista:
220 842 294 895 ιιιί
328 840 588 911 martyrio
615 837 968 903 consecrasti,
1006 849 1197 907 praesta
1221 879 1234 902 ,
1267 852 1575 905 quaesumus

0 948 49 990 ut
80 938 191 1007 ipse
223 937 365 1007 apud
400 946 449 991 te
487 951 586 1005 pro
628 935 780 991 nobis
824 934 1020 989 existat
1054 934 1354 1003 praecipuus
1382 930 1574 986 suffra-

0 1040 169 1098 gator,
226 1029 318 1098 qui
371 1011 659 1094 Unigeniti~
694 1027 765 1081 tui
818 1025 935 1082 ﬁeri
986 1025 1181 1081 meruit
1231 1022 1575 1093 evangelicus

0 1122 328 1191 praedicator.
361 1119 463 1187 Qui
493 1131 690 1175 tecum.

62 1212 301 1268 Secreta.
337 1213 592 1283 Suscipe,
617 1227 957 1281 quzesumus,
992 1210 1249 1273 Domine,
1290 1208 1577 1279 dignanter

0 1304 191 1370 oblata,
250 1314 307 1359 ct
360 1306 501 1359 beati
548 1304 713 1359 Marci
763 1300 1109 1372 evangelista:
1155 1297 1576 1368 suifragantibus

0 1396 203 1450 meritis
240 1396 309 1449 ad
348 1404 543 1450 nostra:
572 1394 763 1449 salutis
808 1394 1067 1446 auxilium
1116 1389 1401 1459 provenire
1444 1403 1573 1442 con-

0 1491 138 1545 cede.
169 1489 298 1545 Per.

60 1583 507 1654 Postcommunio.
536 1580 876 1645 lecstibus,
909 1580 1153 1643 Domine,
1174 1576 1363 1642 refecti
1395 1591 1577 1630 mune-

0 1676 143 1729 ribus
171 1673 448 1744 supplices
476 1674 854 1743 deprecamur,
887 1679 945 1725 ut
973 1671 1113 1725 beati
1153 1669 1315 1724 Marci
1344 1683 1577 1736 evange-

0 1768 129 1821 |istte
173 1774 230 1821 et
282 1765 541 1835 martyris
590 1763 662 1817 tui
710 1772 1056 1833 protegamur
1108 1759 1358 1823 auxiliis,
1424 1755 1575 1824 cujus

0 1858 205 1913 devotis
226 1856 500 1912 mentibus
527 1855 862 1911 celebramus
892 1852 1249 1921 triumphum.
1287 1849 1410 1904 Per.

384 1961 439 2000 IN
479 1961 568 2000 DIE
608 1957 944 1999 ASCENSIONIS
982 1956 1188 1997 DOMINI.

62 2040 349 2105 Concede,
395 2052 728 2108 quaesumus.
772 2036 1117 2103 omnipotens
1167 2034 1342 2098 Deus,
1382 2042 1442 2085 ut
1491 2030 1581 2099 qui

0 2132 258 2186 hodierna
279 2130 364 2184 die
386 2129 730 2200 Unigenitum
748 2138 897 2180 tuum
924 2127 1314 2194 redemptorem
1339 2132 1583 2178 nostrum

0 2226 64 2277 a‘d
90 2225 258 2277 caelos
309 2221 618 2278 ascendisse
662 2217 953 2283 credimus,
990 2218 1089 2288 ipsi
1139 2232 1351 2287 quoque
1405 2224 1584 2269 mente

0 2313 50 2364 in
87 2312 395 2365 cmlestibus
449 2310 778 2364 habitcmus.
841 2308 947 2362 Per
997 2307 1245 2361 eumdem
1297 2305 1583 2360 Dominum

0 2412 270 2457 nostrum.

76 2492 308 2547 Secreta.
366 2492 632 2563 Suscipe,
685 2490 942 2554 Domine,
1001 2506 1256 2554 munera,
1314 2505 1433 2559 qua:
1486 2504 1586 2559 pro

0 2584 131 2636 Filii
163 2583 233 2636 tui
258 2584 492 2654 gloriosa
540 2584 859 2638 ascensione
899 2581 1196 2637 deferimus
1220 2622 1234 2647 ,
1266 2589 1319 2636 et
1349 2580 1586 2636 concede

0 2676 284 2745 propitius,
314 2684 370 2730 ut
400 2692 428 2730 a
452 2676 808 2747 praesentibus
830 2675 1085 2745 periculis
1107 2674 1415 2738 liberemur,
1444 2685 1498 2731 et
1519 2670 1587 2727 ad

0 2766 175 2819 vitam
201 2769 581 2836 perveniamus
604 2775 884 2821 :eternam.
918 2767 1023 2822 Per
1045 2766 1315 2821 eumdem.

89 2857 355 2930 ΡνηιῙαιὶο.
400 2862 485 2933 (1-)
519 2860 747 2929 IEterne
782 2862 952 2925 Deus,
977 2876 1074 2930 per
1098 2860 1374 2917 Christum
1402 2858 1588 2913 Domi-

0 2965 144 3004 num
172 2962 433 3008 nostrum.
484 2951 586 3020 Qui
643 2957 768 3023 pust
824 2953 1280 3008 resurrectionem
1337 2949 1589 3006 omnibus

0 3042 285 3113 discipulis
312 3044 425 3099 suis
456 3043 776 3099 manifestus
801 3045 1093 3115 apparuit,
1120 3053 1173 3099 et
1201 3044 1334 3112 ipsis
1358 3057 1587 3097 cernen-

0 3134 159 3188 tibus
183 3142 261 3189 est
284 3133 523 3189 elevatus
556 3135 607 3188 in
637 3134 835 3189 coelum
858 3175 874 3199 ,
909 3142 968 3190 ut
1006 3149 1104 3189 nos
1149 3132 1450 3189 divinitatis
1479 3146 1589 3186 sua:

5 3222 271 3279 tribueret
294 3240 414 3279 esse
441 3226 758 3295 participes.
796 3225 864 3280 Et
893 3224 1037 3279 ideo.

92 3317 555 3376 Communicantes
569 3330 621 3375 et
636 3321 776 3376 diem
790 3321 1214 3377 sacratissimum
1229 3319 1591 3382 celebrantes,

1 3426 129 3480 quo
162 3411 412 3468 Dominus
460 3424 647 3469 noster
691 3414 996 3483 unigenitus
1024 3413 1194 3468 Filius
1224 3422 1349 3467 tuus
1383 3412 1591 3464 unitam

2 3504 123 3557 sibi
166 3504 469 3576 fragilitatis
517 3515 713 3562 nostrze
758 3506 1118 3561 substantiam
1164 3506 1215 3559 in
1259 3504 1445 3576 gloriae
1488 3511 1592 3556 tua:

6 3597 232 3651 dextera
263 3600 563 3654 collocavit.
597 3600 667 3655 Se
698 3598 787 3654 det
815 3600 1156 3654 memoriam.

100 3688 411 3746 Communio.
457 3691 660 3747 Praesta
693 3691 867 3757 nobis,
895 3708 1225 3763 quaesumus,
1252 3691 1595 3759 omnipotens

2 3789 77 3833 ct
112 3781 407 3837 misericors
433 3782 596 3846 Deus,
630 3791 691 3836 ut
712 3797 831 3852 quae
865 3781 1170 3837 visibilibus
1202 3780 1478 3853 mysteriis
1505 3796 1594 3835 su-

6 3872 207 3925 menda
237 3873 604 3944 percepimus,
645 3872 899 3928 invisibili
948 3886 1344 3941 consequamur
1374 3870 1590 3925 cliectu.

8 3966 143 4019 Per.

312 4113 552 4154 SABBATO
580 4112 780 4153 ΞΛΜ)Το
813 4114 863 4152 ΙΝ
895 4112 1288 4151 ΡεΝτεςοετειι.

96 4210 230 4264 Lact.
264 4210 521 4264 Tentavit
557 4210 713 4265 Deus.
754 4209 907 4279 Resp.
938 4210 1230 4264 Cantemus
1265 4206 1393 4269 Deo.

92 4300 297 4356 Oratio.
329 4301 470 4355 Deus
499 4300 588 4369 qui
626 4301 677 4353 in
716 4300 952 4354 Abrahze
979 4297 1165 4352 famuli
1195 4298 1268 4351 tui
1302 4312 1464 4365 opere
1494 4296 1598 4350 hu-

12 4409 179 4446 manu
201 4392 388 4461 generi
416 4391 737 4445 obedientite
767 4390 1009 4459 exempla
1036 4389 1310 4459 praebuisti
1331 4429 1345 4453 ,
1368 4389 1603 4441 concede

13 4484 178 4539 nobis
205 4499 273 4538 ex
304 4492 505 4538 nostra:
545 4482 837 4537 voluntatis
862 4483 1187 4551 pravitatem
1234 4480 1515 4551 frangere,
1550 4488 1603 4533 et

1747 550 1891 604 Lert.
1933 543 2352 617 Apprehendent
2374 554 2579 613 septem
2603 540 2877 597 mulieres.
2916 536 3068 607 Resp.
3100 534 3259 590 Sicut

1676 658 1893 697 εει-νυε.

1751 732 1955 787 Oratio.
1998 730 2141 785 Deus
2174 724 2634 795 incommutabilis
2664 723 2856 786 virtus,
2884 721 3067 776 lumen
3100 726 3260 774 mter-

1680 841 1839 889 num,
1879 823 2088 893 respice
2116 820 2382 893 propitius
2418 818 2485 872 ad
2528 817 2694 873 totius
2727 814 2984 869 Ecclesiae
3015 821 3119 866 tuae
3157 812 3259 865 mi-

1680 916 1847 971 rabile
1875 922 2275 971 sacramentum
2302 952 2318 977 ,
2367 918 2424 965 et
2460 924 2595 979 opus
2641 906 2828 962 salutis
2860 906 3107 960 humanm
3138 917 3262 973 per-

1677 989 1853 1080 petua:
1882 1005 2249 1078 dispositionis
2280 1003 2474 1059 effectu
2517 1000 2862 1070 tranquillius
2890 1012 3121 1067 operare
3141 1036 3155 1058 ,
3187 1004 3265 1048 to-

1682 1113 1873 1173 tusque
1898 1102 2133 1158 mundus
2170 1098 2482 1170 experiatur
2530 1104 2584 1151 et
2631 1094 2809 1148 videat
2845 1088 3048 1159 dejecta
3092 1087 3261 1155 erigi,

1680 1195 1981 1248 inveterata
2022 1190 2235 1257 novari,
2273 1197 2327 1244 et
2355 1203 2452 1259 per
2478 1186 2654 1258 ipsum
2680 1183 2858 1237 redire
2882 1180 3062 1235 omnia
3098 1179 3150 1233 in
3183 1178 3268 1232 in-

1681 1294 1911 1357 tegrum,
1953 1300 1981 1338 a
2012 1300 2119 1354 quo
2149 1297 2430 1353 sumpsere
2463 1278 2806 1350 principium.
2836 1274 2958 1328 Per.

1753 1378 1954 1433 Oratio.
2002 1375 2245 1438 Prtesta,
2297 1385 2647 1443 quaesumus,
2697 1366 3036 1436 omnipotens
3084 1361 3264 1424 Deus,

1680 1478 1739 1523 ut
1775 1469 2043 1524 claritatis
2076 1475 2178 1521 tuae
2210 1464 2463 1536 Splendor
2495 1460 2767 1531 elfulgeat,
2797 1466 2852 1512 et
2882 1457 2973 1511 lux
3006 1464 3110 1508 ture
3136 1453 3271 1506 lucis

1680 1561 1841 1615 corda
1894 1574 2082 1613 eorum
2112 1598 2126 1622 ,
2162 1557 2251 1625 qui
2294 1569 2391 1626 per
2434 1553 2665 1623 gratiam
2709 1561 2853 1604 tuam
2898 1547 3069 1603 renati
3100 1554 3267 1607 sunt,

1679 1650 1851 1704 sancti
1883 1648 2121 1719 Spiritus
2143 1645 2508 1701 illustratione
2539 1642 2841 1697 confirmet.
2876 1639 3000 1692 Per.

1752 1740 1982 1796 Secreta.
2022 1740 2267 1804 Munera,
2298 1736 2522 1792 Domine
2542 1776 2556 1801 ,
2580 1747 2916 1804 quaesumus,
2945 1729 3124 1784 oblata
3148 1744 3266 1782 sau-

1610 1822 1651 1879 Β
1681 1833 1856 1887 ctifica
1877 1873 1890 1897 ,
1918 1841 1973 1901 et
2001 1831 2165 1886 corda
2192 1837 2379 1885 nostra
2416 1827 2589 1883 sancti
2625 1824 2861 1895 Spiritus
2904 1821 3269 1876 illustratione

1685 1923 1942 1985 entunda.
1982 1922 2106 1975 Per.

1758 2012 2237 2067 (lontmunicantes
2286 2021 2341 2065 et
2390 2008 2533 2063 diem
2594 2004 3022 2061 sacratissimum
3077 2000 3275 2056 Pente—

1686 2112 1870 2157 t-osten
1899 2102 2256 2169 celebrantes,
2283 2116 2392 2171 quo
2420 2098 2656 2168 Spiritus
2685 2103 2909 2151 sanctus
2937 2091 3195 2162 apostolis
3219 2092 3271 2145 in

1687 2197 1855 2251 variis
1892 2196 2093 2266 linguis,
2123 2194 2392 2264 apparuit.
2424 2191 2529 2247 Sed
2556 2200 2611 2245 et
2642 2186 2980 2243 memoriam.

1761 2286 1910 2341 llanc
1940 2285 2103 2356 igitur
2128 2286 2457 2339 oblationem
2497 2281 2775 2336 servitutis
2804 2288 3008 2337 nostrm
3032 2318 3048 2344 ,
3094 2276 3191 2333 sed
3221 2286 3277 2329 et

1689 2387 1898 2433 cunctre
1951 2376 2166 2431 familia:
2202 2385 2305 2429 tua}
2335 2415 2349 2438 ,
2392 2388 2554 2443 quam
2595 2372 2688 2426 tibi
2728 2370 3006 2425 offerimus
3047 2383 3146 2438 pro
3195 2366 3278 2420 his

1687 2488 1904 2542 quoque
1956 2486 2092 2541 quos
2144 2482 2468 2538 regenerare
2522 2467 2774 2536 dignatus
2828 2478 2887 2518 es
2923 2478 2990 2516 ex
3034 2475 3171 2530 aqua
3227 2469 3282 2512 et

1690 2562 1895 2634 Spiritu
1943 2568 2132 2615 sancto
2187 2559 2430 2613 tribuens
2478 2556 2558 2610 eis
2607 2554 2986 2609 remissionem
3032 2550 3275 2605 omnium

1686 2664 2035 2727 peccatorum
2058 2694 2072 2717 ,
2105 2664 2416 2722 quaesumus
2443 2691 2456 2717 ,
2487 2647 2743 2711 Domine,
2776 2654 2834 2699 ut
2859 2643 3102 2714 placatus
3130 2641 3276 2695 acci-

1687 2751 1823 2821 pias,
1852 2749 2083 2817 diesque
2111 2756 2349 2800 nostros.

1760 2841 2089 2895 Communia.
2121 2838 2301 2892 Sancti
2328 2835 2584 2905 Spiritus,
2616 2832 2863 2897 Domine,
2893 2830 3055 2886 corda
3085 2836 3276 2882 nostra

1691 2932 1911 2988 mundet
1956 2931 2187 2995 inlusio,
2231 2939 2291 2985 et-
2322 2928 2404 2984 sui
2456 2925 2596 2981 roris
2640 2924 2954 2994 aspersione
3001 2922 3275 2976 fecundat.

1692 3025 1747 3078 ln
1778 3024 2010 3079 unitate.

2061 3129 2111 3165 IN
2148 3128 2236 3166 DIE
2268 3125 2470 3166 SANCTO
2507 3122 2898 3164 PENTECOSTES.

1619 3173 1663 3235 Ε
1768 3208 1948 3270 Deus,
2004 3205 2096 3274 qui
2140 3203 2401 3257 hodierna
2458 3201 2546 3257 die
2592 3200 2757 3255 corda
2818 3196 3057 3251 ﬁdelium
3105 3193 3281 3248 sancti

1696 3296 1928 3367 Spiritus
1962 3280 2318 3348 illustratione
2348 3290 2604 3355 docuisti,
2659 3290 2725 3343 da
2774 3287 2929 3341 nobis
2986 3286 3040 3338 in
3092 3282 3282 3338 eodem

1696 3389 1885 3460 spiritu
1910 3400 1997 3443 rec
2025 3404 2056 3443 a
2091 3400 2305 3455 sapere,
2332 3393 2386 3439 et
2416 3384 2481 3438 de
2510 3383 2629 3453 ejus
2660 3393 2874 3448 semper
2908 3374 3283 3432 consolatione

1697 3480 1950 3548 gaudere.
1986 3477 2108 3532 Per.

1767 3566 1997 3622 Secreta.
2038 3565 2278 3629 Munera,
2307 3574 2637 3632 quaesumus,
2665 3557 2913 3631 Domine,
2944 3553 3129 3608 oblata
3152 3567 3285 3608 san-

1698 3658 1874 3712 ctiﬁca
1915 3667 1972 3712 et
2000 3656 2164 3711 corda
2192 3662 2379 3708 nostra
2430 3652 2609 3707 sancti
2656 3648 2895 3719 Spiritus
2922 3644 3289 3700 illustrations

1698 3753 1955 3806 emunda.
1991 3750 2115 3804 Per.

1772 3842 2048 3912 Prwfatio.
2092 3840 2176 3912 (-1-)
2227 3838 2454 3893 [Eterne
2494 3835 2635 3891 Deus
2674 3848 2771 3906 per
2797 3832 3072 3889 Christum
3103 3830 3288 3885 Domi-

1703 3955 1828 3993 num
1858 3946 2138 4000 nostrum,
2170 3934 2261 4005 qui
2307 3924 2606 3987 ascendens
2646 3944 2809 3998 super
2854 3938 3048 3982 omnes
3082 3922 3284 3985 cmlos.

1702 4030 2006 4098 sedensque
2039 4027 2106 4081 ad
2132 4026 2413 4081 dexteram
2445 4032 2590 4077 tuam
2615 4060 2629 4086 ,
2661 4018 2988 4089 promissum
3021 4013 3287 4083 Spiritum

1704 4127 1948 4173 sanctum
1995 4113 2252 4170 hodierna
2283 4112 2369 4168 die
2412 4111 2468 4165 in
2515 4109 2655 4165 ﬁlios
2701 4104 3009 4175 adoptionis
3060 4100 3287 4164 elIudit,

1702 4219 2020 4281 quapropter
2060 4206 2295 4278 profusis
2331 4202 2541 4276 gaudiis
2590 4209 2734 4255 totus
2778 4200 2833 4253 in
2860 4197 2993 4253 orbe
3016 4205 3289 4250 terrarum

1707 4306 1936 4359 mundus
1963 4302 2219 4367 exsultat,
2251 4300 2342 4354 sed
2370 4306 2424 4353 et
2453 4310 2698 4366 superna:
2724 4293 2972 4355 virtutes,
3004 4297 3167 4357 atque
3197 4298 3291 4338 an-

1705 4396 1888 4464 gelicae
1903 4403 2198 4464 potestates
2226 4393 2486 4461 hymnum
2516 4386 2699 4457 gloriae
2724 4383 3017 4440 concinunt
3041 4379 3157 4435 sine
3182 4377 3288 4431 line

1709 4486 1969 4539 dicentes.

11 4588 236 4628 tuorum
282 4582 672 4644 praeceptorum
724 4573 1103 4629 rectitudinem
1144 4573 1195 4626 in
1224 4571 1474 4627 omnibus
1508 4569 1601 4624 ad-
1635 4547 1680 4607 ο
1778 4575 2275 4637 Cotnmuuicantes,
2310 4582 2364 4625 ut
2397 4588 2577 4634 supra.

11 4665 268 4737 implere.
297 4665 423 4721 Per.
582 4710 585 4711 ν

79 4756 233 4811 Lect.
269 4755 497 4826 Scripsit
531 4755 760 4827 Moyses.
802 4755 953 4825 Resp.
990 4755 1223 4810 Attende
1250 4754 1468 4810 coelum.

80 4850 303 4906 Oratio.
348 4850 528 4915 Dens,
582 4852 671 4921 qui
723 4851 876 4905 nobis
920 4866 1017 4921 per
1066 4851 1454 4922 prophetarum
1508 4866 1604 4905 ora

1 4942 325 5011 praecepisti
361 4944 681 5011 temporalia
708 4943 1044 5014 relinquere,
1096 4953 1261 5013 atque
1300 4944 1367 4998 ad
1405 4952 1611 4997 arterna

0 5034 307 5097 festinare,
339 5033 403 5087 da
434 5032 645 5087 famulis
674 5034 797 5097 tuis,
834 5040 894 5089 ut
926 5048 1045 5103 quae
1074 5050 1102 5087 a
1138 5044 1188 5089 te
1223 5033 1371 5105 jussa
1410 5048 1610 5101 cogno-

79 5170 215 5240 (15)
243 5168 297 5221 In
334 5169 506 5240 prima
547 5167 706 5240 hujus
736 5168 912 5222 missa“:
936 5169 1184 5223 oratione
1217 5176 1435 5240 sanctus
1465 5166 1610 5240 Mar-3

0 5237 111 5297 rus
150 5237 399 5309 martyrii
428 5238 594 5308 gloria
622 5240 910 5293 decoratur
950 5248 1137 5293 contra
1187 5239 1446 5307 quosdam
1476 5279 1490 5303 ,
1521 5237 1611 5307 qui

0 5318 203 5379 ipsum
255 5322 285 5362 e
341 5323 567 5362 numero
616 5318 911 5378 martyrum
968 5318 1313 5377 expungunt,
1363 5309 1613 5378 quamvis

0 5380 279 5450 Gelasius
307 5393 443 5449 papa
488 5379 633 5434 clare
663 5379 811 5433 illum
856 5389 1147 5450 martyrem
1196 5389 1376 5432 vocet.
1409 5380 1611 5433 Eorum

0 5451 214 5523 opinio
237 5449 323 5523 l_tis
353 5450 949 5523 rationibusprmcipue
974 5449 1183 5515 nititur,
1209 5452 1333 5523 ‘l‘lia
1365 5450 1617 5523 videlicet

0 5519 204 5590 neque
237 5519 521 5583 Eusebius,
551 5522 638 5590 qui
664 5519 806 5575 illius
831 5532 948 5575 acta
981 5523 1193 5590 scripsit
1218 5521 1333 5589 (lib.
1363 5537 1423 5585 ll,
1454 5536 1500 5575 c.
1526 5519 1612 5582 Μ,

4 5594 125 5657 15ς
157 5591 257 5644 lib.
304 5606 386 5655 HI,
431 5606 548 5659 cap,
588 5592 731 5655 ult.l,
767 5607 941 5660 neque
973 5592 1209 5645 Isidorus
1239 5601 1431 5645 vocent
1468 5591 1615 5644 illum

6 5670 354 5732 martyrem,
385 5676 557 5731 neque
595 5661 932 5732 martyrium_
953 5663 1135 5716 dicant
1163 5660 1329 5715 fuisse
1367 5677 1614 5729 passum;

12 5730 265 5801 ideoque
288 5730 497 5785 Marcus
524 5733 690 5795 (idem
715 5732 802 5787 dic
825 5735 888 5785 de
915 5730 1101 5799 Luca),
1133 5732 1183 5784 in
1210 5747 1415 5784 canone
1444 5732 1619 5785 misste

15 5820 137 5859 non
182 5810 269 5856 est
320 5803 611 5872 ascriptus,
645 5818 766 5858 cum
806 5802 1023 5857 dubium
1075 5804 1141 5856 sit
1190 5817 1254 5855 an
1306 5803 1620 5855 occubuerit

1781 4668 1929 4721 lianc
1959 4667 2143 4735 igitur.
2182 4662 2250 4718 Ut
2275 4679 2454 4730 supra.

1780 4757 2109 4812 Communia.
2146 4755 2331 4809 Sancti
2397 4752 2663 4822 Spiritus,
2719 4746 2986 4813 Domine,
3054 4752 3291 4799 tuorum.

1716 4847 1933 4917 Reliqua
1957 4847 2011 4899 in
2039 4844 2234 4915 vigilia.

2164 4952 2216 4992 1N
2246 4950 2601 4991 DEDICATIONE
2632 4947 2846 4990 TEIPLI.

1784 5034 1925 5087 Deus
1944 5072 1957 5098 ,
1997 5029 2088 5101 qui
2118 5029 2275 5085 nobis
2321 5043 2418 5099 per
2460 5025 2703 5098 singulos
2733 5036 2905 5079 annos
2932 5018 3094 5092 hujus
3123 5021 3299 5075 sancti

1716 5172 1943 5235 martyr.
1964 5162 2032 5235 Δ1η
2057 5176 2263 5235 canone
2288 5160 2431 5215 enim
2459 5159 2634 5235 locum
2674 5156 2875 5235 habent
2900 5153 3072 5235 sancti
3098 5158 3301 5235 marty-

1716 5251 1824 5298 res.
1848 5223 2248 5290 confessoribus
2271 5246 2487 5301 semper
2510 5227 2764 5301 exclusis,
2784 5235 2919 5301 teste
2930 5225 3075 5301 Dona
3100 5223 3216 5301 (lib.
3235 5237 3298 5301 tt,

1719 5291 1765 5361 c.
1798 5291 1889 5368 ἀεὶ,
1920 5322 1974 5358 n.
2010 5303 2121 5369 11).
2156 5291 2411 5357 Attamen
2445 5308 2593 5353 tanta
2626 5307 2709 5353 est
2743 5291 2796 5351 in
2818 5294 3072 5369 Ecclesia
3095 5291 3300 5369 Gelasii

1720 5362 2013 5429 auctoritas
2041 5362 2100 5427 ut
2122 5388 2336 5427 omnem
2365 5370 2727 5439 suspicionem
2758 5368 2932 5432 tollat,
2959 5380 3081 5439 cum
3115 5362 3290 5439 dicat:

1720 5446 1785 5500 In
1816 5445 2104 5516 Egyptum
2127 5444 2357 5516 directus
2383 5431 2591 5516 verbum
2621 5440 2867 5516 puritatis
2897 5431 3222 5516 prwttt'cq‘vif.
3254 5442 3303 5513 ίςς

1720 5501 2342 5586 glorioso'consummarit
2356 5501 2699 5586 martyrium.
2731 5501 3055 5586 auctoritati
3098 5501 3301 5586 Ge'lasii

1721 5572 1893 5663 altera
1920 5586 2129 5641 accedit
2146 5572 3012 5663 nostrLS;tera'menta§iiLinjquo.
3028 5572 3224 5663 sceculq
3249 5585 3303 5663 at

1725 5657 2024 5726 appellatur
2052 5664 2279 5725 martyr.
2310 5652 2646 5726 Testimonio
2674 5641 2814 5726 Pinii
2850 5641 3050 5726 sicculo
3082 5660 3111 5699 v
3143 5641 3306 5726 vel-vt

1726 5711 1915 5797 i-zglitur
1961 5728 2013 5783 in
2059 5711 2359 5793 fragmento
2400 5722 2706 5777 Kalcndarii
2750 5720 3092 5797 Mozarabum
3124 5730 3174 5768 Vl
3213 5711 3303 5766 Id.

1732 5792 1884 5853 Febr.
1927 5803 2087 5856 sanci
2118 5792 2278 5855 Marci
2303 5796 2623 5868 evangelista!
2654 5802 2701 5847 et
2737 5792 3001 5860 martyris.
