3846 6324
502 303 607 358 855

1724 296 1896 351 SAiC.
1945 294 2005 347 ΧΙ
2051 291 2324 348 NONUM.
2369 290 2644 347 LITURG.

3643 294 3734 344 37.5

506 415 848 474 solemnitate
899 412 1166 475 lietiﬁcas,
1221 413 1455 466 concede
1515 409 1778 481 propitius
1830 419 1892 464 ut
1942 408 2094 477 cujus
2126 389 2170 444 Α
2201 401 2403 463 sanctis
2441 407 2507 461 ad
2535 406 2783 477 gloriam,
2817 405 2890 458 ita
2916 403 3093 468 nobis,
3131 417 3452 472 quaesumus,
3476 404 3534 456 ad
3559 409 3736 457 ιιι-τιὴ-

508 512 748 567 natah'tia
780 509 1025 570 colimus,
1056 507 1218 560 etiam
1247 504 1490 560 actiones
1518 505 1812 560 imitemur.
1847 501 1967 558 Per.

578 599 803 656 Secreta.
837 593 1052 652 Hostias
1083 596 1196 657 tibi,
1240 595 1485 660 Domine,
1519 596 1657 649 beati
1687 594 1905 651 (Σιρδίιι-ἱι
1949 609 2091 647 mar-

507 695 641 767 tyris
691 694 764 747 tui
807 692 1037 755 dicatas”,
1091 691 1298 744 meritis
1333 690 1600 759 benignus
1647 704 1885 753 assume,
1933 699 1984 743 et
2026 689 2090 741 ad

505 798 821 858 perpetuum
845 785 1001 840 nobis
1033 785 1206 838 tribue
1237 785 1516 854 pervenire
1546 783 1864 838 subsidium.
1898 781 2020 836 Per.

564 867 913 934 Communia.
963 876 1318 945 Omnipotens
1377 875 1552 937 Deus,
1602 885 1654 928 ut
1709 875 1797 943 qui
1851 874 2092 929 crelestia

505 969 755 1023 alimenta
819 968 1178 1039 percepimus,
1237 967 1601 1022 intercedente
1652 968 1812 1021 beato
1860 966 2094 1020 Caesarie

506 1073 746 1132 martyre
779 1071 868 1116 tuo
900 1077 996 1132 per
1025 1062 1138 1114 hzec
1187 1071 1375 1115 etintra
1412 1063 1592 1114 omnia
1623 1061 1845 1113 adversa
1879 1062 2089 1113 nuiu'a-

509 1171 648 1208 tnur.
681 1153 804 1208 Per.

718 1263 832 1330 (2‘2)
877 1280 923 1316 IN
968 1279 1117 1318 resr.
1154 1279 1336 1317 S.\.\'CTl
1371 1277 1592 1317 )MRTINI
1625 1277 1878 1316 EPISCOPI.

579 1356 854 1423 Deus,qui
892 1356 1158 1425 conspicis
1206 1357 1326 1424 quia
1374 1371 1438 1407 cx
1479 1355 1620 1408 nulla
1667 1363 1849 1407 nostra
1895 1353 2095 1408 virtute

508 1449 870 1526 stilisistiitius,
899 1449 1132 1502 concede
1161 1445 1422 1516 propitius
1455 1457 1510 1500 ut
1541 1447 1929 1501 intercessione
1951 1447 2092 1502 beati

511 1541 724 1597 Martini
764 1542 1088 1597 confessorLs
1140 1542 1211 1594 tui
1259 1550 1442 1595 contra
1495 1541 1675 1593 onitiia
1712 1540 1935 1594 adversa
1977 1555 2094 1594 mu-

509 1633 742 1689 niamur.
780 1632 900 1686 Per.

579 1725 810 1780 Secreta.
843 1725 936 1787 Da,
966 1725 1275 1779 misericors
1306 1723 1463 1786 Deus,
1494 1733 1549 1776 ut
1575 1725 1688 1778 inec
1712 1739 1809 1779 nos
1839 1723 2092 1779 salutaris

505 1814 706 1868 oblatio
729 1823 782 1869 ct
807 1832 834 1868 a
867 1817 1099 1885 propriis
1142 1817 1379 1870 reatilms
1421 1816 1790 1871 indesinenter
1819 1817 2090 1887 expediat,

505 1914 560 1957 ct
589 1903 656 1958 ab
689 1888 940 1959 omnibus
971 1915 1224 1959 tueantur
1253 1907 1516 1960 adversis.
1550 1905 1672 1959 Per.
1831 1914 1834 1916 ’

577 1993 907 2051 Communia.
968 1997 1165 2051 Praesta
1201 2039 1214 2061 ,
1267 2013 1614 2068 qumsumus.
1672 1998 1896 2051 Domine
1955 1997 2093 2050 Deus

509 2099 725 2149 noster,
781 2098 838 2141 ut
885 2104 1112 2157 quorum
1159 2088 1446 2142 festivitate
1497 2089 1672 2142 votiva
1732 2099 1855 2143 sunt
1911 2102 2090 2140 sacra.

509 2191 710 2241 intenta,
745 2196 930 2233 eorum
960 2179 1215 2232 salutaria
1250 2180 1402 2234 nobis
1436 2180 1822 2234 intercessione
1860 2178 2090 2232 reddan-

511 2281 614 2323 tur.
644 2270 763 2323 Per.

941 2377 994 2415 IN
1031 2378 1181 2416 FEST.
1214 2377 1398 2418 SANCTI
1434 2378 1678 2416 ANDREA-J.

581 2451 912 2518 Majestatem
943 2461 1109 2516 tuam,
1147 2453 1394 2521 Domine,
1421 2455 1736 2523 suppliciter
1781 2471 2091 2517 exoramus,

510 2551 564 2596 ιι·
599 2543 739 2596 sicut
766 2541 1022 2596 Ecclesiae
1066 2552 1170 2597 tua:
1199 2545 1390 2598 beatus
1433 2544 1682 2599 Andreas
1707 2544 1981 2614 apostolus
2004 2561 2096 2596 ex-

509 2631 648 2684 stttit
679 2629 1003 2699 prtedicator
1030 2641 1085 2686 et
1115 2643 1313 2696 rector,
1339 2633 1407 2687 ita
1437 2634 1578 2702 apud
1624 2643 1675 2688 te
1716 2635 1786 2688 sit
1816 2651 1912 2704 pro
1943 2636 2095 2690 nobis

507 2732 802 2792 perpetuus
831 2723 1182 2779 intercessor.
1213 2725 1336 2780 Per.

581 2811 814 2868 Secreta.
857 2813 1194 2870 Sacriﬁcium
1227 2827 1469 2872 nostrum
1498 2819 1613 2880 tibi,
1649 2817 1893 2882 Domine,
1952 2835 2113 2886 qua)»-

509 2921 700 2961 sumus
727 2905 868 2960 beati
922 2906 1152 2962 Andreae
1199 2911 1440 2980 precatio
1489 2921 1674 2966 sancta
1725 2911 1998 2972 conciliet,
2041 2922 2096 2963 ιιι

509 2997 662 3066 cujus
689 2999 893 3054 honore
922 2998 1236 3057 solemniter
1259 3003 1563 3068 exhibetur,
1598 3004 1804 3060 meritis
1837 3005 2098 3059 elliciat..r

509 3106 811 3167 acceptum.
831 3099 953 3156 Per.

508 3279 658 3338 beati
709 3284 938 3340 Andreae
989 3284 1284 3341 festivitate
1339 3282 1604 3347 laetantes,
1661 3296 1782 3351 qua:
1829 3283 1967 3336 sicut
1997 3283 2100 3335 tuis

508 3462 778 3546 Ogcsarius
825 3463 1145 3546 scriptorem
1206 3477 1429 3546 suorum
1484 3470 1726 3546 actorum
1787 3461 2097 3546 Alit-Primi!“

509 3534 796 3588 diaconum
828 3531 1140 3588 Casinensis
1179 3533 1435 3597 cmnobii,
1470 3542 1604 3586 teste
1654 3531 1812 3588 Petro
1847 3533 2096 3595 diacono,

511 3605 650 3658 libro
680 3603 754 3658 De
786 3605 916 3658 viris
948 3605 1246 3659 illussribus
1276 3606 1418 3673 (cap.
1457 3604 1564 3670 Η).
1593 3603 1841 3658 Gelasius
1876 3603 1912 3656 ll
1949 3614 2095 3672 pont.

513 3689 684 3733 ιιιιικ..
713 3684 870 3728 antea
903 3676 1201 3729 mouaelms
1223 3674 1556 3735 Casiuensis,
1589 3674 1755 3741 ipsius
1785 3683 1906 3726 acta
1929 3675 2100 3726 versi-

513 3743 612 3814 bus
633 3747 934 3814 exornavit.
961 3743 1144 3800 Romm
1161 3746 1382 3814 antiqua
1408 3743 1592 3797 Sancti
1623 3745 1842 3798 Caesarii
1869 3745 2097 3798 ecclesia

513 3813 862 3866 (-elel.)errima
910 3823 1056 3876 erat,
1109 3831 1211 3868 una
1267 3831 1334 3868 ex
1385 3815 1568 3883 viginti
1623 3813 1828 3868 duabus
1869 3814 2100 3869 abbatiis

511 3891 884 3954 quasnotatas
911 3885 1045 3938 vidit
1075 3884 1215 3938 idem
1254 3883 1544 3942 Barouius.
1578 3885 1628 3937 in
1665 3885 1888 3954 antiquo
1920 3884 2097 3938 rituali

515 3953 672 4017 libro,
702 3953 792 4021 qui
834 3965 1010 4010 exstat
1058 3955 1111 4009 in
1148 3954 1400 4010 Vaticana
1433 3953 1870 4017 Bibliotheca,’iu
1915 3955 2102 4010 codice

515 4039 616 4078 ms.
662 4022 813 4077 Liber
840 4041 1086 4079 censuum
1117 4034 1444 4092 nuncupata,
1491 4025 1644 4094 cujus
1672 4025 1914 4080 ecclesiae
1945 4025 2099 4080 titulo

513 4094 675 4148 modo
708 4106 1042 4149 exornantur
1076 4104 1278 4149 sancta:
1321 4093 1575 4149 Romanae
1621 4094 1878 4149 Ecclesiae
1918 4097 2097 4149 cardi-

512 4165 684 4234 nales.
725 4165 906 4219 Sancti
947 4166 1164 4221 Caesarii
1214 4180 1411 4234 corpus
1457 4166 1523 4220 ad
1572 4174 1770 4219 sanctae
1811 4164 2004 4220 Crucis
2044 4166 2099 4220 in

509 4233 814 4306 Jerusalem
841 4236 893 4289 in
919 4252 1050 4306 agro
1093 4235 1416 4292 Sessoriano
1451 4236 1838 4306 monachorum
1869 4235 2098 4290 Benedi-

511 4303 1110 4361 ctino-Cistercen'sium
1155 4307 1314 4361 hodie
1357 4307 1606 4376 quiescit.
1657 4305 1752 4361 His
1796 4321 1925 4376 ergo
1969 4306 2101 4362 ﬁsus

511 4375 892 4447 argumentis,
946 4377 1175 4446 conjicio
1231 4375 1524 4432 monachos
1591 4375 1964 4432 Benedictinos
2033 4379 2100 4432 ad

511 4447 838 4514 prmcipuam
875 4463 1001 4518 erga
1053 4456 1299 4502 sanctum
1343 4448 1638 4504 Cmsarium
1675 4448 1896 4503 allectos
1933 4447 2099 4502 fuisse

515 4518 950 4581 venerationem;
985 4518 1211 4587 ideoque
1236 4519 1288 4573 in
1312 4519 1415 4574 hoc
1445 4528 1631 4574 nostro
1658 4519 2101 4574 Sacramentario

513 4598 622 4641 tam
656 4587 1084 4658 insignisipsius
1123 4589 1380 4646 memoria
1411 4591 1682 4653 recolitnr,
1711 4599 1770 4642 ut
1805 4589 1924 4656 dua:
1961 4588 2101 4645 forte

512 4660 690 4712 missa:
731 4658 828 4712 hac
855 4658 967 4726 ipsa
1001 4661 1086 4714 die
1114 4659 1428 4715 solemniter
1451 4668 1818 4715 cantarentur.

583 4727 697 4800 (‘22)
719 4729 808 4800 AEn
841 4729 1030 4797 alium,
1069 4744 1228 4800 quem
1258 4729 1637 4785 Benedictinus
1667 4730 1798 4785 ordo
1829 4731 2100 4800 praecipuo

510 4799 658 4852 cultu
709 4798 810 4853 fuit
848 4798 1199 4870 prosecutus,
1251 4810 1496 4856 sanctum
1553 4800 1759 4856 scilicet
1807 4798 2097 4856 Martini—um

509 4870 823 4938 episcopum
868 4870 1278 4935 Turonensem,
1330 4873 1486 4941 cujus
1551 4873 1713 4926 missa
1771 4871 1999 4941 habetur
2044 4873 2096 4927 in

511 4949 973 5012 sacramentorum
1028 4943 1198 5006 libris,
1248 4940 1412 4996 etiam
1457 4941 1743 4996 Gclasiano
1798 4951 1850 4995 ct
1893 4940 2098 5012 Grego-

513 5013 684 5064 riauo.
736 5011 969 5081 lpsemet
1026 5022 1246 5067 sanctus
1302 5013 1621 5068 Benedictus
1686 5011 2094 5068 oratorium’in

514 5093 695 5135 monte
724 5082 920 5137 Casino
966 5085 1134 5136 erexit
1162 5084 1213 5136 in
1250 5083 1391 5138 illius
1431 5085 1712 5138 honorem.
1739 5083 1927 5138 Sancti
1954 5083 2096 5138 Mar-

515 5152 607 5202 tini
647 5151 868 5206 festivus
913 5154 1027 5206 dies
1073 5163 1192 5220 post
1229 5153 1344 5218 ejus
1372 5154 1576 5209 obitum
1607 5154 1789 5208 statim
1832 5153 2095 5209 celebrari

512 5221 702 5294 coepit,
745 5223 971 5294 ideoque
1002 5224 1150 5278 solus
1197 5240 1225 5276 e
1263 5225 1668 5279 confessoribus
1706 5225 1982 5294 proprium
2039 5226 2093 5279 in

513 5293 892 5366 vetuStissimis
947 5295 1231 5349 hreviat‘iis
1281 5294 1513 5351 cilicium
1567 5293 1933 5364 liabet,‘quia
1991 5295 2090 5366 ipsi

513 5362 686 5431 primo
729 5362 975 5432 publicus
1012 5367 1078 5418 ab
1112 5367 1348 5420 Ecclesia
1403 5367 1579 5421 cultus
1625 5377 1709 5420 est
1747 5362 2095 5429 tributusfut

509 5435 762 5506 observat.
787 5432 930 5487 Bona
961 5435 1075 5490 (Μ).
1112 5453 1174 5502 ιι,
1197 5453 1313 5503 cap.
1350 5437 1434 5500 12,
1476 5454 1528 5491 n.
1577 5437 1685 5506 19).
1733 5436 1786 5490 In
1820 5447 2091 5504 postrema

510 5505 823 5578 Appendice
853 5521 1078 5578 propria.
1101 5507 1412 5575 prafatioue
1439 5505 1803 5578 distinguitur.

578 5576 694 5646 (‘25)
733 5575 920 5630 Sancti
952 5575 1153 5631 Nicolai
1182 5580 1438 5634 solemnis
1467 5575 1726 5634 memoria
1760 5578 1945 5631 haberi
1981 5594 2092 5634 c03-

508 5645 586 5715 pit
617 5645 740 5717 pust
769 5646 913 5701 illius
959 5649 1100 5716 sacri
1133 5651 1376 5716 corporis
1405 5648 1816 5704 translationem
1845 5647 2088 5717 Barium,

505 5733 626 5788 quin
652 5718 878 5790 contigit
921 5733 1064 5772 anno
1095 5719 1219 5784 807,
1255 5729 1314 5771 ut
1358 5721 1545 5774 scribit
1590 5719 1919 5786 Sigebcrtns.
1952 5721 2090 5775 Ante

2198 501 2457 572 prodesse
2488 497 2758 567 perﬁcies.
2791 494 2914 550 Per.

2309 610 2420 682 (ἳῦ)
2481 627 2531 665 IN
2592 625 2742 664 ηδτ.
2799 623 2986 662 SANCTI
3046 620 3262 661 Ntcout
3332 619 3550 666 crtscort
3597 621 3656 660 ετ

2807 692 3181 734 οοδγεεεοιιιδ.

2268 772 2619 843 Omnipotens
2664 770 2992 840 sempiterne
3045 768 3213 833 Deus,
3257 767 3350 838 qui
3402 767 3645 822 hodierna
3681 771 3746 819 die

2197 863 2567 918 beatissimum
2624 860 2999 916 confessorum
3057 867 3207 912 tuum
3259 865 3422 925 atque
3475 856 3748 924 pontificem

2197 953 2494 1017 Nicolaum,
2527 951 2760 1007 aetherea
2785 966 2951 1020 regna
2978 959 3271 1020 penetrare
3295 947 3499 1011 fecisti;
3528 949 3732 1016 (13.1182

2197 1063 2405 1111 sumus,
2463 1044 2798 1114 supplicibus
2842 1043 2947 1097 tuis
2980 1043 3141 1114 digne
3183 1041 3332 1095 illius
3361 1042 3614 1094 solemnia
3642 1045 3758 1096 edn

2197 1140 2375 1202 brare,
2417 1147 2474 1191 ut
2506 1153 2601 1207 per
2626 1136 2744 1206 ejus
2775 1135 3140 1189 venerandam
3175 1133 3527 1188 festivitatem
3557 1135 3754 1187 salutent

2197 1244 2597 1299 consequamur
2621 1237 2675 1282 et
2701 1242 2914 1298 pacem.
2947 1225 3071 1280 Per.

2269 1319 2501 1375 Secreta.
2545 1319 2766 1374 Munera
2801 1318 2917 1381 tibi,
2964 1317 3212 1378 Domine,
3263 1318 3442 1371 dicata
3491 1318 3758 1372 sanctiﬁrz.

2195 1421 2272 1479 et,
2305 1412 2674 1467 intercedente
2700 1412 2859 1466 beato
2909 1410 3133 1464 Nicolao
3164 1409 3482 1464 confessore
3512 1419 3606 1463 tuo
3634 1421 3758 1479 atque

2197 1503 2473 1574 pontitice,
2503 1519 2600 1572 per
2623 1503 2813 1557 eadem
2839 1515 2936 1555 nos
2971 1501 3223 1571 placatus
3256 1502 3498 1553 intende.
3531 1499 3650 1553 Per.

2268 1595 2600 1652 Communia.
2634 1595 2884 1666 Protege,
2913 1609 3249 1663 qumsumus,
3298 1592 3546 1654 Domine,
3590 1593 3760 1662 plebem

2197 1699 2365 1750 tuam,
2397 1689 2536 1744 beati
2561 1687 2764 1742 Nicolai
2794 1686 3043 1756 prtesulis
3069 1686 3384 1753 patrocinio
3411 1684 3760 1738 conﬁcit-nim.

2196 1791 2250 1837 et
2279 1797 2439 1851 quam
2468 1781 2666 1836 divinis
2696 1793 2913 1834 recreas
2939 1778 3320 1840 sacramentis,
3347 1776 3432 1830 fac
3455 1790 3579 1828 eam
3597 1775 3760 1843 iﬂgikl'

2199 1875 2304 1930 tuis
2335 1874 2600 1928 inhaerere
2627 1871 2918 1926 mandatis.
2951 1869 3072 1924 Per.

2505 1985 2618 2056 (24)
2652 1999 2802 2038 mssa
2833 1999 2899 2036 οε
2928 1997 3133 2036 sane“
3164 1995 3489 2035 TRINITATE.

2270 2077 2627 2147 Omnipotens
2656 2075 2986 2145 sempiterne
3019 2075 3182 2139 Deus,
3209 2074 3303 2142 qui
3353 2073 3554 2127 dedisti
3589 2072 3700 2124 fam:
3721 2071 3766 2121 iis

2199 2171 2304 2224 tuis
2367 2168 2418 2222 in
2467 2167 2810 2222 confessione
2864 2181 3006 2220 vera:
3058 2165 3181 2220 ﬁdei
3235 2174 3460 2220 mteruae
3521 2164 3766 2217 Trinitatis

2196 2259 2422 2331 gloriam
2456 2275 2774 2331 agnoscere,
2805 2267 2858 2313 et
2889 2259 2941 2313 in
2967 2257 3213 2328 potentia
3242 2258 3552 2326 majestatis
3575 2258 3766 2308 adorare

2203 2353 2493 2416 linitatem,
2527 2367 2837 2423 quiesutnus
2881 2361 2942 2405 ut
2981 2349 3229 2420 ejusdem
3264 2349 3388 2402 fidei
3437 2348 3685 2402 ﬁrmitate
3720 2351 3768 2398 ab

2197 2446 2449 2500 onmibus
2480 2459 2696 2516 semper
2731 2445 3042 2497 muniamur
3081 2441 3355 2496 adversis.
3388 2440 3515 2494 Per.

2271 2536 2501 2592 Secreta.
2555 2536 2884 2601 Sanetiﬁca,
2935 2549 3287 2604 qumsumus,
3339 2533 3574 2588 Domine
3620 2533 3768 2592 Deus,
3842 2563 3843 2584 1

2200 2643 2294 2695 per
2330 2629 2402 2681 tui
2440 2627 2673 2682 nominis
2723 2626 3119 2681 invocationem
3165 2624 3330 2693 hujus
3373 2625 3660 2680 oblationis
3695 2626 3771 2676 hu-

2200 2722 2380 2781 stiam,
2430 2728 2485 2774 et
2524 2735 2620 2789 per
2672 2734 2792 2774 eam
2824 2719 3188 2788 nosmetipsos
3236 2718 3332 2773 tibi
3375 2717 3580 2787 perﬁce
3607 2731 3770 2767 nillltté

2199 2822 2482 2866 :rternum.
2517 2811 2638 2866 Per.

2275 2902 2554 2964 I’rirfatio.
2595 2901 2820 2956 {Eterne
2851 2902 3015 2964 Deus,
3061 2901 3153 2970 qui
3189 2915 3314 2954 cum
3353 2901 3638 2970 unigenito
3663 2899 3769 2951 Fiia

2205 3005 2294 3047 tuo
2323 3003 2378 3048 et
2401 2993 2606 3064 Spiritu
2641 3004 2837 3050 sancto
2868 3009 3008 3048 unus
3037 3007 3098 3047 es
3125 2991 3293 3055 Deus,
3335 3008 3479 3045 unus
3519 3007 3580 3046 es
3622 2991 3772 3044 Dom:-

2126 3121 2166 3178 C
2205 3098 2331 3148 nus;
2368 3099 2474 3138 non
2536 3085 2590 3138 in
2649 3083 2808 3138 unius
2859 3081 3236 3152 singularitate
3289 3095 3565 3151 personae.
3607 3085 3690 3133 sed
3729 3083 3769 3129 in

581 3144 912 3245 cormmungo.
953 3189 1314 3260 sumpsimus,
1349 3187 1597 3253 nomine,
1628 3188 1805 3242 divina
1844 3189 2097 3258 ,ηδιον-ει
2126 3144 2166 3178 ι’
2203 3175 2362 3228 unius
2386 3173 2672 3228 Trinitatis
2697 3172 3021 3227 substantia.
3055 3171 3211 3239 Quod
3247 3172 3400 3225 enim
3432 3174 3499 3226 de
3528 3170 3769 3241 tuaglon'a
3844 3144 3846 3252 ι

2203 3265 2474 3320 revelante
2531 3274 2602 3329 te,
2657 3263 2956 3327 credimus,
3007 3263 3108 3318 boc
3149 3262 3218 3318 de
3252 3262 3397 3318 Filio
3433 3273 3546 3326 tuo,
3593 3265 3682 3317 hoc
3720 3263 3770 3313 de

2203 3444 2316 3497 lucc
2354 3451 2599 3511 tempora
2623 3445 2710 3497 vix
2748 3442 2951 3497 Nicolai
2982 3451 3161 3496 exstat
3207 3442 3481 3502 memoria
3513 3441 3562 3494 in
3582 3456 3667 3494 ius
3689 3454 3766 3491 sa-

2201 3523 2607 3568 cramentorum
2639 3513 2809 3575 libris,
2842 3515 2924 3567 vel
2977 3514 3028 3566 in
3071 3513 3418 3582 Gregoriano
3459 3512 3767 3582 ordinctsed

2203 3599 2377 3653 neque
2409 3583 2460 3636 iu
2496 3599 2614 3636 meo
2647 3584 2925 3638 Breviario
2954 3579 3376 3637 membratim-eo
3427 3585 3642 3653 legitur.
3663 3579 3766 3646 Ejus

2201 3665 2381 3706 autem
2413 3653 2640 3709 festivus
2669 3654 2792 3707 Dies
2817 3655 3096 3708 institutus
3124 3654 3226 3706 fuit
3248 3655 3456 3708 sil-culo
3479 3671 3557 3713 ιι,
3585 3663 3636 3703 ιιι
3663 3654 3764 3702 scri-

2202 3725 2280 3777 bit
2311 3725 2595 3779 Gavantus
2636 3725 2686 3778 in
2718 3725 2870 3779 Actis
2910 3729 3082 3777 sancti
3114 3725 3290 3778 Alexii
3341 3729 3668 3778 auctoritate
3691 3721 3764 3774 lo-

2204 3810 2350 3846 uarm
2376 3793 2547 3863 (Com.
2583 3796 2636 3848 in
2664 3795 2780 3848 rub.
2803 3794 2956 3848 Brev.
2991 3793 3019 3865 §
3070 3794 3125 3859 7,
3151 3808 3271 3863 cap.
3297 3794 3381 3863 ‘2).

2274 3886 2387 3957 ('24)
2421 3891 2560 3944 Ante
2580 3887 3198 3958 primanLDominicam
3221 3887 3511 3941 Adventus
3541 3887 3767 3940 ludicras

2203 3957 2290 4011 hic
2325 3956 2544 4012 missam
2581 3956 2648 4013 de
2678 3957 2778 4012 SS.
2822 3956 3108 4024 Trinitate,
3139 3959 3284 4027 quod
3311 3968 3398 4012 est
3431 3959 3588 4010 valde
3615 3969 3769 4027 ιιιιιδε-

2203 4027 2349 4081 dum.
2389 4029 2702 4098 Opportune
2733 4028 2834 4099 legi
2873 4029 3061 4099 debet
3095 4026 3377 4082 decretum
3412 4029 3695 4099 Alexandri
3721 4026 3766 4078 11.

2201 4113 2310 4166 quo
2341 4099 2418 4153 sic
2447 4096 2666 4154 cautum
2705 4096 2827 4153 est':
2865 4096 3146 4155 Fesliritas
3177 4099 3538 4151 sanctissima?
3579 4097 3767 4150 Thasii:-

2202 4171 2268 4221 tis
2298 4170 2583 4223 secundum
2607 4169 3032 4223 consuetudinem
3052 4171 3384 4223 diversarum
3415 4166 3764 4221 Ecclesium.

2202 4255 2233 4309 ιι
2263 4240 2578 4309 quibusdam
2607 4241 2871 4293 consuevit
2901 4240 2957 4293 in
2978 4240 3175 4309 octavis
3202 4237 3656 4309 Pentecostes,_gr
3675 4239 3766 4309 sim

2207 4306 2481 4362 ﬂaminica
2512 4311 2684 4374 prima
2713 4310 2981 4364 Adventus
3007 4307 3220 4362 Domini
3246 4309 3529 4362 celebrari.
3565 4306 3765 4361 Ετειέιιει

2203 4379 2461 4448 siquidem
2492 4378 2731 4434 Romana
2772 4382 2827 4434 in
2872 4396 2970 4434 usu
3002 4397 3106 4433 non
3149 4380 3324 4440 habet,
3349 4381 3493 4449 quod
3535 4382 3592 4431 in
3624 4380 3764 4443 εἱιιτεέ

2134 4476 2178 4530 D
2205 4458 2431 4530 tempore
2477 4450 2782 4530 huiusmodi
2831 4450 3046 4530 celebret
3080 4448 3378 4530 specialiter
3441 4448 3762 4530 “uirium

2205 4535 2322 4572 cum
2353 4522 2572 4589 singulis
2615 4521 2796 4574 diebus
2845 4521 3028 4574 Gloria
3080 4519 3248 4585 Patri,
3285 4534 3424 4582 cte.,
3456 4521 3762 4571 simiam

2204 4601 2393 4643 cantur
2423 4592 2491 4644 ad
2522 4591 2731 4644 laudem
2781 4590 3442 4659 pertinentiaTrinitatis.
3476 4589 3668 4642 Microi
3692 4605 3716 4652 ς
3743 4609 3764 4635 .~

2205 4661 2392 4714 scribit
2417 4661 2559 4731 (cap.
2583 4661 2638 4728 6)
2693 4663 2761 4715 ab
2783 4658 3060 4731 aliquibus
3083 4658 3520 4731 Ecclesiisrhunc
3546 4661 3762 4731 (cstiua

2203 4731 2344 4784 diem
2374 4729 2587 4799 propria
2639 4729 2966 4787 auctoritate
3019 4729 3187 4784 fuisse
3231 4730 3597 4784 celebratum.
3644 4729 3762 4795 ριῶιέ

2203 4801 2505 4870 redarguit;
2536 4803 2732 4857 asserit
2775 4803 2938 4856 etiam
2982 4801 3162 4870 fuisse?
3179 4802 3405 4855 missam
3449 4804 3519 4854 ab
3575 4801 3763 4854 Alcm.

2201 4869 2582 4942 compesitam,
2621 4872 2995 4942 praefationem
3023 4887 3073 4942 ra
3141 4869 3364 4941 Pelagio
3415 4874 3732 4940 approbata.

2201 4940 2474 5009 Rupertus
2509 4944 2574 4997 de
2603 4940 2704 4997 hoc
2735 4944 2874 4998 festo
2901 4944 2989 4998 die
3020 4941 3258 5011 loquitur
3285 4940 3568 5010 tanquam
3591 4941 3762 5010 jlllitiitl

2201 5012 2450 5084 instituto
2479 5023 2535 5067 et
2566 5014 2766 5084 ubique
2792 5023 3034 5084 recepto.
3068 5012 3240 5082 Ipsius
3284 5012 3555 5066 memoria
3581 5029 3680 5066 non
3703 5026 3763 5084 rw

2200 5083 2406 5151 peritur
2444 5100 2544 5138 nec
2570 5083 2626 5137 in
2662 5085 2845 5140 missis
2873 5085 3242 5147 Mozarabum,
3294 5098 3475 5150 neque
3503 5084 3560 5135 in
3619 5083 3763 5135 Ιίιιὲα

2199 5153 2515 5208 Orationum
2554 5153 2932 5210 Gothicarum.
2984 5153 3225 5212 Ecclesia
3289 5153 3760 5207 Autissiodorwss

2197 5237 2340 5278 anno
2368 5225 2502 5278 1217
2555 5225 2866 5280 celebrabat
2895 5227 2998 5280 hoc
3042 5225 3156 5292 ipso
3201 5225 3312 5287 die,
3359 5239 3562 5292 nempe.
3608 5223 3758 5276 uitiis.»

2198 5293 2478 5350 Dominica
2511 5306 2631 5364 post
2655 5295 3012 5352 Pentecosten
3029 5336 3044 5360 ,
3063 5298 3262 5350 festum
3292 5301 3357 5349 de
3375 5294 3481 5350 SS.
3503 5294 3758 5348 Triariae,

2197 5374 2256 5436 ut
2296 5367 2491 5436 legitur
2535 5367 2587 5436 in
2637 5370 2857 5422 statutis
2901 5366 3020 5436 ejus
3069 5366 3327 5422 Ecclesia:
3375 5383 3498 5433 cap.
3537 5382 3622 5420 ιιι
3651 5375 3756 5430 :ch

2195 5435 2470 5491 Labbeum
2517 5435 2678 5505 (Bibl.
2733 5455 2875 5505 nov.,
2904 5435 3036 5494 tem.
3075 5438 3138 5501 ll,
3189 5454 3243 5508 p.
3289 5438 3441 5504 498).
3500 5437 3756 5490 Monach“

2195 5509 2586 5579 Oistercienses
2611 5509 2839 5579 singulis
2876 5509 3170 5579 Dominicis
3200 5509 3394 5562 diebus
3424 5518 3546 5575 post
3593 5521 3754 5558 nouam

2191 5578 2318 5632 olim
2357 5587 2606 5642 cantasse
2628 5577 2851 5634 missam
2882 5583 2948 5635 de
2969 5577 3236 5634 Triuitate
3264 5589 3466 5632 asserit
3495 5579 3755 5632 cardinato

2193 5648 2338 5705 liotia
2373 5650 2486 5721 (lib.
2523 5667 2559 5716 ι,
2600 5665 2718 5720 cap.
2751 5649 2805 5719 8,
2841 5667 2891 5704 n.
2933 5652 3036 5721 l0).
