3846 6324
47 331 144 388 8Ἇῖ

1257 327 1900 385 ΞΜῚΠΛΜΕΝΤΛΜΠΜ
1942 330 2190 388 VETUS.

3241 339 3344 396 853

45 440 637 517 Sp'rituSancto,sine
663 439 962 496 differentia
994 442 1336 496 discretionis
1367 442 1652 522 sentimus,
1684 450 1730 507 Α
1831 441 2161 496 Communia.
2201 441 2354 510 Quod
2395 443 2600 500 cmlesti
2655 438 2874 502 rec'reas
2926 463 3166 516 munere,
3217 467 3344 522 per-

43 551 105 593 ut
165 538 225 591 in
287 533 632 590 confessione
683 549 824 588 vera:
862 536 1312 606 sempiternaapte
1339 521 1572 598 deitatis,
1603 545 1656 589 et

39 633 98 687 in
135 629 400 702 personis
427 628 750 698 proprietas,
799 638 854 683 et
914 629 966 696 in
999 631 1236 686 essentia
1285 631 1485 694 unitas,
1515 639 1572 685 et
1604 631 1654 684 in

38 721 348 790 majestate
378 717 636 774 adoretur
669 717 967 788 mqualitas.
1005 720 1172 786 Quem
1206 720 1426 774 laudant
1453 719 1652 788 angeli,

36 820 396 866 venerantur
425 809 761 881 archangeli,
792 810 993 876 throni,
1045 812 1472 877 dominationes,
1505 812 1654 880 prin-

35 907 272 975 cipatus
323 913 381 959 et
422 912 750 974 potestates,
802 905 1032 960 virtutes
1087 907 1347 960 caelorum
1386 904 1651 970 adorant;

32 1014 216 1068 quem
261 996 544 1053 cherubim
591 1006 645 1052 et
689 997 959 1067 serapbim
1004 1014 1107 1051 non
1161 1005 1374 1052 cessant
1418 996 1654 1051 clamare

30 1092 307 1146 dicentes

119 1181 584 1237 Postcammnnia.
631 1182 854 1236 Domine
907 1182 1064 1246 Deus,
1101 1181 1259 1235 Pater
1283 1183 1647 1249 omnipotens,

29 1288 157 1326 nos
188 1271 420 1326 famulos
452 1281 590 1336 tuos,
621 1281 726 1324 tua:
759 1270 1026 1339 maiestati
1065 1270 1361 1339 subjectos,
1395 1287 1492 1340 per
1531 1271 1651 1324 uni-

29 1378 181 1416 cum
225 1361 420 1416 Filium
461 1371 608 1416 tuum
642 1363 692 1415 in
729 1363 928 1415 virtute
957 1361 1191 1431 Spiritus
1221 1362 1393 1428 sancti
1425 1361 1651 1416 benedic

28 1466 302 1518 semper,
359 1458 414 1504 et
467 1459 728 1520 protege,
770 1460 828 1504 ut
875 1452 943 1504 ab
992 1451 1140 1505 omni
1187 1452 1340 1507 hoste
1390 1451 1565 1507 securi
1595 1451 1649 1505 in

35 1549 150 1592 tua
200 1537 404 1610 jugiter
458 1539 618 1595 laude
656 1539 918 1595 lzetemur.
964 1539 1068 1611 Per
1114 1542 1385 1607 emndem,
1432 1551 1560 1606 etc.,
1594 1541 1647 1594 in

32 1631 268 1685 unitate
769 1705 772 1708 ~
1077 1697 1082 1704 ἱ

428 1740 684 1784 DOMINICA
715 1741 876 1780 PRIMA
908 1743 974 1780 DE
1003 1742 1273 1783 ADVENTU.

1760 541 1940 603 petua,
1970 533 2214 600 Domine,
2264 535 2528 592 comitare
2575 539 2846 607 prazsidio,
2899 549 2952 596 et
2995 556 3132 612 quos
3159 541 3344 600 fovere
3417 605 3420 608 ,

1761 639 1863 677 non
1908 624 2132 690 desinis,
2187 626 2378 697 dignos
2419 627 2533 683 fieri
2590 633 2922 701 sempiterna
2975 633 3342 708 redemptione

1758 719 2014 773 concede.
2043 718 2166 774 Per.

2186 889 2192 892 ξ
2315 828 2468 868 ΜΙΞΞΑ
2497 830 2595 870 PRO
2623 833 2774 871 PACE.

1828 903 1988 970 Deus,
2021 920 2049 958 a
2083 894 2189 974 quo
2233 915 2420 960 saneta
2475 907 2764 974 desideria,
2815 919 2962 966 recta
3015 913 3240 970 consilia
3285 924 3342 971 et

1750 994 1897 1065 justa
1924 1006 2049 1050 sunt
2075 1012 2261 1066 opera,
2287 998 2352 1052 tla
2381 998 2552 1053 servis
2584 1000 2688 1054 tuis
2709 1000 2877 1064 illam,
2915 1016 3077 1071 quam
3107 1007 3342 1060 mundus

1756 1087 1887 1141 dare
1915 1102 2018 1162 non
2050 1093 2227 1156 potest
2250 1102 2464 1164 pacem,
2497 1096 2558 1143 ut
2585 1097 2637 1143 et
2677 1090 2841 1144 corda
2860 1099 3043 1146 nostra
3069 1094 3342 1150 mandatis

1759 1176 1863 1231 luis
1891 1176 2090 1242 dedita,
2121 1186 2176 1232 et
2215 1177 2450 1232 bostimu
2487 1177 2698 1232 sublata
2752 1179 3065 1246 formidine,
3097 1189 3341 1254 tempora
3381 1168 3384 1170 Ὺ

1755 1269 1866 1323 sint
1895 1277 1983 1322 tua
2021 1269 2364 1338 protectiouc
2389 1272 2699 1340 tranquilla.
2730 1271 2853 1327 Per.

1826 1359 2064 1417 Secreta.
2101 1362 2265 1429 Deus,
2292 1363 2381 1434 qui
2413 1364 2700 1418 credentes
2725 1365 2776 1418 in
2811 1375 2862 1419 te
2908 1365 3132 1436 populos
3176 1366 3338 1421 nullis

1754 1451 1888 1506 sinis
1911 1453 2132 1529 concuti
2179 1453 2500 1516 terroribus,
2549 1453 2776 1522 dignare
2805 1468 2994 1531 preces
3020 1453 3096 1507 'et
3135 1453 3341 1507 hostias

1753 1541 1945 1595 dicata:
1973 1541 2066 1596 tibi
2091 1541 2262 1612 plebis
2300 1542 2599 1611 suscipere,
2635 1551 2692 1596 ut
2719 1530 2818 1613 pax
2847 1530 2940 1596 tua
2987 1543 3186 1612 pietate
3214 1558 3344 1598 con-

1753 1647 1931 1698 cessa,
1967 1633 2403 1688 Christianorum
2438 1632 2571 1689 lines
2599 1632 2666 1687 ab
2689 1634 2834 1688 onmi
2866 1634 3021 1689 hoste
3037 1634 3197 1690 faciat
3222 1649 3342 1690 esse

1752 1737 1994 1778 securos.
2023 1724 2146 1780 Per.
2566 1747 2567 1750 η
2644 1777 2647 1779 ,
2818 1725 2820 1727 ’

135 1815 344 1881 Excita,
396 1831 754 1886 qmesumus,
783 1820 1030 1883 Domine,
1079 1818 1377 1889 potentiam
1427 1827 1568 1872 tuam
1597 1827 1653 1872 et
1682 1796 1728 1856 Β
1829 1815 2160 1872 Communia.
2203 1816 2346 1872 Deus
2378 1821 2582 1896 auctor
2616 1817 2762 1887 pacis
2806 1827 2860 1872 et
2911 1798 3145 1884 amator,
3178 1831 3336 1886 quem

35 1908 205 1968 veni,
262 1917 321 1961 ut
368 1910 436 1964 ab
487 1910 893 1965 imminentibus
935 1920 1282 1980 peccatorum
1336 1918 1645 1964 nostrorum
1689 1970 1692 1972 η

37 1998 315 2069 periculis
348 2009 399 2052 te
430 2015 734 2055 mereamur
766 2011 1084 2072 protegente
1113 2001 1270 2070 eripi,
1299 2010 1349 2054 te
1379 2000 1646 2054 liberante

43 2088 277 2143 salvari.
316 2089 417 2157 Qui
449 2091 606 2145 vivis.
937 2108 948 2113 ‘

128 2181 359 2237 Secreta.
405 2183 529 2239 llazc
573 2199 728 2239 sacra
776 2200 874 2239 nos
923 2176 1130 2252 petenti
1175 2185 1376 2239 virtute
1423 2183 1648 2237 munda-

46 2284 156 2336 tus,
193 2275 263 2328 ad
314 2291 474 2330 suum
521 2274 724 2333 faciant
775 2263 1026 2347 puriores
1069 2266 1252 2331 venire
1297 2275 1642 2346 principium.

46 2361 174 2416 Pt‘l'.

114 2454 460 2518 Communia.
505 2445 898 2529 Suscipiamus,
930 2459 1175 2523 Domine,
1213 2456 1644 2512 misericordiam

45 2555 201 2600 tuam
237 2547 291 2600 in
335 2547 510 2602 medio
553 2549 733 2620 templi
773 2549 879 2615 tui,
935 2560 992 2603 ut
1039 2548 1394 2636 tleparationis
1446 2558 1646 2614 nostra:
1686 2597 1691 2604 .

36 2650 283 2694 ventura
315 2639 573 2695 solemnia
617 2643 872 2712 congruis
917 2641 1216 2696 honoribus
1256 2642 1643 2709 pra-cedamus.

30 2731 165 2786 Per.

231 2823 350 2894 (25)
390 2838 535 2878 MISSA
574 2839 626 2878 IN
652 2840 866 2881 nouom:
896 2840 1104 2882 ouawu
1133 2839 1467 2880 saxctronuu.

127 2913 395 2978 Ioneede,
433 2930 765 2985 quaesumus,
795 2917 1142 2986 omnipotens
1171 2915 1333 2982 Deus,
1369 2925 1428 2970 ut
1478 2916 1644 2970 inter-

24 3011 228 3067 cessio
285 3027 389 3067 nos
427 3021 629 3068 sanctae
679 3013 774 3068 Dei
823 3013 1105 3084 genitricis
1159 3012 1382 3082 virginis
1435 3009 1640 3078 Mariae,

23 3112 368 3160 sanctorum
388 3105 628 3159 omnium
654 3105 1048 3174 apostolorum.
1075 3116 1403 3176 martyrum,
1423 3104 1638 3160 confes-

23 3208 237 3249 surum
265 3203 430 3263 atque
451 3195 744 3266 virginum,
769 3205 825 3249 et
845 3195 1086 3249 omnium
1106 3195 1399 3248 electorum
1426 3202 1638 3247 tuorum
1669 3159 1715 3223 Ο

22 3289 255 3357 ubique
291 3286 540 3353 laetiﬁcet,
577 3301 635 3344 ut
680 3291 807 3344 dum
864 3303 1050 3344 eorum
1102 3289 1293 3344 merita
1327 3287 1640 3353 recolimus,

23 3377 355 3447 patrocinia
395 3380 714 3435 sentiamus.
752 3379 877 3435 Per.

112 3472 358 3528 Secreta.
379 3473 610 3540 Oblatis,
645 3489 978 3544 quaesumus,
1011 3474 1254 3540 Domine,
1280 3473 1495 3544 placare
1526 3487 1642 3532 mu-

29 3568 298 3632 neribus,
325 3574 378 3621 et
402 3566 771 3622 intercedente
797 3567 954 3622 beata
996 3582 1216 3636 semper
1243 3567 1450 3637 virgine
1473 3565 1639 3619 Maria

31 3675 180 3716 cum
208 3660 458 3715 onmibus
479 3660 682 3716 sanctis
713 3661 870 3716 tuisa
915 3661 1124 3715 cunctis
1159 3674 1255 3715 nos
1292 3658 1517 3715 defende
1543 3671 1638 3727 pe-
1687 3711 1692 3715 _

37 3747 266 3806 riculis.
303 3748 424 3802 Per.

120 3841 456 3896 Communia.
495 3842 870 3913 Sumpsimus,
925 3843 1185 3907 Domine,
1233 3843 1405 3898 beatae
1456 3838 1637 3893 Mariae

39 3945 272 4000 semper
298 3929 522 4000 virginis
547 3941 603 3986 et
627 3932 867 3986 omnium
895 3939 1207 3988 sanctorum
1239 3940 1453 3986 tuorum
1494 3945 1641 3986 com~

42 4021 498 4077 memorationem
524 4021 788 4078 facientes
817 4033 1161 4078 sacramenta
1203 4023 1467 4089 coelestia,
1503 4039 1641 4094 pra:-

44 4125 162 4174 sta,
191 4128 517 4184 quaesumus,
548 4123 608 4169 ut
633 4115 775 4184 quod
799 4115 1172 4186 temporaliter
1200 4116 1460 4187 gerimus,
1487 4124 1642 4172 teter—

45 4207 138 4260 nis
169 4204 374 4275 gaudiis
401 4220 818 4274 consequamur.
844 4205 967 4261 Per.

462 4313 613 4353 MISSA
640 4312 743 4354 PRO
768 4312 1230 4354 CONGBEGATIONE.

126 4388 474 4457 Omnipotens
504 4391 835 4460 sempiterno
865 4391 1030 4456 Deus,
1062 4392 1153 4461 qui
1194 4392 1330 4448 facis
1368 4393 1638 4450 mirabilia

51 4495 250 4550 magna
276 4479 436 4548 solus,
461 4482 744 4552 protende,
771 4497 935 4552 super
969 4483 1202 4540 famulos
1235 4495 1356 4542 tuos
1393 4495 1447 4540 et
1473 4500 1638 4556 super
1669 4504 1716 4564 ι)

1687 4586 1691 4589 '
1742 4572 1864 4629 Per.

53 4580 282 4630 cunctas
326 4576 774 4645 congregationes
821 4575 928 4631 illis
981 4577 1324 4644 commissas,
1387 4578 1636 4648 spiritum

53 4665 248 4735 gratiae
269 4653 540 4736 salutaris,
571 4675 625 4722 et
655 4677 712 4724 ut
740 4667 795 4723 in
825 4667 1054 4724 veritate
1099 4667 1196 4723 tibi
1239 4671 1635 4740 complaceant,

56 4765 373 4824 perpetuum
422 4757 501 4812 eis
555 4772 734 4813 rorem
782 4766 887 4813 tua:
938 4759 1328 4818 benedictionis
1393 4760 1633 4816 infunde.

57 4849 132 4903 Pe
141 4864 182 4901 r.

135 4936 356 4993 Secreta.
409 4939 655 5009 Hostias,
719 4941 979 5008 Domine,
1054 4942 1360 4998 amulorum
1421 4952 1634 4999 tuorum

58 5033 299 5103 placatus
347 5033 585 5099 intende,
639 5044 694 5091 et
742 5051 879 5107 quas
936 5036 990 5090 in
1039 5037 1243 5093 honore
1281 5038 1518 5104 nominis
1559 5039 1634 5093 tui

57 5126 254 5179 devota
292 5136 472 5180 mente
512 5124 808 5193 celebrant,
851 5126 1115 5196 perlicere
1167 5127 1269 5184 sibi
1300 5128 1540 5184 sentiant
1567 5129 1635 5184 ad

61 5213 344 5271 medelam.
373 5215 496 5272 Per.

137 5347 246 5418 (25)
267 5348 392 5425 Quae
425 5353 730 5425 sequuntur
759 5368 811 5425 ιη
838 5367 942 5409 ssaa
979 5355 1174 5410 votivae
1203 5353 1485 5425 appellatae
1520 5370 1635 5410 om-

63 5435 165 5489 nes
194 5421 526 5489 reperiuntur
576 5423 630 5476 in
680 5422 834 5478 libris
889 5421 1356 5480 sacramentorum
1401 5426 1564 5482 editis
1605 5443 1633 5481 a

65 5488 315 5566 menardo
344 5503 397 5566 et
424 5493 800 5566 a_Pamelio_in
845 5493 1200 5566 Gregoriano,
1250 5505 1305 5550 et
1331 5512 1359 5549 a
1397 5497 1465 5552 cl.
1499 5513 1636 5566 pra:-

63 5559 180 5641 sule
213 5562 408 5641 Angela
448 5563 701 5641 Rota.—_
729 5564 856 5641 lltec
897 5559 984 5622 es?
1009 5559 1198 5641 prima
1249 5568 1426 5622 votiva
1472 5559 1634 5641 missa

69 5631 123 5684 in
152 5631 244 5706 hoc
294 5631 749 5694 Sacramentario.
805 5636 881 5691 Ne
932 5631 1054 5706 quis
1101 5637 1280 5691 tamen
1317 5647 1469 5705 putet
1497 5639 1636 5691 hanc.

69 5705 710 5774 esseduplicatam,cu'n
741 5707 843 5761 alia
903 5705 1165 5762 habeatur
1215 5707 1473 5763 Kalendis
1526 5709 1630 5761 No-

68 5773 332 5844 vembris;
379 5781 491 5832 haec
530 5779 671 5833 enim
707 5780 925 5850 respicit
955 5779 1350 5835 solemnitatem
1379 5779 1632 5835 Omnium

1752 1925 1911 1965 nosse
1951 1910 2156 1980 vivere,
2185 1905 2272 1967 cui
2312 1910 2517 1964 servire
2575 1924 2802 1981 regnare
2849 1912 2964 1973 cst,
3008 1921 3228 1982 protege
3271 1912 3338 1967 ab

1750 1996 2004 2055 omnibus
2032 2000 2532 2071 impugnationibus
2558 1999 2830 2070 supplices
2880 2005 3019 2065 tuos,
3048 2008 3106 2054 ut
3155 2000 3245 2069 qui
3284 2000 3337 2054 in

1749 2091 2068 2148 defensione
2103 2099 2193 2146 tua
2238 2091 2584 2159 con-fidimus,
2609 2090 2817 2146 nullius
2844 2090 3156 2146 hostilitatis
3186 2104 3339 2145 arma

1749 2183 2060 2239 timeamus.
2081 2183 2204 2238 Per.

2143 2291 2293 2332 MISSA
2331 2290 2437 2330 ΙἸὶΟ.
2467 2290 2594 2330 ιτειι
2621 2289 2944 2331 Αθεκτιυυε.

1819 2368 2044 2431 Adesto,
2077 2369 2326 2434 Domine,
2352 2367 2838 2438 supplicationibus
2861 2365 3086 2429 nostris,
3109 2374 3162 2420 et
3194 2365 3335 2420 viam

1747 2459 2072 2516 fanmlorum
2103 2461 2386 2516 tuorumin
2415 2457 2606 2514 salutis
2634 2468 2740 2512 tute
2769 2457 3134 2528 prosperitate
3155 2457 3338 2527 dispo-

1746 2569 1835 2620 ne,
1865 2563 1924 2609 ut
1951 2555 2094 2609 inter
2123 2567 2315 2609 omnes
2345 2553 2446 2607 via:
2493 2551 2655 2623 hujus
2677 2551 2971 2608 varietates
3003 2559 3095 2608 tuo
3123 2567 3340 2623 semper

1746 2645 2346 2719 protegantur-auxilio.
2379 2644 2507 2700 Per.

1818 2739 2067 2794 Secreta.‘
2093 2739 2421 2806 Pmpitiare,
2451 2737 2696 2806 Domine,
2717 2736 3202 2809 suppiicatiduibus
3238 2755 3336 2795 no-

1745 2832 1896 2898 Stris,
1945 2840 2000 2887 et
2055 2831 2153 2888 has
2192 2829 2529 2896 oblationes,
2568 2841 2708 2900 quas
2749 2828 2846 2886 tibi
2897 2827 3177 2885 olfcrimus
3237 2846 3337 2901 pro

1749 2925 1960 2980 famulis
1992 2925 2102 2981 tuis
2127 2923 2226 2989 ill.,
2267 2922 2531 2996 benignus
2556 2937 2798 2989 assume,
2853 2932 2907 2978 et
2933 2922 3078 2978 viam
3122 2921 3332 2978 illorum
3375 2960 3378 2962 -

1745 3020 2082 3091 praecedente
2112 3017 2284 3090 gratia
2313 3025 2403 3071 tua
2431 3015 2656 3086 dirigas,
2685 3025 2740 3072 et
2769 3014 3134 3085 subsequente
3162 3016 3332 3070 comi-

1749 3109 1851 3164 tari
1879 3109 2146 3179 digneris,
2181 3116 2241 3162 nt
2271 3109 2337 3162 de
2366 3115 2489 3161 actu
2538 3115 2702 3176 atque
2743 3104 3115 3176 incolumitate
3143 3119 3330 3160 eorum

1745 3202 2042 3257 secundum
2091 3197 2476 3256 misericordia:
2515 3205 2634 3254 tua:
2683 3196 2931 3268 prtesidia
2976 3196 3330 3268 gaudeamus.

1744 3291 1866 3348 Per.

1817 3382 2264 3438 Paslcamnumio.
2306 3381 2422 3437 Tua
2467 3397 2589 3448 nos,
2645 3381 2890 3444 Domine,
2937 3376 3222 3450 sperantes
3277 3380 3330 3439 in

1747 3481 1819 3538 te,
1851 3456 1970 3542 quae
2004 3474 2332 3545 sumpsimus
2365 3485 2710 3529 sacramenta
2758 3471 3096 3536 custodiant,
3147 3481 3204 3527 et
3251 3471 3332 3526 l'a-

1744 3563 1917 3619 mulos
1948 3575 2068 3621 tuos
2094 3574 2281 3621 contra
2311 3579 2502 3620 omnes
2541 3563 2741 3634 ubique
2770 3574 3024 3618 tiu-antur
3063 3563 3329 3620 incursus.

1742 3656 1867 3713 Per.

2071 3779 2080 3790 '
2170 3765 2319 3807 MISSA
2361 3765 2460 3808 ΡΙιο
2507 3765 2900 3806 ικυιιιιλῐιιιιιῑ.

1814 3841 2172 3913 Oumipotens
2219 3828 2566 3912 sempiterno
2596 3843 2769 3908 Deus,
2810 3842 3071 3898 miserere
3118 3841 3333 3900 famulis

1746 3933 1852 3988 tuis
1883 3933 1980 4000 illi,
2010 3943 2064 3990 et
2093 3935 2266 4006 dirige
2289 3950 2386 3991 eos
2405 3937 2704 3992 secumlum
2737 3944 2880 3990 tuam
2900 3935 3245 3992 clementiam
3275 3936 3328 3990 in

1743 4025 1884 4080 viam
1915 4025 2105 4082 salutis
2127 4035 2366 4093 :nterme,
2399 4037 2456 4083 ut
2501 4037 2555 4083 te
2585 4028 2826 4083 donante
2860 4026 2955 4084 tibi
3006 4027 3204 4098 placita
3237 4042 3333 4084 cu-

1741 4117 1913 4187 piant,
1942 4126 1997 4173 et
2029 4128 2139 4173 tota
2169 4119 2368 4175 virtute
2402 4119 2708 4190 perlieiant.
2736 4118 2860 4176 Per.

1813 4207 2048 4264 Secreta.
2097 4208 2424 4275 Proliciant,
2466 4225 2805 4280 quaesumus,
2869 4210 3127 4276 Domine,
3183 4210 3329 4277 haec,

1741 4314 1860 4369 qua:
1891 4307 1994 4354 tua:
2024 4299 2295 4376 supplices
2319 4299 2601 4358 offerimus
2651 4302 2942 4371 maiestati,
2998 4301 3064 4355 ad
3096 4301 3338 4357 salutem

1740 4379 2064 4446 famulorum
2125 4404 2339 4448 tuorum
2393 4391 2490 4452 ill..
2535 4402 2596 4448 ut
2627 4402 2713 4449 tua
2754 4393 3094 4464 providentia
3139 4408 3329 4448 eorum

1742 4478 1851 4534 vita
1904 4482 2045 4536 inter
2094 4483 2322 4538 adversa
2376 4491 2430 4536 et
2478 4498 2734 4554 prospera
2791 4484 2991 4554 ubique
3041 4483 3326 4555 dirigatur.

1817 4664 2147 4719 Communia.
2190 4663 2500 4731 Sumentes,
2533 4663 2790 4730 Domine,
2824 4671 3094 4734 perpetua:
3145 4673 3330 4720 saera-

1740 4769 1923 4814 menta
1977 4755 2199 4823 salutis,
2242 4768 2388 4813 tuam
2443 4758 2800 4828 deprecamur
2849 4755 3217 4821 clementiam,
3268 4765 3331 4810 ut

1739 4866 1837 4921 per
1863 4865 1925 4904 ea
1957 4849 2190 4907 famulos
2227 4859 2346 4906 tuos
2382 4849 2450 4905 ab
2490 4847 2638 4905 omni
2669 4847 3001 4904 adversitate
3049 4855 3324 4919 protegas.

1739 4939 1863 4996 Per.

2323 5046 2479 5089 mssa
2507 5047 2727 5089 VOTIVA.
2904 5102 2907 5104 _

1815 5121 1978 5190 Deus,
2009 5122 2103 5193 qui
2129 5121 2400 5193 justiﬁeas
2429 5122 2654 5193 impium
2705 5129 2762 5177 et
2811 5135 2918 5177 non
2971 5119 3054 5174 vis
3099 5127 3326 5176 mortem
3366 5183 3367 5186 η

1740 5215 2060 5285 peccatoris,
2081 5215 2418 5287 maiestatem
2444 5225 2592 5272 tuam
2616 5212 2932 5286 suppliciter
2948 5213 3325 5282 deprecamur,

1740 5351 2065 5409 Sanctorum
2097 5353 2197 5407 sub
2239 5366 2344 5406 una
2375 5350 2723 5416 celebritate;
2753 5350 2930 5406 votiva
2974 5363 3106 5406 vero
3156 5355 3242 5404 est
3270 5347 3323 5404 in

1739 5425 1999 5480 honorem
2030 5424 2272 5478 omnium
2311 5421 2637 5492 Sanctorum
2665 5419 3158 5492 adiimplorandum
3183 5420 3324 5492 ipso-
3384 5437 3390 5442 -

1738 5510 1858 5550 rum
1890 5493 2276 5565 patrocinium.
2313 5491 2465 5565 Infra
2482 5493 2685 5563 pariter
2709 5491 2876 5565 altera
2904 5491 3134 5546 habetur
3160 5491 3323 5565 missa
3355 5543 3361 5548 .

1740 5561 2140 5628 inter—votivas,
2167 5563 2322 5631 cujus
2347 5561 2536 5618 titulus
2563 5571 2646 5618 est
2676 5580 2688 5617 :
2720 5561 2787 5616 In
2815 5563 3063 5617 honorem
3089 5561 3320 5616 omnium

1745 5635 2059 5707 Sanctarum
2081 5651 2174 5704 pro
2193 5636 2318 5707 vinis
2345 5645 2392 5688 et
2415 5634 2698 5703 defunctis,
2715 5649 2835 5687 cum
2865 5633 3024 5688 unica
3051 5631 3319 5707 oratione,

1737 5715 1791 5757 et
1827 5705 2050 5776 reliquie
2077 5702 2195 5760 dua:
2231 5705 2368 5762 forte
2412 5702 2755 5760 desumendae
2801 5711 2928 5758 sunt
2972 5719 3035 5758 ex
3066 5702 3322 5768 praesenti

1743 5775 2082 5847 missa,’qua:
2123 5777 2295 5844 prima
2329 5775 2559 5834 habetur
2581 5777 2721 5832 inter
2753 5775 2978 5831 votivas.
