3846 6324
542 300 647 357 839

1685 300 1859 359 SJEC.
1904 300 1974 358 XI
2014 300 2284 360 MONUM.
2322 304 2601 364 LITURG.
3638 333 3705 385 εδει

542 428 601 473 ut
631 414 886 473 famulum
920 416 1020 488 (os)
1054 424 1203 476 tuum
1233 416 1333 490 (os)
1358 416 1424 472 de
1452 424 1541 472 tua
1594 418 1967 476 misericordia
1995 438 2125 478 con-
2156 430 2201 488 Α
2232 416 2298 471 de
2333 434 2564 490 corpore
2622 420 2775 478 exire
2797 419 3049 493 jusseris,
3105 440 3229 497 pars
3277 429 3444 501 iniqua
3484 437 3527 491 in
3557 454 3705 499 menon

544 508 795 564 ﬁdentem
829 507 925 579 (es)
957 507 1162 563 cmlesti
1207 517 1458 580 protegas
1510 508 1776 582 benignus
1804 512 2026 579 auxilio,
2066 522 2123 570 et

450 622 459 625 -
545 600 757 655 assidua
803 616 924 656 enm
967 601 1067 674 (os)
1100 604 1436 672 protectione
1466 619 1779 671 conserves,
1828 615 1886 660 ut
1919 605 2011 661 tibi
2037 605 2126 676 ju-

542 693 683 761 giter
716 692 1003 748 famuletur
1033 694 1252 765 (eatur),
1284 705 1339 751 et
1380 695 1539 753 nullis
1583 696 1968 753 tentationibus
1996 714 2026 753 a
2075 708 2126 755 te

430 806 437 811 σ
541 796 823 855 separetur
855 787 1072 858 (entur).
1109 788 1233 843 Per.

613 876 887 946 Prwfatio.
927 880 1086 944 Deus,
1128 882 1211 935 cui
1262 882 1541 953 proprium
1570 895 1674 949 est,
1705 892 1835 947 etc.;
1885 884 2124 955 suscipe,

539 970 963 1025 clementissime
992 972 1174 1041 Pater,
1225 974 1456 1028 hostiam
1500 975 1821 1044 placationis
1845 983 1901 1032 et
1929 976 2121 1045 laudis,

538 1079 699 1131 quam
754 1078 854 1133 ego
902 1064 1153 1135 indignus
1204 1065 1437 1123 famulus
1478 1076 1600 1123 tuus
1632 1068 1885 1125 sacerdos
1916 1070 2011 1125 tibi
2039 1070 2121 1126 of-

539 1154 683 1208 ferre
712 1170 981 1225 praesumo
1009 1158 1076 1210 ad
1107 1158 1365 1213 honorem
1417 1168 1473 1215 et
1498 1161 1743 1232 ‘gloriam
1778 1166 2014 1222 nominis
2044 1168 2114 1221 tui

536 1260 636 1313 pro
662 1245 1032 1302 incolumitate
1057 1247 1241 1303 famuli
1274 1250 1465 1323 (arum)
1519 1253 1592 1307 tui
1626 1254 1880 1326 (tuorum)
1911 1256 2013 1319 ill.,
2063 1265 2120 1310 ut

536 1337 778 1390 omnium
829 1338 1145 1394 delictorum
1213 1357 1431 1397 suorum
1489 1345 1699 1399 veniam
1758 1358 2123 1418 consequatur

539 1426 764 1496 (antur).
795 1426 915 1482 Per.

612 1517 1059 1576 Pastcammunio.
1104 1522 1400 1580 Puriﬁcent
1444 1543 1564 1593 nos,
1607 1544 1940 1598 quaesumus,
2009 1531 2118 1586 Do-

538 1609 702 1674 mine,
761 1620 1103 1668 sacramenta
1152 1625 1340 1669 sancta
1385 1633 1505 1687 qua:
1556 1623 1910 1690 sumpsimus,
1956 1624 2118 1678 etfa-

538 1698 742 1752 mnlnm
802 1701 904 1773 (os)
963 1702 1039 1757 ill.
1100 1704 1168 1758 ab
1219 1704 1367 1758 omni
1416 1705 1573 1775 culpa
1612 1708 1838 1783 liberum
1867 1715 1970 1782 (os)
1997 1729 2119 1769 esse

2230 506 2427 564 habeat
2475 518 2826 580 potestatem,
2886 513 2980 569 sed
3038 515 3263 586 angelus
3310 527 3426 578 tuus
3465 527 3584 594 pacis
3617 531 3707 589 inter

2230 607 2449 654 sanctos
2490 610 2544 656 et
2570 601 2775 658 electos
2805 612 2925 660 tuos
2956 620 3043 661 me
3078 606 3327 677 collocet,
3353 613 3435 667 ubi
3465 615 3536 669 lux
3559 635 3706 687 perun.

2228 696 2321 742 net
2381 688 2697 746 indeﬁciens
2740 699 2794 747 et
2848 693 2958 749 vita
3003 706 3285 768 perpetua.
3332 699 3425 769 Qui
3472 707 3708 768 vivisetre.

2228 792 2383 848 gnas.

2724 892 2875 932 ιῐιεςλ
2911 893 3015 934 PRO
3061 894 3312 937 OMNIBUS.

2296 958 2511 1019 Pietate
2566 973 2679 1030 tua,
2719 983 3055 1038 qumsumus,
3083 974 3329 1039 Domine,
3358 986 3617 1034 nostrorum
3637 999 3711 1038 om-

2228 1053 2379 1108 nium
2407 1053 2555 1111 solve
2577 1057 2793 1115 vincula
2814 1060 3154 1130 delictorum,
3179 1072 3235 1119 et
3257 1065 3588 1125 intercedente
3608 1072 3709 1129 beat:

2227 1154 2279 1199 et
2308 1145 2791 1218 gloriosasemper
2818 1152 3027 1222 virgine
3078 1154 3170 1209 Dei
3196 1157 3452 1227 genitrice
3482 1160 3615 1217 Maria
3634 1180 3709 1220 cum

2226 1235 2477 1290 omnibus
2527 1240 2731 1296 sanctis
2774 1242 2879 1297 tuis
2903 1284 2916 1307 ,
2964 1244 3224 1300 damnum
3264 1263 3450 1318 papam
3475 1291 3487 1315 ,
3516 1253 3711 1321 pontifices

2227 1333 2283 1379 et
2320 1326 2571 1383 abbatem
2630 1339 2899 1398 nostrum,
2931 1348 3085 1404 reges
3122 1345 3173 1391 et
3198 1338 3463 1408 principes
3487 1352 3713 1408 nastros,et

2223 1432 2441 1475 omnem
2476 1421 2729 1491 populum
2758 1422 3154 1494 Christianum,
3181 1444 3384 1499 nosque
3408 1431 3603 1489 famulos
3623 1446 3712 1499 tuos.

2226 1516 2391 1578 atque
2421 1509 2596 1565 locum
2623 1513 2787 1567 istum
2817 1530 2941 1570 eum
2988 1518 3243 1574 omnibus
3269 1520 3713 1580 babitantibusineo

2230 1597 2284 1651 in
2335 1601 2481 1653 omni
2530 1603 2821 1658 sanctitate
2872 1607 3105 1671 custodi,
3142 1624 3440 1680 omnesque
3463 1612 3714 1671 allinitateac

2231 1688 2621 1763 familiaritate,
2680 1698 2795 1752 sive
2839 1700 3104 1756 orationis
3151 1706 3588 1762 commendatione
3617 1710 3714 1763 nobis

536 1792 790 1858 concede,
826 1803 885 1848 ut
909 1795 998 1864 qui
1027 1799 1372 1855 conscientiae
1414 1819 1526 1858 suae
1555 1812 1704 1856 reatu
1731 1779 2121 1877 constringitur
2153 1782 2194 1840 Β
2225 1779 2543 1877 θοηῘξωθίοδ
2573 1800 2602 1839 ³
2624 1786 2790 1877 Ὺίιίίε
2817 1801 3011 1859 νυτῧδν
3044 1790 3341 1847 Virtutibus
3364 1793 3567 1859 “'“sm'
3593 1812 3713 1865 [mm

536 1881 810 1956 (guntur),
864 1888 929 1944 de
982 1890 1219 1948 caelestis
1244 1895 1466 1952 remedii
1500 1896 1831 1975 plenitudine
1860 1899 2121 1970 glorietur

536 1980 752 2051 tentur).
788 1981 911 2039 Per.

1037 2114 1185 2154 MISSA
1228 2116 1327 2155 PRO
1365 2118 1603 2160 INFIRMO.

602 2183 957 2258 Omnipotens
1004 2196 1335 2262 sempiterna
1376 2198 1539 2263 Deus,
1564 2198 1709 2255 salus
1745 2208 1949 2255 aeterna
1992 2215 2112 2256 cre-

530 2273 793 2344 dentium,
822 2279 1016 2333 exaudi
1037 2296 1135 2336 nos
1156 2297 1256 2353 pro
1288 2282 1492 2340 famulo
1519 2285 1607 2356 (is)
1630 2296 1721 2343 tuo
1743 2286 1856 2360 (is),
1889 2303 1987 2358 pro
2008 2303 2115 2359 quo

532 2368 759 2440 (quibus)
792 2370 1177 2429 misericordiae
1208 2384 1314 2430 tute
1350 2377 1704 2448 imploramus
1740 2381 2025 2448 auxilium,
2056 2392 2115 2436 ut

532 2452 740 2517 reddita
788 2465 888 2520 sibi
948 2469 1185 2526 sanitate
1227 2474 1525 2542 gratiarum
1550 2476 1645 2532 tibi
1670 2477 1724 2532 in
1756 2477 1998 2534 Ecclesia
2020 2487 2109 2536 tua

529 2552 734 2609 referat
762 2555 898 2630 (aut)
928 2560 1197 2617 actionem
1228 2563 1347 2637 (es).
1382 2566 1506 2622 Per.

601 2643 834 2704 Secreta.
873 2651 1030 2717 Dens,
1060 2654 1159 2710 sub
1183 2656 1335 2727 cujus
1357 2659 1727 2719 moderamine
1760 2663 1885 2721 vitae
1910 2674 2111 2723 nostra;

528 2746 802 2793 momenta
852 2740 1169 2812 decurrunt,
1228 2748 1446 2819 suscipe
1476 2765 1667 2821 preces
1695 2761 1750 2808 et
1784 2753 1993 2811 hostias
2020 2753 2106 2811 fa-

527 2826 659 2881 muli
723 2830 819 2896 tui,
870 2846 969 2902 pro
1015 2850 1123 2905 quo
1168 2838 1598 2899 misericordiam
1638 2854 1785 2901 tuam
1810 2854 2108 2919 aegrotante

527 2914 899 2987 imploramus,
928 2933 987 2978 ut
1013 2926 1080 2981 de
1104 2926 1258 2997 cujus
1282 2931 1524 3001 periculo
1558 2914 1964 3005 metuimus,vde
1987 2939 2105 3011 ejus

525 3008 699 3064 salute
722 3009 988 3072 laetemur.
1020 3016 1149 3075 Per.

596 3096 925 3156 Communia.
980 3104 1124 3177 Dens
1173 3108 1505 3168 inﬁrmitatis
1552 3114 1804 3174 humanae
1829 3118 1912 3175 sin

523 3189 830 3281 praesidium
858 3195 1044 3252 auxilii
1076 3199 1151 3254 tui
1182 3217 1346 3273 super
1385 3203 1657 3262 inﬁrmum
1706 3207 1808 3281 (os)
1840 3189 2102 3267 famulum

525 3275 626 3343 (οε)
656 3286 802 3333 tuum
832 3282 933 3354 (os)
958 3290 1182 3344 ostende
1204 3292 1485 3361 virtutem,
1514 3304 1572 3351 ut
1594 3312 1694 3367 ope
1716 3275 2103 3357 misericordiae

524 3375 629 3422 tuae
676 3369 889 3439 adjutus
944 3377 1026 3449 (ti)
1077 3380 1334 3439 Ecclesia:
1388 3393 1493 3442 tuae
1542 3398 1746 3445 sanetae
1785 3392 2101 3461 praesentari

520 3457 797 3517 mereatur
813 3462 1033 3540 (antur).
1057 3470 1179 3528 Per.

1048 3601 1196 3643 ιιιεεΑ
1229 3604 1329 3644 PRO
1366 3605 1564 3647 SEIPSO.

592 3669 921 3741 Snppliciter
957 3684 1029 3743 te,
1079 3679 1238 3747 Deus,
1273 3680 1436 3738 Pater
1489 3684 1857 3757 omnipotens,
1916 3688 2099 3757 quies

518 3772 734 3815 creator
754 3764 993 3820 omnium
1027 3783 1228 3834 rerum,
1261 3772 1541 3843 deprecor,
1576 3787 1634 3831 ut
1661 3778 1786 3833 dum
1814 3794 1900 3834 me
1922 3780 2097 3835 famu-

520 3848 626 3903 lum
659 3859 808 3906 tuum
840 3868 1024 3910 coram
1067 3860 1459 3931 omnipotentia
1500 3867 1800 3936 majestatis
1831 3880 1933 3925 tute
1977 3887 2099 3943 gra-

518 3941 659 3996 viter
691 3944 981 4015 deliquisse
1004 3952 1287 4020 conﬁteor,
1318 3971 1539 4013 manum
1566 3959 1957 4017 misericordiae
1987 3941 2096 4019 tute

519 4034 649 4089 mihi
675 4040 941 4111 porrigas,
986 4056 1274 4113 quatenus,
1306 4049 1431 4104 dum
1464 4051 1604 4107 hanc
1638 4052 1964 4110 oblationem
1994 4064 2097 4112 tua:

516 4126 732 4196 pictatis
765 4130 955 4200 oll'ero,
977 4136 1119 4205 quod
1153 4140 1402 4209 nequiter
1437 4145 1705 4211 commisi,
1731 4145 2093 4204 clementissi-

518 4237 604 4276 me
634 4221 874 4295 digneris
896 4228 1193 4287 absolvere.
1223 4232 1345 4289 Per.

586 4314 821 4372 Secreta.
865 4317 1009 4376 Deus
1061 4323 1470 4394 misericordiae,
1505 4328 1647 4387 Deus
1676 4331 1916 4402 pietatis,
1954 4333 2096 4392 Deus

513 4408 880 4481 indulgentiaa,
906 4415 1141 4487 indulge,
1167 4434 1371 4489 quaeso,
1394 4432 1449 4478 et
1470 4425 1728 4482 miserere
1754 4430 1879 4493 mei,
1911 4437 1964 4484 et
1990 4429 2095 4485 hoc

2223 1881 2277 1925 et
2295 1871 2520 1926 salutem
2549 1874 2705 1932 nobis
2728 1878 2931 1944 tribue,
2961 1879 3142 1937 hostes
3165 1883 3407 1940 visibiles
3428 1894 3479 1941 et
3503 1886 3713 1944 invisibiles

2222 1979 2460 2031 remove,
2491 1969 2732 2023 carnalia
2759 1970 3028 2027 desideria
3059 1974 3283 2045 repelle,
3324 1992 3492 2032 aerem
3518 1979 3709 2034 salubrem

2221 2052 2461 2124 indulge,
2517 2056 2752 2113 inimicis
2808 2062 3013 2117 nostris
3057 2064 3382 2120 eharitatem
3437 2065 3709 2139 largire,nex
3798 2094 3799 2099 π

2221 2158 2327 2198 non
2354 2146 2444 2214 qui
2484 2162 2608 2202 snas
2632 2149 3009 2223 eleemosynas
3036 2155 3193 2211 nobis
3225 2156 3405 2229 largiti
3432 2169 3560 2223 sunt,
3585 2160 3711 2214 delicta
3798 2176 3799 2179 ‘

2222 2233 2524 2292 clementer
2553 2238 2792 2310 ignosce,
2841 2252 2897 2299 et
2922 2246 3176 2303 omnibus
3206 2247 3451 2306 ﬁdelibus
3475 2250 3588 2306 vivis
3604 2262 3643 2305 et
3659 2256 3710 2309 de
3797 2252 3799 2310 ὲ

2219 2321 2422 2380 functis
2454 2325 2508 2380 in
2538 2335 2681 2383 terra
2720 2331 3018 2389 viventium
3049 2336 3221 2390 vitam
3255 2338 3457 2407 pariter
3474 2349 3521 2395 et
3546 2342 3709 2410 requiem

2216 2422 2474 2473 aeternam
2498 2421 2754 2477 concede.
2783 2421 2889 2479 Per
2923 2427 3198 2483 eumdem.

2287 2506 2521 2564 Secreta.
2576 2512 2742 2579 Deus,
2780 2515 2870 2584 qui
2919 2517 3180 2588 singulari
3242 2524 3481 2594 corporis
3509 2526 3572 2578 tui
3599 2528 3710 2579 hostia

2216 2599 2386 2657 totius
2412 2602 2599 2657 mundi
2621 2604 3076 2676 solvistLdelicta,
3114 2611 3220 2667 bac
3242 2613 3502 2671 oblatione
3525 2616 3698 2687 placatus

2214 2689 2470 2747 maculas
2517 2691 2781 2749 scelerum
2828 2705 3138 2753 nostrorum
3169 2701 3443 2774 absterge,
3470 2717 3517 2760 et
3545 2707 3709 2761 omnium

2213 2778 2453 2837 ﬁdelium
2476 2781 2912 2842 Christianorum
2946 2789 3193 2847 vivorum
3236 2807 3304 2849 ac
3326 2806 3615 2852 mortuorum
3631 2812 3709 2868 per.-

2212 2880 2336 2928 cata
2398 2872 2633 2945 dimitte,
2682 2874 2875 2950 eisque
2920 2883 3146 2952 praemia
3183 2894 3395 2944 aeterna
3413 2889 3626 2944 concede.
3644 2888 3705 2955 Qui

2209 2966 2368 3024 vivis.

2282 3059 2612 3119 Communia.
2648 3064 2899 3136 Sumpta,
2927 3082 3266 3138 quaesumus,
3292 3072 3522 3140 Domine,
3544 3071 3706 3128 rclest‘a

2784 3119 2799 3136 .
2934 3119 3266 3138 ~.—~-———-—-.
3293 3119 3522 3140 -v-------.
3547 3119 3684 3128 --αν

1917 3119 2105 3236 ευξπθ
2132 3135 2180 3201 C
2209 3165 2550 3210 sacramenta
2565 3157 2749 3212 omnia
2767 3158 2992 3213 crimina
3021 3170 3215 3216 nostra
3235 3164 3526 3236 detergant,
3544 3175 3690 3219 omnem

2208 3259 2314 3316 que
2326 3248 2649 3318 pravitatem
2670 3260 2725 3305 et
2748 3251 3141 3323 inﬁrmitatem,
3166 3271 3268 3312 seu
3286 3257 3534 3314 hosticam
3549 3257 3702 3313 rabiem.

2205 3355 2307 3397 nec
2343 3357 2448 3397 non
2480 3350 2536 3396 et
2587 3344 2927 3399 subitaneam
2977 3357 3233 3415 mortem,
3277 3352 3485 3407 meritis
3518 3359 3564 3406 et
3590 3350 3699 3403 inter-

2206 3434 2453 3489 cessione
2500 3444 2700 3491 sanctae
2743 3436 2835 3490 Dei
2891 3436 3292 3497 Genitricis'et
3325 3441 3543 3510 Virginis
3566 3438 3693 3495 luit.

2204 3531 2366 3593 atque
2421 3524 2659 3579 omnium
2693 3532 3007 3580 sanctorum
3035 3541 3066 3581 a
3105 3527 3268 3583 nobis
3292 3527 3473 3599 procul
3501 3526 3690 3598 repellant.

2203 3620 2258 3666 et
2286 3614 2537 3668 omnibus
2590 3613 2835 3669 ﬁdelibus
2880 3614 3019 3670 vivis
3062 3624 3119 3671 et
3154 3616 3430 3675 defunctis
3459 3618 3626 3689 prosint
3656 3613 3697 3665 ad

2202 3705 2439 3771 veniam,
2468 3721 2565 3776 pro
2586 3722 2818 3778 quorum
2844 3706 2939 3761 tibi
2967 3716 3095 3762 sunt
3122 3709 3309 3764 oblata
3335 3710 3519 3766 salute.
3540 3708 3631 3762 Per.

2722 3812 2777 3853 IN
2818 3812 3004 3854 SANC'I‘I
3045 3814 3243 3856 URBANI
3253 3840 3268 3855 .

2275 3885 2373 3951 Da,
2408 3901 2718 3956 quaesumus
2744 3888 3089 3959 omnipotens
3116 3889 3286 3958 Deus,
3316 3901 3373 3945 ut
3396 3890 3478 3961 qui
3504 3888 3614 3943 beati
3636 3884 3694 3939 l'r-

2200 3977 2325 4033 bani
2359 3979 2615 4050 martyris
2640 3980 2713 4033 tui
2740 3988 2904 4051 atque
2928 3981 3202 4051 pontiﬁcis
3234 3982 3487 4039 solemnia
3523 3981 3696 4037 colimus.

2199 4069 2317 4139 ejus
2339 4081 2523 4140 aperte
2546 4070 3033 4129 intercessionibus
3050 4073 3409 4144 ,adjuvemur.
3444 4074 3549 4129 Per.

2271 4161 2505 4220 Secreta.
2537 4164 2664 4221 Haec
2694 4165 2894 4232 hostia,
2947 4166 3195 4235 Domine,
3242 4177 3695 4240 qnmsumns,emun

2200 4254 2291 4311 det
2348 4262 2533 4311 nostra
2589 4255 2825 4324 delicta,
2886 4266 2955 4329 et.
2999 4258 3068 4313 ad
3124 4260 3449 4316 sacriﬁcium
3502 4256 3698 4313 celebran-

2197 4345 2326 4400 dum
2365 4346 2702 4401 subditorum
2744 4348 2837 4402 tibi
2861 4363 3092 4420 corpora
3125 4361 3441 4422 mentesque
3463 4346 3696 4406 sanctificat.

2202 4436 2325 4491 Per.

511 4504 862 4571 sacrificium,
892 4509 1032 4577 quod
1058 4510 1245 4579 pietati
1279 4523 1381 4569 tua:
1424 4516 1701 4574 humiliter
1727 4519 1914 4587 offero,
1945 4522 2095 4576 lieni-
2126 4496 2178 4555 D
2275 4526 2603 4583 Communia.
2638 4527 2844 4586 Rcfeeti
2896 4532 3318 4603 participatione
3348 4531 3560 4587 muneris
3583 4522 3693 4580 sacri-

511 4610 615 4664 gne
644 4597 882 4669 digneris
930 4604 1229 4674 suscipere,
1269 4617 1325 4662 et
1372 4620 1613 4679 peccata,
1639 4629 1758 4681 quae
1788 4614 2092 4670 labentibus

510 4685 657 4741 vitiis
678 4690 942 4753 contraxi,
983 4693 1103 4763 pius
1125 4702 1180 4749 et
1214 4698 1481 4767 propitius
1502 4715 1567 4755 ac
1594 4703 1880 4757 miseratus
1912 4705 2085 4759 indul-

508 4772 657 4845 geas,
705 4790 767 4835 ut
795 4781 969 4837 locum
1026 4788 1358 4855 poenitentiae
1382 4806 1444 4847 ac
1468 4792 1697 4859 plurima
1728 4795 2088 4868 laerymarum

511 4882 768 4926 concessa
807 4874 963 4929 venia
999 4892 1026 4930 a
1072 4886 1122 4933 te
1159 4894 1372 4935 merear
1401 4884 1671 4954 accipere.
1712 4885 1835 4940 Per.

582 4956 1030 5021 Pastcammum’a.
1088 4969 1227 5025 Deus
1258 4972 1541 5029 cliaritatis
1569 4986 1623 5030 et
1652 4979 1822 5047 pacis,
1874 4980 1965 5049 qui
1994 4996 2093 5050 pro

513 5048 684 5107 Salute
729 5056 942 5124 generis
972 5057 1193 5114 humani
1224 5063 1408 5118 crucis
1448 5065 1751 5135 patibulum
1781 5048 2088 5140 suscepisti,

512 5148 567 5194 et
593 5145 906 5213 sanguinem
942 5158 1090 5206 tuum
1118 5167 1217 5223 pro
1247 5155 1619 5227 redemptione
1671 5170 1850 5216 nostra
1880 5162 2089 5230 fudisti,

510 5250 702 5305 preces
746 5256 893 5300 meas
945 5245 1194 5317 placatus
1217 5258 1273 5306 et.
1303 5252 1568 5324 benignus
1595 5257 1810 5327 suscipe
1843 5267 1897 5314 et
1926 5261 2091 5316 mise-

513 5325 799 5383 ricordiam
826 5340 969 5390 tuam
996 5338 1129 5394 mihi
1152 5342 1412 5405 concede.
1441 5352 1500 5398 ut
1519 5360 1641 5401 cum
1661 5325 1897 5404 ani—mam
1915 5365 2089 5405 meam

579 5459 968 5550 (.26).Expletis
993 5473 1174 5530 missis
1204 5478 1417 5550 votivis,
1443 5483 1689 5550 sequitur
1722 5484 1883 5539 missa
1918 5487 2089 5541 sancti

510 5531 713 5622 Urbani
749 5531 898 5607 tia-pce
920 5550 975 5622 et
1016 5548 1276 5622 martyris
1299 5531 1380 5602 Vini
1404 5531 2086 5622 indidi;'Sidi-Eiiﬁén'iiiiid;

506 5604 653 5674 quod
700 5604 1311 5694 n.oti'est.mirandum;
1346 5604 1601 5694 peculiari
1640 5604 2089 5694 sitioiiiéiii'cliiid

508 5678 839 5764 t‘no'nasticus
867 5681 999 5739 ordo
1026 5694 1272 5764 sanctum
1298 5678 1608 5764 pt'intilicetn
1636 5678 2082 5764 priisequeliat‘ur‘.

510 5746 807 5806 \‘ideantur
856 5766 973 5823 quae
1033 5755 1134 5810 hac
1187 5746 1347 5828 super
1414 5777 1470 5813 re
1532 5746 1667 5817 dicat
1724 5746 2088 5839 nul-{6.130};

2199 4632 2530 4687 quaesumus,
2591 4620 2817 4675 Domine
2838 4621 2980 4677 Deus
3014 4633 3224 4689 noster,
3256 4633 3317 4678 ut
3347 4621 3488 4691 cujus
3518 4613 3695 4682 exsequi-

2198 4724 2319 4762 mur
2352 4709 2579 4778 cultum,
2609 4712 2914 4769 sentiamus
2940 4711 3213 4768 effectum.
3249 4713 3371 4770 Per.

2622 4819 2673 4858 IN
2712 4818 2840 4859 NA'I‘.
2889 4819 3046 4860 UNIUS
3083 4820 3363 4861 APOSTOLI.

2270 4891 2615 4960 anesnmus,
2667 4896 3011 4965 omnipotens
3046 4895 3208 4962 Deus,
3240 4904 3299 4951 ut
3320 4895 3500 4951 beatus
3527 4890 3588 4945 ill.
3605 4897 3691 4954 apo-

2199 4983 2372 5038 Stolus
2423 4992 2571 5037 tuum
2604 5000 2704 5054 pro
2755 4987 2915 5043 nobis
2942 4987 3192 5057 imploret
3217 4987 3487 5048 auxilium,
3516 4990 3688 5072 utatur

2195 5073 2324 5128 stris
2381 5074 2621 5129 rentibus
2665 5073 2920 5142 absoluti,
2980 5094 3009 5132 a
3048 5079 3259 5135 cunctis
3316 5078 3470 5133 etiam
3507 5066 3690 5145 periculis

2197 5181 2469 5219 eruamur.
2500 5165 2623 5220 Per.

2267 5253 2499 5309 Secreta.
2531 5257 2644 5329 (26)
2669 5256 3007 5313 Sacrandum
3034 5258 3150 5325 tibi,
3171 5259 3407 5323 Domine,
3428 5242 3687 5311 munnsoﬂc‘

2197 5350 2387 5412 rimus,
2413 5368 2522 5421 quo
2553 5351 2694 5408 beati
2726 5351 2802 5407 ill.
2831 5352 3061 5423 apostoli
3091 5353 3165 5409 tui
3191 5351 3439 5409 solemnia
3465 5344 3685 5405 νεωιεηιεε

2196 5487 2362 5557 antiq.
2399 5487 2524 5542 eccl.
2552 5489 2694 5543 ritib.
2739 5488 2834 5543 lib.
2870 5505 2942 5553 tv,
2971 5505 3092 5561 cap.
3132 5489 3221 5555 32,
3250 5489 3397 5569 In.”
3423 5495 3469 5541 et
3486 5496 3582 5551 cap.
3607 5475 3679 5537 37)-

2197 5557 2252 5595 In
2304 5567 2491 5595 nnclrn
2550 5574 2679 5595 unmn
2728 5558 2945 5595 Durqnn
2994 5565 3138 5595 minet
3200 5560 3371 5595 nnhuln
3419 5541 3679 5595 lmnnllltl'lltl

2196 5557 2262 5631 In
2302 5552 2491 5631 nostra
2538 5574 2679 5631 agro
2728 5552 2945 5631 Pyrana
2993 5552 3372 5631 adestﬁnobile
3419 5552 3646 5631 tetnplumf

2197 5626 2504 5707 Aisinamis
2530 5624 2675 5707 fluvii
2709 5624 2874 5700 ripas,
2918 5640 3106 5707 sancto
3138 5630 3351 5687 Urbano
3372 5624 3678 5707 sacrumrclg':

2197 5698 2471 5779 sacculo}:
2497 5686 2774 5779 adnexum.
2794 5686 2909 5755 erat
2936 5686 3141 5779 insigne
3158 5686 3678 5779 Vmonasteriutu'oﬁfi‘s

2198 5771 2372 5825 sancti
2403 5769 2699 5839 Benedicti,
2730 5787 2873 5828 nunc
2910 5763 3126 5829 tandEm
3156 5780 3406 5829 vetustate
3442 5763 3673 5828 collal‘5‘m"
