3846 6324
60 382 170 439 861

1260 383 1720 442 SACRAMENTA
1734 383 1903 443 RIUII
1932 385 2175 446 VETUS.

3241 391 3345 449 863

62 499 513 571 purificationem
536 511 753 571 quoque
776 498 978 555 nostris
998 500 1268 556 mentibus
1292 500 1660 571 imploramus.
1694 484 1741 542 Α
1776 502 2085 558 tercedente
2136 503 2292 558 beato
2328 503 2403 559 ill.
2441 502 2753 559 confessore
2774 512 2872 559 tuo
2902 512 3066 576 alque
3090 504 3345 575 pontitlce

63 591 203 646 Per.

143 682 490 736 Communia.
529 680 827 751 Perceptis,
863 681 1113 749 Domine,
1152 683 1512 739 sacramentis
1541 699 1667 752 sup-

64 778 299 847 pliciter
353 793 643 833 exoramus
671 786 730 831 ut
756 776 1127 832 intercedente
1165 776 1244 829 Ill.
1274 775 1518 845 apostolo
1550 784 1662 835 tuo.

65 886 200 937 qnze
264 886 364 939 pro
414 870 559 925 illius
614 868 919 923 veneranda
985 867 1226 939 gerimus
1293 866 1663 932 solemnitate,

69 962 237 1019 nobis
265 963 553 1033 proficiant
583 961 650 1015 ad
682 959 973 1015 medelam.
998 958 1124 1015 Per.

350 1093 403 1133 I3
440 1093 567 1133 NA’I‘.
608 1089 956 1133 PLUBIIORUI
995 1090 1400 1131 APOS‘I‘OLOBUM.

153 1190 323 1255 Deus,
352 1188 445 1259 qni
480 1202 581 1244 nos
610 1204 788 1245 annua
820 1190 1189 1263 apostolorum
1220 1196 1437 1242 tuorum
1462 1186 1535 1241 ill.
1567 1201 1666 1242 so-

67 1280 366 1335 lemnitate
412 1279 680 1348 laetiﬁcas,
732 1291 951 1352 praesta,
984 1294 1313 1352 quaesumus,
1344 1287 1405 1333 ut
1434 1292 1663 1348 quorum

66 1371 380 1442 gaudemus
410 1372 641 1437 meritis,
684 1372 1017 1427 instruamur
1049 1369 1332 1441 exemplis.
1360 1368 1483 1424 Per.

150 1462 387 1518 Secreta.
445 1464 693 1529 Munera,
724 1463 967 1528 Domine,
1014 1480 1133 1534 qua:
1165 1478 1264 1533 pro
1289 1460 1662 1532 apostolorum

68 1565 300 1608 tuorum
324 1555 398 1609 ill.
426 1555 769 1611 solemnitate
798 1555 1117 1622 deferimus,
1142 1556 1409 1625 propitius
1425 1553 1658 1623 suscipe,

68 1656 129 1699 et
164 1647 308 1701 mala
338 1649 544 1715 omnia,
573 1664 692 1719 quae
716 1664 991 1704 meremur
1012 1660 1216 1705 averte.
1250 1648 1376 1702 Per.

145 1739 479 1794 Communia.
506 1741 849 1808 Quaesumus,
880 1742 1126 1808 Domine,
1159 1744 1348 1813 repleti
1368 1742 1663 1814 mysteriis,

66 1841 133 1882 ut
156 1846 390 1900 quorum
417 1832 677 1887 solemnia
710 1833 1072 1900 celebramus,

67 1923 418 1991 adjuvemur.
461 1923 585 1979 Per.

468 2049 520 2087 IN
560 2050 757 2089 NATALI
798 2050 953 2091 UNIUS
983 2049 1269 2090 ιΑιιτῖιιιε.

148 2124 378 2180 Votivos
428 2142 551 2194 nos,
578 2126 826 2194 Domine,
854 2141 1164 2199 quaesumus
1194 2126 1271 2182 ill.
1298 2128 1558 2200 martyris
1584 2128 1661 2183 tui

70 2214 288 2272 Natalis
314 2232 529 2289 semper
555 2220 823 2288 excipiat,
881 2221 972 2291 qui
996 2229 1052 2276 et
1079 2218 1474 2290 iucunditatem
1506 2221 1665 2277 nobis

70 2323 191 2362 sua:
234 2308 645 2379 glariticatianis
688 2309 957 2380 infundat,
992 2322 1048 2369 et
1077 2312 1172 2369 tibi
1213 2329 1312 2370 nos
1341 2312 1532 2370 reddat
1562 2328 1662 2369 ac-

70 2410 284 2470 ceptos.
304 2400 428 2457 Per.
1342 2406 1343 2409 “

154 2492 397 2549 Secreta.
443 2492 738 2549 Prteseutia
766 2508 1013 2560 munera,
1052 2509 1383 2566 quaesumus,
1414 2494 1662 2562 Domine,

81 2582 163 2637 ita
197 2596 388 2637 serena
412 2583 612 2653 pietate
634 2584 865 2651 intuere,
897 2594 956 2639 ut
982 2587 1155 2641 sancti
1180 2586 1414 2657 Spiritus
1446 2584 1663 2655 perfun-

77 2673 287 2727 dantur
332 2674 728 2730 benedictione
770 2684 826 2730 et
855 2675 1062 2731 nostris
1097 2676 1351 2732 cordibus
1377 2690 1499 2731 eam
1525 2676 1662 2730 dile-

72 2766 313 2821 ctionem
346 2766 575 2821 validam
607 2765 909 2831 infundant,
968 2782 1065 2837 per
1085 2782 1250 2838 quam
1276 2775 1497 2823 sanctus
1519 2782 1666 2821 mar-

76 2869 168 2928 tyr
195 2857 271 2912 ill.
306 2859 488 2913 omnia
514 2860 760 2930 corporis
783 2868 1050 2916 tormenta
1076 2860 1294 2915 devicit.
1321 2859 1447 2915 Per.

149 2949 484 3005 Communia.
547 2951 870 3019 Sumentes,
921 2952 1179 3019 Domine,
1228 2952 1469 3008 caelestis
1523 2953 1664 3007 dona

76 3044 352 3114 mysterii,
385 3059 719 3114 quaesumus,
756 3054 815 3100 ut
839 3045 985 3101 beati
1017 3044 1096 3099 ill.
1128 3044 1386 3117 martyris
1412 3044 1486 3100 tui
1512 3044 1668 3114 adju-

76 3150 274 3189 vemnr
329 3136 557 3201 meritis,
595 3135 751 3205 cujus
793 3135 1196 3192 solemnitatem
1230 3135 1415 3192 debita
1438 3150 1664 3190 venera-

76 3230 230 3284 tione
254 3227 612 3284 celebramus.
642 3227 767 3284 Per.

410 3335 461 3375 IN
496 3337 623 3377 ΝΔΤ.
654 3336 1000 3378 ριωωίοιιωι
1035 3336 1350 3377 IARTIRUII.

146 3411 512 3483 Omnipotens
559 3413 897 3484 sempiterue
948 3413 1113 3479 Deus,
1155 3412 1249 3483 qui
1300 3426 1399 3483 per
1434 3410 1668 3481 gloriosa

71 3502 224 3557 bella
280 3502 602 3558 certaminis
653 3503 721 3558 ad
774 3503 1110 3559 immortales
1150 3504 1453 3573 triumphos
1482 3503 1670 3558 beatos

71 3605 356 3665 martyres
402 3603 524 3649 tuos
574 3594 650 3648 iil.
700 3595 1047 3662 transtulisti,
1080 3596 1146 3650 da
1182 3595 1439 3651 cordibus
1468 3596 1669 3650 nostris

70 3686 303 3755 dignam
352 3700 449 3755 pro
500 3699 688 3741 eorum
740 3688 1256 3743 commemoratione
1304 3687 1571 3752 laetitiam,
1612 3695 1671 3741 ut

69 3792 318 3847 quorum
361 3777 659 3847 gaudemus
704 3778 936 3846 meritis,
989 3778 1336 3850 proficiamus
1385 3777 1667 3849 exemplis.

68 3870 207 3923 Per.

150 3962 393 4016 Secreta.
446 3961 667 4017 Munera
699 3962 816 4030 tibi,
847 3962 1093 4028 Domine,
1134 3970 1331 4018 nostrae
1362 3962 1671 4018 devotionis

69 4052 385 4121 oﬂerimus,
412 4068 531 4123 quae
555 4062 610 4109 et
634 4069 734 4123 pro
761 4062 975 4109 tuorum
1020 4053 1112 4110 tibi
1137 4063 1289 4125 grata
1326 4054 1436 4110 sint
1463 4054 1670 4110 honore

69 4142 353 4211 justorum
383 4152 439 4198 et
465 4144 620 4200 nobis
648 4143 906 4201 salutaria
959 4152 1011 4201 te
1034 4145 1325 4202 miserante
1351 4145 1665 4200 reddantur.

74 4235 206 4289 Per.

151 4325 489 4380 (.‘ammunio.
521 4324 723 4382 Praesta
747 4326 923 4392 nobis,
953 4326 1199 4392 Domine,
1230 4342 1560 4396 quaesumus,
1590 4325 1669 4380 in-

77 4418 492 4473 tercedentibus
537 4420 741 4475 sanctis
796 4420 903 4475 tuis
938 4419 1012 4473 ill.
1047 4429 1106 4473 ut
1135 4435 1255 4489 qua:
1285 4434 1379 4475 ore
1405 4419 1670 4489 contingi-

76 4526 225 4576 mus,
260 4524 396 4580 pura
428 4519 609 4565 mente
630 4511 926 4580 capiamus.
957 4510 1079 4565 Per.

585 4643 635 4682 IN
665 4644 791 4683 NA'I‘.
828 4642 1171 4685 PONTIFICUII.

156 4741 234 4793 Da
260 4754 589 4807 quaesumus,
617 4740 960 4810 omnipotens
984 4741 1147 4807 Deus,
1174 4749 1232 4796 ut
1255 4740 1399 4796 beati
1432 4739 1505 4793 ill.
1540 4754 1670 4795 con-

78 4832 315 4886 fessoris
369 4832 445 4886 tui
492 4842 656 4903 atque
705 4834 979 4904 pontificis
1014 4833 1317 4891 veneranda
1357 4833 1672 4889 solemnitas

73 4936 135 4979 et
175 4924 521 4979 devotionem
547 4926 699 4981 nobis
730 4936 927 4996 augeat
949 4936 1002 4981 et
1030 4926 1278 4981 salutem.
1307 4924 1433 4982 Per.

156 5014 395 5070 Secreta.
444 5016 629 5072 Sacris
653 5018 935 5085 altaribus,
972 5018 1219 5085 Domine,
1246 5018 1453 5073 hostias
1483 5031 1674 5087 super-

72 5108 320 5177 positas,
370 5124 681 5178 qumsumus
732 5119 790 5163 ut
841 5119 1061 5165 sanctus
1114 5112 1189 5165 ill.
1222 5110 1462 5181 pontifex
1510 5118 1673 5179 atque

74 5200 371 5256 confessor
436 5201 488 5256 in
546 5202 773 5256 salutem
842 5204 996 5259 nobis
1051 5204 1338 5273 provenire
1391 5204 1668 5275 deposcat.

76 5295 213 5349 l‘er.
1054 5318 1057 5321 π

156 5387 489 5443 Communia.
521 5388 744 5456 Praesta,
775 5404 1104 5461 quaesumus,
1142 5392 1481 5461 omnipotens
1511 5391 1671 5459 Deus,

78 5492 143 5536 ut
190 5481 260 5537 de
296 5484 569 5553 perceptis
610 5485 922 5540 muneribus
970 5486 1175 5557 gratias
1216 5486 1559 5553 exhibentes,
1587 5487 1674 5542 in-

84 5666 161 5736 De
197 5664 315 5736 ipso
353 5676 423 5736 et
453 5665 519 5719 de
552 5664 754 5736 templo
783 5664 1011 5734 longiori
1042 5665 1251 5721 calamo
1283 5665 1336 5719 in
1364 5666 1675 5736 Antiquita—

83 5734 237 5787 tibus
268 5734 434 5789 Vallis
490 5735 677 5789 Sancti
701 5735 996 5790 Clementis
1021 5746 1075 5791 et
1103 5737 1153 5790 in
1180 5734 1573 5794 Dissertatione
1604 5739 1670 5792 dc

82 5804 361 5874 rpismpis
423 5805 905 5862 Camerinensibus
975 5807 1072 5863 sub
1140 5808 1391 5877 (‘piSL‘OpO
1452 5806 1675 5880 Httgmtc

1766 595 2026 652 beneficia
2053 597 2260 665 potiora
2298 612 2595 651 sumamus.
2625 597 2746 652 Per.

1805 747 1858 785 IN
1888 746 2015 784 ΝΑΤ.
2047 743 2419 786 (ιουεεςεοιυη
2452 746 2539 794 QUI
2573 746 2675 785 NON
2706 747 2950 788 FUERUN'I‘
2980 748 3306 789 PONTIPICBS.

1838 821 2059 887 Adesto,
2095 820 2343 884 Domine,
2380 820 2861 891 supplicationibus
2884 824 3105 886 nostris,
3129 838 3263 893 quas
3290 826 3345 879 in

1766 913 1938 967 sancti
1964 913 2041 967 ill.
2068 912 2395 967 confessoris
2412 912 2484 965 tui
2499 915 3017 970 commemoratione
3031 915 3343 981 deferimus,

1764 1017 1825 1063 ut
1862 1008 1956 1079 qui
2006 1006 2455 1077 nostraejustitiae
2485 1005 2733 1061 fiduciam
2759 1023 2863 1062 non
2898 1008 3180 1077 habemus,
3206 1010 3345 1079 ejus,

1765 1099 1855 1170 qui
1888 1099 1980 1154 tibi
2006 1098 2227 1169 placuit,
2260 1096 2515 1169 precibus
2538 1095 2878 1164 adjuvcmur.
2915 1097 3039 1154 Per.

1842 1190 2073 1245 Secreta.
2128 1189 2341 1244 llostias
2398 1189 2516 1253 tibi,
2553 1188 2794 1250 Domine,
2822 1206 2920 1260 pro
2950 1205 3347 1245 commemora-

1769 1281 1914 1335 tione
1958 1280 2132 1335 sancti
2193 1280 2269 1334 ill.
2326 1279 2655 1334 confessoris
2704 1280 2777 1333 tui
2807 1279 3106 1346 offerimus,
3134 1295 3347 1350 querna

1766 1370 1842 1425 tui
1873 1371 2119 1439 corporis
2150 1370 2356 1423 unitate
2394 1369 2537 1422 nulla
2566 1370 2797 1423 tentatio
2821 1372 3115 1439 separavit.
3147 1371 3269 1423 Per.

1837 1461 2166 1515 Communia.
2202 1460 2271 1516 Ut
2300 1462 2475 1525 nobis,
2502 1459 2748 1525 Domine,
2799 1470 2884 1515 tua
2928 1460 3190 1516 sacrificii
3222 1462 3351 1514 dent

1766 1553 2019 1617 salutem,
2049 1553 2239 1607 beatus
2269 1552 2343 1606 ill.
2380 1553 2660 1608 confessor
2684 1562 2804 1608 tuus
2831 1568 3139 1623 quaesumus
3158 1567 3349 1621 preca-

1769 1656 1853 1702 tor
1878 1647 2120 1703 accedat.
2155 1645 2275 1702 Per.

2200 1796 2205 1797 ⁷
2266 1794 2317 1833 IN
2342 1794 2538 1834 NA'I‘ALI
2571 1793 2848 1833 VIRGINUI.

1105 1850 1298 1891 “rum
1325 1834 1667 1890 orauombus
1698 1842 1741 1896 Β
1839 1873 2002 1937 Deus,
2028 1873 2119 1942 qui
2150 1886 2249 1927 nos
2299 1872 2470 1928 beata:
2499 1872 2575 1926 ill.
2600 1871 2824 1943 virginis
2853 1868 3213 1940 martyrisque
3248 1876 3350 1921 tua:

1766 1980 1943 2019 annua
1970 1963 2585 2027 solemnitatelzetiticas,
2614 1962 2848 2017 concede
2868 1960 3134 2031 propitius
3157 1970 3210 2012 ut
3233 1959 3350 2029 ejus

1765 2054 2086 2126 adjuvcmur
2099 2054 2330 2121 meritis,
2353 2052 2505 2124 cujus
2524 2050 2794 2108 castitatis
2820 2049 3149 2105 irradiamur
3170 2064 3352 2104 exem-

1765 2146 1888 2216 plis.
1918 2144 2043 2200 Per.

1839 2238 2073 2294 Secreta.
2104 2235 2417 2303 Oﬂ'erimus,
2460 2235 2708 2297 Domine,
2747 2246 2937 2302 preces
2967 2240 3019 2284 et
3047 2244 3269 2284 munera
3296 2228 3350 2282 in

1767 2330 1973 2385 honore
2001 2338 2204 2385 saneta:
2231 2327 2306 2383 ill.
2347 2326 2573 2396 virginis
2597 2326 2961 2395 martyrisque
2987 2332 3089 2377 tua:
3116 2320 3353 2392 gauden-

1769 2430 1873 2488 tes,
1904 2429 2104 2491 prazsta
2134 2433 2447 2489 quaesumus
2468 2426 2526 2471 ut
2556 2424 2611 2471 et
2638 2415 3027 2472 convenienter
3049 2412 3165 2466 lure
3192 2423 3353 2480 agere

1766 2517 1823 2563 et
1880 2508 2179 2563 remedium
2239 2505 2633 2575 sempiternum
2696 2502 2978 2558 valeamus
3047 2500 3349 2570 acquirere.

1766 2600 1892 2658 Per.

1838 2691 2169 2747 Communia.
2188 2689 2454 2761 Adjurent
2480 2704 2596 2755 nos,
2619 2702 2949 2758 quaesumus,
2970 2684 3213 2746 Domine,
3237 2682 3353 2736 hac

1770 2784 2031 2856 mysteria
2089 2793 2276 2839 sancta
2322 2798 2443 2854 qua?
2475 2780 2826 2850 sumpsimus,
2854 2787 2911 2833 et
2933 2778 3106 2832 beata:
3134 2773 3209 2849 ill.
3244 2773 3352 2827 vir-

1769 2877 1909 2948 ginis
1939 2874 2301 2947 martyrisque
2328 2884 2431 2929 tuae
2458 2870 2777 2927 intercessio
2804 2867 3134 2924 veneranda.
3154 2863 3279 2919 Per.

1983 3024 2181 3063 INCIPIT
2210 3022 2349 3062 ORDO
2380 3021 2447 3061 AD
2479 3019 2769 3060 IONACIIUI
2796 2995 3118 3057 FACIENDUII.

2089 3097 2345 3166 Projiciat
2370 3112 2423 3150 se
2448 3096 2670 3150 novitius
2695 3105 2816 3149 ante
2840 3094 3028 3147 altare.

1694 3187 1734 3243 C
1840 3191 2004 3245 Pater
2046 3200 2249 3243 noster.
2296 3187 2552 3242 Miserere
2583 3185 2709 3242 mei.
2765 3183 3088 3253 Capitulum.
3118 3178 3354 3236 Ostende

1773 3286 1950 3350 nobis,
1988 3283 2232 3338 Domine.
2284 3282 2409 3336 Esto
2439 3281 2512 3344 ei,
2546 3279 2792 3335 Domine.
2827 3277 2975 3331 Mitte
3002 3275 3073 3339 ei,
3103 3274 3352 3327 Domine.

1774 3376 2017 3439 Domine,
2047 3374 2265 3430 exaudi.

1796 3500 1799 3503 η
1845 3466 2049 3522 Oratio.
2077 3466 2237 3528 Deus,
2272 3462 2619 3535 indulgentia:
2646 3461 2827 3527 Pater,
2868 3460 2961 3531 qui
2994 3468 3046 3514 te
3070 3458 3355 3512 veritatem

1774 3569 1878 3615 tua:
1905 3556 2247 3613 discretionis
2269 3564 2580 3626 temperans
2605 3552 2894 3619 indulsisti,
2922 3564 2990 3606 ne
3012 3540 3153 3604 filius
3175 3560 3358 3619 porta-

1772 3657 1857 3703 ret
1881 3648 2216 3717 iniquitatem
2236 3646 2427 3716 patris,
2443 3653 2497 3700 et
2515 3644 2606 3714 qui
2626 3644 2760 3698 mira
2776 3640 3177 3711 dispensatione
3190 3639 3355 3693 etiam

1774 3738 1931 3793 malis
1984 3738 2121 3791 bene
2166 3747 2325 3791 utens
2379 3743 2487 3790 tua:
2518 3732 2847 3805 dignationis
2876 3732 3107 3803 gratiam
3139 3745 3233 3801 per
3261 3744 3357 3783 eos

1775 3830 2086 3897 frequenter
2109 3826 2375 3897 operaris,
2400 3839 2712 3896 quazsumus
2733 3821 3073 3879 clementiam
3100 3831 3268 3885 tuam,
3298 3828 3357 3873 ut

1773 3918 1899 3972 huic
1924 3917 2121 3972 famqu
2145 3925 2258 3980 tuo,
2291 3915 2367 3970 ill.
2407 3929 2513 3969 non
2551 3912 2783 3969 obsistat
2819 3912 2961 3982 quod
2988 3926 3086 3981 per
3112 3909 3357 3965 habitum

1774 4007 2056 4077 religionis
2112 4020 2207 4075 per
2234 4018 2333 4059 nos
2361 4010 2510 4058 tanta
2546 4017 2611 4056 ac
2635 4000 2727 4056 tali
2758 4015 2816 4055 re
2846 3998 3100 4070 indignos
3123 3996 3354 4065 accepit,

1772 4100 1868 4157 sed
1925 4098 2308 4162 ministerium,
2354 4096 2498 4167 quod
2533 4094 2775 4150 exterius
2801 4107 2901 4162 per
2924 4107 3024 4146 nos
3044 4089 3352 4150 exhibetur,

1774 4201 1829 4248 tu
1880 4191 2107 4246 interius
2148 4205 2249 4261 per
2276 4190 2476 4244 donum
2518 4186 2693 4243 sancti
2746 4183 2985 4255 Spiritus
3013 4180 3353 4250 exsequaris.

1772 4284 1896 4340 Per.

1845 4375 1967 4429 Alia
2020 4374 2210 4429 oratio.
2258 4372 2431 4436 Deus,
2481 4371 2572 4441 qui
2618 4386 2716 4441 per
2762 4376 3089 4426 coaeternum
3156 4364 3353 4419 Filium

1775 4482 1925 4526 tuum
1971 4478 2165 4525 cuncta
2216 4468 2438 4533 creasti,
2473 4466 2675 4536 quique
2717 4464 2975 4519 nnmdum
3023 4462 3076 4517 in
3121 4458 3359 4531 peccatis

1777 4563 2134 4617 inveteratum
2190 4573 2286 4631 per
2336 4557 2653 4629 mysterium
2709 4564 2911 4610 sancta:
2965 4549 3358 4606 Incarnationis

1774 4655 1891 4725 ejus
1922 4666 2181 4708 renovare
2216 4650 2469 4720 dignatus
2500 4664 2581 4715 es,
2630 4657 2681 4703 te
2720 4645 2993 4717 supplices
3044 4656 3357 4705 exoramus,
3414 4670 3415 4673 η

1774 4756 1836 4803 ιιι
1878 4745 2118 4817 ejusdem
2148 4743 2359 4799 Domini
2389 4743 2557 4797 nostri
2593 4740 2762 4812 gratia
2795 4751 2957 4807 super
2996 4736 3141 4790 hunc
3180 4732 3358 4788 famu-

1776 4838 1886 4894 lum
1941 4846 2114 4904 tuum,
2166 4834 2697 4891 abrenuntiationem
2758 4828 2937 4886 sarculi
2990 4827 3358 4898 profitentem,

1775 4930 2073 4987 clementer
2108 4927 2378 4999 respicere
2429 4924 2686 4996 digneris,
2724 4937 2821 4992 per
2851 4934 3015 4991 quam
3065 4918 3117 4973 in
3166 4916 3358 4987 Spiritu

1776 5039 1887 5079 sute
1928 5021 2126 5078 mentis
2167 5027 2458 5075 renovatus
2498 5026 2734 5070 VBICI‘CIII
2768 5012 3042 5068 hominem
3080 5025 3202 5065 cum
3247 5008 3361 5063 SlllS

1783 5114 1994 5170 actibus
2022 5119 2211 5177 exuat,
2240 5119 2297 5165 et
2330 5124 2524 5164 novum
2579 5107 2876 5167 hominem,
2927 5104 3017 5172 qui
3066 5100 3358 5160 secundum

1778 5206 1947 5261 Deum
1989 5213 2204 5260 creatus
2240 5210 2344 5268 est,
2375 5200 2598 5255 induere
2629 5208 2925 5253 mereatur.
2962 5196 3081 5250 Per.

1852 5296 2149 5353 Benedictio
2203 5292 2439 5348 cucullw.
2492 5290 2715 5346 Domine
2766 5289 2893 5345 Iesu
2953 5288 3203 5351 Christe,
3265 5285 3359 5356 qui

1780 5400 2026 5462 tegumen
2082 5398 2281 5443 nostrae
2317 5384 2663 5440 mortalitatis
2720 5383 2944 5438 induere
2987 5381 3240 5450 dignatus
3274 5393 3359 5441 es,

1776 5480 2124 5538 obsecramus
2156 5478 2474 5532 immensam
2519 5484 2623 5529 tuae
2654 5473 2920 5546 largitatis
2949 5470 3357 5535 abundantiam,

1779 5678 1978 5730 scribo.
2032 5677 2215 5745 Agunt
2267 5673 2333 5728 de
2362 5689 2426 5727 eo
2456 5673 2620 5727 etiam
2651 5672 3140 5745 Camahlulensium
3178 5670 3360 5722 Anna-

1778 5746 1907 5802 lium
1930 5743 2225 5817 scriptores
2254 5748 2314 5817 (t.
2352 5745 2446 5799 let
2477 5744 2527 5798 in
2562 5745 2661 5821 hoc
2694 5743 2777 5811 ll).
