3892 6314
528 323 630 378 867

527 441 726 495 Sancta
765 438 974 508 Agatha
999 479 1011 499 ,
1059 452 1140 491 or.

525 532 726 586 Sancta
761 530 939 599 Agnes
957 569 972 594 ,
1026 545 1110 583 or.

523 620 723 677 Sancta
761 619 972 675 Caecilia
991 660 1006 684 ,
1052 633 1139 673 or.

521 712 722 768 Sancta
759 709 960 777 Lucia,
1010 726 1093 765 or.

521 802 720 858 Sancta
758 801 966 857 Iustina
992 844 1007 869 ,
1045 817 1130 858 or.

521 896 723 952 Sancta
763 895 1090 961 Anastasia,
1141 911 1225 951 or.

519 986 720 1044 Sancta
759 986 992 1054 Savina,
1032 1003 1117 1043 or.

519 1075 723 1132 Sancta
765 1076 1023 1133 Columba
1048 1118 1065 1146 ,
1105 1094 1190 1134 or.

519 1166 721 1224 Sancta
764 1168 1040 1234 Barbara,
1087 1186 1171 1226 or.

518 1256 721 1313 Omnes
758 1260 931 1317 sancti
951 1302 968 1327 ,
1020 1277 1104 1317 or.

519 1348 793 1421 Propitius
841 1363 958 1408 esto
976 1393 991 1418 ,
1040 1369 1221 1423 parce.

517 1439 601 1494 Ab
650 1441 797 1496 omni
849 1442 1021 1509 malo,
1063 1442 1259 1498 libera.

518 1531 601 1585 Ad
640 1532 849 1587 insidiis
887 1533 1118 1599 diaboli,
1160 1534 1256 1590 lib.

516 1622 563 1675 Δ
605 1622 843 1691 periculo
887 1625 1113 1692 mortis,
1153 1624 1249 1680 lib.

515 1711 560 1764 Δ
594 1713 970 1780 persecutione
1007 1714 1247 1781 inimici,
1288 1714 1382 1771 lib.

514 1801 559 1855 Δ
594 1803 832 1870 peccatis
868 1804 1050 1860 multis
1065 1846 1080 1869 ,
1107 1805 1207 1862 lib.

519 1891 597 1945 Ab
628 1894 775 1948 omni
809 1895 1135 1963 tentatione,
1169 1896 1263 1951 lib.

512 1982 597 2037 Ab
624 1984 769 2038 omni
802 1986 1133 2055 cogitatione
1164 1988 1378 2059 iniqua,
1418 1989 1513 2046 lib.

513 2075 597 2129 Ab
625 2077 771 2130 omni
807 2077 1127 2149 iniquitate,
1167 2080 1262 2136 lib.

511 2163 596 2219 Ab
628 2167 774 2222 omni
808 2168 1149 2231 immunditia
1172 2212 1187 2237 ,
1232 2172 1327 2228 lib.

514 2255 559 2309 A
596 2258 877 2313 subitanea
909 2270 1115 2329 morte,
1150 2261 1244 2318 lib.

514 2347 556 2399 A
590 2348 835 2417 gehenna
865 2351 1037 2421 ignis,
1069 2352 1164 2409 lib.

524 2440 835 2498 Misericors
866 2443 1039 2509 Deus,
1072 2454 1124 2501 te
1154 2460 1432 2517 rogamus.

522 2532 857 2604 Redemptor
886 2538 1102 2601 mundi,
1140 2547 1193 2595 te
1221 2555 1334 2612 rog.

514 2621 688 2680 Pecca
697 2635 840 2682 tores
855 2667 870 2692 ,
913 2637 963 2681 te
992 2643 1110 2697 rog.

518 2712 584 2768 Ut
615 2730 799 2782 pacem
828 2717 985 2772 nobis
1012 2719 1210 2785 dones,
1244 2729 1296 2777 te
1326 2735 1441 2792 rog.

516 2804 586 2860 Ut
609 2807 818 2861 veniam
838 2808 1160 2865 delictorum
1184 2822 1490 2868 nostrorum
1516 2813 1672 2869 nobis
1694 2813 1885 2881 dones,
1911 2823 1961 2869 te
1983 2829 2098 2886 reg.

516 2895 586 2950 Ut
620 2898 834 2952 veniam
865 2901 1202 2971 ptenitentia:
1230 2904 1390 2959 nobis
1420 2906 1619 2970 dones,
1652 2914 1703 2961 te
1727 2920 1841 2978 rog.

520 2985 589 3041 Ut
618 2990 1094 3058 compunctionem
1124 2994 1307 3050 cordis
1339 2995 1495 3051 nobis
1526 2996 1714 3064 dones,
1746 3006 1796 3052 te
1822 3011 1939 3069 rog.

517 3074 586 3130 Ut
617 3074 820 3131 fontem
852 3078 1217 3151 lacrymarutn
1251 3085 1409 3141 nobis
1438 3086 1629 3153 dones,
1660 3095 1712 3143 te
1743 3102 1860 3159 rog.

514 3166 584 3223 Ut
616 3169 812 3225 mentis
845 3173 1209 3230 constantiam
1242 3176 1397 3233 nobis
1424 3178 1611 3246 dones,
1647 3189 1699 3236 te
1731 3197 1848 3253 rog.

512 3256 585 3313 Ut
618 3260 991 3316 remissionem
1021 3274 1369 3334 peccatorum
1399 3269 1555 3326 nobis
1585 3270 1774 3337 dones,
1805 3282 1857 3326 te
1887 3288 2002 3343 rog.

511 3345 581 3405 Ut
609 3349 677 3403 ad
700 3349 865 3405 vitam
890 3360 1152 3409 aeternam
1180 3370 1280 3411 nos
1302 3361 1602 3428 perducere
1618 3358 1877 3432 digneris,
1903 3370 1953 3417 te
1980 3379 2092 3433 reg.

512 3435 582 3492 Ut
606 3452 707 3493 nos
734 3440 996 3497 exaudire
1032 3442 1297 3514 digneris,
1332 3455 1384 3502 te
1415 3462 1528 3520 rog.

509 3527 609 3582 Fili
639 3529 752 3595 Dei,
784 3538 836 3586 te
859 3546 1111 3603 rogamus
1143 3536 1267 3590 audi
1298 3551 1396 3592 nos
1423 3538 1567 3609 (bis).

506 3624 693 3691 Agnus
721 3622 835 3688 Dei,
868 3624 961 3693 qui
992 3624 1135 3681 tollis
1162 3636 1384 3697 peccata
1416 3630 1635 3695 mundi,
1667 3646 1850 3702 parce.

507 3709 691 3778 Agnus
722 3710 837 3775 Dei,
870 3712 961 3780 qui
996 3713 1138 3769 tollis
1166 3726 1388 3785 peccata
1423 3719 1633 3782 mundi,
1664 3721 1878 3775 exaudi.

506 3798 694 3868 Agnus
721 3799 836 3865 Dei,
874 3802 969 3872 qui
998 3804 1142 3859 tollis
1169 3817 1388 3877 peccata
1422 3811 1630 3877 niundi,
1660 3812 1937 3868 miserere.

507 3889 722 3946 Christe
749 3894 870 3946 audi
902 3908 1001 3950 nos
1041 3896 1186 3967 (bis).

507 3978 677 4052 Kyrie
709 3980 911 4038 eleison
943 3986 1088 4054 (ter).
1133 3986 1294 4044 Pater
1334 4000 1539 4046 noster.

576 4074 747 4143 Capit.
795 4075 908 4147 Ego
953 4078 1085 4146 dixi,
1118 4080 1379 4148 Domine,
1416 4098 1568 4137 sana.
1624 4083 1778 4149 Fiat,
1832 4084 2083 4155 Domine,

1708 318 1878 377 SzEC.
1911 317 1981 373 XI
2018 316 2283 373 NONUM.
2320 318 2597 377 LITL'llG.

3669 339 3745 394 868

2142 412 2353 470 Atiam
2407 415 2610 471 famulo
2658 427 2768 479 tuo,
2813 427 2865 472 et
2916 420 3238 476 medicinam
3279 422 3451 479 tribue
3496 428 3744 503 vulnerato,

2224 515 2283 558 nt
2321 506 2540 561 exclusa
2581 508 2952 567 dominatione
2984 512 3236 582 peccati,
3290 514 3471 573 liberis
3504 518 3589 576 tibi
3630 541 3745 582 meu-

2221 593 2361 649 tibus
2393 594 2702 651 famuletur.
2744 598 2848 653 Per

2286 686 2407 739 Alia
2437 689 2626 742 oratio.
2659 690 2888 756 Praesta,
2921 693 3169 757 Domine,
3205 710 3530 767 quaesumus,
3559 702 3666 757 huic
3687 708 3746 762 ia-

2216 777 2363 832 mulo
2394 785 2484 832 tuo
2510 778 2588 835 ill.
2618 780 2792 852 dign-.e~
2814 785 3149 853 poenitentia:
3183 786 3441 854 fructum,
3465 800 3522 844 ut
3545 791 3749 855 Ecclesia

2218 876 2323 922 tua:
2352 878 2575 935 sanctze,
2619 888 2648 926 a
2685 871 2840 941 cujus
2870 876 3184 947 integritate
3212 880 3489 949 peccando
3527 883 3746 953 discessit,

2217 956 2285 1010 ad
2336 958 2454 1025 ejus
2494 963 2811 1031 mysterium
2864 968 3073 1021 veniam
3117 971 3498 1039 consequendo
3541 975 3748 1035 reddatur

2216 1045 2495 1105 innocens.
2534 1050 2658 1107 Per.

2401 1156 2596 1197 INCIPIT
2635 1154 3025 1201 ΡαΞΝΙΤΕΝτΙυὶί
3064 1162 3202 1204 VB!“
3242 1164 3586 1209 CBEDULITAS.

2286 1236 2475 1292 Credis
2521 1237 2573 1291 in
2605 1236 2771 1290 Deum
2800 1236 3016 1292 Patrem
3048 1242 3477 1311 omnipotentem
3510 1255 3561 1299 ct
3593 1246 3747 1304 Filium

2212 1335 2264 1381 et
2295 1325 2554 1397 Spiritum
2583 1328 2871 1381 sanctum?
2899 1328 2953 1395 ἢ.
2985 1326 3180 1385 Credo.

2284 1418 2473 1473 Credis
2491 1419 2633 1487 quod
2662 1419 2777 1473 ista:
2801 1427 2910 1474 tres
2937 1434 3185 1489 personae
3202 1462 3216 1486 ,
3241 1423 3514 1493 quomodo
3537 1426 3743 1495 diximus,

2211 1510 2374 1566 Pater
2394 1521 2454 1566 et
2483 1511 2651 1567 Filius
2680 1520 2736 1567 et
2760 1511 2995 1583 Spiritus
3021 1524 3244 1572 sanctus
3271 1525 3385 1573 tres
3416 1518 3541 1584 sint,
3570 1530 3618 1576 et
3642 1538 3748 1579 unus

2213 1603 2391 1660 Deus?
2534 1604 2729 1661 Credo.

2281 1696 2471 1753 Credis
2511 1698 2654 1768 quod
2694 1699 2797 1753 ista
2833 1714 3000 1757 carne
3045 1701 3099 1756 in
3130 1716 3237 1773 qua
3287 1719 3432 1760 nunc
3456 1720 3538 1761 es.
3580 1706 3626 1761 in
3661 1709 3745 1777 ipsa

2137 1772 2187 1832 Β
2212 1790 2437 1846 habebis
2463 1806 2775 1862 resurgere,
2805 1802 2861 1847 et
2884 1794 3127 1865 recipere
3149 1772 3265 1851 sive
3293 1798 3457 1862 bona,
3490 1799 3595 1856 sive
3617 1804 3745 1867 mala,

2209 1895 2332 1951 quae
2359 1881 2556 1951 egisti?
2598 1882 2633 1948 ιῆ
2658 1921 2671 1935 .
2698 1882 2894 1938 Credo.

2285 1973 2378 2028 Vis
2402 1973 2675 2029 dimittere
2724 1975 2833 2032 illis
2859 1978 2952 2047 qni
2987 1978 3040 2032 in
3081 1988 3134 2035 te
3176 1992 3553 2051 peccaverunt,
3575 1984 3745 2040 dicetne

2209 2065 2475 2121 Domino:
2507 2064 2566 2121 Si
2598 2080 2705 2121 non
2749 2070 3070 2126 remiseritis
3098 2072 3413 2129 ltominibus
3441 2087 3640 2145 peccata
3674 2094 3746 2130 eo-
3836 2066 3843 2073 ’

2209 2172 2352 2222 rum,
2382 2172 2483 2214 nec
2503 2156 2666 2213 Pater
2691 2170 2873 2215 vester
2897 2161 3129 2218 dimittet
3155 2164 3308 2220 vobis
3328 2177 3544 2236 peccata
3571 2173 3746 2223 vestra?

2207 2246 2264 2316 ἢ.
2297 2246 2544 2302 Dimitto.
3720 2314 3725 2317 ν

2281 2338 2338 2394 Si
2371 2338 2439 2394 de
2465 2339 2840 2399 criminalibus
2869 2346 3109 2413 peccatis
3141 2349 3379 2417 peccasti
3404 2389 3421 2413 ,
3455 2350 3553 2406 hoc
3576 2362 3647 2406 est
3670 2369 3744 2406 su-

2205 2432 2412 2503 perbia,
2450 2434 2830 2504 sacrilegium,
2868 2438 3258 2507 homicidium,
3285 2429 3746 2510 adulterium,fur-

2142 2524 2153 2534 °
2208 2533 2321 2578 tum
2344 2565 2360 2590 ,
2396 2524 2605 2595 rapina,
2636 2526 2723 2581 vel
2763 2527 2867 2582 alia
2905 2544 3025 2598 qua:
3056 2530 3400 2586 dinumerare
3440 2532 3742 2602 longumey,

2207 2626 2426 2673 sanctus
2456 2633 2587 2690 ergo
2617 2618 2814 2675 Paulus
2838 2631 2895 2675 et
2926 2621 3260 2692 Augustinus
3294 2633 3349 2678 et
3375 2623 3466 2677 alii
3496 2626 3645 2680 sancti
3669 2625 3746 2680 Pa-

2207 2719 2320 2766 tres
2342 2720 2794 2781 computaverunt
2819 2712 2935 2767 fieri
2960 2729 3059 2783 pro
3084 2714 3168 2770 his
3195 2713 3375 2787 largas
3395 2715 3743 2789 cleemosyuas,

2204 2809 2261 2855 et
2288 2800 2447 2872 longo
2477 2812 2720 2872 tempore
2759 2803 3048 2874 jejunium.
3083 2806 3280 2862 Clerici
3318 2823 3349 2862 ν
3382 2824 3531 2873 ann.;
3567 2810 3744 2866 diaconi

2207 2905 2314 2957 vn;
2345 2892 2648 2964 presbyteri
2691 2909 2754 2960 x;
2802 2895 3053 2973 monachi
3091 2912 3195 2962 vn;
3227 2896 3469 2968 episcopi
3500 2915 3584 2953 ιιι.
3627 2898 3673 2955 Si
3702 2902 3743 2954 in

2205 2985 2595 3040 consuetudine
2623 2985 2808 3054 fuerit,
2836 2987 3072 3043 addatur
3103 2990 3442 3058 pmnitentia.

2280 3074 2425 3131 Tum:
2480 3087 2721 3133 cantetur
2775 3096 3004 3136 oremus.
3050 3079 3411 3153 Omnipotens
3463 3084 3744 3153 sempiterna

2384 3130 2411 3131 κν
2778 3130 3004 3136 “ww-
3058 3130 3410 3153 τ------,,------
3463 3130 3742 3153 --.-.,..--...-

2123 3130 2171 3195 C
2204 3167 2369 3235 Deus,
2395 3169 2488 3239 qui
2522 3171 2819 3227 secundum
2870 3189 3124 3246 magnam
3164 3175 3586 3231 misericordiam
3626 3186 3742 3231 tuam

2196 3267 2421 3327 peccata
2451 3259 2827 3330 pcenitentium
2852 3262 3021 3328 deles,
3058 3273 3114 3320 et
3141 3264 3195 3319 in
3235 3275 3284 3319 te
3316 3266 3642 3336 sperantibus
3664 3280 3740 3321 ce-

2196 3348 2296 3406 leri
2323 3351 2523 3420 pietate
2551 3353 2867 3421 succurris,
2912 3354 3115 3411 famulo
3153 3366 3245 3414 tuo
3291 3357 3395 3421 ιιι..
3440 3372 3739 3429 quaesumus.

2196 3444 2571 3500 remissionem
2617 3446 2860 3501 omnium
2902 3456 3252 3517 peccatorum
3301 3451 3505 3517 tribu",
3552 3460 3600 3505 et
3639 3460 3738 3505 vota

2193 3534 2440 3605 placatus
2489 3551 2732 3602 assume,
2789 3553 2989 3593 reuova
3039 3540 3092 3595 in
3149 3553 3242 3605 eo,
3292 3540 3535 3611 piissime
3580 3540 3734 3601 Pater,

2193 3627 2458 3698 quidquid
2484 3637 2698 3684 terrena
2726 3628 3022 3702 fragilitate
3045 3642 3366 3702 corruptum
3393 3640 3494 3700 est,
3518 3632 3736 3704 quidquid

2194 3719 2459 3774 diabolica
2500 3719 2837 3777 immissione
2871 3721 3163 3788 violatum,
3201 3723 3483 3792 miserere,
3522 3723 3736 3782 Domine,

2193 3809 2486 3880 gemituum
2525 3810 2665 3879 ejus,
2694 3810 2956 3868 miserere
2997 3812 3395 3885 lacrymarum,
3440 3823 3497 3869 ut
3533 3815 3593 3869 de
3626 3826 3736 3865 ma!-

2194 3917 2319 3957 rore
2349 3902 2403 3956 in
2434 3902 2690 3974 gaudium
2738 3918 2837 3974 per
2883 3914 3030 3959 tuam
3076 3903 3506 3960 misericordiam
3546 3902 3737 3957 transfe-

2193 4001 2366 4047 ratur.
2395 3991 2519 4047 Per.

2263 4082 2495 4140 Secreta.
2524 4086 2666 4141 Deus
2692 4087 3052 4159 omnipotens,
3082 4087 3227 4144 Deus
3252 4088 3589 4151 misericors,
3618 4085 3735 4140 Deus

505 4167 879 4224 misericordia
918 4179 1027 4225 tua.
1082 4173 1573 4240 Quemadmodum.
1630 4177 1879 4240 Domine,
1906 4188 2093 4233 averte
2191 4175 2464 4243 clemens.
2511 4178 2603 4249 (illi
2646 4179 3033 4251 indlllsenliam
3075 4191 3221 4237 luam
3279 4183 3430 4238 nulla
3475 4193 3733 4252 ιθηιβθηηη

503 4259 697 4315 faciem
756 4272 922 4316 tuam.
978 4264 1046 4319 Et
1097 4268 1275 4321 omnis
1330 4269 1613 4337 iniquitas.
1667 4267 1935 4323 Converte
1968 4284 2087 4337 nos,

2191 4263 2306 4335 lege
2341 4267 2649 4335 concludis,
2680 4270 2897 4339 suscipe
2923 4285 3113 4339 preces
3141 4280 3196 4326 et
3230 4271 3436 4327 hostias
3460 4313 3474 4337 ,
3518 4287 3637 4341 quas
3659 4268 3732 4324 tibi

501 4351 644 4407 Deus
669 4353 939 4411 salutaris.
970 4356 1037 4410 Et
1062 4367 1248 4413 averte
1275 4359 1433 4415 iram.
1467 4359 1711 4426 Domine,
1743 4362 1939 4416 eXaudi
1967 4376 2094 4416 ora-
2190 4373 2289 4428 pro
2318 4358 2649 4431 indulgentia
2674 4359 2860 4415 fatnuli
2899 4361 2972 4415 tni
3002 4361 3077 4416 ill.
3109 4360 3439 4426 deferimus,
3482 4372 3537 4415 ut
3566 4372 3614 4416 et
3637 4376 3735 4430 pec-

501 4443 723 4498 tionem.
758 4443 823 4498 Et
851 4444 1058 4504 clamor
1078 4464 1252 4505 meus.
1290 4450 1552 4519 Exsurge,
1591 4451 1834 4517 Domine,
1872 4452 2086 4522 adjuva.

498 4537 566 4592 Et
613 4538 781 4593 libera
824 4555 940 4595 nos.
972 4539 1237 4595 Dominus
1282 4540 1579 4596 vobiscum.
1613 4542 1681 4596 Et
1717 4558 1839 4597 cum
1891 4544 2085 4615 spiritu

499 4637 612 4684 ιυο.

569 4719 775 4776 Oratio.
810 4723 1050 4790 Exaudi,
1086 4725 1335 4794 Domine,
1381 4741 1571 4797 preces
1614 4737 1847 4791 nostras,
1879 4736 1934 4781 et
1960 4743 2087 4783 con-

493 4815 729 4870 vertenti
787 4817 881 4871 tibi
932 4816 1136 4873 famulo
1167 4829 1257 4875 tuo
1302 4834 1467 4889 parce
1502 4804 1762 4888 peccatis,
1817 4827 1877 4872 ut
1925 4834 2087 4889 quem

492 4908 845 4963 conscientia:
901 4917 1245 4967 suze'reatus
1296 4920 1550 4976 accusat,
1605 4909 1933 4979 indulgentia
1984 4920 2087 4966 tute

495 4999 865 5056 miserationis
894 5001 1159 5057 absolvat.
1191 5003 1315 5058 Per.

564 5089 684 5144 Alia
732 5093 923 5145 oratio.
973 5092 1117 5149 Deus
1162 5094 1255 5163 qui
1296 5091 1539 5148 omnium
1585 5093 1957 5147 confitentium
1989 5092 2083 5148 tibi

491 5181 658 5237 corda
692 5184 987 5254 purificas,
1024 5192 1081 5240 et
1119 5193 1467 5241 accusantem
1510 5200 1664 5240 suam
1693 5185 2081 5240 conscientiam

490 5275 561 5331 ab
592 5276 739 5331 omni
766 5276 987 5333 vinculo
1018 5277 1327 5347 iniquitatis
1374 5277 1637 5342 absolvis,
1687 5277 1754 5331 da
1803 5276 2083 5349 indulgen-

560 5414 675 5539 §29)
715 5415 1059 5497 .Apostolicze
1110 5413 1417 5494 traditionis
1460 5421 1546 5469 est
1602 5410 1928 5467 sacrificium
1984 5428 2083 5482 pro

583 5496 759 5539 unctis
799 5487 995 5539 oilerre
1064 5485 1276 5539 (Bona.
1335 5483 1430 5539 ltb.
1491 5499 1554 5539 tt.
1601 5499 1651 5539 c.
1693 5482 1781 5539 15.
1835 5498 1889 5535 ιι.
1927 5482 1986 5539 4)
2031 5493 2083 5537 et

489 5482 759 5558 defunctis
790 5482 995 5558 Volferre
1064 5485 1276 5558 (,Boru,
1335 5483 1430 5539 lib.
1475 5499 1651 5558 _lAl,_c.
1693 5482 1889 5558 15,_n.
1927 5482 1986 5558 4)
2031 5493 2083 5537 et

489 5556 628 5612 Aetii
695 5572 852 5611 error
913 5556 1017 5611 fuit
1074 5552 2079 5637 negare_sacrifieiuml.pfl‘erentluin

486 5640 607 5699 esse
643 5644 741 5698 pro
774 5628 927 5699 ipsis,
967 5622 1255 5699 utiscribit
1295 5625 1629 5699 Epiphanius
1668 5622 1916 5699 _(_lla:res.
1959 5622 2076 5699 :75).

491 5692 874 5774 Ritus'dciu'de
920 5698 1146 5752 invaluit
1200 5692 1413 5774 sacrum
1468 5692 1844 5774 faciendinpro
1885 5692 2079 5774 delun-

490 5770 591 5822 αἱς
641 5784 747 5823 non
806 5777 1012 5822 tantum
1068 5782 1257 5822 eorum
1310 5767 1394 5825 die
1447 5764 1733 5821 emortuali
1785 5772 1837 5818 et
1895 5763 2075 5833 sepul-

2122 4484 2166 4538 Ι)
2191 4457 2439 4505 calorum
2487 4452 2538 4506 ei
2594 4451 2808 4506 veniam
2850 4451 3161 4507 misericors
3198 4451 3474 4521 largiaris,
3507 4460 3559 4505 et
3591 4448 3736 4504 cordis

2190 4538 2307 4608 ejus
2340 4549 2488 4595 recta
2518 4539 2789 4595 desideria
2824 4539 3049 4611 implere
3075 4539 3339 4613 digneris.
3368 4538 3493 4593 Per.

2264 4629 2711 4686 Postcommunio.
2754 4632 2917 4697 Deus,
2964 4632 3055 4703 qui
3102 4631 3490 4687 misericordi-.e
3530 4638 3620 4683 tua:
3659 4640 3733 4695 pe-

2194 4721 2324 4775 tenti
2354 4722 2556 4777 auxilio
2583 4731 2638 4778 et
2667 4738 2928 4794 prospera
2969 4725 3163 4780 tribuis
3182 4734 3296 4812 ,.et
3332 4724 3557 4779 adversa
3589 4719 3734 4789 depel-

2191 4810 2278 4876 lis,
2305 4812 2559 4868 universa
2590 4812 2869 4869 obstacula
2894 4854 2909 4880 ,
2943 4831 3064 4885 qua:
3109 4810 3313 4869 famulo
3345 4824 3438 4870 tuo
3479 4814 3549 4869 ill.
3578 4814 3732 4867 adver-

2189 4911 2396 4968 santur,
2433 4919 2695 4977 expurga,
2733 4915 2787 4960 et
2819 4906 3045 4962 remmis
3081 4906 3472 4963 tentationibns
3506 4902 3731 4959 universis

2142 5050 2145 5051 ν
2192 4994 2461 5052 indefessa
2491 4996 2585 5052 tibi
2625 4998 2932 5067 gratiarum
2964 5000 3185 5055 actione
3213 4998 3434 5053 laudare
3482 5007 3728 5052 mereatur.

2186 5086 2310 5143 Per.

2506 5180 2619 5254 (29)
2659 5197 2807 5238 IISSA
2844 5198 2898 5237 IN
2935 5199 3021 5237 ιιιε
3061 5198 3445 5238 ospostrtoms.

2254 5271 2429 5337 Deus,
2460 5273 2546 5329 cui
2579 5274 2858 5345 praprium
2893 5285 2978 5330 est
3014 5275 3257 5329 misereri
3306 5289 3521 5344 semper
3556 5283 3606 5328 et
3632 5283 3728 5340 par—

2184 5421 2348 5474 turaa,
2377 5425 2563 5465 verum
2604 5410 2769 5466 etiam
2822 5412 2909 5467 die
2942 5411 3246 5476 tricesima,
3285 5410 3542 5476 septima,
3573 5410 3723 5465 tertia,

2178 5490 2233 5536 et
2292 5480 2663 5561 anniversaria
2716 5483 2905 5561 obitus
2935 5480 3418 5561 eo_rumde_m._Hic
3459 5495 3571 5561 non.
3598 5477 3725 5561 habe:

2182 5568 2310 5630 tuus
2352 5551 2456 5606 nisi
2510 5551 2800 5630 missasin
2850 5552 2935 5607 die
2985 5552 3362 5630 depositionis,
3400 5552 3464 5630 ξιξ
3508 5551 3724 5630 ςτὶιςρὶιιω

2180 5632 2231 5675 ct
2296 5622 2761 5701 inuann‘ivenar‘ia
2794 5638 2945 5701 _cum
3012 5616 3249 5691 propriis
3281 5692 3293 5701 _
3324 5616 3721 5701 praefationibus.

2184 5702 2290 5771 tam
2343 5691 2455 5771 die
2484 5692 2876 5771 depositionis,
2924 5684 3129 5771 quam:
3168 5684 3556 5771 anniversaria.
3605 5684 3721 5771 Μιξῇ

2184 5762 2351 5818 torius
2398 5753 2597 5834 (Antia.
2642 5764 2799 5818 medii
2842 5753 3013 5819 {in}.
3054 5761 3151 5828 ιν,
3202 5764 3394 5819 disser.
3454 5760 3539 5830 55)
3579 5753 3719 5810 multis
