3846 6324
68 368 174 423 869
1230 339 1447 395 SAfillA
1460 331 1728 390 ΜΕΝΤΑΠ

1830 327 1882 382 ιι.
1901 325 2142 382 VETUS.
3247 316 3351 373 870

75 494 228 541 cere.
262 487 314 532 ιε
344 471 616 543 supplices
645 469 1000 537 deprecamur
1039 472 1134 530 pro
1163 455 1340 509 anima
1376 449 1560 506 famuli
1588 447 1662 502 mi
1701 435 1738 491 Α
1770 457 2056 512 corporum
2100 443 2400 508 reparator,
2439 435 2527 505 qui
2563 443 2612 487 tc
2644 449 2672 487 a
2706 432 3084 504 peccatoribus
3123 432 3340 486 exorari

1459 542 1463 543 ,
1531 541 1538 543 Α
1849 533 1859 543 .
1905 533 1916 543 .
1956 531 1987 543 _.
2199 527 2229 543 ..
2407 542 2412 543 ,
2605 542 2644 543 η
2695 540 2728 543 ,ν
2959 523 3340 543 ,ωηεηημ

76 523 154 625 ill.
187 523 356 637 quam
397 523 557 618 hodie
592 559 656 613 de
701 523 801 611 hoc
841 523 1306 619 seculo-migrare
1333 541 1575 612 jussisti,
1613 546 1673 593 ut
1776 531 2012 594 voluisti,
2041 527 2231 583 exaudi
2263 542 2484 598 preces,
2519 542 2654 594 quas
2691 523 2908 595 speciali
2943 523 3228 578 devotione
3252 537 3350 594 pro

1371 635 1382 637 -
1408 635 1437 637 __
1486 635 1495 637 _
1628 631 1640 637 -
1851 625 1861 636 ν
1984 620 2005 637 ρ
2075 636 2078 637 ,
2137 620 2166 637 I-
2190 629 2200 637 .
2230 619 2261 637 -9
2297 617 2350 637 2H
2403 619 2457 637 ,τι
2483 617 2494 637 ε
2528 616 2950 637 ι--..------ινειξι-..
2975 613 3245 637 1⁵.-.μ12ηιηη
3295 622 3349 637 ..ο

79 613 404 716 ιιξιιΊιτθᾶειε
577 652 629 704 in
657 662 844 702 manus
873 641 1078 698 inimici
1102 681 1114 702 ,
1147 613 1202 694 et
1229 652 1296 692 ne
1335 631 1674 690 obliviscaris
1777 625 1954 678 anima
1982 620 2166 675 famuli
2189 619 2262 672 tui
2297 617 2372 672 ill.
2403 617 2496 672 tibi
2527 616 2950 687 Iacrymabiliter
2973 613 3270 678 fundimus,
3295 622 3354 668 ut

81 704 358 813 iri-finem,
383 745 477 800 sed
501 742 692 813 jubcas
718 753 838 794 eam
867 753 895 790 a
929 733 1132 790 sanctis
1157 729 1363 802 angelis
1393 726 1593 794 suscipi
1622 731 1676 778 ct
1778 714 2008 769 lilerare
2031 727 2148 766 eam
2179 710 2247 764 ab
2270 706 2601 763 infernorum
2627 707 2978 774 cruciatibus,
3005 716 3060 761 et
3087 704 3355 760 collocare

79 795 414 914 patriam
460 795 697 908 paradisi
740 828 994 901 perduci,
1025 834 1085 879 ut
1114 825 1207 894 qui
1231 795 1308 877 vin
1351 831 1404 876 te
1439 819 1677 889 speravit,
1717 869 1741 898 τ
1780 808 1920 860 inter
1970 805 2183 874 agmina
2230 809 2542 855 sanctorum
2601 809 2814 853 tuorum
2880 795 3153 868 digneris,
3203 801 3356 849 veste

1438 912 1446 914 .
1605 910 1638 914 --
1788 912 1845 914 ᾼν
1898 910 1993 914 ι.-
2044 891 2242 914 -,..ι..,..ξ
2301 898 2346 914 Α.
2396 889 2587 914 ..ιλιηηι
2622 886 3043 914 :.............I:n..n:..
3087 885 3234 914 :...t..:
3302 891 3353 914 ιη

77 947 136 991 et
168 885 430 995 credidit,
463 885 568 983 lion
598 939 786 996 pmnas
812 919 1006 976 inferni
1032 917 1330 982 sustineat,
1355 912 1450 969 sed
1479 910 1674 981 gaudia
1709 919 1711 922 ‘

1830 910 1998 964 teque
2040 891 2268 957 cmlesti,
2298 898 2352 943 et
2395 889 2589 943 stolam
2622 886 3046 942 immortalitatis
3087 885 3268 952 indui,
3301 891 3358 940 et

75 977 622 1094 Erga;
642 977 778 1072 ἦρέ
1316 977 1325 982 ⁷
1483 977 1506 981 ”
1780 984 2015 1057 paradisi
2041 983 2357 1039 ammuitate
2388 979 2684 1036 confoveri.
2712 977 2834 1032 Per.

1560 1092 1568 1094 λ
1873 1077 1938 1094 ¹¹·
2041 1075 2205 1094 θην-ε)
2273 1073 2411 1094 τιν-.-
2508 1071 2593 1094 -..ξ
2645 1070 2834 1094 1.....-.η

157 1068 400 1170 Secreta.
449 1109 790 1177 Propitiare,
819 1116 1148 1175 quaesumus,
1179 1097 1447 1162 Domine,
1485 1092 1680 1150 animae
1853 1077 1974 1131 Αίία
2029 1075 2219 1130 οναιίσ·
2273 1073 2451 1140 θουεο
2504 1071 2595 1173 (illi
2645 1070 3001 1177 ιιυῐξιτιιιειςιιῐη
3055 1068 3359 1177 “limatum

157 1158 400 1170 νηη-η-
452 1158 470 1165 -
736 1158 745 1160 ἡ
777 1158 790 1170 ,
829 1158 853 1175 ν.
1137 1158 1147 1165 .
1432 1158 1444 1162 -

74 1204 284 1259 famuli
319 1203 391 1258 tui
418 1201 497 1256 ill.
533 1215 630 1271 pro
662 1212 770 1268 qua
802 1195 898 1251 tibi
922 1193 1156 1249 hostiam
1187 1188 1549 1254 immolamus,
1573 1202 1681 1240 ma-
1783 1181 2022 1271 mlet’nus
2063 1175 2270 1267 amator
2312 1178 2400 1226 es,
2447 1163 2684 1216 animam
2729 1158 2916 1213 famuli
2961 1161 3036 1262 lui
3077 1159 3152 1271 ill:
3198 1173 3360 1271 quam

67 1294 346 1361 jc-statem
387 1249 892 1357 tuamrsuppliciter
919 1285 1315 1350 deprecantes,
1348 1285 1406 1331 ut
1433 1291 1531 1346 per
1570 1277 1682 1328 haac
1785 1278 1937 1324 vera,
1987 1260 2112 1312 dum
2161 1257 2213 1310 in
2258 1269 2487 1324 εοτιιοτθ
2526 1261 2810 1361 maneret.
2865 1251 3040 1306 ῑθηυίῑ
3080 1251 3247 1315 ﬁdes;
3279 1249 3366 1339 .ﬂb

71 1390 197 1456 bizc
243 1383 566 1455 placationis
607 1379 782 1434 oflicia
836 1373 1120 1446 pervenire
1162 1378 1433 1424 mereatur
1483 1365 1549 1421 ad
1593 1378 1683 1420 re-
1786 1353 1934 1410 Omni
1973 1349 2214 1456 σι’ξιεξειξυ
2253 1346 2552 1456 inf-8.10""?
2577 1343 2742 1445 redi-le
2769 1351 3064 1408 extorrem.
3099 1350 3157 1394 υῑ
3183 1353 3366 1408 ⁵θὲτο-

71 1435 720 1548 ςιᾇξωξὶςξιήηῇίιθηηηηο
750 1435 874 1523 pm;
1789 1455 1965 1514 gazam
1998 1443 2066 1496 ab
2099 1438 2454 1495 infernalibus
2485 1435 2766 1498 claustris,
2808 1443 3120 1489 sanctorum
3158 1445 3366 1485 merea-

1793 1545 1802 1548 -
1958 1534 1970 1548 I
2126 1546 2135 1548 _
2179 1527 2458 1548 -A__--.__-!!_
2510 1526 2616 1548 “-—

173 1526 451 1637 Prtrfatio:
483 1565 708 1620 Etcrne
737 1562 882 1617 Deus
907 1602 921 1627 ,
955 1559 1047 1628 qui
1076 1555 1414 1626 benignitate
1448 1549 1684 1624 gratuita

1830 1551 1878 1589 lt‘
1906 1534 2143 1604 adunare
2170 1527 2479 1585 consortiis.
2510 1526 2636 1582 Per.

71 1614 480 1731 peccatoribus
515 1653 752 1723 largiens
797 1649 1006 1728 veniam
1035 1687 1050 1712 .
1092 1644 1415 1717 praeparasti
1458 1639 1689 1696 mortuis
1796 1704 1820 1731 BI
1862 1624 1996 1731 Ῑιεςξι
2025 1620 2350 1731 αξίίξιρνατίο·
2387 1619 2591 1719 θίξιίοιίξ
2627 1616 2930 1731 Ῑυλθηῑξιιίε
2953 1624 3010 1670 ει
3039 1614 3371 1731 ξειιοναηιιίπ

73 1703 324 1813 ί.
437 1703 883 1800 ,,,';",;;,e,.,;,
916 1740 972 1794 in
1024 1703 1182 1808 l'xém
1208 1703 1352 1804 'quos
1379 1732 1687 1788 misericor-
1795 1704 1981 1769 famuli
2015 1709 2086 1764 tui
2113 1709 2192 1763 ill.
2220 1722 2286 1762 ne
2309 1705 2622 1762 memineris
2640 1745 2655 1770 ,
2684 1704 2932 1768 Domine,
2961 1705 3052 1759 sed
3075 1703 3373 1758 secutulum

75 1843 180 1895 ma
211 1792 508 1894 ιηξοηεεει
539 1850 605 1890 εχ
633 1833 810 1904 culpa.
840 1792 968 1885 Tibi
992 1792 1122 1900 εξεο
1147 1869 1161 1894 ³
1193 1792 1451 1889 domine,
1490 1820 1695 1893 ευρριί-
1725 1806 1770 1862 Β
1795 1819 2048 1876 magnam
2080 1799 2510 1858 misericordiam
2559 1807 2702 1852 tuam
2745 1811 2953 1851 memor
2980 1806 3096 1850 esto
3137 1794 3280 1848 illius
3321 1792 3372 1845 iu

1795 1898 1908 1954 vita
1934 1895 2202 1952 claritatis
2232 1903 2359 1958 tuae,
2392 1889 2706 1961 aperiantur
2734 1888 2781 1942 ei
2817 1886 2973 1954 coeli,
2997 1886 3252 1941 laetemur
3279 1898 3376 1937 au-

1797 1989 1924 2063 geli,
1954 1988 2008 2044 in
2038 2001 2263 2058 regnum
2307 1993 2484 2048 tuum,
2514 1980 2740 2037 Domine
2762 2021 2776 2046 ,
2811 1994 3028 2034 servum
3081 1985 3227 2030 tuum
3254 1992 3373 2029 sus-

1798 2093 1937 2152 clpe,

79 1950 182 1989 ccs
214 1946 416 2003 preces
446 1927 800 1990 effundimus,
828 1923 923 1978 tibi
945 1920 1131 1977 famuli
1159 1920 1234 1975 tui
1258 1919 1334 1974 ill.
1364 1917 1604 1972 animam
1638 1921 1694 1968 et

80 2010 363 2095 spiritum
402 2017 881 2080 commendamus,
920 2021 980 2068 ut
1017 2021 1270 2081 receptus
1305 2009 1449 2064 inter
1479 2004 1694 2077 agmina

80 2125 446 2172 sanctorum,
472 2110 588 2164 loca
616 2106 826 2161 nesciat
852 2101 1173 2158 inferorum.
1204 2097 1349 2153 Nihil
1371 2095 1448 2152 illi
1477 2100 1692 2158 noceat,

79 2203 362 2267 Domine,
394 2197 657 2270 quidquid
687 2193 995 2249 attraheute
1024 2188 1207 2244 carnis
1234 2185 1528 2258 fragilitate
1547 2173 1698 2239 com-

77 2297 278 2358 misit,
320 2303 416 2347 aut
459 2289 603 2361 quod
651 2289 902 2342 humana:
953 2279 1265 2352 cupiditatis
1307 2273 1700 2332 consuetudine

75 2392 476 2456 pergravatus
506 2388 662 2443 actu,
709 2375 876 2430 verbo
923 2372 1009 2427 vel
1058 2367 1388 2442 cogitatione
1429 2362 1696 2436 peccavit,

72 2453 224 2531 sed-
265 2487 498 2528 securus
545 2468 774 2540 vestigia
831 2463 1134 2521 Salvatoris
1193 2459 1435 2530 patiatur
1488 2453 1700 2511 infinita

73 2568 404 2626 dulcedine
468 2574 523 2619 et
580 2561 868 2634 prtesentia
929 2555 1200 2612 veritatis.
1251 2548 1700 2619 Redemptiouem

74 2672 333 2730 quoque
359 2654 604 2725 corporis
635 2653 718 2707 sui
752 2647 1119 2705 commonitus
1153 2641 1476 2698 fiducialiter
1512 2649 1704 2706 exspe-

76 2726 289 2811 ctare,
317 2744 580 2816 quidquid
605 2741 796 2797 habuit
824 2739 975 2811 prius
1006 2736 1062 2790 in
1093 2733 1218 2798 fide,
1252 2737 1617 2814 consequatur
1650 2726 1703 2780 in

79 2852 365 2898 munere.
399 2837 503 2893 Per
525 2835 822 2890 Christum.

177 2929 650 2987 Postcommuufo.
695 2925 899 2981 Praesta
920 2965 933 2989 ,
980 2935 1325 2994 quaasumus,
1363 2916 1590 2972 Domine
1610 2955 1624 2980 ,
1651 2922 1711 2968 ut

84 3025 304 3079 anima
331 3018 517 3075 famuli
543 3018 618 3073 tui
645 3016 745 3084 ιιι,
775 3031 894 3086 quae
935 3014 1098 3071 hodie
1129 3013 1196 3068 de
1226 3011 1330 3066 hoc
1363 3006 1562 3064 saeculo
1610 3005 1712 3060 mi-

88 3115 298 3188 gravit
323 3153 339 3180 ,
381 3112 468 3168 his
497 3108 787 3168 sacrificiis
817 3106 1127 3180 purificata,
1167 3112 1221 3160 et
1259 3118 1289 3158 a
1316 3099 1560 3174 peccatis
1594 3113 1711 3154 om-

91 3210 289 3263 nibus
321 3204 595 3276 expedita,
631 3199 1027 3273 indulgentiam
1073 3197 1284 3271 pariter
1311 3204 1368 3252 et
1402 3193 1572 3249 vitam
1616 3205 1711 3247 ca-

93 3299 238 3368 piat
268 3294 680 3365 sempiternam.
715 3291 836 3346 Per.

183 3389 401 3442 Deinde
435 3395 704 3456 sequatur.
742 3383 910 3455 Kyrie
956 3381 1186 3438 eleison.
1230 3379 1446 3435 Christe
1486 3374 1712 3442 eleison.

101 3481 315 3552 Kyrie,
346 3489 453 3534 etc.
483 3477 746 3532 Dominus
779 3475 1086 3530 vobiscum.

193 3569 412 3627 Oratio.
458 3567 620 3634 Tibi,
674 3567 900 3622 Domine
928 3607 941 3631 ,
984 3563 1430 3620 commendamus
1477 3563 1716 3618 animam

105 3662 317 3721 (amuli
347 3660 420 3714 tui
451 3659 528 3714 ill.
561 3668 621 3714 ut
661 3656 949 3715 defunctus
987 3671 1016 3709 a
1068 3654 1266 3710 saeculo
1292 3654 1400 3724 .tibi
1451 3654 1632 3719 vivat,
1664 3661 1720 3707 et

111 3759 162 3812 si
200 3769 313 3824 qua
344 3751 690 3822 fragilitatem
717 3749 1003 3804 mundana:
1032 3746 1462 3803 conversationis
1493 3756 1718 3816 peccata

113 3844 378 3906 admisit,
430 3852 487 3896 tu
536 3840 694 3894 venia
754 3837 1279 3894 misericordissima:
1328 3836 1544 3906 pietatis
1595 3835 1721 3891 abs-

118 3949 306 4005 terge.
338 3933 457 3987 Per.

233 4025 355 4078 Alio
402 4024 592 4077 oratio.
648 4022 795 4086 Fac,
852 4035 1200 4090 quaesumus,
1248 4019 1510 4085 Domine,
1584 4020 1724 4074 hanc

117 4108 268 4173 eum
298 4131 458 4170 servo
503 4124 596 4169 tuo
640 4115 715 4168 ill.
757 4113 1188 4167 misericordiam
1214 4120 1272 4166 ut
1301 4111 1570 4166 factorum
1600 4125 1725 4165 suo-

124 4225 259 4264 rum
294 4208 345 4260 in
370 4207 546 4276 poenis
574 4221 680 4260 non
719 4204 943 4273 recipiat
968 4205 1166 4268 vicem,
1196 4203 1290 4274 qui
1322 4211 1472 4258 tuam
1502 4202 1556 4257 in
1581 4202 1724 4256 votis

128 4300 318 4355 tenuit
354 4298 705 4360 voluntatem,
755 4304 811 4348 ut
860 4295 1003 4349 sicut
1035 4309 1157 4348 eum
1201 4308 1330 4349 vera
1382 4292 1518 4348 fides
1542 4291 1724 4364 junxit

128 4390 381 4446 fidelium
413 4388 623 4454 turmis,
656 4390 730 4442 ita
773 4403 896 4443 eum
946 4387 1056 4443 illic
1095 4397 1183 4441 tua
1227 4386 1510 4442 miseratio
1554 4385 1726 4440 societ

2153 2183 2447 2227 ABSOLUTIO
2485 2182 2650 2223 SUPER
2689 2179 3016 2222 SEPULCRUM.

1827 2330 1829 2332 _
1870 2264 1929 2321 In
1955 2279 2020 2321 ea
2047 2269 2313 2334 potestate
2339 2259 2420 2316 vel
2443 2259 2768 2313 auctoritate
2800 2255 3058 2319 fidentes,
3083 2269 3243 2323 quam
3273 2254 3378 2306 Do-
3431 2249 3436 2253 “

1802 2357 1982 2413 minus
2020 2361 2205 2408 noster
2244 2349 2400 2406 Jesus
2440 2349 2690 2404 Christus
2737 2347 2899 2401 beato
2943 2344 3105 2399 Petro
3137 2345 3381 2413 apostolo

1806 2445 1996 2503 tribuit
2017 2443 2206 2501 dicens
2234 2459 2246 2495 :
2278 2440 2648 2508 Quodcunque
2675 2436 2933 2509 ligaveris
2961 2451 3125 2504 super
3147 2445 3348 2489 terram
3368 2473 3382 2496 ,

1805 2539 1910 2595 erit
1947 2537 2172 2609 ligatum
2212 2541 2270 2588 ct
2322 2533 2376 2587 in
2424 2531 2596 2597 caelis,
2644 2539 2698 2585 et
2743 2529 3104 2600 quodcunque
3157 2526 3386 2582 solveris

1807 2642 1970 2698 super
2009 2634 2237 2688 terram,
2277 2621 2383 2676 erit
2417 2619 2649 2674 solutum
2675 2619 2808 2674 etin
2836 2617 2990 2674 caelis
3027 2633 3042 2671 :
3082 2617 3147 2671 Et
3177 2617 3390 2671 creteris

1809 2720 1946 2776 dixit
1964 2715 2274 2787 discipulis:
2309 2714 2552 2782 Quorum
2581 2711 2901 2766 remiseritis
2927 2717 3175 2781 peccata,
3197 2709 3384 2763 remit-

1814 2821 2001 2866 tuntur
2029 2810 2130 2864 eis.
2166 2807 2438 2875 Quantum
2463 2803 2618 2860 nobis
2650 2802 2972 2873 permissum
2996 2810 3116 2866 est,
3145 2803 3214 2857 ab
3242 2802 3391 2856 onmi

1810 2901 2029 2959 vinculo
2058 2907 2408 2972 peccatorum
2438 2895 2772 2952 absolvimus
2796 2903 2868 2960 te,
2899 2902 2958 2948 ut
2985 2893 3246 2964 quidquid
3269 2908 3395 2948 sua-

1812 2995 1973 3052 dente
2003 2991 2218 3048 diabolo
2262 2991 2540 3046 voluntate
2573 2996 2667 3042 aut
2697 2986 3013 3058 operatione
3041 2985 3394 3050 commisisti.

1814 3096 2077 3160 quantum
2105 3087 2215 3142 Deo
2251 3084 2540 3156 adjuvante
2572 3096 2885 3153 possumus,
2920 3087 3128 3136 tantum
3178 3077 3272 3132 tihi
3315 3076 3398 3130 in-

1815 3179 2118 3251 dulgemus,
2145 3187 2205 3232 ut
2234 3176 2404 3232 fracta
2429 3175 2494 3230 de
2517 3174 2656 3230 collo
2692 3183 2782 3230 tuo
2803 3173 3044 3228 omnium
3073 3170 3394 3226 delictorum

1815 3278 2009 3328 catena
2042 3268 2182 3324 liber
2208 3276 2264 3323 et
2310 3265 2592 3322 absolutus
2616 3261 2806 3318 venias
2843 3271 2969 3317 ante
3005 3259 3242 3316 tribunal
3288 3258 3397 3314 Do-

1817 3363 1949 3419 mini
1979 3362 2155 3418 nostri
2188 3360 2316 3416 Jesu
2347 3357 2550 3414 Christi
2593 3359 2647 3412 in
2677 3357 2786 3412 vita
2813 3366 3049 3421 aeterna,
3081 3361 3399 3424 recepturus

1818 3455 1887 3510 ab
1909 3455 2026 3524 ipso
2053 3452 2425 3508 haereditatem
2453 3448 2695 3505 cmlestis
2727 3447 2876 3518 regni
2909 3455 2964 3500 et
2985 3446 3107 3500 sine
3135 3444 3237 3500 fine
3262 3459 3399 3516 gau-

1819 3546 1980 3603 dendi
2015 3546 2068 3600 in
2097 3543 2295 3600 saecula
2327 3542 2672 3598 saeculorum.
2701 3541 2894 3594 Amen.
3388 3594 3404 3613 ,

1889 3641 2089 3695 Dehinc
2129 3654 2224 3709 pro
2276 3636 2514 3690 omnibus
2561 3636 2616 3689 in
2665 3632 2872 3688 Christo
2921 3629 3299 3702 quiescentibus
3346 3630 3402 3684 iu

1821 3732 1999 3787 eodem
2022 3728 2335 3793 cmmeterio,
2383 3725 2531 3780 Psal.
2573 3742 2688 3779 cum
2718 3723 2921 3793 amipli.
2955 3724 3108 3787 Dele,
3144 3723 3400 3788 Domine,

1824 3824 2137 3894 iniquitates
2161 3835 2371 3876 eorum.
2405 3817 2552 3873 Psal.
2586 3817 2843 3872 Miserere
2870 3817 2994 3880 mei,
3027 3816 3191 3882 Deus,
3214 3831 3408 3870 secun-

1823 3918 1971 3972 dum.
1993 3916 2158 3970 Pater
2178 3924 2380 3970 uoster.
2422 3912 2490 3966 Et
2512 3926 2581 3966 ne
2611 3925 2731 3966 nos.
2753 3907 2797 3962 Α
2830 3918 2983 3980 porta
3018 3909 3200 3963 inferi.
3229 3909 3402 3973 Erue,

1824 4010 2070 4076 Domine,
2105 4008 2315 4062 animas
2341 4019 2552 4061 eorum.
2578 4003 2838 4058 Dominus
2871 4001 3168 4057 vobiscum.

1897 4101 2106 4156 Oratio.
2135 4099 2306 4164 Deus,
2352 4094 2505 4164 cujus
2544 4094 2897 4149 miseratione
2936 4094 3129 4148 animae
3168 4092 3404 4146 fidelium

1826 4193 2196 4263 requiescunt,
2226 4189 2445 4244 famulis
2467 4196 2520 4241 et
2551 4185 2857 4241 famulabus
2888 4186 3012 4250 tuis,
3038 4183 3121 4238 vel
3157 4185 3408 4238 erunibus

1827 4281 1915 4340 hic
1950 4284 2002 4338 in
2047 4283 2264 4337 Christo
2299 4279 2724 4350 quiescentibus,
2771 4278 2834 4332 da
2884 4277 3148 4347 propitius
3195 4274 3407 4330 veniam

129 4480 411 4551 angelicis
431 4480 632 4534 choris.
662 4478 789 4534 Per.

215 4570 338 4621 Alia
362 4569 552 4622 oratio.
581 4566 697 4622 Non
723 4568 896 4624 intres
922 4567 974 4622 in
994 4565 1256 4636 judicium
1284 4581 1407 4622 cum
1428 4580 1585 4622 servo
1611 4573 1725 4629 tuo,

133 4661 413 4726 Domine,
477 4660 736 4730 quoniam
795 4660 974 4716 nullus
1031 4662 1172 4732 apud
1234 4667 1287 4714 te
1342 4657 1732 4727 justificabitur

135 4762 334 4818 horuo,
372 4754 473 4808 nisi
518 4768 618 4823 per
670 4763 722 4808 te
766 4753 1007 4809 omnium
1060 4761 1408 4822 peccatorum
1463 4751 1733 4806 tribuatur

136 4847 421 4905 remissio.
455 4845 571 4901 Non
612 4862 743 4918 ergo
779 4861 902 4900 eum
931 4854 1021 4900 tua
1045 4884 1060 4908 ,
1087 4860 1397 4913 quaesumus
1420 4885 1434 4908 ,
1458 4842 1734 4912 iudicialis

134 4937 422 4995 sententia
454 4945 684 5006 premat,
728 4951 890 5006 quem
933 4935 1026 4990 tibi
1066 4949 1194 4990 vera
1247 4933 1566 5005 supplicatio
1611 4931 1733 4986 fidei

133 5028 474 5084 Christianae
503 5028 892 5093 commendat,
925 5027 1016 5082 sed
1050 5026 1227 5096 gratia
1263 5035 1353 5078 tua
1399 5025 1470 5078 illi
1509 5039 1732 5078 succur-

139 5129 306 5178 rcnte
331 5129 599 5174 mereatur
618 5119 849 5174 evadere
867 5118 1128 5190 judicium
1161 5117 1414 5180 ultionis,
1440 5118 1530 5186 qui
1561 5156 1576 5179 ,
1606 5115 1732 5169 dum

140 5211 464 5277 adviveret,
503 5211 796 5280 insignitus
847 5218 935 5265 est
969 5209 1250 5281 signaculo
1299 5218 1502 5263 sanctae
1555 5205 1737 5260 Triui-

147 5304 303 5360 tatis.
329 5301 450 5356 Per.

231 5393 366 5448 Item
393 5393 502 5448 alia
531 5396 720 5450 oratio.
752 5397 910 5461 Deus,
946 5395 1069 5450 vita:
1099 5395 1256 5450 dator
1289 5404 1345 5450 et
1375 5395 1737 5449 lmmanorum

151 5548 352 5622 probat
378 5549 642 5622 exemplis
668 5550 1044 5622 antiquitatem
1080 5550 1215 5622 ritus
1242 5552 1737 5622 anniversart’orum

154 5618 773 5702 emortualium’dierum
803 5618 918 5702 pro.
946 5620 1232 5702 defunctis.
1275 5620 1620 5702 Desideratnr
1651 5618 1740 5673 hic

160 5691 328 5746 missa
373 5706 471 5759 pro
512 5690 1029 5748 commemoratione
1068 5691 1310 5745 fidelium
1360 5690 1739 5744 defunctorum

161 5763 252 5819 die
277 5760 509 5815 secunda
543 5759 890 5826 Novembris,
931 5777 1050 5832 qua:
1091 5760 1187 5816 fuit
1221 5760 1464 5815 instituta
1489 5776 1516 5813 a
1549 5768 1741 5814 sancto

1829 4383 2196 4446 peccatorum,
2230 4382 2282 4424 ut
2314 4387 2343 4425 a
2376 4371 2589 4425 cunctis
2617 4369 2858 4424 realibus
2896 4368 3126 4423 absoluti
3156 4367 3272 4422 sine
3302 4367 3409 4422 fine

1758 4503 1804 4560 υ
1832 4467 2097 4519 Leleutur.
2128 4463 2250 4517 Per.

1905 4559 2263 4628 llequicscaut
2291 4556 2340 4609 in
2372 4571 2522 4624 pace.
2552 4556 2747 4608 Amen.

2331 4663 2481 4703 MISSA
2521 4663 2573 4701 IN
2612 4661 2915 4703 TRICESIIIO.

1905 4744 2249 4812 Quaesumus,
2277 4740 2527 4804 Domine,
2563 4739 2765 4795 famulo
2795 4749 2886 4796 tuo
2913 4740 2989 4794 ill.
3019 4739 3174 4811 cujus
3199 4737 3410 4794 tricesi-

1835 4850 1982 4890 mum
2014 4833 2114 4905 (vel
2157 4833 2483 4902 septimum,
2520 4832 2596 4886 vel
2639 4831 2882 4901 tertium)
2922 4829 3103 4884 obitus
3148 4829 3227 4883 sui
3270 4827 3415 4882 diem

1836 4939 2360 4990 commemoramus,
2395 4934 2710 4980 sanctorum
2761 4931 2924 4992 atque
2964 4920 3261 4976 electorum
3306 4928 3422 4975 tuo-

1839 5035 1957 5074 rum
2006 5018 2257 5089 largiaris
2299 5017 2656 5083 consortium,
2701 5025 2757 5071 ct
2809 5029 2987 5070 rorem
3030 5013 3416 5068 misericordiae

1841 5121 1944 5168 tua:
1972 5111 2226 5182 perennis
2255 5109 2526 5166 infundas.
2557 5110 2678 5164 Pet.

1936 5203 2172 5260 Secreta.
2225 5203 2456 5268 Adesm,
2504 5200 2759 5266 Domine,
2805 5199 3287 5270 supplicationibus
3326 5214 3422 5253 uo-

1842 5295 1989 5364 stris,
2031 5303 2088 5352 et
2131 5295 2272 5350 hanc
2311 5293 2665 5358 oblationem,
2693 5309 2854 5364 quam
2893 5293 2986 5348 tibi
3026 5292 3303 5348 offerimus
3351 5291 3422 5346 ob

1840 5390 1985 5446 diem
2016 5389 2372 5461 depositionis
2415 5388 2674 5445 tricesimi
2717 5387 2816 5461 (re!
2858 5387 3090 5458 septimi,
3120 5385 3197 5441 vel
3231 5384 3419 5456 tertii),

1842 5545 2070 5602 Odiloue
2111 5545 2306 5600 abbate
2359 5543 2702 5600 Cluniacensi
2756 5559 2898 5599 anno
2948 5546 3208 5597 duntaxat
3263 5541 3420 5597 1040.

1843 5616 1944 5684 Qui
1977 5617 2114 5687 ritus
2141 5617 2194 5669 in
2227 5617 2536 5670 universam
2570 5615 2866 5670 Ecclesiam
2895 5616 3205 5687 pontificum
3235 5617 3448 5687 aucto?

1848 5683 2007 5742 ritate
2045 5686 2145 5741 fuit
2188 5695 2374 5756 postea
2411 5695 2767 5756 propagatus,
2805 5695 2861 5740 ut
2895 5683 3122 5741 adnotat
3158 5683 3424 5740 Bai-auius

1845 5758 1997 5829 (Not.
2028 5757 2096 5811 ad
2129 5755 2572 5827 Martyrol.7die2
2606 5755 2785 5828 Nov.).
