3846 6324
598 290 694 346 Sil

1779 286 1953 344 SIEC.
1989 285 2059 342 ΧΙ
2077 283 2176 340 ιΜ(

2266 282 2364 341 JM.
2391 285 2665 344 LITUBG.
2723 296 2727 303 '
3654 304 3714 366 ιτξ

599 421 697 474 pro
721 407 897 460 anima
943 405 1124 461 famuli
1162 407 1237 460 tui
1281 405 1359 461 ill.
1393 403 1635 477 placatus
1675 417 1738 459 ac
1779 402 2044 476 benignus
2085 415 2178 457 as-
2219 381 2266 440 Α
2297 387 2348 477 (ξι
2388 381 2642 477 "cina".
2698 388 2958 437 πιθτηιυη
3003 382 3174 453 θυρίδι
3217 392 3266 437 ιε
3306 386 3548 442 “ﬁsci-Wa
3579 410 3712 451 tonsor.

601 517 772 558 sume.
801 501 924 558 Per.

679 589 1115 650 Postcommunio.
1148 591 1503 664 Omnipotens
1529 591 1858 663 sempiterne
1883 591 2046 654 Deus,
2070 588 2182 645 col-

599 688 780 744 locare
807 688 1028 759 dignare
1074 689 1314 743 animam
1361 687 1547 742 famuli
1592 687 1668 741 tui
1701 685 1800 753 il|.,
1829 683 1984 755 cujus
2021 685 2186 753 depoa

597 779 811 836 sit-iouis
841 781 983 836 diem
1024 780 1358 835 tricesimum
1387 777 1486 849 (uel
1512 777 1802 848 septimum
1830 775 1907 830 uel
1935 773 2182 844 tertium)

596 873 953 936 celebramus,
1007 873 1058 927 in
1122 872 1331 928 sinibus
1365 871 1619 937 Abrahae,
1684 870 1834 926 Isaac
1887 878 1942 924 et
1991 867 2182 936 Jacob,

597 976 799 1020 utcum
855 966 972 1020 dics
1029 965 1321 1036 agnitionis
1375 972 1480 1018 tua:
1533 962 1829 1024 advenerit,
1889 961 2031 1015 inter
2059 975 2185 1016 san-

595 1066 711 1111 etos
736 1056 940 1112 electos
962 1066 1083 1112 tuos
1108 1071 1229 1110 eum
1263 1055 1576 1111 resuscitari
1602 1036 1903 1124 prrecipias.
1931 1053 2052 1108 Per.

1063 1183 1210 1224 ΙΙΙὸεὸ
1244 1183 1294 1221 IN
1327 1182 1734 1222 ANNIVERSAMO.

665 1278 869 1333 Praesta
903 1319 918 1343 ,
954 1293 1291 1347 qumsnmus,
1325 1278 1571 1344 Domine,
1595 1287 1653 1332 ut
1681 1277 1858 1332 anima
1899 1277 2078 1332 famuli
2107 1277 2182 1332 tui

597 1368 698 1433 ill.,
727 1367 884 1436 cujus
909 1369 1345 1440 anniversarium
1379 1369 1728 1438 depositionis
1779 1370 1918 1423 diem
1949 1382 2184 1424 comme-

596 1475 895 1532 moramus,
943 1460 1329 1530 indulgentiam
1384 1459 1590 1530 pariter
1615 1470 1671 1514 et
1715 1460 1960 1529 requiem
2005 1460 2185 1530 capiat

593 1553 1000 1622 sempiternam.
1033 1551 1155 1606 Per.

667 1641 899 1697 Secreta.
933 1643 1256 1711 Propitiare,
1312 1642 1536 1698 Domine
1574 1642 2051 1713 supplicationibus
2081 1657 2178 1696 no-

591 1734 721 1788 stris
748 1749 844 1803 pro
875 1733 1055 1788 anima
1109 1731 1292 1786 famuli
1328 1734 1401 1788 tui
1448 1733 1546 1800 ill.,
1603 1731 1760 1803 cujus
1795 1733 1952 1788 hodie
2003 1749 2179 1788 annua
2213 1725 2258 1784 Β

591 1823 709 1878 dies
739 1823 936 1894 agitur,
961 1837 1062 1893 pro
1087 1837 1192 1892 qua
1248 1823 1345 1878 tibi
1394 1821 1676 1878 offerimus
1707 1822 2032 1878 sacrificium
2063 1823 2181 1877 lau-

593 1913 700 1982 dis,
745 1925 803 1968 ut
851 1923 1336 1984 eam,.sanctorum
1386 1924 1598 1970 tuorum
1641 1914 1854 1970 sociare
1911 1915 2183 1970 consortio

587 2004 845 2076 digneris.
871 2007 995 2061 Per.

667 2094 939 2165 Prw/alio.
987 2094 1070 2168 (ﬂ
1097 2095 1202 2152 Per
1244 2095 1519 2152 Christum
1566 2097 1868 2174 Dominum
1909 2105 2176 2162 nostrmn,

590 2202 688 2256 per
728 2202 888 2257 quem
942 2187 1089 2243 salus
1139 2188 1344 2257 mundi,
1386 2203 1483 2258 per
1530 2203 1690 2258 quem
1726 2189 1837 2244 vita
1870 2189 2181 2254 horninnm,

591 2295 687 2348 per
731 2295 892 2349 quem
938 2280 1266 2345 resurrectio
1314 2291 1680 2347 mortuorum,
1723 2297 1825 2353 per
1880 2282 2055 2352 ipsum
2111 2294 2181 2346 te,

592 2369 843 2438 Domine,
871 2371 1186 2441 suppliciter
1226 2371 1608 2442 deprecamur,
1641 2383 1699 2426 ut
1754 2374 1951 2428 auium
1998 2374 2180 2429 famuli

595 2465 670 2518 tui
721 2463 796 2518 ill.
836 2505 852 2528 ,
915 2464 1070 2533 cujus
1122 2464 1265 2518 diem
1325 2464 1756 2519 anniversarium
1806 2465 2180 2530 celebramus,

593 2553 984 2622 indulgentiam
1036 2554 1220 2624 largiri
1270 2554 1510 2626 digneris
1558 2565 1897 2625 perpetuam,
1953 2567 2118 2628 atque
2151 2574 2182 2613 a

591 2647 856 2716 contagiis
881 2645 1232 2701 mortalitatis
1269 2656 1510 2712 exutam,
1540 2647 1593 2700 in
1624 2655 1842 2703 aeterna:
1869 2647 2186 2704 salvationis

592 2748 798 2808 partem
841 2740 1101 2794 restituas
1136 2753 1259 2793 cum
1283 2738 1510 2810 angelis.
1537 2739 1604 2794 Et
1637 2739 1778 2794 ideo.

667 2830 1002 2884 Communia.
1032 2829 1279 2900 Suscipe,
1330 2832 1578 2893 Domine,
1623 2847 1812 2902 preces
1842 2842 2058 2888 nostras
2087 2850 2184 2904 pro

592 2924 774 2977 anima
827 2922 1011 2978 famuli
1059 2923 1135 2977 tui
1187 2922 1285 2988 ill.,
1339 2923 1494 2991 cujus
1550 2924 1691 2979 diem
1752 2926 2182 2980 anniversarium

592 3015 756 3070 hodie
779 3015 1147 3081 celebramus,
1187 3023 1245 3069 ut
1277 3014 1320 3070 si
1346 3030 1466 3085 quae
1513 3016 1562 3070 ei
1613 3016 1837 3071 maeulm
1860 3018 1926 3072 de
1959 3017 2184 3073 terrenis

589 3106 859 3176 contagiis
886 3105 1250 3173 adhaeserunt,
1306 3106 1645 3162 remissionis
1677 3115 1778 3161 tua:
1806 3107 2177 3163 misericordia
2207 3111 2251 3171 C

589 3197 890 3254 deleantur.
931 3198 1055 3252 Per.

1106 3327 1259 3368 mssa
1283 3328 1384 3367 ΡΚο
1406 3327 1680 3369 EPISCOPO.

659 3421 823 3489 Deus,
872 3424 962 3494 qui
995 3425 1140 3480 inter
1189 3425 1517 3496 apostolicos
1563 3428 1874 3482 sacerdotes
1919 3426 2178 3482 famulum

591 3524 743 3572 tuum
771 3518 872 3584 ill.,
911 3518 1205 3588 pontificali
1233 3519 1403 3575 fecisti
1428 3519 1689 3590 dignitate
1726 3519 1929 3590 vigere,
1962 3531 2178 3590 pnesta,

589 3626 917 3680 quaesumus,
955 3623 1014 3666 ut
1064 3627 1252 3667 eorum
1284 3607 1525 3686 quoque
1554 3624 1816 3686 perpetuo
1859 3601 2181 3685 aggregctur

589 3707 884 3758 consortio.
917 3704 1040 3758 Per.

664 3791 892 3847 Secreta.
917 3793 1162 3863 Suscipe,
1187 3793 1439 3861 Domine,
1465 3811 1793 3864 qumsumus,
1845 3812 1946 3863 pro
1995 3799 2178 3853 anima

593 3881 780 3937 famuli
815 3885 888 3938 tui
931 3885 1190 3956 episcopi,
1225 3901 1360 3954 quas
1406 3885 1684 3942 offerimus
1725 3888 1952 3952 hostias,
2005 3899 2060 3944 ut
2090 3891 2176 3944 cui

593 3973 648 4028 in
675 3974 777 4029 hoc
801 3974 1000 4030 smculo
1047 3976 1381 4032 sacerdotale
1423 3977 1636 4032 donasti
1698 3979 1977 4043 meritum,
2011 3983 2179 4036 dones

591 4070 647 4116 et
674 4063 978 4132 pra-mium.
1005 4063 1128 4118 Per.

663 4154 997 4212 Communia.
1031 4157 1361 4229 Pmpitiare,
1411 4159 1662 4226 Domine,
1695 4159 2179 4229 supplicationibus

589 4247 794 4304 nostris
863 4257 918 4303 et
979 4249 1216 4303 animam
1283 4248 1472 4304 famuli
1534 4249 1608 4304 tui
1669 4249 1906 4320 episcopi
1966 4251 2066 4317 ill.,
2124 4253 2175 4307 in

590 4343 839 4397 vivorum
899 4343 1120 4414 regione
1180 4343 1403 4398 aeternis
1455 4343 1665 4414 gaudiis
1711 4342 1905 4414 jubeas
1960 4345 2175 4400 sociari.

586 4435 708 4492 Per.
1431 4504 1434 4508 η

1121 4542 1267 4582 IISSA
1295 4542 1394 4583 PRO
1417 4543 1644 4583 ΔΒΒΑΤΕ.

668 4641 810 4696 Deus
857 4639 948 4710 qui
976 4639 1237 4695 famulum
1275 4648 1423 4695 tuum
1474 4640 1864 4697 sacerdotalem
1893 4653 2056 4714 atque
2083 4642 2178 4695 ab-

583 4731 766 4787 batem
813 4731 1168 4787 sanctiticasti
1215 4721 1498 4786 vocatione
1543 4732 1955 4799 misericordiae,
2012 4740 2068 4786 et
2091 4747 2178 4786 as-

583 4822 865 4893 sumpsisti
920 4822 1389 4878 consummatione
1431 4820 1614 4889 felici,
1650 4823 1863 4894 suscipe
1917 4824 2180 4894 propitius

585 4928 779 4983 precrs
811 4921 1029 4968 nostras
1057 4921 1112 4968 et
1141 4921 1340 4984 praesta
1364 4921 1423 4968 ut
1445 4923 1500 4968 et
1532 4914 1618 4968 ille
1648 4925 1823 4968 tecum
1855 4915 1928 4970 sit
1950 4915 2174 4980 meritis,

582 5015 639 5060 ct
663 5021 692 5061 a
716 5007 870 5062 nobis
893 5021 999 5062 non
1025 5005 1244 5061 recedat
1269 5004 1553 5076 exemplis.
1583 5005 1703 5060 Per.

657 5099 892 5156 Secreta.
945 5099 1219 5166 Concede,
1247 5113 1582 5171 quaesumus,
1621 5099 1965 5170 omnipotens
2014 5099 2175 5164 Deus,

585 5200 647 5245 ut
677 5192 854 5246 anima
903 5193 1044 5248 servi
1099 5192 1176 5247 tui
1230 5190 1444 5248 abbatis
1499 5201 1664 5262 atque
1719 5191 2039 5257 sacerdotis,
2090 5192 2176 5247 cui

585 5282 866 5353 regiminis
928 5293 985 5338 et
1050 5285 1338 5340 sacerdotii
1400 5284 1618 5340 donasti
1681 5283 1938 5340 meritum
1976 5323 1992 5348 ,
2059 5284 2175 5340 haec

584 5383 779 5430 sancta
809 5375 1087 5444 mysteria,
1111 5391 1232 5447 qua:
1282 5377 1378 5433 tibi
1418 5377 1651 5434 fideliter
1691 5375 2044 5443 ministravit,
2069 5384 2176 5432 etc.
2219 5393 2222 5396 ·

584 5465 709 5522 Per.

656 5557 995 5615 Communia.
1045 5558 1246 5627 Prosit,
1294 5575 1630 5632 quaesumus,
1679 5562 1924 5629 Domine,
1982 5561 2178 5616 anima:

585 5651 774 5708 famuli
835 5651 911 5707 tui
969 5651 1181 5707 abbatis
1224 5661 1388 5723 atque
1439 5654 1744 5710 sacerdotis
1793 5652 2179 5710 misericordiae

585 5756 690 5803 tua:
732 5746 1017 5818 implorata
1066 5744 1378 5811 clementia,
1410 5756 1469 5802 ut
1495 5747 1630 5818 .ejus
1671 5747 1722 5801 in
1758 5761 1866 5816 quo
1895 5744 2176 5816 superarit

2292 473 2443 526 tium.
2477 471 2582 529 Per

2783 582 2932 622 IISSA
2966 584 3064 623 Ριιο
3088 584 3394 625 ΒΛΕΕΒῺΟΪΙΞ.

2360 652 2522 722 Deus,
2555 656 2708 726 cujus
2766 657 3151 714 misericordia:
3183 677 3286 715 non
3330 674 3404 716 est
3446 681 3719 733 muneras,»

2287 745 2435 814 scipe
2461 760 2558 814 pro
2606 747 2785 802 anima
2831 747 3020 828 [amuli
3069 750 3166 815 ill.,
3218 755 3486 809 sacerdotis
3520 774 3719 825 processe-

2288 843 2449 900 stras,
2483 847 2537 892 et
2570 837 2741 893 lucem
2774 839 2822 893 ei
2849 840 3047 896 uetitis:
3084 843 3136 897 in
3159 843 3371 915 regione
3396 860 3633 904 sanctorum
3652 866 3718 910 uo-

2288 941 2408 980 rum
2432 928 2746 984 societatem
2775 933 3032 987 concede.
3068 932 3189 987 Per.

2360 1018 2592 1074 Secreta.
2649 1021 2865 1077 Hostias
2917 1025 3034 1087 tibi,
3089 1017 3327 1089 Domine,
3376 1029 3522 1085 laudis
3552 1033 3720 1090 offering

2284 1124 2384 1179 pro
2407 1110 2584 1164 anima
2611 1109 2797 1166 famuli
2854 1113 2930 1168 tui
2957 1116 3282 1181 sacerdotis,
3307 1129 3360 1172 ut
3390 1135 3493 1174 eam
3519 1122 3558 1174 in
3589 1141 3720 1180 numer.

2287 1198 2522 1255 fidelium
2557 1211 2768 1257 tuorum
2799 1205 2886 1260 lux
2914 1215 3115 1262 arterna
3142 1209 3421 1278 possideat.
3449 1209 3546 1266 Per.

2356 1291 2683 1349 Communia.
2741 1295 2836 1350 llis
2892 1300 3198 1365 sacrificiis,
3258 1317 3548 1372 quzesumus,
3592 1309 3720 1363 nimia

2285 1384 2450 1452 Deus,
2481 1399 2708 1458 purgata
2737 1389 2918 1444 anima
2951 1391 3137 1447 famuli
3169 1393 3244 1448 tui
3274 1396 3538 1450 sacerdotis
3554 1400 3601 1451 ad
3623 1399 3720 1450 inifa-

2285 1477 2524 1546 gentiam
2554 1486 2610 1531 et
2640 1477 2986 1550 refrigerium
3029 1482 3409 1552 sempiternum
3436 1489 3719 1554 pervenirem

2285 1575 2484 1622 reatur.
2513 1568 2638 1624 Per.
3047 1564 3052 1568 ⁷

2638 1675 2793 1716 ΙΙΞΒΔ
2817 1677 2918 1717 PRO
2948 1678 3176 1720 OINIBUS
3206 1679 3496 1722 DEFUNCTIS.
3555 1678 3566 1684 ’

2359 1752 2584 1820 lnclina,
2620 1753 2871 1818 Domine,
2915 1771 3100 1812 aurem
3145 1769 3290 1811 tuam
3327 1758 3386 1811 ad
3417 1776 3568 1828 preces
3589 1775 3721 1818 nosne.

2286 1845 2482 1915 quibus
2511 1847 2942 1902 misericordiam
2990 1862 3133 1904 tuam
3159 1851 3460 1919 suppliciter
3481 1854 3721 1922 deprecatum,

2288 1947 2347 1990 ιιι
2393 1937 2633 1992 animam
2692 1938 2798 2008 (as)
2851 1938 3038 1993 famuli
3095 1941 3314 2011 (lorum)
3367 1944 3433 1996 tui
3476 1947 3722 2015 (luorruiult.

2287 2045 2448 2098 quam
2481 2028 2587 2099 (as)
2635 2031 2701 2085 de
2729 2030 2834 2086 hoc
2881 2034 3077 2086 sarculo
3116 2036 3352 2105 migrare
3385 2036 3576 2106 jnssisti,
3598 2039 3722 2107 inrec-

2288 2119 2508 2176 aclucis
2552 2121 2771 2192 regione
2817 2125 3140 2187 constituas,
3195 2135 3250 2180 ct
3303 2139 3569 2182 sanctorum
3606 2141 3723 2182 nam

2279 2211 2473 2280 julteas
2497 2226 2616 2267 esse
2644 2222 2948 2268 consortem
2973 2214 3088 2285 (es).
3124 2215 3246 2270 Per.

2266 2363 2270 2367 ,
2357 2304 2594 2361 Secreta.
2625 2307 2822 2362 Annue
2867 2311 3044 2374 nobis,
3079 2311 3330 2379 Domine,
3366 2323 3421 2366 ut
3463 2313 3710 2374 animast-tia

2288 2395 2473 2450 famuli
2525 2397 2742 2470 (torum)
2776 2400 2849 2454 tui
2897 2403 3154 2471 (tuarum)
3209 2404 3308 2467 ill.,
3365 2404 3466 2459 bare
3509 2406 3628 2473 prosit
3646 2406 3723 2457 obu-

2287 2492 2382 2554 tio,
2410 2505 2572 2559 quam
2620 2492 2950 2548 immolando
2974 2496 3140 2549 totius
3167 2498 3352 2552 mundi
3381 2499 3576 2552 tribuisti
3595 2498 3720 2552 telum

2285 2578 2502 2634 delicta.
2528 2581 2652 2637 Per.

2360 2668 2694 2728 Communia.
2755 2676 2955 2742 Prosit,
3010 2695 3348 2748 quatsunuts,
3399 2682 3722 2745 Dominc,aniau=

2286 2763 2464 2836 (obus)
2494 2766 2681 2828 famuli
2726 2768 2944 2840 (lorum)
2978 2773 3050 2825 tui
3079 2774 3339 2844 (tuorum)
3387 2774 3478 2840 ill.,
3502 2775 3630 2828 divina
3649 2773 3722 2827 erit.

2286 2856 2463 2912 bratio
2502 2862 2853 2927 sacramenti,
2881 2873 2940 2917 ut
2979 2861 3120 2931 ejus,
3168 2867 3225 2920 in
3251 2881 3358 2936 quo
3385 2868 3721 2936 speraritircma

2288 2959 2342 3004 et
2399 2951 2628 3007 credidit
2673 2953 2905 3025 (derunt)
2942 2958 3273 3015 aeternitatis
3320 2960 3481 3030 capiat
3505 2960 3603 3029 (aut)
3628 2959 3722 3010 temi-

2285 3053 2502 3100 seraute
2519 3047 2875 3102 consortium.
2897 3049 3021 3105 Per.

2699 3177 2824 3216 Λιιι
2853 3178 3000 3221 11155Α
3032 3178 3134 3219 PRO
3161 3181 3467 3222 DEFUNC‘I’IS.

2351 3247 2706 3321 Omnipotens
2752 3255 3087 3325 sempiterne
3121 3257 3291 3324 Deus,
3319 3260 3401 3314 cui
3445 3256 3720 3328 nunquamne

2284 3353 2380 3410 spe
2432 3342 2817 3399 misericordiae
2867 3347 3224 3416 supplicatur,
3274 3349 3538 3420 propitiare
3556 3346 3720 3402 animabus

2285 3433 2607 3490 famulorqu
2641 3447 2876 3501 tuorum,
2906 3448 2966 3492 nt
2992 3440 3082 3509 qui
3122 3442 3188 3496 de
3231 3442 3334 3497 bac
3381 3442 3476 3497 rita
3511 3442 3567 3495 tui
3589 3437 3714 3492 mihi

2282 3529 2628 3584 confessione
2655 3530 3024 3597 decesserunt,
3087 3544 3400 3590 sanctorum
3447 3526 3715 3588 nummaria

2282 3636 2512 3693 aggrega
2521 3621 2584 3674 ri.
2617 3621 2742 3677 Per.

2354 3713 2588 3769 Secreta.
2647 3713 2971 3784 Propitiare,
3027 3715 3260 3774 Domine
3309 3713 3719 3788 quzesurnus,anima-

2285 3806 2384 3860 bus
2436 3804 2763 3861 famulorum
2817 3817 3057 3873 tuorum,
3110 3824 3212 3879 pro
3269 3811 3456 3882 quibus
3500 3808 3574 3862 tibi
3604 3803 3720 3859 hostia

2281 3895 2604 3966 placationis
2629 3894 2930 3961 offerimus,
2965 3908 3018 3951 et
3061 3899 3190 3969 quia
3239 3901 3292 3955 in
3323 3903 3418 3955 hac
3461 3900 3554 3954 lucc
3572 3912 3650 3951 cum
3668 3893 3719 3945 ite

2282 3997 2601 4042 manserunt
2647 3986 2942 4053 catholica,
2990 3989 3042 4042 in
3097 3989 3281 4046 futura
3331 3992 3429 4046 vita
3455 3991 3521 4046 eis
3550 3986 3718 4043 retributio

2280 4078 2636 4133 condonetur.
2664 4078 2785 4132 Per.

2355 4167 2685 4224 Communia.
2711 4169 2936 4232 Praesta,
2968 4190 3303 4242 quaesumus,
3330 4176 3611 4245 omnipotens
3631 4170 3718 4223 Dens.

2283 4270 2342 4315 ut
2393 4261 2606 4315 animas
2637 4261 2966 4318 famulorum
3001 4276 3219 4322 tuorum
3276 4271 3344 4324 ah
3371 4267 3545 4338 angelis
3567 4262 3717 4316 lucis

2281 4358 2494 4421 sceptas
2525 4351 2577 4405 in
2608 4354 2930 4422 praeparatis
2958 4354 3284 4414 habitaculis
3306 4358 3475 4413 deduci
3511 4355 3630 4409 facias
3651 4351 3718 4401 ω·

2212 4459 2252 4512 ι)
2281 4448 2476 4495 torum.
2505 4442 2629 4505 Per.

2600 4571 2750 4611 NISSA
2785 4572 2887 4611 PRO
2919 4574 3213 4615 DEFUNCTIS
3244 4576 3528 4615 Πιιτιιιιξῑς.

2354 4642 2514 4710 Deus,
2546 4649 2714 4701 venire
2763 4648 2988 4719 largitor
3016 4663 3071 4705 et.
3125 4653 3370 4708 humana?
3407 4651 3561 4706 salutis
3582 4653 3714 4699 amator.

2281 4747 2592 4799 quaesumus
2641 4735 2987 4793 clementiam
3036 4748 3203 4805 tuam,
3239 4752 3294 4795 ut
3321 4753 3496 4796 thSll‘iE
3537 4745 3715 4803 conmi-

2282 4823 2442 4878 tionis
2470 4824 2686 4892 fratres,
2720 4828 2810 4896 qui
2846 4843 2911 4884 ex
2949 4830 3052 4885 hoc
3081 4832 3277 4887 smculo
3309 4831 3600 4885 transierunt.
3631 4824 3713 4872 ba“

2281 4914 2447 4970 Maria
2503 4933 2724 4988 semper
2777 4920 2986 4988 virgine
3041 4922 3398 4977 intercedente
3437 4935 3536 4972 cum
3567 4909 3714 4970 omnim

2280 5005 2504 5071 sanctis,
2535 5009 2601 5060 ad
2631 5017 2908 5078 perpetuae
2937 5011 3285 5066 beatitudinis
3311 5010 3587 5065 (‘OltStlfllllill
3609 5009 3713 5068 re”

2279 5097 2399 5151 nire
2429 5098 2715 5153 concedas.
2742 5097 2866 5154 Per.

2350 5185 2589 5243 Secreta.
2644 5187 2808 5254 Dens,
2860 5190 3016 5259 cujus
3066 5189 3439 5246 misericordia:
3480 5200 3561 5240 non
3583 5188 3709 5234 εει-ιι·

2281 5293 2486 5344 merus,
2521 5279 2736 5349 suscipe
2776 5281 3044 5350 propitius
3071 5295 3258 5351 preces
3281 5273 3561 5334 humilitatis
3582 5277 3708 5321 nosint-

2279 5381 2334 5427 et
2365 5371 2580 5425 animus
2611 5370 2808 5440 quibus
2843 5372 2920 5425 tui
2957 5371 3190 5426 nominis
3223 5369 3404 5426 dedisti
3445 5361 3708 5422 confession“LI

2277 5478 2376 5534 per
2397 5463 2514 5519 hac
2541 5473 2882 5518 sacramenta
2930 5463 3121 5519 salutis
3143 5471 3439 5520 cunctorum
3464 5453 3708 5512 mitissimi

2282 5556 2456 5612 tribue
2486 5571 2601 5626 pem
2619 5565 2853 5612 atorum.
2884 5556 3005 5610 Per.
3649 5631 3654 5636 ⁵

2355 5648 2688 5704 Communia.
2725 5647 2884 5710 Deus,
2935 5647 3043 5702 vita
3072 5648 3375 5710 virentium,
3428 5656 3529 5712 spes
3569 5640 3706 5688 monts”

2282 5744 2437 5809 tium,
2481 5743 2627 5798 salus
2675 5743 2913 5795 orunium
2945 5741 2996 5794 in
3029 5749 3078 5796 te
3131 5735 3620 5811 spcrantimn,pncsll
3637 5733 3704 5788 ΡΨ
