3846 6324
615 307 724 364 815

1793 299 1967 355 ΒΑΛ).
2014 300 2078 352 λι
2123 304 2168 350 Μ

2276 304 2388 352 ιλιι.
2437 304 2535 356 ιιί
2554 305 2713 358 υιιυ.
3678 320 3734 371 8ἷὶ

613 445 946 488 veneramur
971 428 1128 492 festi,
1165 437 1216 482 te
1251 425 1554 496 opitulante
1595 425 1713 496 ejus
1742 423 2053 479 sanctitatis
2087 421 2206 476 iini-
2234 423 2278 478 A
2385 423 2458 477 Da
2489 427 2660 486 nobis,
2697 442 3024 494 qumsumus,
3064 427 3403 496 oznuipotcns
3445 426 3631 494 Deus,ut
3657 436 3735 491 sicut

617 522 720 576 tari
754 520 1029 574 valeamus
1055 517 1322 586 exempla,
1349 527 1402 570 et
1429 515 1581 586 cujus
1617 515 1826 569 meritis
1859 527 2200 582 nequaquam

611 625 900 679 possumus
931 607 1221 675 coaequari,
1253 608 1370 677 ejus
1416 607 1670 676 precibus
1702 620 2006 660 mereamur
2041 601 2201 672 adju-

610 706 726 759 vari
761 720 856 773 per
887 703 1188 758 Christum.

815 782 818 784 ⁷
883 851 886 854 _
979 810 1028 848 IN
1069 807 1506 847 ANNUNTIATIONE
1552 806 1831 844 DOMINICA.

679 888 763 954 (σία)
793 885 1023 939 ΛΕΙΒΙἾΙΘ
1055 885 1214 937 Deus.
1259 881 1360 948 Qui
1404 898 1503 950 per
1535 882 1710 936 beatae
1749 879 1925 934 Maria“:
1959 877 2196 946 Virginis

609 988 823 1045 partum
855 975 1112 1030 Ecclesiae
1150 983 1254 1026 tuae
1290 974 1522 1026 tribuisti
1564 972 1813 1026 mirabile
1853 970 2196 1039 mysterium,

607 1080 662 1123 et
714 1067 1076 1123 inenarrabile
1122 1077 1544 1126 sacramentum.
1597 1065 1647 1117 in
1712 1080 1816 1132 qua
1873 1073 2054 1116 manet
2121 1063 2200 1116 in-

569 1214 579 1230 ,
609 1171 752 1215 tacta
783 1160 1026 1223 castitas,
1061 1161 1233 1228 pudor
1263 1161 1492 1228 integer,
1536 1156 1690 1210 ﬁrma
1719 1156 2048 1220 constantia,
2081 1171 2198 1223 qua:

608 1252 858 1316 laetatur,
915 1252 1058 1320 quod
1115 1252 1278 1320 Virgo
1328 1250 1603 1319 concepit,
1653 1251 1796 1317 quod
1843 1247 1964 1302 ρωιί
2018 1247 2199 1299 Domi-

608 1359 734 1395 nnm
787 1343 966 1414 castis.
999 1343 1232 1410 portavit
1282 1342 1601 1402 visceribus,
1646 1339 1786 1408 quod
1831 1338 1993 1408 Virgo
2029 1338 2198 1392 edidit

607 1443 846 1501 partum.
897 1432 940 1485 0
981 1431 1294 1499 admiranda
1340 1431 1533 1486 divina:
1580 1430 1999 1500 dispensationis
2063 1444 2194 1498 ope-

607 1524 767 1587 ratio,
803 1539 922 1591 qua:
970 1523 1144 1576 virum
1198 1538 1301 1576 non
1353 1522 1608 1593 cognovit
1647 1530 1701 1576 et
1747 1531 1921 1576 mater
1968 1530 2093 1585 est,
2140 1530 2193 1576 et

602 1627 726 1686 post
776 1617 942 1670 lilium
991 1615 1152 1684 Virgo
1194 1623 1278 1669 est
1319 1615 1330 1667 !
1388 1615 1609 1669 Duobus
1653 1613 1796 1669 enim
1868 1614 2052 1684 gavisa
2105 1621 2191 1668 est
2236 1648 2240 1652 η

602 1707 938 1768 muneribus.
991 1707 1220 1767 miratur
1273 1707 1414 1776 quod
1474 1706 1636 1775 Virgo
1694 1707 1928 1774 peperit,
1977 1704 2189 1760 laetatur

600 1800 742 1866 quod
778 1798 1192 1868 Redemptoretn
1251 1799 1430 1852 mundi
1480 1799 1648 1853 edidit
1685 1797 1869 1853 Jesum
1908 1796 2186 1852 Christum

600 1889 887 1944 Dominum
949 1898 1214 1943 nostrum.
1271 1888 1442 1956 Quem
1502 1890 1724 1944 laudant
1788 1890 1963 1960 angeli
2025 1898 2188 1959 atque

598 1981 929 2052 archangeli,
956 1981 1234 2035 cherubim
1268 1997 1481 2051 quoque
1521 1997 1586 2037 ac
1612 1983 1885 2052 seraphim
1910 2022 1926 2046 ,
1953 1983 2044 2052 qui
2079 1997 2187 2037 non

596 2083 812 2129 cessant
849 2075 1084 2132 clamare
1127 2075 1367 2146 quotidie
1398 2089 1503 2128 una
1545 2087 1678 2130 voce
1711 2075 1955 2130 dicentes
1986 2091 2000 2128 :
2045 2075 2185 2130 San-

597 2174 737 2232 CllIS,
768 2178 1009 2224 sanctus.

807 2302 858 2340 IN
896 2302 1224 2341 NATH'ITATE
1255 2303 1471 2342 SANCTE
1502 2303 1680 2341 ninia-1
1712 2303 1964 2343 VIRGINIS.

667 2373 748 2441 (οῖ)
787 2373 1022 2444 [Equum
1055 2385 1107 2430 et
1139 2376 1395 2439 salutare,
1431 2382 1528 2430 nos
1571 2377 1662 2430 tibi
1699 2378 1748 2430 in
1778 2379 2014 2431 omnium
2059 2393 2179 2433 san-

595 2473 804 2516 ctorum
858 2475 1070 2518 tuorum
1121 2474 1376 2534 provectu
1431 2467 1636 2534 gratias
1695 2482 1891 2534 agere,
1947 2469 2176 2524 Domine

593 2563 803 2619 sancte,
850 2555 1012 2610 l'ater
1063 2557 1423 2626 omnipotens,
1478 2568 1678 2611 aeterne
1730 2557 1891 2621 Deus,
1945 2569 1999 2614 et
2045 2575 2181 2628 prte-

593 2643 749 2710 cfpne
776 2660 873 2713 pro
906 2647 1114 2700 meritis
1163 2647 1330 2699 beata:
1362 2646 1450 2700 Dei
1480 2647 1760 2714 genitricis
1788 2646 1971 2701 Maria:
2001 2649 2172 2719 gratia

589 2734 787 2800 plemc,
832 2745 974 2788 tuam
1001 2736 1446 2806 omnipotentiam
1496 2737 1738 2802 laudare,
1772 2737 2097 2795 benedicere
2125 2749 2179 2796 et

590 2826 906 2894 praedicare.
961 2825 1130 2892 Quem
1163 2826 1384 2881 laudant
1421 2827 1596 2897 angeli
1623 2837 1676 2880 ut
1713 2844 1893 2898 supra.

842 2932 894 2970 IN
935 2932 1308 2972 SOLEMNITATE
1347 2933 1552 2972 OMNIUM
1593 2934 1924 2976 SANCTORUM.

663 3007 990 3079 (-1-)A3terne
1018 3009 1177 3063 Deus.
1204 3008 1556 3063 Clementiam
1579 3017 1720 3062 tuam
1737 3011 2168 3081 suppliciterob-

2308 517 2579 572 adoranla
2631 519 2752 573 Filii
2800 520 2873 574 tui
2919 519 3171 573 Natalitia
3220 522 3566 588 prrevcnimus,
3604 526 3737 593 sici-J3

2309 621 2531 660 munera
2553 609 2830 676 capiamus
2853 610 3183 678 sempiterna
3222 610 3509 677 gaudentes.
3535 613 3736 677 Quiane.

2380 721 2461 790 (ᾧ)
2497 721 2725 776 Ειρτιιο
2769 722 2931 785 Deus,
2984 737 3080 791 per
3134 722 3404 776 Christqu
3451 725 3660 780 Dominam
3689 750 3737 783 nr.-

2308 820 2502 865 strnm.
2562 813 2729 878 Cujus
2767 812 2928 865 hodie
2981 813 3174 866 faciem
3215 813 3266 866 in
3307 813 3636 868 confessionem
3669 835 3738 883 pra
3788 873 3789 876 η

2307 905 2573 968 venimus,
2606 912 2659 958 et
2701 918 2830 957 voce
2874 903 3100 973 supplici
3147 919 3450 967 exoramus,
3493 915 3537 958 ιιι
3565 922 3742 974 superis.-

2310 1002 2438 1048 tura:
2489 995 2662 1047 noctis
2727 992 2915 1047 olliciis
2959 1009 3057 1047 nos
3113 995 3187 1048 ita
3237 995 3506 1063 pervigiles
3545 997 3683 1056 reddat,
3714 1019 3741 1046 ιιι

2305 1076 2532 1138 Sinceris
2570 1085 2840 1138 mentibus
2879 1082 2992 1151 ejus
3023 1085 3302 1152 percipere
3345 1099 3604 1137 mereantur
3639 1087 3742 1140 Nm

2307 1189 2619 1229 venturum.
2679 1177 2732 1229 ln
2761 1192 2867 1245 quo
2901 1176 3189 1230 invisibilis
3223 1192 3290 1230 ex
3341 1180 3601 1231 substantia
3634 1191 3745 1230 uno

2305 1267 2444 1320 sibili
2507 1283 2603 1338 per
2657 1283 2874 1320 carnem
2926 1268 3174 1336 apparuit
3221 1269 3275 1320 in
3331 1277 3529 1330 nostra,
3572 1278 3744 1338 lﬂllﬂn‘ier

2303 1377 2410 1414 uno
2443 1377 2546 1414 non
2597 1372 2836 1430 tempore
2874 1361 3114 1430 genitus,
3160 1377 3266 1414 non
3315 1371 3496 1414 natura
3544 1362 3746 1416 inferior..t

2303 1467 2400 1506 nos
2430 1453 2575 1506 venit
2618 1469 2682 1505 ex
2739 1463 3000 1522 tempore,
3033 1461 3192 1506 natus
3237 1451 3396 1507 Jesus
3424 1452 3625 1508 Christus
3647 1455 3745 1510 llos-

2299 1560 2400 1597 nus
2431 1553 2636 1598 noster.
2673 1543 2777 1597 Per
2798 1559 2959 1612 quem
2992 1542 3354 1612 majestalem.

2369 1655 2481 1726 (⁸51)
2514 1655 2739 1708 Domine
2782 1655 2922 1708 labia
2979 1670 3096 1710 mea
3131 1658 3369 1724 aperies.
3412 1657 3746 1712 Salvumfac

2221 1775 2264 1833 Β
2296 1761 2419 1798 vum
2454 1754 2634 1799 tuum.
2675 1744 2821 1799 Mitte
2869 1746 2936 1807 ei,
2986 1747 3232 1801 Dommc.
3289 1749 3745 1803 attxiliumdesauca.

2294 1837 2538 1900 Domine,
2579 1837 2846 1892 custodiat
2879 1845 2927 1892 te
2973 1837 3042 1891 ab
3093 1839 3240 1892 omni
3289 1840 3448 1893 malo.
3494 1841 3685 1894 Dominus
3703 1860 3750 1894 t1—

2290 1929 2486 1983 stodiat
2533 1929 2811 1983 introitum
2868 1938 3014 1983 tuum
3049 1938 3103 1984 et
3141 1932 3346 1985 exitum
3388 1942 3544 1986 tuum.
3589 1934 3636 1986 Et
3664 1935 3742 1986 auls

2290 2025 2373 2071 rat
2399 2032 2427 2070 a
2461 2026 2512 2071 te
2542 2018 2788 2087 spiritum
2820 2019 3091 2075 elationis.
3149 2023 3346 2080 Amen.

2363 2146 2381 2176 ι
2410 2126 2581 2189 Quam
2611 2129 2828 2196 quidem
2863 2130 3074 2200 copiam
3112 2147 3213 2201 ego
3249 2131 3496 2189 Nicolaus
3523 2135 3746 2190 GiomiSai-

2286 2206 2690 2273 clo-Severinas
2744 2221 2990 2289 publicus
3043 2223 3134 2278 Dei
3205 2228 3385 2294 gratia
3431 2227 3678 2296 apostolica,
3698 2229 3748 2278 in.-

2285 2305 2582 2376 perialique
2637 2310 3051 2368 auctoritatibus
3115 2317 3362 2372 notarius
3399 2318 3450 2371 in
3496 2319 3666 2372 archiva
3694 2319 3748 2368 lie-

2285 2411 2459 2450 mante
2501 2397 2668 2453 curiae
2723 2401 3030 2472 descriptus
3084 2405 3317 2462 ﬁdeliter
3371 2425 3464 2479 per
3515 2410 3641 2463 alium
3677 2412 3789 2462 mil-ii

2285 2489 2446 2542 fidum
2477 2493 2766 2547 extrahere
2790 2503 2844 2548 et
2866 2496 3087 2564 capiare
3108 2496 3210 2553 feci
3233 2513 3305 2554 ex
3357 2503 3745 2570 suprascriptopev-

2281 2581 2504 2648 antiquo
2534 2581 2737 2636 missali
2781 2585 2848 2638 ad
2886 2600 3042 2640 usum
3088 2588 3218 2642 olim
3265 2591 3407 2644 beati
3453 2588 3747 2644 Petricantiaz-
3788 2611 3789 2632 ι

2282 2671 2346 2728 lis
2380 2673 2623 2726 Damiani
2653 2673 2998 2742 inservienti,
3046 2689 3102 2733 et
3134 2679 3202 2733 ab
3258 2683 3447 2736 eodem
3485 2683 3601 2735 dono
3635 2681 3748 2732 mdia

2281 2763 2475 2820 devoto
2495 2763 2636 2818 illius
2668 2764 2930 2835 discipulo
2962 2769 3120 2824 beato
3149 2769 3430 2828 Dominico
3451 2771 3746 2834 lanienas-iii:

2281 2856 2346 2910 ad
2389 2858 2694 2928 lmjnsmodi
2741 2861 2991 2915 effectura
3035 2864 3233 2919 tradito
3275 2875 3331 2918 et
3376 2863 3546 2935 postea
3579 2867 3744 2919 restitute.

2280 2948 2431 3016 Quod
2468 2953 2683 3021 quidem
2733 2955 2949 3013 Missale
3002 2960 3309 3012 custoditur
3347 2960 3398 3012 iu
3445 2959 3626 3029 priorali
3659 2973 3747 3026 parv-

2279 3041 2438 3095 chiali
2471 3044 2700 3100 ecclesia
2742 3045 2956 3101 Sanctte
2987 3048 3155 3102 Anna:
3177 3049 3356 3104 Castri
3384 3051 3621 3104 Froutalis
3636 3049 3744 3102 Samii

589 3112 884 3166 scermites,
931 3111 988 3154 nt
1035 3118 1159 3157 cum
1202 3101 1601 3156 exsultantibus
1629 3103 1830 3157 sanctis
1853 3105 1906 3158 in
1938 3105 2176 3160 caelestis
2205 3114 2249 3176 (ζ
2282 3129 2526 3186 Severini
2567 3134 2839 3198 dimcesis'
2870 3154 2934 3192 ac
2987 3101 3579 3208 ρηωίεῷξέέιέιξέιξέηί
3613 3139 3746 3208 mea,

590 3194 737 3262 regni
786 3195 1050 3248 cubilibus
1083 3197 1276 3264 gaudia
1331 3205 1511 3250 nostra
1558 3194 1874 3266 conjungas.
1929 3197 1994 3251 Et
2038 3214 2174 3268 quos

586 3286 802 3338 virtutis
847 3286 1150 3341 imitatione
1196 3303 1301 3343 non
1335 3304 1619 3357 possumus
1651 3289 1824 3358 sequi,
1858 3289 2062 3345 debitae
2084 3305 2173 3344 ve-

586 3375 883 3430 nerationis
917 3377 1297 3445 contingamus
1345 3378 1560 3446 affectu,
1596 3396 1692 3451 per
1742 3381 2018 3436 Christqu
2071 3381 2176 3436 Do-

585 3467 786 3520 minum
819 3477 1080 3520 nostrum.
1137 3467 1240 3522 Per
1282 3485 1460 3538 quem.

745 3572 797 3610 IN
839 3571 1195 3616 FESTIVITATE
1241 3576 1426 3616 SANC'I'I
1476 3577 1702 3617 MARTINI
1754 3579 2007 3618 EPISCOPI.

654 3647 739 3716 (ᾗ)
775 3646 999 3704 ,ίΕιοιιιιθ
1044 3651 1208 3706 Dens.
1244 3653 1408 3721 Cujus
1439 3669 1662 3709 munere
1687 3655 1875 3709 beatus
1907 3655 2171 3709 Martinus

583 3736 865 3791 confessor
896 3742 1097 3808 pariter
1140 3753 1192 3796 et
1235 3745 1509 3808 sacerdos,
1542 3755 1596 3800 et
1626 3749 1892 3800 bonorum
1941 3764 2167 3816 operum

584 3828 934 3882 incrementis
981 3836 1245 3897 excrevit,
1295 3846 1347 3888 et
1384 3836 1551 3890 variis
1593 3837 1853 3891 virtutum
1885 3839 2041 3892 donis
2070 3856 2168 3893 ex-

585 3919 834 3971 uberavit
865 3929 920 3973 et
971 3923 1244 3977 miraculis
1297 3927 1621 3980 coruscavit.
1674 3927 1936 3998 Quodque
1991 3930 2168 3984 verbis

581 4010 822 4075 edocuit,
875 4025 1098 4080 Operum
1155 4011 1486 4070 exhibitione
1534 4019 1848 4088 complevit,
1892 4029 1947 4075 et
1997 4021 2165 4075 docu—

582 4111 764 4156 mento
803 4104 959 4157 simul
999 4113 1048 4158 el
1097 4108 1343 4177 exemplo
1377 4110 1609 4164 subditis
1637 4113 1701 4164 ad
1733 4113 1975 4166 coelestia
2006 4130 2173 4184 regna

580 4192 830 4244 ducatum
869 4195 1114 4262 praebuit.
1169 4194 1317 4252 Unde
1353 4208 1495 4252 tuam
1525 4200 1865 4255 clementiam
1905 4204 2160 4273 petimus,

577 4294 635 4334 ut
658 4280 772 4349 ejus
796 4285 882 4352 qui
935 4287 1026 4340 tibi
1059 4287 1278 4356 placuit,
1310 4291 1570 4359 exemplis
1611 4292 1679 4346 ad
1724 4293 1856 4347 bene
1890 4296 2158 4365 agendum

577 4375 1006 4440 confurmemnr,
1049 4380 1252 4432 meritis
1305 4381 1642 4443 muniantur,
1686 4384 2162 4441 intercessionibus

576 4468 915 4538 adjnvcnmr,
960 4470 1192 4539 qualiter
1225 4475 1290 4528 ad
1323 4475 1542 4531 cmleste
1568 4491 1812 4547 regnum,
1856 4479 1946 4533 illo
1990 4480 2160 4534 inter-

575 4561 842 4627 veniente,
873 4572 925 4614 et
955 4571 1005 4616 te
1031 4566 1325 4634 epitulante
1354 4569 1636 4634 pervenire
1679 4585 2004 4625 mereamur.
2057 4570 2160 4626 Per

571 4651 846 4706 Christum
879 4653 1159 4708 Dominum
1194 4665 1457 4710 nostrum.
2167 4729 2170 4733 ι

644 4749 803 4812 DeuS,
832 4753 920 4817 qui
955 4765 1050 4802 nos
1092 4749 1479 4818 redemptionis
1513 4760 1708 4803 nostr:e
1749 4768 1924 4804 annua
1956 4767 2154 4821 exspe-

569 4840 801 4895 ctatione
868 4839 1126 4903 hetificas,
1187 4849 1383 4908 praesta
1444 4848 1501 4892 ιιι
1565 4838 1906 4909 Unigeniturn
1979 4851 2151 4907 tuum,

567 4936 724 4995 quem
789 4930 1198 4999 Redemptorcm
1258 4929 1359 4984 lmti
1427 4931 1791 5002 suscepimus,
1847 4934 2151 4987 venientem

567 5035 780 5089 quoque
843 5014 1084 5077 Iudicem
1147 5022 1323 5077 securi
1376 5023 1652 5078 videmnus
1709 5025 1994 5078 Dominum
2045 5042 2148 5077 no-

565 5119 757 5166 ιιτιιιιι.

640 5311 1666 5387 (3|)Hebdomadariuslectormmeusa
1698 5319 1764 5370 ad
1783 5321 2151 5387 praescriptum

567 5381 788 5452 Regulae
825 5383 932 5456 divi
966 5385 1233 5440 BenediCti
1267 5387 1408 5455 (cap.
1431 5389 1522 5455 58)
1549 5381 1918 5456 debebat-post
1962 5381 2152 5445 missas

566 5461 623 5506 et
665 5455 1219 5527 communionem,die
1242 5457 1520 5510 Dotninico
1557 5465 1740 5525 petere
1765 5455 2161 5527 suprascriptis.

565 5522 846 5578 versiculis
879 5523 945 5576 ab
973 5525 1221 5580 omnibus
1265 5537 1323 5580 ut
1352 5542 1450 5594 pro
1472 5542 1530 5582 se
1557 5522 1843 5593 iurarent,'
1863 5539 1916 5582 et
1949 5522 2146 5585 ter're-

2279 3231 2366 3277 tur
2392 3233 2446 3277 et
2487 3236 2800 3280 asservatur
2838 3229 2892 3282 in
2943 3231 3258 3299 reliquiario
3303 3233 3482 3304 figura:
3528 3232 3742 3288 orbiculus

2276 3315 2486 3371 caerulei
2531 3334 2592 3373 ac
2646 3319 2846 3376 diversi
2883 3322 3080 3378 coloris
3128 3337 3447 3380 ornamento
3490 3325 3665 3380 interius
3698 3323 3743 3371 όιι

2274 3407 2440 3477 picto,
2489 3411 2764 3482 similique
2800 3413 2972 3468 forma
3015 3419 3260 3472 exterius
3301 3419 3353 3472 in
3386 3430 3524 3488 parte
3559 3415 3740 3487 posteris-’1'

2275 3499 2560 3568 decorate;
2606 3505 2656 3558 in
2686 3507 2944 3560 anteriori
2999 3523 3130 3563 vero
3163 3511 3349 3565 vitreis
3400 3511 3627 3581 repagulis
3652 3503 3740 3560 simi-1

2273 3592 2500 3646 annexis
2534 3609 2599 3649 ac
2654 3595 2872 3663 plumbo
2914 3598 3182 3668 colligatis
3213 3600 3421 3664 clauso,
3449 3602 3677 3666 incisisquc
3703 3609 3738 3644 ci

2272 3681 2416 3752 ligno
2459 3685 2700 3752 pluribus
2762 3688 3044 3744 frondibus
3085 3705 3150 3745 ac
3179 3691 3400 3746 floribus
3449 3687 3739 3745 inani-nise:-

2272 3777 2542 3839 cumda’o.
2570 3788 2728 3847 prout
2755 3780 2805 3834 id
2842 3791 3010 3834 totum
3071 3783 3216 3837 clare
3272 3792 3477 3839 constat
3513 3799 3569 3837 ex
3592 3781 3737 3833 aullirs-

2275 3854 2394 3920 ticis
2432 3867 2495 3919 ιι.
2528 3867 2586 3920 Ρ.
2618 3867 2679 3922 D.
2734 3869 3020 3925 Alexandri
3079 3871 3251 3937 Calvi,
3293 3874 3414 3926 olim
3476 3875 3536 3926 de
3579 3869 3735 3938 Organa

2270 3955 2506 4024 episcopi
2544 3956 2741 4012 Sancto
2779 3959 3049 4025 Severini,
3087 3972 3142 4016 et
3195 3963 3498 4018 successive
3524 3977 3577 4016 ex
3601 3956 3737 4012 aliisli.

2271 4048 2329 4102 P.
2357 4050 2420 4104 ι).
2465 4051 2702 4123 Dionysii
2732 4053 3085 4125 Picragostini
3114 4059 3353 4128 episcopi
3384 4061 3571 4128 pariter
3592 4058 3736 4110 Santi»-

2271 4140 2533 4207 Severini,
2573 4145 2672 4198 sub
2697 4160 2926 4214 quorum
2967 4149 3161 4218 sigillis
3189 4162 3518 4206 asservatnm
3551 4148 3734 4204 manebat.

2268 4233 2404 4288 Cum
2430 4237 2519 4306 qui
2567 4237 2782 4306 quidem
2828 4238 3029 4293 Missali
3087 4239 3228 4295 facta
3276 4259 3368 4311 per
3408 4257 3490 4296 me
3530 4240 3733 4294 eullatiuut.

2268 4324 2320 4378 in
2345 4327 2599 4382 omnibus
2628 4337 2683 4382 et
2730 4345 2825 4399 per
2857 4331 3038 4385 omnia
3087 4334 3416 4388 concordare
3453 4333 3604 4386 inveni
3637 4329 3724 4380 ruas

2195 4418 2444 4515 anoad
2505 4417 2734 4472 formam
2793 4420 3098 4489 aliquarum
3162 4422 3458 4477 litterarum
3501 4421 3718 4476 Graeamw

2267 4505 2426 4563 Salvo
2463 4524 2710 4578 semper,
2742 4521 2847 4565 etc.
2895 4513 3018 4567 ideo
3061 4515 3128 4567 ad
3179 4515 3335 4569 fidem
3373 4516 3452 4570 hic
3494 4531 3565 4568 me
3600 4511 3729 4576 scopa.

2264 4599 2558 4668 subscripsi
2609 4614 2661 4656 et
2694 4604 2982 4671 public-ivi,
3044 4622 3274 4676 meoque
3315 4607 3464 4663 solito
3511 4608 3731 4674 signia,th

2264 4699 2406 4752 utor,
2443 4691 2642 4744 munivi
2675 4695 2982 4762 requisitos.

2348 4829 2364 4860 ι
2390 4810 2555 4882 Apyri
2609 4808 2708 4863 bac
2740 4809 2828 4863 die
2852 4810 3059 4883 decima
3092 4812 3280 4880 quinta
3319 4811 3502 4866 mensis
3527 4808 3623 4861 Maii
3655 4799 3727 4855 τιεπέ

2263 4901 2419 4954 1746.

2992 5011 3012 5043 ι
3047 4992 3189 5048 Loco
3210 4993 3251 5064 ’ἶ-
3280 4994 3411 5064 signi
3456 4989 3723 5048 notarum.»

2259 5321 2424 5391 petito
2460 5340 2471 5374 :
2523 5319 2757 5380 Domine.
2804 5320 2946 5372 (allia
2983 5337 3100 5375 mea
3135 5323 3355 5386 aperias,
3387 5320 3592 5385 accipere
3622 5317 3720 5391 Ιιιτπθ

2257 5381 2564 5445 dictionem.
2601 5391 2700 5453 Qui
2728 5406 2842 5462 nios
2866 5394 3004 5459 apud
3038 5381 3717 5462 monachosservatur-“aditur.

2257 5469 2316 5514 ut
2355 5463 2544 5515 scribit
2579 5475 2720 5528 sat-pe
2772 5456 3020 5514 laudatus
3048 5464 3340 5516 carilinalis
3383 5462 3506 5516 Bona
3533 5456 3665 5526 (litat.
3688 5459 3718 5493 ε·

2287 5532 2339 5595 5,
2375 5547 2426 5585 ιι.
2459 5534 2536 5601 5),
2564 5543 2769 5600 usuque
2800 5531 2917 5602 ipso
2945 5540 3110 5601 patet.
