3846 6324
53 394 132 450 881
904 376 1235 438 EXCERI‘T.
1273 375 1362 430 EX
1391 372 1592 429 CODD.

1722 368 1892 424 Γωὶο
1906 407 1918 420 .
1947 365 2173 422 FONTA
2185 363 2470 421 VELLAN.

53 509 228 565 scilich
278 500 535 573 lapidem,
584 497 872 578 cbaritatis
933 493 1182 549 lidelibns
1251 491 1356 544 tuis
1411 489 1588 559 ignem
1623 487 1666 546 Α

54 597 312 658 contulisti,
365 577 683 662 productum
718 605 749 643 e
794 586 947 640 silice
993 583 1195 638 nostris
1251 577 1588 651 profuturum

55 687 228 746 usibus,
270 698 456 736 norum
504 680 648 734 hunc.
700 679 876 748 ignem
926 673 1236 730 sanctiﬁca,
1268 680 1324 724 et
1357 665 1596 723 concede

55 778 187 832 “(iliis
213 776 278 827 ita
305 787 400 840 per
431 773 544 825 haec
568 770 706 824 festa
739 765 1012 836 paschalia
1040 761 1356 817 cmlestibus
1383 757 1596 813 deside-

54 872 131 923 riis
161 863 462 920 inﬂammari
491 872 553 916 ut
576 862 643 914 ad
667 870 938 931 perpetuac
962 855 1229 910 claritatis
1258 854 1410 925 puris
1441 866 1592 906 men-

53 961 172 1012 tibus
194 957 454 1010 valeamus
481 953 620 1007 festa
650 951 980 1023 pertingere.
1008 947 1136 1002 Per.

111 1051 214 1103 Alia
241 1049 426 1102 oratio.
461 1047 687 1102 Domine
735 1045 898 1108 Deus,
929 1042 1088 1096 Pater
1121 1038 1484 1109 omnipotens,
1516 1033 1597 1087 lu-

53 1161 152 1197 men
180 1141 498 1206 ituleliciens,
547 1149 602 1194 et
647 1147 834 1192 sancte
885 1135 1137 1191 conditor
1166 1131 1409 1185 omnium
1441 1126 1597 1182 lumi-

53 1250 177 1298 num,
202 1233 458 1302 bcne-l-dic
482 1231 587 1285 hoc
611 1231 809 1294 lumen,
842 1227 987 1297 quod
1023 1243 1053 1280 a
1102 1234 1153 1278 te
1200 1220 1598 1277 sanctificatum

51 1337 188 1393 atque
213 1325 543 1378 benedictum
574 1331 679 1388 est,
705 1321 797 1392 qui
846 1315 1161 1373 illuminasti
1200 1326 1418 1369 omnem
1445 1325 1598 1363 mun-

51 1420 174 1478 tliuu,
210 1425 263 1468 ut
294 1415 358 1468 ab
384 1429 452 1468 eo
496 1413 704 1468 lumine
739 1410 1122 1472 accendamur,
1146 1415 1202 1461 et
1228 1403 1598 1458 illnminemur

55 1507 154 1572 igne
175 1505 422 1558 claritatis
454 1512 580 1568 litat,
609 1513 667 1558 et
692 1503 830 1557 sicut
853 1503 1032 1572 ignem
1061 1493 1377 1552 illnminasti
1406 1489 1596 1562 Moysi,

53 1595 110 1646 ita
140 1595 388 1650 illmniues
429 1593 595 1650 corda
639 1603 693 1648 et
725 1608 916 1648 sensus
948 1601 1185 1654 nostros,
1231 1595 1288 1642 ιιι
1331 1583 1593 1669 ειιιῆινίιιιιιῐ

52 1698 274 1759 atteraam
304 1688 589 1758 pervenire
620 1702 946 1743 mereamur.
975 1683 1102 1739 Per.

110 1775 214 1826 Alia
237 1777 420 1830 oratio.
454 1775 670 1841 Veniat,
697 1789 1025 1846 qutcsumus,
1059 1770 1403 1840 omnipotens
1433 1767 1598 1828 Deus,

3172 366 3278 421 882

1775 479 1983 534 “eiecti
2029 477 2282 533 vitalibus
2325 476 2616 550 alimentis,
2663 490 2991 544 quwsniuns,
3056 475 3278 530 Domine

1701 569 1843 626 Deus
1877 576 2082 631 noster,
2115 576 2174 621 ttt
2218 566 2362 636 quod
2404 576 2645 635 tctnttore
2693 565 3040 619 mortalitatis
3083 573 3279 618 nostra:

1698 663 2070 732 cxsequintnr,
2124 658 2548 713 immortalitatis
2586 671 2812 713 munere
2859 671 3275 726 consequamur.

1699 752 1823 807 l‘er.

1772 844 2058 914 Postquam
2109 843 2363 895 diaconus
2407 840 2532 894 dicit
2591 839 2982 896 Benedicamus
3031 838 3269 894 Domino.

1702 937 1768 992 In
1800 937 2041 1007 plurimis
2074 933 2348 999 Ecclesiis,
2375 934 2474 998 Ite,
2505 933 2666 988 missa
2697 941 2781 987 est
2819 931 3036 994 dicitur,
3061 931 3185 1000 quia
3229 943 3278 988 et

1700 1029 1883 1087 Gloria
1915 1029 1967 1082 in
1994 1026 2229 1083 excelsis
2254 1026 2454 1088 dicunt,
2479 1025 2616 1094 quod
2647 1041 2738 1078 nos
2764 1040 2862 1077 non
2892 1023 3136 1076 dicimus.

2093 1133 2249 1172 FEDIA
2279 1131 2450 1174 SEXTA
2481 1132 2529 1169 ΙΝ
2557 1129 2908 1169 PARASCEVEN.

1775 1209 1912 1262 Dum
1954 1216 2387 1260 cantatur-nona
2433 1205 2660 1258 induunt
2696 1203 2941 1256 sacerdos
2981 1213 3026 1258 et
3059 1201 3285 1256 ministri

1701 1297 1896 1352 casulis
1929 1298 2112 1366 nigris.
2168 1294 2214 1348 si
2264 1293 2540 1356 habentur,
2612 1291 2917 1362 faciuntque
2986 1292 3177 1346 ibidem
3230 1294 3285 1344 in

1702 1389 1946 1442 vestiario
2015 1385 2436 1456 confessionem,
2489 1391 2537 1436 et
2587 1392 2712 1434 tunc
2763 1398 2864 1434 non
2931 1382 3288 1435 accenduntur

1703 1479 1936 1534 candela:
1981 1478 2120 1531 circa
2171 1476 2364 1541 altare,
2395 1484 2445 1528 et
2491 1476 2698 1528 mittant
2729 1471 3007 1541 parvulum
3044 1471 3286 1536 linteum,

1705 1571 2110 1625 mundissintam
2151 1568 2346 1632 tamen,
2396 1584 2556 1638 super
2603 1565 2790 1620 altare.
2847 1563 3134 1634 Postquam
3172 1580 3287 1618 vero

1704 1664 1946 1720 sacerdos
1995 1679 2112 1718 cum
2145 1662 2396 1715 ministris
2423 1660 2614 1714 venerit
2660 1675 2838 1714 coram
2886 1659 3068 1723 altari,
3110 1657 3286 1710 statim

1705 1759 1960 1812 diaconus
1987 1754 2184 1808 accedit
2210 1754 2278 1806 ad
2299 1753 2596 1822 legendum,
2619 1751 2964 1822 pronuntians
2992 1753 3045 1804 in
3073 1750 3290 1803 lectione

53 1881 188 1936 super
216 1868 311 1921 hoc
340 1868 624 1922 incensum
657 1838 804 1936 larga
831 1878 934 1920 tua:
959 1838 1350 1920 benedictionis
1377 1856 1599 1920 inlusio,
1635 1844 1674 1903 Β
1707 1863 1895 1901 nomen
1924 1846 2211 1914 prophetae,
2264 1844 2338 1896 sic
2369 1858 2388 1896 :
2433 1841 2621 1896 Lectio
2650 1839 2802 1896 Osca:
2841 1839 3138 1908 prophetae.
3169 1838 3289 1902 Qua

53 1969 98 2010 et
122 1959 247 2012 lnmc
287 1969 609 2013 nocturnum
655 1957 994 2028 splendorem
1030 1953 1319 2009 invisibilis
1349 1958 1602 2020 regnator

57 2051 278 2115 acceude,
301 2060 356 2104 ιιι
388 2067 492 2105 non
536 2051 716 2105 solum
741 2048 1093 2112 sacriﬁcium,
1126 2044 1269 2117 quod
1313 2044 1413 2097 hac
1444 2048 1603 2094 nocte

57 2144 234 2195 litatum
275 2149 354 2196 est
388 2156 588 2195 arcana
640 2139 859 2194 luminis
912 2138 988 2194 tui
1052 2136 1376 2191 atlmistione
1437 2131 1602 2187 relat-

57 2241 174 2302 geat,
199 2234 288 2287 sed
311 2233 360 2286 in
383 2247 712 2303 quocunque
738 2231 858 2286 loco
881 2246 946 2286 ex
973 2229 1132 2301 hujus
1159 2226 1605 2284 sanctiﬁcationis

61 2323 279 2391 inyswrio
307 2323 465 2377 fuerit
493 2323 864 2392 deportatum,
895 2321 1120 2391 expulsa
1147 2318 1426 2375 dialolicm
1461 2319 1606 2372 fran-

61 2416 126 2467 ὧς
149 2415 386 2485 nequitia,
421 2417 597 2470 virtus
626 2427 732 2470 tum
765 2415 1064 2484 maiestatis
1090 2413 1330 2467 assistat.
1371 2411 1497 2464 Per.

117 2509 181 2562 De
225 2527 319 2581 quo
358 2512 474 2580 igne
525 2526 660 2564 nouo
710 2509 911 2579 lampas
944 2525 1051 2562 una
1104 2517 1336 2561 servetur
1385 2504 1611 2558 accensa

63 2618 192 2670 usque
208 2604 254 2654 in
270 2603 550 2658 Sabbatum
569 2613 816 2657 sanctam
850 2602 923 2656 ad
946 2585 1352 2654 illuminandam
1377 2614 1604 2662 cereum,

59 2696 132 2759 qui
155 2695 314 2748 eodem
358 2696 440 2750 die
463 2695 852 2750 benedicendus
873 2702 949 2747 est
991 2692 1178 2746 ordine
1203 2707 1303 2761 quo
1332 2691 1387 2743 in
1415 2689 1608 2743 Sacra-

62 2785 281 2840 urentario
323 2786 643 2841 continetur.
680 2785 793 2840 Hoc
817 2784 1040 2855 expleto,
1067 2783 1208 2837 ontni
1235 2781 1430 2835 lumine
1455 2781 1610 2834 deco-

63 2887 156 2927 rata
206 2878 445 2943 ecclesia,
510 2877 884 2948 ingrediantur
935 2877 1003 2928 ad
1067 2874 1314 2936 missam,
1359 2887 1478 2941 qua:
1514 2887 1608 2940 pro

62 2969 292 3031 pra'sentis
339 2970 588 3039 sacrificii
645 2969 836 3022 recenti
899 2965 1228 3019 institutione
1282 2961 1609 3015 devotissime

61 3056 342 3115 dt-cantetur.
393 3061 459 3115 In
512 3064 618 3115 hac
665 3061 801 3114 enim
859 3060 944 3112 die
1008 3055 1331 3124 sacriﬁcium
1374 3053 1609 3122 corporis

63 3147 196 3209 sacri,
223 3158 264 3200 et
295 3149 394 3203 divi
425 3153 662 3205 muneris
681 3151 822 3204 sacri
848 3149 1119 3217 sanguinis
1147 3145 1210 3199 ab
1237 3147 1350 3214 ipso
1383 3143 1604 3196 Domino

62 3233 379 3294 celebrationis
408 3241 634 3311 sumpsit
667 3241 896 3294 initium.
944 3238 1060 3290 llac
1112 3236 1196 3290 die
1239 3236 1294 3289 in
1324 3245 1432 3288 toto
1484 3235 1606 3287 orbe

63 3342 240 3381 sacrum
279 3332 498 3386 chrisma
537 3332 840 3402 con/icitur.
891 3328 1008 3383 "ac
1037 3328 1122 3383 die
1151 3329 1308 3383 etiam
1357 3311 1609 3398 poeniten-

65 3417 177 3467 tibus
201 3437 282 3487 per
307 3423 687 3494 indulgentiam
715 3423 1040 3476 subvenitur.

68 3537 70 3540 ν
124 3507 237 3561 Dum
260 3525 422 3567 autem
451 3525 701 3568 cantatur
720 3529 878 3580 nona,
913 3520 1206 3581 prteparent
1229 3526 1283 3563 se
1305 3509 1372 3562 ad
1397 3508 1610 3561 missam

67 3598 214 3662 festive
233 3607 484 3672 sacerdos,
521 3609 782 3659 diaconus
824 3605 878 3658 in
920 3602 1225 3665 dalmatica,
1258 3600 1610 3653 subdiaconus

66 3691 109 3742 in
135 3695 305 3759 tunica,
333 3699 636 3767 ceroferarii
682 3713 885 3768 quoque
922 3705 970 3749 el
1016 3694 1106 3762 qui
1150 3691 1474 3746 thuribulum
1522 3691 1613 3743 de-

68 3780 194 3846 ferat.
233 3785 291 3840 Et
336 3801 580 3845 cantator
609 3793 662 3844 in
709 3790 894 3850 choro,
929 3786 1146 3840 indutus
1174 3800 1363 3853 cappa,
1395 3783 1610 3834 missam

67 3872 326 3931 soleutuiter
361 3881 604 3950 incipiat,
647 3897 764 3950 qua?
796 3897 892 3949 pro
937 3879 1208 3949 prazsentis
1255 3877 1502 3947 sacriﬁcii
1535 3890 1614 3928 re-

68 3967 179 4018 crttli
222 3970 528 4028 institutione
606 3974 932 4028 deJotissimc
1006 3971 1328 4025 decantetur.
1393 3969 1460 4025 In
1511 3986 1614 4040 qua

69 4053 256 4109 iicratut’
280 4077 613 4130 responsum;
637 4074 682 4116 et
701 4062 1128 4117 canteturCredo
1153 4063 1204 4115 in
1228 4078 1394 4115 unum
1421 4062 1609 4124 Deum,

68 4142 222 4200 Gloria
253 4151 299 4203 in
328 4156 558 4212 excelsis
585 4156 711 4209 Deo.

123 4235 205 4292 L'bi
227 4242 441 4300 chrisma
475 4247 771 4315 con/icitur,
800 4255 1066 4300 cantatur.

315 4355 460 4395 IIISSA
490 4358 562 4396 AD
592 4357 636 4396 S.
662 4357 898 4396 JOANNE!
932 4357 983 4396 lN
1020 4354 1322 4395 LATEBANO.

128 4420 314 4491 Oratio,
342 4441 443 4486 etc.
477 4430 542 4487 Ut
572 4434 624 4486 in
652 4434 845 4487 nostris
872 4431 1022 4486 editis
1067 4447 1230 4501 usque
1250 4431 1320 4482 ad
1342 4443 1617 4482 consecra-

1706 1939 1856 2007 ﬁnita
1885 1937 2061 1990 dicunt
2095 1942 2322 1987 tractum
2359 1934 2411 1984 in
2440 1937 2620 1998 choro,
2641 1942 2764 1994 etc.,
2786 1940 2837 1984 ut
2863 1931 2914 1983 in
2942 1929 3099 1983 editis
3132 1943 3292 1997 usque

1653 2051 1658 2056 ι
1707 2032 1776 2085 ad
1825 2039 1986 2084 totam
2026 2029 2263 2082 ultimam
2313 2025 3029 2095 orationem:Otnnipoteus
3093 2020 3293 2090 sempi-

1708 2131 1867 2176 terne.
1892 2120 2053 2176 Deus.

1779 2211 1973 2268 Finitis
2001 2213 2326 2269 orationibus
2353 2215 2500 2281 prior
2530 2210 2654 2280 facit
2700 2225 2989 2263 sermonem
3031 2207 3100 2261 ad
3129 2222 3294 2276 papu-

1708 2304 1817 2358 lum
1865 2304 1929 2357 de
1973 2320 2132 2372 pace,
2166 2314 2211 2358 et
2263 2319 2439 2358 omnes
2489 2302 2852 2355 discordantes
2887 2297 3135 2352 Ecclesia:
3183 2313 3294 2352 sua:

1707 2395 1847 2463 ﬁlios
1874 2398 1943 2448 ad
1984 2395 2315 2448 concordiam
2365 2410 2603 2446 revocare
2634 2407 2962 2458 summopere
2982 2389 3210 2456 studeat,
3237 2398 3292 2443 ut

1652 2501 1653 2508 ‘
1709 2487 1858 2558 digni
1888 2497 2212 2540 sacramento
2273 2484 2711 2539 reconciliationis
2751 2484 3000 2536 humanm
3045 2497 3155 2534 esse
3208 2498 3296 2534 va-

1705 2580 1870 2634 leant.
1908 2577 2006 2633 llis
2060 2580 2351 2632 transactis
2378 2581 2629 2631 accedant
2662 2577 2729 2630 ad
2773 2591 2978 2630 crucem
3025 2575 3296 2641 discoope-

1714 2673 1974 2739 riendam,
1998 2674 2130 2726 sicut
2163 2675 2217 2726 in
2249 2672 2432 2726 ordine
2455 2671 2694 2724 habetur.
2745 2669 2861 2734 Qua
2886 2671 3216 2736 discooperta
3243 2676 3294 2719 et

1711 2765 1958 2831 adorata,
1991 2764 2158 2818 veniat
2187 2764 2430 2817 sacerdos
2475 2778 2593 2816 cum
2632 2761 2885 2814 ministris
2935 2769 3056 2812 ante
3104 2756 3293 2811 altare.

1714 2857 1977 2910 Diaconus
2027 2858 2096 2910 sit
2141 2857 2358 2909 indutus
2403 2854 2584 2909 casula
2639 2870 2758 2917 sua,
2789 2854 2921 2906 sicut
2971 2855 3080 2904 i'nos
3123 2861 3196 2904 est
3248 2851 3296 2902 ei

1713 2946 2067 3010 ministranti;
2085 2946 2438 3000 subdiaconus
2460 2956 2632 2998 autent
2654 2943 2869 2997 indutus
2884 2957 3007 2996 sua.
3030 2939 3298 3010 Factaque

1710 3037 2038 3106 confessione
2065 3047 2186 3091 ante
2227 3038 2418 3101 altare,
2455 3034 2656 3103 deferat
2687 3035 2942 3087 diaconus
2971 3031 3296 3101 corporalem

1713 3131 1781 3183 ad
1821 3130 1990 3184 altare
2015 3138 2064 3184 et
2095 3131 2364 3184 extendat.
2395 3127 2462 3182 Et
2495 3129 2549 3180 in
2589 3127 2824 3180 sacrario
2872 3126 2928 3178 in
2967 3123 3084 3177 loco
3115 3139 3298 3177 conre-

1715 3223 1876 3275 nienti
1918 3232 2180 3292 praporet
2210 3222 2468 3276 diaconus
2501 3220 2718 3274 calicem
2748 3234 2867 3271 cum
2901 3219 3018 3272 vino
3047 3232 3150 3270 non
3175 3231 3299 3268 con-

1710 3324 1929 3375 secrato,
1945 3314 2186 3384 imposito
2206 3330 2363 3384 super
2378 3323 2622 3384 patenum
2647 3310 2924 3381 diligenter
2935 3320 2984 3365 et
3009 3320 3299 3363 reverenter

1713 3423 1929 3475 corpore
1965 3406 2198 3472 Domini,
2231 3407 2282 3458 id
2315 3416 2388 3460 est
2423 3406 2638 3472 integris
2685 3403 2893 3466 oblatis,
2934 3418 3051 3471 qua:
3083 3411 3300 3455 servata:

1713 3504 1832 3548 sunt
1861 3495 1924 3547 de
1963 3509 2182 3560 corpore
2214 3492 2424 3546 Domini
2463 3491 2667 3561 pridie;
2699 3497 2747 3543 et
2773 3489 2995 3558 desuper
3027 3487 3299 3557 corporale
3364 3505 3372 3516 '

1714 3586 1962 3654 plicatam
1992 3593 2288 3652 componat,
2317 3584 2440 3654 quia
2462 3583 2676 3650 dignum
2697 3594 2794 3647 est,
2827 3592 2881 3634 ut
2905 3595 3092 3648 corpus
3120 3578 3301 3632 Domi-

1716 3677 1790 3740 ni,
1824 3676 1876 3727 in
1907 3690 2009 3745 quo
2040 3683 2114 3729 est
2143 3683 2251 3728 tota
2287 3674 2430 3728 salus
2462 3664 2640 3726 nostra
2673 3685 2719 3727 et
2753 3672 3056 3742 redemptio,
3093 3686 3298 3724 summa

1717 3767 1999 3821 rcrereutia
2028 3775 2301 3820 tractetur.
2340 3762 2634 3818 Procedunt
2671 3782 2789 3818 vero
2822 3765 2891 3818 ad
2933 3780 3050 3818 eum
3077 3763 3182 3816 duo
3211 3779 3298 3816 ce-

1717 3858 1960 3928 roferarii
1986 3858 2040 3911 in
2073 3857 2227 3921 albis,
2255 3866 2303 3910 et
2333 3858 2514 3910 tertius
2544 3873 2662 3910 eum
2695 3857 2959 3910 thuribulo
2991 3854 3300 3924 fumigante,

1714 3962 1762 4002 et
1793 3950 2145 4004 subdiaconus
2181 3959 2396 4017 portans
2429 3949 2718 4018 ampullam
2749 3965 2920 4018 aquae.
2953 3947 3164 4016 Deferat
3203 3962 3300 3998 au-

1717 4051 1815 4094 tem
1842 4041 2094 4094 diaconus
2117 4039 2330 4094 calicem
2351 4055 2470 4104 cum
2493 4056 2709 4109 corpore
2733 4038 2940 4094 Domini
2964 4039 3140 4092 dicens
3161 4035 3301 4106 apud

1714 4148 1819 4186 Jc’.‘

1792 4223 1903 4277 lloc
1956 4237 2174 4292 corpus,
2207 4223 2348 4291 quod
2403 4238 2502 4292 pro
2530 4221 2684 4288 vobis
2730 4223 2994 4284 tradetur,
3042 4218 3132 4273 hic
3160 4215 3302 4271 calix

1720 4315 1854 4370 I\'o\'i
1894 4314 2221 4367 'l‘estamenti
2252 4323 2336 4367 cst
2383 4313 2434 4366 in
2485 4328 2604 4366 ineo
2641 4311 2926 4379 sanguine,
2965 4309 3097 4363 dicit
3124 4307 3304 4361 Domi-

1719 4425 1841 4464 nus.
1875 4407 1986 4462 lloc
2037 4407 2220 4471 facile,
2269 4406 2696 4476 quotiescunque
2755 4404 2990 4466 sumitis,
3039 4402 3094 4457 itt
3127 4415 3302 4455 ineant

73 4513 234 4568 tionem
262 4524 483 4590 corporis
517 4534 567 4578 et
605 4523 875 4591 sanguinis
938 4521 1206 4575 inclusive.
1259 4518 1383 4571 Post
1429 4518 1607 4587 Agnus

1722 4497 2308 4556 t'mnmctnorationem.

76 4599 171 4663 liii.
197 4611 420 4667 sacerdos
461 4616 662 4668 dividat
703 4614 928 4677 oblatas,
972 4621 1019 4666 et
1053 4626 1248 4673 omnes,
1280 4610 1368 4678 qui
1401 4616 1614 4677 possunt

74 4700 431 4758 o-matunicent.
481 4705 667 4760 Tanta:
695 4707 794 4758 hac
823 4705 906 4757 die
935 4713 1303 4756 consecrentur
1348 4700 1532 4753 hostire
1560 4708 1615 4751 ut

76 4796 127 4831 ex
151 4785 258 4851 ipsis
279 4794 464 4858 possint
497 4799 610 4867 ipso
641 4806 685 4848 et
716 4795 947 4865 sequenti
977 4796 1062 4848 die
1093 4794 1404 4862 suﬁicienter
1428 4791 1618 4845 habere

76 4872 132 4920 ad
158 4884 644 4938 communicandum.
681 4883 985 4938 Notandum
1016 4893 1191 4936 autem
1234 4881 1373 4946 quod
1414 4880 1478 4933 de
1503 4895 1621 4932 cor-

81 4976 180 5024 llore
215 4969 409 5028 Domini
451 4981 666 5048 integrat
726 4975 918 5030 oblata:
969 4975 1238 5028 servanda:
1284 4983 1402 5026 sunt
1459 4987 1620 5040 usque

81 5067 208 5109 ttltttle
233 5063 310 5116 die
336 5064 632 5129 Parasceve,
657 5067 720 5120 de
743 5067 925 5134 quibus
948 5065 1360 5118 communicant.
1389 5061 1620 5130 Sanguis

85 5158 181 5198 ιντο
207 5152 396 5210 Domini
418 5161 526 5229 ipso
555 5162 639 5213 die
666 5160 870 5228 ,enitus
898 5158 1226 5210 ubsumatur.
1257 5154 1476 5208 Interim
1501 5167 1620 5205 vero

85 5247 450 5314 communicant,
483 5253 676 5305 dicitur
725 5263 744 5302 ε
793 5250 979 5318 Agnus
1023 5248 1146 5311 Dei;
1184 5255 1234 5300 et
1267 5245 1620 5300 Communia:

91 5322 311 5388 Dominus
338 5338 504 5406 Jesns,
544 5328 734 5413 absque
765 5340 968 5395 osculo.

151 5420 315 5481 Postea
350 5432 586 5503 incipitur
629 5435 917 5504 antiphonu
969 5430 1039 5484 ad
1083 5445 1347 5498 vesperum
1386 5427 1622 5483 Calicem

91 5510 347 5595 salutaris,
405 5541 517 5578 cum
579 5525 824 5595 psalmis,
894 5522 985 5593 qui
1045 5522 1276 5574 suaviter
1320 5532 1618 5576 cantcntur.

91 5594 362 5670 iCliristns
382 5612 547 5673 factus
582 5594 693 5673 est.
736 5617 1034 5688 Antiphona
1061 5613 1416 5672 Cmnantibus
1443 5621 1621 5666 autent

97 5697 296 5790 “Cepit.
325 5701 461 5790 Post
511 5708 836 5783 Magniﬁcat,
866 5710 1021 5790 ﬁnita
1076 5710 1360 5778 autipltona
1393 5706 1625 5776 sequitur

93 5783 234 5835 oratio
269 5789 331 5840 ad
356 5799 712 5867 complendum
749 5812 760 5828 ⁵
877 5783 884 5790 ι

1794 4591 2020 4644 Ίέιιρηιε
2066 4599 2238 4642 autem
2280 4586 2502 4640 diacono
2550 4585 2785 4650 calicem,
2812 4584 3053 4638 sacerdos
3094 4582 3303 4636 misceat

1721 4701 1951 4755 aquam;
1991 4683 2180 4753 quibus
2208 4681 2402 4734 oblatis
2448 4679 2658 4732 inclinet
2687 4679 2930 4731 sacerdos
2975 4687 3092 4728 ante
3137 4673 3306 4727 altare

1719 4780 1896 4831 dicens
1929 4793 1946 4830 :
1994 4777 2048 4830 in
2081 4775 2274 4843 spiritu
2305 4772 2645 4833 humilitatis,
2689 4781 2742 4824 et
2779 4771 2831 4821 in
2865 4769 3047 4821 animo
3070 4767 3306 4822 contrito

1721 4868 2103 4937 suscipiamur,
2136 4864 2380 4928 Domine,
2417 4879 2446 4916 a
2481 4872 2553 4927 te,
2584 4871 2690 4915 etc.
2721 4859 2844 4913 Post
2885 4861 2997 4912 lucc
3042 4858 3218 4912 levans
3251 4873 3306 4910 se

1722 4964 1902 5031 incipit
1933 4959 2178 5013 mediocri
2210 4970 2362 5013 voce:
2393 4956 2645 5018 Oremus,
2671 4953 2953 5023 praeceptis
2977 4951 3308 5005 salutaribus

1725 5054 1948 5115 moniti;
1978 5053 2140 5107 Pater
2187 5060 2395 5105 noster.
2453 5047 2521 5102 Et
2558 5048 2708 5116 ﬁniat
2738 5057 2926 5108 totum,
2969 5042 3306 5112 respondente

1724 5143 2056 5201 choro:Sed
2107 5142 2275 5197 libera
2325 5157 2423 5195 nos
2472 5156 2501 5192 a
2553 5139 2708 5192 malo.
2775 5137 2964 5190 Postea
3018 5136 3156 5188 dicat
3209 5133 3305 5187 sub

1725 5237 1975 5293 silentio:
2007 5234 2198 5289 Libera
2229 5245 2350 5296 nos,
2382 5244 2712 5300 qnarsutnus,
2743 5229 2997 5292 Domine;
3037 5226 3170 5280 sicut
3192 5241 3304 5279 mos

1725 5343 1822 5397 est,
1855 5341 1901 5384 ct
1931 5345 2050 5382 cum
2082 5325 2270 5380 dixerit
2299 5336 2317 5375 :
2351 5323 2455 5376 Per
2485 5327 2684 5375 omnia”
2718 5320 2912 5374 sarcula
2963 5317 3305 5379 saeculorum,

1724 5422 1923 5482 Anton,
1972 5415 2081 5469 Pax
2130 5411 2342 5467 Domini
2380 5427 2481 5464 non
2519 5411 2760 5472 dicatur,
2795 5425 2956 5478 neque
3001 5425 3094 5478 per
3127 5407 3307 5461 oscula

1726 5515 1911 5570 detur;
1961 5507 2051 5561 sed
2085 5514 2256 5559 suntut
2306 5505 2370 5557 de
2406 5513 2620 5567 sancta,
2672 5513 2718 5555 et
2760 5511 2919 5570 ponat
2955 5501 3012 5554 in
3067 5501 3305 5562 calicem,

1729 5602 1858 5655 nihil
1889 5600 2086 5652 dicens.
2117 5594 2498 5661 Sanctiﬁcatur
2543 5603 2716 5645 autem
2762 5595 2939 5646 vinum
2984 5609 3087 5644 non
3129 5606 3311 5644 conse-

1725 5706 1932 5747 cratam
1955 5707 2046 5762 per
2067 5703 2254 5752 corpus
2282 5685 2492 5739 Domini
2519 5685 2828 5748 immissum,
2855 5695 2901 5738 et
2927 5683 3308 5737 communicent

1727 5805 1904 5845 omnes
1937 5801 2055 5841 cum
2101 5783 2306 5838 silentio
2357 5785 2567 5850 fratres.
2613 5781 3019 5832 Communicatis
3069 5776 3308 5830 omnibus
