3846 6324
59 359 160 416 883

999 353 1340 412 ΕΧΟΕΒΡΤ.
1373 357 1461 412 EX
1499 356 1702 412 CODD.
1747 356 2026 412 LITURG.
2079 356 2582 412 FONI'AVELLAN

3229 363 3335 420 886

58 468 314 540 quoniam
345 466 546 529 bonus,
579 465 832 533 quoniam
877 465 930 519 in
973 469 1226 522 steculum
1273 468 1644 523 misericordia
1680 472 1721 528 Α
1755 481 1873 522 mus
1909 469 2154 523 conﬁteri
2178 471 2321 538 quod
2363 486 2468 524 non
2498 472 2752 527 timemus
2799 475 3118 540 admittere;
3151 478 3332 533 verbis

59 562 187 628 ejus.
211 558 280 612 Et
306 573 414 626 ego
441 558 604 610 miser
634 553 835 619 infelix,
860 553 1124 610 conﬁteor
1155 558 1266 611 Deo
1287 557 1642 627 omnipotenti

60 650 222 714 l‘atri,
249 658 307 702 et
337 647 504 711 Filio,
531 656 584 701 ct
609 647 832 716 Spiritui
858 657 1067 711 sancto,
1085 657 1142 701 et
1160 648 1410 702 omnibus
1437 648 1642 717 angelis

59 750 110 794 et
131 739 344 794 sanctis
391 739 536 806 ejus,
563 749 618 791 et
667 739 788 800 tibi,
828 737 1015 804 lrater,
1051 738 1176 807 quia
1208 740 1427 808 peccavi
1487 738 1646 793 nimis

57 847 172 884 mea
195 829 382 898 culpa,
441 844 558 883 mea
601 828 780 897 culpa,
815 843 932 881 mea
974 827 1155 895 culpa,
1203 828 1258 882 iu
1296 828 1645 896 cogitatione,

59 923 352 987 locutione,
409 920 793 984 delectatione,
843 935 1106 974 consensu
1149 930 1205 973 et
1253 934 1417 988 opere
1465 938 1477 972 :
1529 919 1648 974 ideo

55 1015 315 1082 deprecor
341 1025 538 1064 onmes
585 1020 802 1064 sanctus
827 1010 920 1064 Dei
952 1019 1006 1063 et
1054 1018 1133 1072 te,
1173 1008 1358 1070 frater,
1391 1021 1550 1062 orare
1593 1016 1648 1062 et

63 1103 400 1156 intercedere
437 1116 536 1170 pro
588 1117 674 1156 me
714 1109 1010 1170 peccatore
1059 1099 1344 1153 Dominum
1399 1107 1644 1152 nostrum

57 1194 232 1247 Jesunt
259 1193 579 1248 Christum.
1179 1192 1187 1203 ’
1621 1192 1625 1195 ’

125 1285 454 1340 Misereatur
483 1286 561 1340 tui
593 1286 938 1352 omnipotens
969 1285 1140 1348 Deus,
1186 1292 1240 1337 et
1279 1283 1512 1335 dimittat
1548 1282 1643 1336 tibi

52 1378 233 1432 omnia
262 1386 496 1446 peccata
545 1387 671 1443 tua;
707 1377 894 1430 liberet
926 1384 978 1430 te
1008 1376 1076 1428 ab
1095 1376 1242 1429 omni
1275 1375 1438 1437 malo,
1474 1375 1645 1429 satvet

63 1481 113 1523 et
144 1469 433 1523 conﬁrmet
477 1478 530 1524 te
562 1469 613 1522 in
652 1469 801 1523 omni
835 1483 998 1539 opere
1033 1468 1191 1532 bono,
1220 1477 1272 1521 et
1306 1468 1565 1537 perducat
1593 1475 1644 1521 te

63 1561 299 1614 Christus
327 1560 506 1614 Filius
534 1561 625 1616 Dei
651 1562 702 1614 in
734 1561 895 1614 vitam
923 1569 1202 1614 :eternam.
1245 1560 1436 1613 Amen.

126 1651 523 1722 lndulgentiam
553 1663 609 1708 et
627 1654 999 1707 remissionem
1027 1651 1268 1705 omnium
1294 1659 1639 1721 peccatorum

57 1753 382 1808 nostrorum,
419 1755 476 1798 et
526 1746 759 1814 spatium
792 1761 954 1809 verte,
986 1744 1276 1799 fructuosa).
1305 1743 1641 1814 paenitentia:

67 1835 250 1888 tribuat
278 1836 442 1889 nobis
470 1837 813 1906 multipotens
838 1837 1119 1890 Dominus.

135 1930 187 1996 ἢ.
231 1929 372 1983 Dens
412 1938 476 1982 tu
513 1939 836 1984 convertens
863 1929 1161 1983 viviiieabis
1201 1942 1318 1982 nos.

130 2021 182 2088 ἢ.
224 2020 288 2074 Et
317 2020 475 2090 plebs
511 2021 779 2075 laetabitur
805 2023 856 2074 in
898 2031 970 2075 te.

135 2112 179 2176 ᾗ.
218 2109 461 2165 Ostende
504 2112 679 2176 nobis,
716 2111 974 2176 Domine,
1008 2131 1036 2162 ιι
1062 2112 1438 2165 isericordiam
1470 2119 1640 2164 tuam.

164 2243 174 2254 .
217 2203 281 2256 Et
316 2203 570 2257 salutare
599 2213 750 2257 tuum
787 2204 850 2256 da
889 2204 1064 2258 nobis.

164 2333 174 2344 .
217 2292 330 2346 Non
367 2293 548 2348 intres
581 2294 633 2347 in
662 2293 885 2360 judicio.

166 2424 176 2434 .
217 2383 352 2449 Quia
387 2401 504 2438 non
535 2385 945 2455 justilicabitnr.

165 2515 176 2527 .
216 2476 499 2546 Pr0pilius
521 2487 658 2531 esto.

165 2606 175 2616 .
218 2566 524 2635 Nequantlo
555 2570 758 2625 dicant.

134 2657 182 2721 ᾗ.
223 2657 480 2726 Domine,
512 2660 704 2713 exaudi
732 2659 1034 2714 orationem
1070 2676 1262 2714 meum.

123 2750 174 2812 ιξ.
209 2749 275 2802 Ει
301 2752 521 2806 clamor
551 2767 704 2806 meus
731 2753 798 2806 ad
831 2762 885 2806 te
913 2753 1112 2806 veniat.

131 2840 178 2890 ἐν.
219 2840 490 2898 Dominus
516 2842 818 2898 vobiscum.

128 2933 179 2988 ti.
219 2933 425 2988 Etcum
471 2934 663 3004 spiritu
704 2945 817 2988 tuo.

131 3024 322 3078 Oratio.
364 3025 450 3079 Au
470 3026 549 3079 l'er
579 3043 608 3080 a
641 3027 816 3091 nobis,
843 3027 1086 3093 Domino,
1113 3044 1442 3096 qna'sutnus,
1475 3033 1640 3084 inter-

73 3117 388 3174 venientibus
438 3119 573 3174 istis
621 3128 675 3174 et
710 3121 962 3174 omnibus
993 3123 1194 3176 sanctis
1231 3124 1364 3184 tuis,
1416 3133 1640 3177 cunctas

73 3208 359 3277 iniquitates
389 3221 640 3275 nostras,
683 3221 741 3266 ιιι
789 3217 856 3266 ad
907 3210 1105 3266 Sancta
1137 3223 1444 3266 sanctormn
1491 3215 1640 3284 puris

80 3302 331 3356 mentibus
360 3318 677 3358 mereamur
703 3302 944 3357 introire.
987 3302 1087 3356 Per
1121 3304 1424 3358 Dominum.

139 3392 348 3456 Quando
379 3395 658 3450 osculatur
686 3393 855 3447 altare
880 3392 1288 3450 dicit:0ramns
1317 3402 1388 3459 te,
1419 3395 1643 3450 Domine

78 3483 201 3538 Dens
235 3496 416 3542 noster
445 3487 816 3556 omnipotens,
847 3495 908 3540 ut
948 3501 1043 3555 per
1074 3486 1267 3540 merita
1302 3495 1640 3550 sanctorum,

81 3592 284 3643 quorum
320 3579 568 3650 reliquiae
593 3580 680 3633 hic
715 3590 861 3646 sunt,
889 3579 1172 3650 indulgere
1203 3580 1358 3634 nobis
1400 3580 1642 3652 digneris

77 3667 235 3720 omnia
265 3677 488 3738 peccata
521 3678 727 3724 nostra.

141 3759 321 3816 Deinde
345 3780 464 3816 cum
517 3762 858 3832 Evangelia»:
906 3761 1176 3816 osculatur
1203 3777 1222 3816 :
1265 3763 1373 3816 Pax
1415 3762 1640 3830 Christi,

85 3863 228 3914 quant
264 3853 414 3908 nobis
439 3868 540 3923 per
566 3853 916 3922 Evangelium
967 3868 1124 3906 suum
1174 3854 1416 3920 tradidit,
1445 3855 1644 3910 conﬁr-

86 3951 180 3992 met
203 3952 252 3995 ct
285 3955 572 4000 conservet
604 3945 773 3998 corda
801 3952 858 3999 et
896 3959 1123 4015 corpora
1157 3955 1342 4000 nostra
1390 3946 1442 4000 in
1475 3947 1642 4000 vitam

81 4039 334 4088 aeternam.
366 4038 564 4090 Amen.

145 4126 263 4178 Ante
289 4127 628 4199 lfurmgelinm
659 4144 775 4181 cum
819 4131 1047 4197 posuerit
1089 4131 1358 4184 incensum
1387 4131 1441 4185 in
1465 4131 1636 4185 thuri-

83 4213 241 4270 bulum
269 4219 415 4288 dicit,
445 4220 524 4276 rel
556 4231 836 4290 antequam
875 4223 1129 4279 diaconus
1151 4239 1205 4276 se
1226 4223 1434 4277 inclinet
1456 4238 1475 4275 :
1501 4223 1645 4280 Odo-

91 4319 186 4358 rem
233 4309 469 4366 caelestis
505 4311 877 4380 inspirationis
925 4327 1036 4366 suae
1077 4313 1337 4368 accendat
1384 4313 1436 4367 in
1490 4313 1644 4368 nobis

91 4393 344 4466 Dominus,
390 4415 443 4458 et
474 4403 696 4472 impleat
746 4403 910 4457 corda
961 4412 1142 4457 nostra
1185 4404 1253 4457 ad
1299 4405 1563 4459 audienda
1591 4413 1644 4459 et

85 4483 329 4554 implenda
358 4494 440 4546 sui
469 4491 743 4562 Evangelii
780 4502 1070 4561 praecepta.
1104 4492 1206 4558 Qui
1240 4494 1393 4547 vivit.

150 4580 254 4633 Alia
285 4587 472 4639 oratio.
495 4585 550 4639 ln
583 4586 797 4639 nomine
828 4584 1028 4650 Patris,
1065 4595 1120 4639 et
1162 4585 1307 4651 Filii,
1341 4594 1395 4640 et
1426 4586 1646 4656 Spritus

91 4671 262 4722 sancti.
294 4672 572 4729 Incensum
609 4675 772 4738 istud,
802 4685 908 4728 etc.
943 4675 1231 4745 Dirigatur,
1267 4676 1514 4740 Domine,
1536 4687 1642 4731 etc.

151 4753 268 4810 Cum
306 4773 477 4816 autem
511 4764 762 4817 diaconus
802 4764 1001 4831 petierit
1039 4764 1452 4818 benedictionem
1483 4781 1500 4818 :
1535 4765 1641 4820 Do-

94 4846 251 4904 minus
277 4853 342 4905 sit
371 4855 421 4908 iu
471 4857 635 4910 corde
665 4867 753 4908 tuo
778 4864 834 4909 et
863 4856 916 4909 in
965 4856 1122 4910 labiis
1166 4857 1291 4923 tuis,
1333 4868 1398 4918 ιιι,
1428 4873 1644 4928 compe-

97 4941 252 4993 tenter
278 4948 488 5001 nunties
520 4947 863 5017 Evangelinm
895 4949 1066 5017 pacis.

156 5024 375 5087 Perlecto
397 5047 568 5089 autem
596 5037 878 5106 Evangelia
906 5040 1048 5091 dicat
1077 5055 1097 5093 :
1122 5040 1227 5094 Pax
1255 5042 1370 5096 ιω..

161 5119 368 5182 Quando
397 5140 567 5181 autem
610 5129 878 5181 osculatur
910 5129 1253 5199 Evangelium
1295 5133 1421 5186 dicit
1475 5148 1494 5186 :
1545 5133 1647 5187 Per

100 5211 216 5259 Istos
257 5225 526 5272 sermones
572 5217 742 5272 sancti
807 5215 1082 5286 Evangelii
1129 5219 1247 5273 Filii
1297 5221 1379 5275 sui
1435 5221 1643 5277 Domini

102 5301 251 5380 nostri
295 5303 410 5360 Jesu
463 5311 689 5374 Christi,
738 5310 1018 5380 indulgeat
1081 5312 1339 5368 Dominus
1391 5316 1645 5371 universa

105 5378 270 5440 delicta
299 5405 494 5451 nostra.

164 5472 427 5548 Antequam
476 5489 795 5544 oblationem
849 5492 1070 5562 accipiat
1120 5475 1409 5549 humillime
1453 5497 1643 5554 dicat:

109 5557 226 5615 Ante
243 5572 412 5629 oculos
426 5586 563 5643 tuos,
580 5579 742 5647 Deus,
756 5596 881 5636 reus
894 5583 1240 5641 conscientia:
1254 5587 1407 5640 testis
1428 5588 1642 5653 assisto,

112 5662 279 5747 rogare
307 5677 405 5721 non
450 5671 638 5736 audeo,
663 5673 808 5741 quod
839 5675 1130 5743 impetrare
1170 5693 1274 5731 non
1309 5694 1555 5744 mereor;
1587 5687 1641 5732 ιιι

111 5752 236 5795 enim
259 5750 370 5821 scis,
395 5756 636 5824 Domine,
667 5777 786 5832 qua:
812 5772 1041 5834 aguntur
1071 5763 1122 5818 in
1155 5767 1330 5834 nobis,
1363 5768 1636 5824 erubesci-

130 2127 154 2177 ν

124 2203 156 2260 εὶ

126 2293 155 2358 Ῡ

126 2383 159 2449 (ἓ

127 2475 156 2541 ἱ

126 2567 157 2632 li

1753 560 1858 614 tuis
1911 568 2115 614 tantum
2158 560 2528 628 obsequimur,
2558 565 2721 618 corde
2750 565 3061 629 mentimur,
3091 577 3144 620 et
3184 569 3330 636 quod

1751 650 1885 704 velle
1904 665 2000 704 nos
2023 651 2273 715 dicimus,
2302 651 2442 706 nolle
2469 654 2669 708 nostris
2692 655 2903 710 actibus
2931 657 3327 729 approbatnus;

1751 740 1845 794 sed
1868 753 2051 807 parce,
2087 740 2332 804 Domine,
2359 740 2762 807 conﬁtentibus,
2792 743 3006 812 ignosce
3056 745 3328 813 peccanti-

1751 829 1873 892 bus,
1903 830 2157 883 miserere
2203 838 2253 883 te
2301 832 2637 899 rogantibus,
2687 842 2740 886 et
2777 835 2900 902 quia
2932 837 3110 890 omnis
3138 852 3332 892 sensus

1752 913 1805 967 in
1832 914 2198 968 sacramentis
2231 915 2334 968 tuis
2363 913 2610 970 inﬁrmus
2635 925 2736 981 est,
2761 928 2814 972 et
2836 921 2976 988 apud
3007 929 3056 974 te
3102 937 3206 975 non
3235 924 3331 976 ha-

1749 1006 1878 1061 bent
1931 1009 2095 1061 verba
2145 1008 2262 1063 sine
2315 1009 2565 1074 crimine,
2597 1019 2818 1078 praesta,
2870 1013 3115 1078 Domine,
3167 1024 3224 1069 ιιι
3262 1031 3329 1070 ex

1749 1097 1905 1152 nobis
1933 1097 2165 1166 indignis
2210 1107 2263 1152 et
2295 1100 2670 1166 peccatoribus
2713 1101 2874 1154 verba
2903 1118 3006 1156 non
3039 1105 3326 1172 suscipias,

1748 1202 1846 1256 per
1873 1187 2218 1254 temetipsum
2254 1187 2460 1241 veniam
2487 1187 2762 1259 largioris,
2791 1190 2884 1259 qui
2917 1191 3053 1246 vivis
3081 1205 3132 1246 et
3157 1193 3332 1246 demi-

1748 1295 1916 1334 ιιιιιίε.

1740 1374 1744 1379 ”
1812 1373 1947 1426 Dum
1981 1372 2147 1427 abluit
2190 1390 2375 1427 manus
2414 1385 2685 1444 postquam
2725 1376 3005 1444 perlectum
3048 1388 3123 1431 cst
3175 1395 3332 1431 cvan-

1744 1462 1935 1530 gelium
1964 1476 1982 1514 :
2012 1463 2232 1532 Largire
2263 1464 2513 1518 sensibus
2536 1466 2754 1528 nostris,
2783 1468 3124 1535 omnipotens
3147 1467 3329 1535 Pater,

1747 1566 1804 1609 ut
1828 1557 1967 1610 sicut
1995 1556 2082 1610 hic
2103 1556 2398 1610 abluuntur
2426 1556 2826 1624 inquinamenta
2846 1561 3261 1625 manuum,sica
3283 1573 3332 1615 te

1745 1647 2074 1702 mundentur
2105 1648 2335 1702 intetius
2367 1647 2693 1717 pollutiones
2729 1650 3014 1713 mentium,
3038 1663 3088 1705 et
3119 1662 3334 1706 crescat

1748 1739 1799 1792 in
1830 1739 1985 1792 nobis
2021 1749 2375 1809 augmentum
2410 1751 2726 1792 sanctarum
2765 1741 3042 1794 virtutum.

1676 1817 1722 1876 Β
1812 1832 2101 1900 Antequam
2129 1831 2196 1884 ad
2231 1844 2561 1888 sacramenta
2593 1833 2829 1897 accedat,
2860 1836 3072 1888 inclinet
3111 1853 3164 1888 se
3200 1847 3322 1890 ante

1747 1921 1916 1975 altare
1961 1923 2141 1976 dicens
2184 1922 2502 1979 :Facturus
2560 1939 2658 1995 ego
2714 1935 2966 1996 peccator
3017 1928 3330 1981 memoriam

1745 2014 2001 2069 salutaris
2034 2015 2225 2070 hostiae
2250 2016 2414 2070 totius
2441 2019 2647 2082 mundi,
2673 2034 2796 2072 cum
2821 2018 2965 2072 illius
2988 2018 3327 2089 dignitatem,

1745 2118 1802 2162 et
1849 2122 2024 2162 meam
2073 2108 2287 2162 intueor
2333 2108 2653 2176 ltnditatem,
2689 2111 3024 2164 conscientia
3075 2122 3332 2180 torqueor

1745 2207 2120 2268 peccatorum,
2148 2215 2336 2254 verum
2377 2201 2502 2268 quia
2535 2211 2590 2254 tu
2638 2201 2866 2255 multum
2895 2202 3210 2256 misericors
3245 2215 3327 2264 es,

1747 2289 1995 2358 imploro,
2030 2299 2088 2344 ut
2119 2290 2357 2360 digneris
2387 2291 2515 2345 mihi
2545 2291 2673 2346 dare
2714 2293 2963 2361 spiritum
2996 2293 3330 2353 contribula—

1745 2391 1882 2444 tum,
1912 2381 2056 2449 quod
2100 2380 2191 2436 tibi
2220 2392 2432 2450 gratum
2477 2382 2728 2436 revelasti
2771 2383 3124 2447 sacriﬁcium,
3161 2396 3216 2438 ut
3261 2400 3328 2440 eo

1740 2472 2062 2542 paciﬁcatus
2090 2472 2240 2526 vitali
2277 2473 2468 2527 hostiae
2489 2474 2605 2543 pias
2627 2489 2821 2530 manus
2847 2475 3186 2540 admoveam,
3211 2491 3330 2544 quae

1744 2563 1926 2617 omnia
1973 2572 2196 2632 peccata
2251 2579 2366 2618 mea
2421 2564 2654 2628 abolent,
2707 2573 2762 2618 et
2809 2579 2871 2619 ea
2913 2564 2966 2618 in
3012 2573 3329 2635 perpetuum

1746 2654 1950 2708 vitandi
1983 2655 2246 2709 cautelam
2279 2654 2557 2724 infundat,
2587 2657 2969 2726 omnibusrpie,
3010 2672 3112 2726 pro
3134 2657 3330 2726 quibus

1745 2745 1842 2800 tibi
1868 2743 2094 2800 olTertur
2116 2745 2305 2802 salutis
2319 2749 2650 2803 commercia
2676 2748 2957 2817 largiatur.
2985 2749 3104 2803 Per.
3130 2749 3322 2804 Amen.

1817 2839 2042 2905 Quando
2065 2841 2180 2909 quis
2204 2842 2353 2910 o/fcrt
2377 2842 2691 2896 oblationem
2721 2843 3040 2913 presbytero,
3067 2842 3246 2897 dicat:
3272 2842 3328 2897 In

1743 2933 1937 3002 spiritu
1972 2932 2292 2987 humilitatis
2329 2943 2382 2988 et
2407 2935 2458 2987 in
2487 2935 2671 2988 animo
2705 2935 2942 2990 contrito
2972 2935 3063 2988 tibi
3096 2933 3328 2989 Domino

1743 3025 1985 3080 Creatori
2011 3039 2132 3078 meo
2163 3026 2393 3079 hostiam
2423 3027 2590 3081 θεῖοι-ο
2619 3042 2715 3096 pro
2741 3026 3059 3082 remissione
3087 3027 3329 3082 omnium

1743 3128 2091 3187 peccatorum
2121 3133 2387 3183 meorum,
2438 3129 2493 3173 ct
2533 3129 2853 3174 cunctorum
2901 3118 3141 3173 ﬁdelium
3176 3119 3329 3173 vivo-

1748 3229 1864 3266 rum
1896 3222 2058 3280 atque
2094 3220 2453 3265 mortuorum.

1776 3304 2079 3361 'Sacerdos
2129 3305 2444 3358 oblationem
2507 3304 2768 3373 accipiens
2817 3304 2956 3356 dicat
3002 3319 3023 3356 :
3062 3302 3326 3372 Suscipe,

1747 3410 1934 3453 saneta
1972 3397 2211 3452 Trinitas
2235 3439 2248 3462 ,
2288 3397 2428 3450 hanc
2467 3395 2822 3459 oblationem,
2845 3409 3010 3462 quam
3049 3394 3141 3448 tibi
3168 3394 3330 3449 oli'ert

1749 3487 1980 3543 l‘amnlus
2027 3497 2168 3552 tuus,
2219 3495 2279 3541 et
2334 3494 2530 3556 prwsta
2583 3487 2733 3542 utin
2785 3495 3133 3544 consoectum
3178 3496 3327 3541 tuum

1749 3580 1843 3636 tibi
1873 3580 2090 3650 placens
2119 3580 2400 3635 ascendat.

1817 3674 1957 3728 Alia.
2001 3674 2258 3744 Suscipe,
2295 3681 2485 3728 sancta
2528 3673 2784 3737 Trinitas,
2813 3687 2974 3743 quam
3007 3673 3102 3728 tibi
3137 3671 3326 3736 offero,

1745 3780 1844 3836 pro
1891 3765 2176 3820 animabus
2218 3763 2538 3819 famulorum
2594 3765 3028 3832 lamularumqne
3073 3766 3320 3829 tuarum,

1747 3867 1807 3911 ιιι
1834 3857 2070 3926 requiem
2103 3866 2363 3910 aeternam
2397 3856 2469 3910 illi
2509 3855 2676 3912 dones
2711 3858 2851 3911 inter
2877 3869 3092 3911 sanctos
3131 3867 3186 3911 et
3221 3857 3330 3911 cle~

1746 3957 1863 4002 ctos
1905 3956 2043 4011 tuos,
2078 3959 2133 4001 ιιι
2164 3948 2214 4001 in
2245 3947 2457 4002 illorum
2490 3949 2787 4013 consortio,
2839 3949 2945 4002 vita
2987 3948 3330 4018 perfruamur

1746 4048 1967 4093 aeterna.
1999 4037 2120 4092 Per.

1824 4128 2129 4198 Presbyter,
2171 4128 2246 4182 vel
2273 4131 2528 4182 diaconus
2565 4128 2776 4181 calicem
2804 4129 2979 4195 offert,
3011 4128 3149 4180 dicat
3178 4141 3195 4178 :
3228 4128 3330 4180 Dn-

1749 4223 1892 4276 tnine
1935 4220 2059 4276 Jcsu
2101 4221 2338 4282 Christe,
2383 4221 2472 4288 qui
2518 4221 2568 4273 in
2619 4237 2778 4274 cruce
2821 4219 3087 4288 passionis
3127 4228 3228 4271 tute
3262 4221 3329 4272 tie

1747 4312 1916 4368 latere
1971 4322 2060 4366 tuo
2113 4313 2431 4382 sanguinem
2475 4321 2530 4364 et
2563 4315 2781 4379 aquam,
2837 4309 3326 4363 umle'Ect-lesium

1747 4417 2120 4466 consecrares,
2164 4417 2384 4454 manare
2435 4400 2672 4464 voluisti,
2719 4401 2934 4470 suscipe
2980 4402 3082 4455 hoc
3121 4400 3328 4454 suetili-

1677 4505 1721 4562 υ
1751 4493 1892 4546 cium
1934 4493 2088 4544 altari
2118 4503 2205 4545 tuo
2251 4494 2672 4560 superpositum,
2705 4501 2759 4544 'el
2804 4493 3058 4556 concede,
3092 4492 3332 4544 clemen-

1755 4585 1984 4647 tissime,
2017 4592 2075 4636 ut
2112 4600 2214 4653 pro
2250 4585 2620 4656 redemptione
2651 4594 2836 4636 nostra
2869 4594 2921 4636 et
2951 4584 3112 4637 totius
3141 4582 3324 4637 mundi

1751 4677 1802 4730 in
1842 4686 2189 4742 conspectum
2249 4675 2444 4728 divina:
2492 4675 2795 4742 tnajcstatis
2843 4684 2946 4728 line
2990 4690 3112 4727 cum
3160 4674 3328 4727 odore

1746 4768 2032 4822 Suavitatis
2052 4767 2342 4820 'ascendat.

1819 4860 1949 4913 Cum
1987 4863 2312 4930 superposita
2354 4858 2527 4911 oblata
2589 4858 2676 4928 ΗΣ,
2710 4858 2886 4928 oﬁ'ert]
2934 4859 3072 4912 dicat
3113 4875 3131 4912 :
3162 4858 3328 4911 Acce-

1749 4959 1898 5021 ptum
1957 4952 2049 5004 tibi
2104 4952 2174 5004 sit
2229 4951 2588 5019 omnipotenti
2643 4950 2751 5003 Dt'o
2810 4950 3135 5003 sacriﬁcium
3185 4949 3327 5002 istud

1749 5059 1914 5111 super
1944 5043 2116 5104 altare
2149 5053 2298 5096 tuum
2324 5046 2580 5110 positum.

1822 5135 1966 5187 Tunc
2011 5134 2151 5188 calix
2189 5152 2343 5203 super
2379 5137 2544 5188 altare
2585 5135 2796 5202 ponitur
2819 5145 2838 5184 :
2868 5131 3159 5187 Olferimus
3205 5132 3323 5196 tibi,

1747 5227 1991 5290 Domine,
2025 5225 2248 5278 calicem
2283 5226 2559 5288 salutaris,
2599 5226 2953 5293 deprecamur
2982 5221 3324 5276 clementiam

1746 5327 1921 5383 tuam,
1959 5326 2018 5372 ut
2044 5318 2098 5372 in
2131 5327 2423 5386 conspectu
2457 5317 2650 5369 divinae
2687 5315 2988 5386 majestatis
3019 5325 3122 5368 tua:
3151 5314 3324 5368 sacri-

1748 5410 1928 5465 ﬁcium
1961 5418 2209 5463 nostrum
2241 5425 2364 5463 cum
2394 5409 2561 5463 odore
2589 5408 2874 5463 suavitatis
2901 5407 3179 5462 ascendat.

1818 5501 1962 5555 Tunc
1981 5501 2164 5555 devota
2192 5517 2350 5554 manu
2379 5501 2645 5554 benedicat
2681 5500 2994 5554 oblationem
3031 5511 3077 5554 et
3111 5498 3321 5552 calicem

1749 5592 1924 5647 dicens
1952 5605 1969 5644 :
1995 5590 2151 5656 Veni,
2177 5592 2544 5646 sanctiﬁcator
2569 5592 2914 5661 omnipotens
2935 5597 3137 5647 aeterne
3161 5592 3320 5653 Deus,

1751 5681 2034 5747 bene'i‘dic
2068 5690 2122 5736 et
2154 5681 2430 5740 sanctilica
2475 5683 2577 5738 hoc
2617 5683 2951 5739 sacriﬁcium
2985 5683 3080 5738 tibi
3112 5687 3320 5753 pl‘tl'pa-

1751 5781 1944 5828 ratum,
2677 5785 2684 5796 '
