3846 6324
539 230 671 311 881'

1676 242 1850 299 διο.
1897 246 1961 299 XI
2009 245 2274 303 MONUM.
2311 247 2592 305 LITURG.
2650 266 2653 267 '
3649 253 3719 308 8ξέ

613 360 759 413 Alia.
801 357 857 412 In
892 356 1106 412 nomine
1136 356 1316 410 Patris
1338 366 1390 409 et
1419 354 1541 408 Filii
1568 362 1620 408 et
1659 353 1895 423 Spiritus
1924 356 2118 421 sancti,
2155 366 2196 418 Α
2230 359 2398 426 llujus
2439 360 2774 416 sacramenti
2821 359 3097 428 susceptio
3147 360 3244 413 fiat
3304 358 3480 419 nobis,
3522 362 3717 423 Daunia,

539 451 611 506 sit
648 451 751 505 hoc
787 448 1115 505 sacriﬁcium
1148 446 1580 510 immaculatum,
1613 455 1671 501 et
1702 455 1810 503 ate
1853 447 1961 502 Deo
1996 449 2117 503 vivo

543 556 600 600 et
632 562 762 602 vero
790 546 1104 608 adunatum,
1152 552 1207 600 et
1237 553 1614 599 consecratum
1662 552 1716 598 et
1754 544 2116 599 benedictum.

611 635 780 706 Super
823 635 1001 689 oblata
1031 648 1050 685 :
1081 634 1464 698 Sanctificata,
1496 648 1825 702 quaesumus,
1870 632 2118 698 Domine,

540 730 680 784 hanc
726 729 1146 800 obla-l-tioucm,
1211 737 1272 783 nt
1346 728 1503 783 nobis
1552 726 1824 797 Unigeniti
1871 728 1948 783 tui
2001 743 2122 783 cor-

542 835 639 888 pus
672 821 782 871 fiat.

612 909 783 977 Super
806 909 1021 963 calicem
1050 911 1192 964 dicat
1224 923 1241 960 :
1268 908 1584 973 Sanctiﬁca,
1641 924 1973 981 qumumus,
2017 911 2122 965 Do-

540 1000 717 1063 mine,
766 1000 912 1055 hunc
972 1001 1132 1070 cali-ir
1158 1016 1296 1066 cem,
1358 1009 1415 1054 ut
1467 1000 1623 1055 nobis
1680 999 1800 1054 Filii
1867 1002 1941 1056 tui
1982 990 2123 1057 Isan-

540 1090 660 1158 guis
684 1089 792 1143 fiat.

609 1180 742 1235 Cum
768 1172 1045 1235 incensum
1063 1183 1291 1249 posuerit
1334 1184 1385 1236 in
1418 1184 1684 1237 Uiuri!)qu
1713 1185 1855 1239 dicat
1874 1183 2012 1239 :Per
2041 1183 2124 1239 in-

544 1274 929 1327 tercessionem
973 1275 1148 1327 sancti
1193 1273 1462 1329 Gabrielis
1509 1277 1842 1347 archangeli,
1884 1286 2025 1341 etc.;
2067 1286 2123 1329 ut

539 1365 596 1416 in
634 1366 823 1418 nostris
865 1365 1038 1418 editis.
1070 1364 1136 1418 In
1170 1382 1292 1418 mss.
1328 1375 1501 1419 tamen
1524 1368 1967 1439 deestconclusia.

618 1456 719 1509 llic
756 1458 1019 1511 incensum
1058 1474 1214 1525 super
1245 1458 1563 1524 sacri/icium
1605 1460 1766 1528 faciat
1810 1461 1886 1513 vel
1927 1462 1981 1513 in
2021 1460 2125 1514 cir-

545 1546 687 1598 cuitu
711 1547 851 1598 dicat
877 1559 892 1598 :
921 1545 1199 1599 lucensutn
1232 1545 1394 1599 istud.
1429 1546 1835 1617 Requireretro.

616 1636 749 1691 Cum
780 1638 1043 1691 incensum
1076 1640 1295 1707 o/I'ertur
1316 1640 1536 1709 singulis
1566 1641 1693 1693 dicit
1721 1654 1739 1692 :
1773 1641 2047 1697 Accendat
2070 1641 2123 1696 in

2226 453 2471 507 omnium
2502 460 2849 523 peccatorum
2876 462 3186 507 nostrorum
3223 452 3477 517 remissio,
3516 456 3719 521 pertint-

2222 551 2386 597 slum.

2292 632 2495 687 Cretera
2541 642 2665 687 sunt
2694 634 2903 699 eadem,
2933 651 3049 704 qum
3077 635 3132 687 in
3180 634 3337 687 editis
3366 650 3510 701 usque
3529 636 3587 686 ad
3611 646 3721 690 tota!

2223 724 2508 778 arationem
2532 739 2550 776 :
2576 723 2797 779 Placeat
2840 725 2961 790 tibi,
3016 732 3210 778 sancta
3259 722 3508 781 Trinitas.
3546 726 3591 775 in
3616 742 3720 789 qua

2222 813 2539 867 terminatur
2570 812 2737 868 Missa
2775 814 3032 869 enuntiati
3070 814 3302 866 missalis
3330 830 3424 865 ms.
3471 815 3548 865 ubi
3572 833 3652 865 non
3686 817 3722 879 ﬁt

2222 905 2434 968 mentio,
2485 920 2647 973 neque
2671 906 2736 958 de
2772 904 2850 959 Ite
2880 904 2928 958 M
2953 920 3039 959 ssa
3072 912 3179 966 est,
3224 913 3344 965 etc.,
3380 922 3525 970 neque
3546 906 3600 957 de
3625 909 3724 957 6ης»

2225 994 2474 1057 dictione,
2501 1011 2665 1058 neque
2686 995 2750 1048 de
2793 994 3101 1065 Evangelia,
3137 1005 3192 1047 ut
3222 995 3364 1063 apud
3406 1011 3509 1047 nos.
3541 994 3728 1048 Simian

2226 1101 2485 1156 nusquam
2519 1086 2572 1139 in
2602 1103 2804 1141 canone
2835 1088 2895 1155 ﬁt
2926 1088 3116 1141 mentio
3147 1088 3211 1139 de
3238 1087 3656 1155 genitﬂexionihus.

2388 1177 2617 1233 MlSSAE
2658 1178 2724 1233 IN
2764 1178 3158 1233 NATALITIIS
3199 1177 3613 1233 SANCTUREM.

2603 1290 2657 1329 IN
2698 1289 2893 1327 ΝιτΑιΛ
2936 1288 3123 1326 ελκετι
3166 1285 3434 1323 Ακειιοςιι.

2302 1370 2511 1424 Oratio.
2542 1400 2608 1409 --
2638 1367 2821 1421 Sancti
2854 1365 3127 1419 Ambrosii
3173 1379 3291 1425 nos,
3343 1361 3566 1423 Domine,
3588 1362 3733 1429 jngim

2228 1472 2603 1532 prosequatur
2631 1459 2827 1522 oratio,
2871 1468 2931 1511 ut
2954 1457 3097 1526 quod
3139 1456 3332 1526 petitio
3363 1464 3533 1508 nostra
3563 1471 3643 1506 non
3666 1456 3729 1505 ia-

2231 1563 2433 1623 petrat,
2464 1554 2579 1624 ipso
2611 1566 2710 1622 pro
2739 1550 2896 1605 nobis
2926 1549 3328 1603 interveniente
3354 1556 3625 1616 praestetur.
3648 1546 3729 1601 Per.

2302 1643 2533 1699 Secreta.
2574 1643 2702 1697 Haec
2744 1642 2796 1696 in
2831 1639 2988 1695 nobis
3034 1638 3332 1700 sacrificia,
3376 1638 3527 1700 Deus,
3555 1638 3726 1690 interce-

552 1726 709 1780 "Obis
737 1725 997 1781 Dominus
1029 1727 1206 1797 igﬂcm
1238 1730 1462 1794 amoris:
1498 1737 1552 1782 ει
1599 1728 1868 1783 Πίιιηιιιθῐη
1911 1739 2125 1785 acterna?
2158 1711 2198 1768 Β
2232 1737 2389 1792 dente
2413 1735 2728 1791 beatissimo
2757 1731 3075 1787 confessore
3097 1740 3188 1784 tuo
3218 1730 3497 1784 Ambrosio
3514 1739 3560 1782 et
3580 1731 3733 1783 actim

543 1816 847 1872 charitatis.

615 1906 807 1962 Postea
857 1918 1019 1963 certat
1069 1918 1118 1961 te
1162 1910 1230 1963 ad
1281 1912 1675 1965 circumstantes
1717 1911 1856 1965 dicat
1891 1928 1909 1965 :
1939 1911 2125 1977 Orate,

541 2000 775 2069 fratres,
833 2019 932 2076 pro
981 2018 1105 2068 me,
1151 2011 1209 2057 ut
1251 2018 1429 2056 meum
1473 2011 1788 2057 ctrcstrum
1840 2002 2165 2070 impleatur

543 2093 799 2148 oflicium.

614 2184 808 2238 Dicant
848 2184 1213 2254 respondentes
1246 2199 1267 2237 :
1299 2182 1467 2238 Orent
1495 2198 1593 2252 pro
1634 2192 1686 2238 te
1723 2199 1911 2238 omnes
1952 2181 2128 2237 sancti

544 2286 601 2333 et
647 2276 804 2331 electi
847 2276 964 2331 Dei.
1019 2276 1284 2330 Exaudiat
1339 2286 1389 2329 te
1433 2276 1695 2331 Dominus
1736 2288 1983 2332 orantem
2030 2292 2128 2344 pro

542 2374 731 2421 nostra
781 2367 1131 2436 omniumque
1199 2368 1392 2420 salute.
1469 2365 1677 2420 Memor
1728 2366 1798 2421 sit
1867 2367 2127 2421 Dominus

545 2459 729 2513 omnis
790 2458 1045 2514 sacriﬁcii
1104 2457 1183 2511 tui
1252 2466 1307 2511 ct.
1360 2456 1741 2512 holocaustum
1807 2466 1952 2512 tuum
2012 2459 2129 2526 pin-

547 2565 651 2622 gue
683 2549 796 2603 fiat.

618 2641 813 2695 Postea
849 2641 991 2694 dicat
1019 2641 1115 2695 hos
1140 2638 1368 2710 psalmos
1393 2657 1411 2694 :
1439 2640 1517 2696 Ad
1546 2649 1616 2703 te,
1642 2640 1895 2707 Domine,
1927 2640 2124 2696 levavi.

550 2732 839 2798 Psalmum,
870 2734 1066 2789 Misere
1114 2734 1239 2797 mei,
1283 2734 1460 2795 Deus;
1497 2735 1634 2803 psal.
1679 2736 1929 2800 Domine,
1975 2737 2119 2791 refu-

546 2823 693 2894 gium
719 2827 924 2891 lactus;
953 2823 1092 2894 psal.
1123 2824 1222 2890 Qui
1248 2825 1457 2879 habitat
1489 2826 1539 2879 in
1585 2826 1875 2895 adiutorio.
1906 2824 2125 2882 Salium

543 2914 631 2971 fac
662 2930 879 2971 servum
932 2924 1102 2970 tuum.
1136 2914 1283 2976 Fiat.
1340 2916 1586 2983 Domine,
1632 2917 2005 2972 misericordia
2038 2926 2126 2972 tua

543 3024 706 3077 super
735 3024 852 3065 nos.
885 3009 1150 3079 Exsurge,
1182 3011 1429 3065 Domine.

618 3100 824 3154 Oratio.
863 3100 1171 3166 Gaudeant,
1198 3102 1446 3165 Domine,
1472 3116 1802 3171 qumsumus,
1838 3102 2021 3157 famuli
2048 3103 2122 3158 tui

542 3193 824 3249 beneficiis
854 3192 1181 3262 impetratis,
1211 3203 1266 3247 et
1313 3194 1512 3264 quibus
1561 3192 1812 3248 fiduciam
1845 3194 2127 3263 sperandae

543 3285 734 3339 salutis
765 3284 1022 3347 tribuisti.
1060 3294 1261 3355 optatae
1307 3284 1701 3339 misericordiae
1756 3284 1934 3340 tribue
1972 3284 2126 3345 beni-

542 3389 680 3445 gnus
702 3372 974 3429 ell‘ectum.
1002 3373 1130 3429 Per.

614 3464 717 3518 Per
745 3464 923 3518 omnia
973 3464 1168 3519 sarcula
1209 3465 1553 3527 somniorum.
1594 3474 1726 3530 etc.,
1765 3475 1823 3520 ut
1849 3465 1903 3520 in
1933 3463 2127 3521 nostris

544 3555 719 3616 editis,
752 3566 864 3608 tum
901 3556 1077 3625 quoad
1122 3572 1301 3610 omnes
1344 3556 1680 3626 prwfationes
1724 3573 2049 3611 communem
2078 3567 2126 3611 et

544 3644 909 3713 particulares,
942 3662 1059 3699 cum
1091 3646 1268 3716 quoad
1305 3663 1559 3700 cntionem
1610 3664 1774 3718 usque
1805 3647 1875 3701 ad
1913 3648 2127 3701 nomina

545 3736 773 3792 Joannis
813 3746 868 3790 et
910 3737 1083 3804 Pauli,
1112 3739 1322 3793 Cosme:
1351 3749 1406 3794 et
1437 3739 1703 3806 Damiani,
1737 3750 1851 3809 post
1890 3756 2009 3809 qua:
2048 3756 2123 3793 se-

545 3835 781 3894 quuntur
821 3825 932 3878 ha'e
980 3827 1134 3880 verba
1161 3845 1180 3881 :
1208 3842 1307 3881 nec
1354 3842 1459 3882 non
1510 3841 1564 3883 et
1622 3829 1865 3896 illorum,
1895 3845 2125 3899 quorum

551 3914 710 3969 hodie
732 3912 1092 3969 solemnitatis
1124 3917 1176 3970 in
1205 3931 1499 3990 conspectu
1529 3921 1716 3991 gloria:
1757 3932 1861 3975 tum
1881 3920 2129 3975 celebra-

492 4028 509 4042 ο
552 4015 638 4058 tur
664 4004 988 4074 triumphus.
1029 4005 1161 4072 Qum
1193 4023 1482 4081 sequuntur
1520 4014 1575 4065 in
1623 4029 1720 4065 uis.
1749 4012 1950 4066 missali
1982 4028 2127 4064 com-

548 4097 730 4150 munia
757 4105 877 4149 sunt
899 4096 1055 4149 editis
1097 4115 1258 4168 usque
1283 4101 1351 4153 ad
1379 4111 1539 4155 totam
1580 4103 1864 4156 orationem
1885 4116 1903 4153 :
1933 4100 2129 4155 Libera

547 4209 645 4245 nos
671 4201 1001 4260 qumsumus,
1025 4196 1132 4243 etc.

617 4283 824 4340 Oratio.
856 4286 980 4341 Fiat
1001 4284 1308 4341 commistio
1336 4293 1391 4340 et
1419 4285 1757 4341 consecratio
1787 4284 2044 4356 Corporis
2073 4296 2129 4343 et

549 4376 846 4449 Sanguinis
876 4377 1089 4432 Domini
1140 4378 1311 4432 nostri
1339 4376 1467 4434 Jesu
1498 4378 1701 4434 Christi
1740 4372 2139 4449 accipientibus
2162 4406 2208 4463 ο

548 4471 604 4524 in
630 4470 795 4523 vitam
823 4479 1107 4528 teternam.
1138 4469 1330 4523 Amen.

620 4562 811 4631 Agnus
862 4561 978 4624 Dei,
1033 4562 1125 4631 qui
1178 4562 1321 4617 tollis
1363 4570 1587 4632 peccata
1634 4565 1819 4619 mundi
1871 4565 2133 4621 miserere

547 4651 723 4705 nobis.
755 4649 942 4704 Tribus
968 4651 1185 4707 vicibus.

617 4744 701 4799 Ad
730 4763 912 4815 pacem
951 4747 1244 4803 osculando
1285 4745 1454 4800 altare
1479 4745 1746 4801 :Domine
1796 4746 1922 4801 .Iesu
1967 4747 2131 4803 Chri-

547 4846 653 4900 ste,
688 4846 818 4905 etc.,
863 4849 920 4893 ut
946 4840 1000 4895 in
1051 4839 1202 4894 editis
1233 4855 1393 4909 usque
1434 4838 1504 4892 ad
1551 4848 1713 4891 totam
1758 4838 1965 4892 tertiam
2009 4856 2131 4893 ora-

548 4928 760 4983 tionem.

623 5018 846 5084 Quando
872 5038 1060 5092 carpus
1094 5020 1304 5075 Domini
1331 5038 1385 5074 m
1427 5021 1667 5074 manibus
1696 5020 1909 5089 accipit,
1942 5022 2084 5075 dicat
2110 5037 2125 5075 :

548 5106 750 5162 Panem
782 5111 1059 5167 caelestem
1093 5112 1356 5181 accipiam
1386 5119 1440 5166 et
1486 5126 1681 5165 nomen
1722 5110 1937 5166 Domini
1970 5113 2128 5167 invo-

548 5197 706 5252 cabo.
737 5199 983 5265 Domine,
1017 5217 1124 5256 non
1150 5217 1267 5256 sum
1294 5202 1580 5271 dignus,ut
1608 5201 1776 5256 intres
1797 5201 1897 5255 sub
1926 5212 2125 5257 tectum

550 5304 757 5356 meum;
802 5293 897 5347 sed
941 5302 1148 5349 tantum
1204 5294 1290 5350 dic
1335 5294 1526 5359 verbo,
1573 5301 1628 5347 et
1679 5294 1963 5348 sanabitur
1997 5310 2129 5366 puer

550 5393 725 5434 meus.

622 5469 850 5537 Quando
887 5477 1275 5539 communicat:
1297 5475 1507 5547 Corpus
1545 5475 1761 5532 Domini
1789 5478 1959 5533 nostri
1999 5476 2126 5534 Jesu

546 5562 755 5621 Christi
786 5567 1062 5623 custodiat
1090 5569 1325 5624 animam
1348 5585 1523 5625 meam
1561 5572 1614 5625 in
1646 5570 1812 5625 vitam
1844 5580 2124 5626 aeternam.

620 5655 704 5711 Ad
730 5656 958 5713 sonitum
983 5665 1188 5724 patente
1214 5662 1348 5715 hanc
1371 5664 1557 5729 fratres
1585 5663 1872 5717 arationem
1900 5663 2077 5717 dicant
2105 5677 2122 5715 :

2230 1833 2601 1897 permaneant,
2631 1831 2686 1877 et
2716 1822 3032 1891 operatione
3060 1820 3365 1874 firmentur.
3408 1819 3522 1873 Per.

2301 1916 2632 1971 Communia.
2656 1914 2782 1968 Haec
2809 1929 2908 1968 nos
2939 1913 3271 1976 communio,
3303 1911 3530 1971 Domine,
3555 1919 3731 1978 purget;

2230 2009 2461 2062 crimine
2483 2048 2497 2071 ,
2524 2016 2577 2061 et
2608 2005 2982 2059 intercedente
3010 2004 3170 2057 beato
3194 2002 3477 2055 Ambrosio
3502 1999 3734 2054 confessam

2232 2108 2323 2152 tuo
2348 2107 2511 2166 atque
2536 2094 2796 2164 pontilice
2818 2092 3136 2147 caelestibus
3180 2089 3438 2147 remediis
3476 2089 3620 2143 faciat
3658 2104 3732 2141 esse

2231 2196 2525 2242 consortes.
2562 2184 2685 2238 Per.

2615 2291 2668 2328 IN
2698 2289 2907 2329 OCTAVA
2955 2287 3141 2327 SANCTI
3195 2285 3438 2325 ANDBEJZ.

2304 2367 2508 2424 Oratio.
2536 2365 2795 2434 Protegat
2826 2379 2945 2427 nos,
3000 2361 3252 2425 Domine,
3285 2360 3477 2428 saepius
3522 2359 3639 2412 beati
3662 2359 3731 2409 As-

2232 2464 2376 2519 (ΙΙ-ειη
2406 2460 2632 2528 apostoli
2667 2459 2741 2513 tui
2784 2457 3014 2526 repetita
3044 2454 3389 2517 solemnitas,
3430 2463 3486 2506 ut
3510 2450 3639 2517 cujus
3673 2466 3730 2518 βο

2232 2558 2459 2612 trocinia
2517 2557 2633 2611 sine
2673 2553 3080 2609 intcnuissioue
3126 2548 3441 2613 recolimus,
3490 2558 3731 2616 peractum

2230 2651 2599 2705 defensionem
2630 2648 2947 2703 sentiamus;
2972 2645 3098 2700 Per.

2303 2740 2532 2797 Secreta.
2582 2739 2972 2810 lndulgentiam
3013 2736 3171 2791 nobis
3220 2735 3494 2806 praebeant
3541 2734 3635 2787 btet
3654 2746 3730 2783 mc-

2231 2847 2386 2897 nera,
2415 2844 2744 2901 qutesumus,
2783 2827 3026 2888 DOntine,
3062 2826 3377 2895 largiorem,
3409 2838 3518 2893 qua:
3561 2822 3634 2873 tibi
3671 2834 3732 2889 pm

2229 2925 2555 2981 venerandis
2614 2921 2788 2977 sancti
2863 2921 3095 2973 Andreae
3162 2916 3438 2987 suffragiis
3490 2913 3729 2969 alien-untur.
3788 2984 3789 2987 η

2230 3017 2354 3074 Per.
3788 3008 3789 3074 ξ

2300 3108 2632 3165 Communia.
2657 3104 2886 3173 Adjuvet
2925 3102 3183 3156 familiam
3217 3110 3386 3163 tuam,
3412 3099 3623 3159 Domine,
3643 3110 3727 3162 SH?-

2229 3199 2482 3270 plicando
2502 3196 2844 3251 venerandus
2861 3194 3107 3247 Andreas
3129 3192 3429 3262 apostolus,
3459 3201 3508 3245 et
3552 3191 3639 3252 pius
3676 3189 3728 3237 in~

2230 3301 2505 3348 terventor
2532 3287 2821 3350 efﬁciatur,
2846 3285 2937 3354 qui
2978 3284 3052 3337 tui
3078 3283 3315 3338 nominis
3342 3280 3729 3351 exstititpraliez-
3788 3298 3789 3309 ι

2229 3393 2314 3439 tor
2337 3390 2393 3437 et
2428 3389 2627 3436 rector.
2660 3378 2786 3432 Per.

2509 3486 2563 3524 IN
2593 3482 2788 3523 NATMJ
2810 3481 3031 3521 εΑΝετΑε
3067 3481 3241 3521 ιῦειιε
3284 3478 3527 3518 νιιιςικις.

2413 3559 2604 3615 Oratio
2647 3570 2696 3612 et
2752 3567 2947 3609 secreta
2994 3555 3187 3609 eadem
3232 3571 3353 3624 qua:
3384 3554 3436 3607 in
3468 3551 3611 3607 editis.

2301 3649 2629 3708 Communia.
2652 3647 2805 3710 Laeti,
2827 3646 3076 3709 Domine,
3101 3647 3433 3715 sumpsimus
3472 3648 3722 3696 sacramenti
3788 3656 3789 3721 q

2229 3743 2491 3806 coelestia,
2508 3739 2875 3795 intercedente
2899 3751 2995 3805 pro
3016 3736 3175 3790 nobis
3200 3735 3357 3789 beata
3382 3734 3530 3789 Lucia
3550 3744 3723 3799 martyr.

2243 3838 2309 3890 ad
2338 3835 2502 3890 vitam
2527 3832 2684 3887 nobis
2717 3829 3004 3901 proficiant
3030 3832 3436 3899 sempiternam.
3461 3828 3567 3882 Per.

2515 3942 2567 3980 IN
2592 3939 2787 3979 ΝΛΤΔῌ
2815 3937 3001 3976 SANC’I‘I
3028 3937 3226 3985 τ’ῌοἊῶ
3259 3938 3531 3977 Αροειτοιι.

2587 4015 2774 4070 Oratio
2809 4026 2858 4070 et
2893 4026 3088 4070 secreta
3120 4026 3174 4067 ut
3207 4015 3262 4067 in
3291 4015 3462 4067 editis.

2307 4106 2636 4161 Communia.
2690 4104 2841 4161 Beati
2894 4105 3123 4177 apostoli
3185 4105 3260 4159 tui
3304 4100 3721 4163 Tltonuellomim

2233 4214 2566 4270 qua‘sumus,
2591 4197 2989 4252 intercessione
3018 4212 3116 4251 nos
3153 4197 3375 4264 adjuva,
3409 4212 3501 4266 pro
3534 4194 3651 4260 cuius
3674 4206 3724 4237 so-

2234 4292 2515 4347 lemnitate
2541 4291 2885 4360 percepimus
2919 4299 3009 4343 tua
3040 4298 3229 4343 sancta
3274 4288 3530 4343 laetantes.
3566 4285 3657 4339 Per.

2446 4399 2500 4437 IN
2546 4399 2741 4437 NATALI
2776 4397 2963 4436 SANCTI
3000 4396 3273 4436 ANASTASII
3321 4395 3587 4435 κιιιτῑιιιε.

2309 4473 2515 4530 Oratio.
2550 4473 2776 4529 Votivos
2823 4489 2941 4537 nos,
2988 4473 3249 4537 Domine,
3309 4485 3596 4541 quasumus
3640 4466 3721 4519 ira“

2235 4566 2509 4622 Anastasii
2535 4566 2793 4637 martyris
2824 4566 2903 4619 tui
2934 4564 3129 4619 natalis
3174 4581 3393 4635 semper
3441 4558 3719 4633 excipiantur

2232 4668 2286 4713 et
2310 4657 2702 4725 iucunditatem
2739 4656 2896 4711 nobis
2941 4672 3052 4710 suae
3084 4656 3491 4727 glorificationis
3543 4653 3719 4708 infundit

2231 4759 2287 4805 et
2309 4749 2401 4803 tibi
2433 4763 2533 4804 nos
2562 4748 2753 4803 reddat
2779 4757 3049 4817 acceptos.
3090 4748 3209 4800 Per.

2306 4840 2541 4894 Secreta.
2578 4838 2874 4893 P-rtesentia
2903 4854 3127 4892 munera
3148 4879 3163 4898 ,
3190 4854 3515 4906 quaesumus,
3558 4835 3717 4889 [limina

2232 4932 2305 4987 ita
2330 4946 2520 4986 serena
2547 4930 2747 5000 pietate
2778 4930 2989 4984 intuere
3011 4938 3070 4982 ut
3109 4929 3284 4982 sant-ti
3338 4928 3556 4999 Spiritus
3577 4924 3718 4995 perfutr

2231 5023 2431 5077 dantur
2459 5022 2859 5086 benedictione,
2918 5031 2972 5074 et
3022 5021 3074 5074 in
3132 5022 3337 5073 nostris
3394 5020 3612 5074 cordibus
3648 5032 3718 5066 em

2230 5112 2583 5165 dilectionem
2612 5109 2846 5164 validam
2900 5110 3207 5175 infundant,
3250 5126 3349 5179 per
3403 5126 3547 5180 quam
3578 5116 3717 5161 sanctis

2234 5213 2446 5272 martyr
2465 5203 2643 5256 omnia
2667 5202 2909 5269 corporis
2933 5210 3196 5255 tormenta
3224 5202 3438 5255 devicit.
3467 5201 3569 5255 Per.

2301 5295 2635 5350 Communia.
2664 5295 3027 5365 Sumpsimus,
3054 5294 3311 5357 Domine,
3338 5295 3499 5349 sancti
3532 5282 3712 5345 Λοιδίαέῆ

2232 5389 2487 5460 martyris
2549 5388 2627 5441 tui
2698 5387 3046 5441 solemnitate
3114 5387 3357 5441 coelestia
3436 5388 3709 5441 sacratam”.

2229 5479 2383 5546 cujus
2460 5475 2767 5547 suffragiis,
2826 5491 3157 5545 quaesumus,
3228 5477 3488 5547 largiaris,
3535 5483 3580 5525 ut
3624 5462 3709 5533 an":

2232 5569 2606 5636 temporaliter
2626 5567 2888 5639 gerimus,
2910 5567 3128 5621 :cternis
3156 5568 3370 5638 gaudiis
3390 5568 3705 5634 consequamur-

2228 5662 2347 5719 Per.
