3846 6324
33 240 139 300 339
994 244 1334 302 EXCERPT.
1383 244 1473 300 rex
1514 244 1647 300 COD

1769 244 2039 300 LITUiG.
2078 244 2600 307 ΡΟΝΤΑΥΕῌΑΝ.

483 374 539 413 ΙΝ
568 374 761 413 ΝΑὙᾹΜ
801 372 985 411 SANCTI
1029 371 1296 413 PROJECTI.

96 448 345 503 Oratio.
400 446 570 505 Beati
619 449 873 518 martyris
927 448 1003 500 tui
1038 447 1264 518 Projecti
1303 462 1420 511 nos,
1453 463 1668 519 qurcsu-

34 558 180 601 mus,
217 540 517 603 Domine,
551 539 877 594 interventio
906 537 1140 606 gloriosa
1200 538 1559 601 commendet,
1612 549 1671 593 ut

34 632 179 699 ιιιυιι
215 631 472 686 nostris
508 630 716 684 actibus
748 642 854 683 non
897 642 1192 691 meremur,
1246 626 1362 694 ejus
1416 628 1671 696 precibus

33 737 517 788 :unsequamur.
546 720 669 774 Per.

98 813 378 867 Secreta.
458 813 709 882 Suscipe,
760 810 1009 872 Domine.
1058 811 1323 881 propitius
1370 811 1667 866 orationem

34 918 297 961 rostram
335 923 487 961 cum
509 905 871 960 oblationibus
894 904 1193 957 hostiarum
1219 903 1666 972 superirnpositis,

34 1014 78 1056 at
111 1000 417 1071 martyris
447 997 681 1067 Projeeti
727 996 1105 1067 deprecatione
1130 995 1314 1064 pietati
1347 1004 1449 1049 tu'r
1472 995 1668 1065 perfice

34 1095 331 1163 nenigntrs
382 1103 667 1161 acceptas,
701 1100 756 1143 et
794 1090 965 1153 illam,
1025 1104 1144 1157 qua:
1201 1088 1253 1141 in
1298 1103 1364 1141 eo
1420 1088 1669 1158 ﬂagravit

33 1187 195 1241 Fortis
226 1187 489 1240 dilectio
511 1229 525 1250 ,
554 1186 607 1238 in
638 1186 790 1239 nobis
823 1183 1001 1253 aspira
1041 1182 1324 1250 benignus.
1353 1180 1475 1236 Per.

98 1276 491 1330 Communia.
515 1276 725 1339 Votiva,
758 1275 999 1335 Domine,
1025 1288 1123 1341 pro
1141 1272 1283 1326 beati
1309 1270 1562 1341 martyris
1592 1270 1665 1325 tui

33 1365 288 1433 Projecti
348 1367 625 1435 passione
663 1364 803 1417 dona
852 1361 1214 1430 percepimus,
1247 1376 1576 1428 quaesumus,
1610 1370 1668 1415 ut

34 1460 147 1527 ejus
171 1458 511 1526 prmcibus,
560 1466 614 1509 et
647 1455 928 1525 praesentis
976 1452 1101 1507 vita:
1153 1453 1307 1507 nobis
1356 1453 1559 1524 pariter
1612 1461 1668 1509 et

34 1559 263 1604 eterna:
303 1548 539 1602 tribuas
561 1545 805 1601 conferre
838 1545 1157 1600 subsidium.
1188 1545 1310 1597 Per.
1771 1542 1997 1600 Domine
2023 1543 2148 1599 Jesu
2182 1546 2419 1612 Christe,
2448 1549 2587 1603 hanc
2616 1559 2919 1606 creaturam
2968 1553 3111 1608 cerei
3142 1553 3348 1623 suppli-

303 1656 368 1694 IN
409 1654 612 1695 mrsu
640 1652 855 1691 sucus
893 1651 1121 1691 sarcias
1156 1649 1400 1688 vracrsts.
1768 1635 2070 1690 rationibus
2088 1638 2377 1701 nostris,et
2398 1638 2621 1695 infunde
2651 1641 2699 1695 ei
2733 1657 2831 1710 per
2858 1643 3117 1698 virtutum
3148 1653 3349 1699 sancire

98 1732 337 1785 Oratio.
372 1730 745 1800 Omnipotens
768 1727 1096 1796 sempiterno
1126 1724 1286 1786 Deus,
1318 1723 1403 1792 qui
1431 1724 1663 1793 pruden-
1697 1739 1739 1799 Β
1768 1728 1948 1782 crucis
1997 1729 2466 1799 liene‘j'dictionem
2523 1732 2821 1796 caelestem,
2862 1744 2920 1789 ut
2960 1737 3050 1805 qui
3099 1751 3220 1795 eam
3278 1738 3346 1789 ad

34 1826 170 1878 tium
203 1823 581 1892 lampadibus
629 1819 750 1872 oleo
793 1819 946 1871 bona:
972 1815 1315 1869 cotlscienlim
1339 1814 1548 1867 ornatis
1583 1813 1665 1865 lll-
1770 1817 2077 1887 repellenda
2106 1822 2358 1877 tenebras
2410 1823 2649 1878 humano
2679 1827 2861 1895 generi
2896 1827 3151 1892 tribuisti,
3184 1827 3345 1896 talem

33 1931 160 1969 men
192 1924 313 1967 tua:
348 1912 631 1968 claritatis
683 1907 940 1972 infundis,
989 1906 1222 1961 concede
1250 1903 1551 1975 prapitius,
1590 1912 1666 1967 ut
1768 1908 2044 1977 s'gnaculo
2096 1910 2274 1966 crucis
2324 1921 2427 1967 tuae
2462 1913 2834 1969 fortitudinem
2866 1925 2920 1970 et
2968 1917 3347 1986 berte-j'dictio-

34 2006 254 2058 beatam
279 2004 535 2074 Brigidaa
558 1999 783 2069 virginis
812 2011 935 2062 tute.
965 1997 1117 2065 cujus
1141 1997 1382 2050 natalitia
1412 1995 1662 2060 colimus,
1769 2015 1891 2053 nem
1915 2000 2168 2069 accipiat,
2221 2014 2280 2055 nt
2306 2003 2359 2058 in
2393 2005 2799 2075 quibuscunque
2823 2007 2954 2062 locis
2975 2022 3201 2063 accensa
3232 2008 3346 2063 sive

34 2112 64 2149 a
117 2097 432 2150 fatuarurn
471 2093 745 2149 consortio
798 2090 914 2161 ejus
955 2089 1439 2145 intercessionibus
1468 2088 1664 2142 libere—
1767 2091 1941 2159 posita
1968 2092 2156 2157 fuerit,
2199 2094 2441 2149 discedat
2486 2094 2729 2150 diabolus
2758 2106 2811 2152 et
2859 2099 3262 2162 contremiscat,
3293 2109 3349 2153 et

40 2205 185 2243 mur.
220 2186 366 2242 Per.
1154 2192 1159 2197 ’
1766 2184 1937 2253 fugiat
1963 2184 2196 2253 pallidus
2220 2203 2344 2241 cum
2365 2189 2615 2242 omnibus
2646 2189 2909 2253 ministris
2936 2190 3048 2245 suis
3082 2191 3148 2245 de
3190 2191 3346 2244 habi-

3249 258 3352 323 890

1701 366 1747 421 Α
1782 357 1927 410 nium
1981 369 2292 414 sanctorum
2328 371 2542 418 tuorum
2590 365 2950 435 bene-jdiccre
2985 380 3037 427 et
3068 379 3351 446 sancti-Hi-

1774 466 1901 505 care
1950 453 2210 524 digneris.
2250 463 2309 507 ut
2355 455 2512 524 hujus
2556 456 2725 526 plebis
2754 468 2876 524 ture,
2912 478 3031 532 qua:
3058 466 3145 521 illa
3177 469 3351 527 bono-

1775 540 1925 595 rrlice
1976 542 2029 595 in
2071 543 2320 598 manibus
2366 556 2563 614 portat,
2627 556 2784 617 teque
2827 554 3097 609 cantando
3149 557 3347 624 laudat,

1773 631 2032 687 cxaudias
2064 649 2225 688 voces
2248 635 2313 688 de
2343 636 2489 690 cado
2512 647 2700 693 sancto
2730 650 2821 694 tuo
2851 650 2905 695 et
2952 645 3019 699 de
3054 648 3181 703 sede
3238 666 3353 704 nta-

1766 719 1979 788 jestatis
2007 730 2129 788 tum,
2174 724 2546 795 propitiusque
2571 729 2645 784 sis
2693 735 2945 791 omnibus
2995 737 3359 795 clamantibus

1771 811 1839 864 ad
1888 820 1960 876 te,
1992 828 2128 882 quos
2172 815 2446 871 redemisti
2492 821 2730 888 pretioso
2761 828 3025 895 sanguine
3074 829 3193 884 Filii
3249 832 3349 895 tui,

1771 903 1861 971 qui
1887 911 2063 959 tecum
2092 906 2225 961 vivit
2250 916 2300 961 et
2330 920 2525 977 regnat
2562 913 2704 969 Deus
2758 917 2809 971 in
2861 920 3069 975 unitate
3120 920 3350 991 Spiritus

1771 994 1970 1056 sancti,
2005 1012 2101 1064 per
2130 999 2312 1052 omnia
2366 1002 2561 1057 saecula
2620 1007 2960 1063 saaculornm.
2989 1012 3180 1066 Amen.
3223 1012 3353 1068 Ore-

1773 1100 1913 1138 mus.
1942 1085 2236 1156 Prarccptis
2266 1089 2596 1148 salutaribus
2618 1098 2811 1151 moniti
2840 1108 2896 1153 et
2925 1100 3104 1154 divina
3135 1102 3351 1156 institu-

1772 1178 1915 1234 tione
1939 1178 2181 1246 formati,
2212 1184 2476 1239 andcmus
2504 1185 2727 1243 dicere:
2757 1187 2920 1243 Pater
2942 1200 3148 1257 noster,
3179 1194 3267 1261 qui
3291 1208 3351 1247 es

1772 1270 1823 1324 in
1856 1270 2030 1337 caelis,
2061 1290 2227 1343 usque
2271 1274 2339 1329 Et
2375 1291 2442 1330 ne
2478 1292 2577 1332 nos
2628 1278 2851 1335 inducas
2885 1281 2937 1335 in
2974 1285 3347 1339 tentatiouem.

1772 1361 1878 1416 Sed
1913 1362 2080 1417 libera
2108 1379 2204 1419 nos
2229 1379 2257 1419 a
2290 1366 2455 1420 malo.

1842 1451 1943 1506 llic
1974 1464 2142 1507 mutat
2172 1472 2345 1510 rorem
2376 1459 2528 1527 quasi
2553 1457 2726 1529 legens
2748 1476 2764 1514 :
2784 1460 3018 1516 Oremus
3047 1477 3061 1515 :
3095 1462 3346 1528 Benedic,

112 2280 375 2333 Secreta.
442 2276 681 2338 llostias,
726 2288 1054 2343 qumsumus,
1084 2272 1329 2336 Domine,
1385 2270 1659 2341 pacificus,

46 2388 184 2441 quas
218 2383 338 2426 tua:
407 2369 681 2440 majestati
734 2367 1052 2422 solemniter
1106 2363 1402 2426 utier-imus,
1461 2373 1663 2417 sancta:

46 2463 291 2533 Brigidae
335 2463 577 2534 virginis
620 2472 721 2516 tua:
762 2460 972 2514 meritis
995 2455 1296 2519 sanetilica,
1331 2465 1389 2507 ut
1431 2464 1482 2507 et
1545 2454 1662 2506 virt-

50 2556 170 2610 cnla
236 2564 607 2625 peccatorum
685 2562 992 2607 nostrorum
1054 2547 1371 2611 absolvant,
1428 2556 1483 2600 ct
1560 2556 1662 2600 tua:

54 2649 214 2702 nobis
269 2648 511 2702 famulis
540 2646 643 2701 tuis
675 2642 1063 2699 misericordia:
1088 2642 1228 2695 dona
1282 2639 1656 2707 multiplicent.

54 2736 174 2792 Per.

126 2829 483 2884 Communia.
518 2827 1084 2897 Divinis,qua‘.snmus,
1113 2820 1362 2885 Domine,
1394 2818 1657 2887 redempti

56 2923 371 2990 mysteriis,
418 2930 478 2975 ut
529 2921 698 2973 beatae
728 2917 956 2988 Brigidac
992 2915 1214 2985 virginis
1253 2922 1356 2967 tuac
1388 2910 1661 2979 suffragiis

60 3013 445 3074 Sublcvernur,
476 3019 529 3065 et
557 3026 585 3063 a
614 3010 895 3079 praisentis
926 3007 1049 3060 vita:
1076 3001 1496 3059 adversitatibus
1527 3003 1659 3058 libe-

1768 2276 2064 2331 tatiouibus
2094 2276 2221 2341 illis,
2277 2294 2379 2333 nec
2420 2288 2708 2346 prresnmat
2763 2280 2993 2349 amplius
3046 2281 3347 2349 inquietare

1766 2366 1847 2420 vel
1882 2366 2109 2421 tllndere
2153 2369 2514 2423 servientibus
2560 2370 2688 2424 Deo.
2748 2371 2984 2425 Proinde
3038 2373 3345 2443 supplices,

1764 2474 2071 2526 quzcsumus
2098 2466 2167 2520 te,
2203 2457 2446 2525 Domine,
2480 2468 2535 2513 ut
2567 2461 2786 2515 emittas
2818 2470 3062 2516 sanctum
3094 2463 3346 2533 angelum

1766 2557 1913 2603 tuum
1938 2548 2287 2618 Raphaelem,
2314 2550 2624 2618 quievulsit
2679 2561 2734 2606 et
2775 2553 2970 2622 repulit
3015 2570 3045 2608 a
3091 2554 3225 2609 Sara
3283 2564 3341 2610 ct

1765 2637 1930 2691 Tobia
1970 2638 2294 2691 dmmonium
2347 2640 2683 2695 mortiferum
2741 2656 2836 2695 eos
2887 2642 3263 2708 infestantem,
3292 2652 3348 2698 ct

1763 2735 2012 2781 conterat
2054 2728 2211 2783 illum
2242 2739 2294 2783 et
2320 2729 2511 2798 perdat
2541 2730 2607 2784 de
2657 2732 2868 2786 cunctis
2922 2732 3345 2789 habitationibus

1762 2816 2054 2871 colentium
2078 2819 2267 2883 Deum,
2291 2819 2359 2874 dc
2386 2821 2646 2888 basilicis,
2672 2822 2737 2877 de
2763 2824 3032 2890 domibus,
3066 2826 3133 2879 dc
3178 2840 3346 2894 augt:-

1763 2906 1848 2972 lis,
1901 2910 1967 2964 de
1999 2910 2251 2975 lectibns,
2282 2911 2348 2966 de
2388 2912 2713 2979 refectoriis,
2746 2915 2813 2971 de
2866 2916 3135 2972 universis
3189 2917 3341 2980 locis,

1764 2999 1816 3053 in
1850 3000 2257 3073 quibuscuuquc
2287 3004 2395 3059 Deo
2424 3004 2747 3061 famulantes
2773 3008 3019 3061 lt-tbitant
3046 3018 3100 3061 et
3134 3010 3345 3077 rcquie~

58 3118 268 3170 rentur,
300 3116 361 3159 et
394 3115 611 3157 acterna:
643 3099 948 3155 beatudinis
975 3096 1196 3167 praemia
1235 3111 1654 3153 corrscuuamur.

1769 3098 1942 3155 scunt,
1982 3090 2280 3155 dormiunt,
2312 3093 2556 3164 vigilant,
2587 3096 2887 3162 ambulant,
2935 3107 2990 3153 et
3016 3099 3338 3165 consistunt;

61 3190 184 3247 Per.

456 3296 798 3336 PURIFICATIO
828 3294 1044 3335 SANCTE
1073 3291 1278 3334 ΜᾹΙΠΕ.

68 3392 299 3451 Ca'lecta
343 3398 419 3449 ad
464 3406 697 3449 sanctum
744 3394 1059 3446 Adrianum.
1094 3393 1157 3446 In
1192 3394 1374 3451 primis
1425 3398 1661 3444 cantetur

127 3470 323 3533 tertia;
378 3477 556 3535 postea
607 3467 977 3520 benedicuntur
1014 3460 1246 3517 candela:
1274 3503 1288 3529 ,
1326 3463 1513 3517 deinde
1533 3460 1659 3513 dicit

139 3544 426 3592 sacerdos.

139 3649 393 3706 Oremus.
452 3650 703 3715 Exaudi,
758 3664 1068 3719 quaesumus
1120 3648 1344 3703 Domine
1377 3689 1392 3713 ,
1451 3645 1657 3711 plebem

75 3748 261 3812 tuam,
319 3758 443 3812 qua:
497 3730 836 3797 extrinsecus
884 3756 1061 3793 annua
1119 3739 1316 3793 tribuis
1372 3738 1659 3792 devotione

78 3809 361 3897 ienerari,
424 3833 651 3887 interius
690 3831 903 3900 assequi
956 3830 1145 3899 gratiae
1203 3837 1309 3883 tua:
1364 3828 1486 3881 lucc
1528 3840 1657 3881 corr-

78 3923 222 3974 cede.
746 3923 753 3930 ’

148 4010 251 4065 Per
281 4014 464 4067 omnia
515 4010 707 4067 sarcula
756 4010 1097 4065 srcculorum.
1139 4005 1329 4062 Amen.
1400 4005 1659 4061 Dominus

79 4101 379 4156 vobiscum.
423 4102 635 4157 Etcum
668 4101 860 4171 spiritu
905 4109 1016 4153 tuo.
1050 4098 1278 4153 Sursum
1308 4098 1495 4153 corda.
1552 4096 1659 4149 lla-

83 4190 266 4250 benms
310 4195 378 4249 ad
409 4193 956 4260 Dominum,Gratias
997 4206 1222 4262 agamus
1263 4190 1492 4246 Domino
1548 4188 1657 4243 Deo

86 4298 282 4343 uestro.
317 4289 545 4359 Dignum
574 4298 627 4342 et
658 4287 861 4355 justum
883 4295 985 4340 cst.

152 4376 429 4450 Pra'fatio.
463 4381 602 4435 Vere
630 4380 846 4450 dignum
879 4387 932 4432 et
976 4376 1177 4447 justum
1209 4385 1311 4442 est,
1342 4389 1552 4445 :cquum
1603 4383 1657 4429 ct

87 4468 316 4527 salutare
365 4487 461 4526 nos
493 4471 585 4526 tibi
632 4485 845 4539 semper
900 4480 954 4523 et
1000 4469 1198 4538 ubique
1232 4468 1434 4536 gratias
1473 4480 1654 4535 agere,

92 4557 304 4618 Domine
350 4574 557 4627 sancte,
617 4562 779 4617 Pater
832 4562 1194 4631 omnipotens,
1233 4569 1437 4615 aeterne
1496 4560 1654 4623 Deus,

90 4640 305 4709 Creator
332 4655 456 4709 caeli
482 4664 536 4708 et
562 4663 740 4717 terra},
770 4653 884 4707 Rex
928 4668 1113 4723 regum
1141 4693 1156 4717 ,
1188 4660 1241 4706 et
1278 4651 1537 4705 Dominus
1563 4649 1656 4703 do-

93 4744 421 4811 minantium,
454 4763 553 4802 nos
577 4746 842 4817 supplices
874 4755 1013 4809 tuos,
1044 4746 1110 4799 ad
1161 4757 1210 4799 te
1257 4744 1557 4799 clamantes
1604 4749 1659 4797 ct

93 4848 393 4904 exorantcs,
422 4840 715 4895 clementer
755 4839 1017 4893 exaudire
1047 4838 1288 4908 dignare.
1320 4836 1422 4903 Qui
1475 4834 1654 4889 Omnia

96 4937 152 4976 ex
184 4931 348 4984 nihilo
370 4934 587 4995 crca~ti,
629 4941 681 4984 et
702 4929 855 4998 jussu
891 4940 981 4984 tuo
1008 4946 1104 4999 per
1131 4944 1294 4999 opera
1319 4944 1479 4996 apum
1512 4928 1656 4981 hunc

96 5010 341 5083 liquorem
379 5023 441 5075 ad
472 5023 855 5092 perfectionem
919 5023 1060 5075 cerei
1101 5022 1287 5075 venire
1336 5019 1510 5074 feci-.ti
1539 5060 1553 5083 ,
1605 5031 1659 5074 et

100 5109 177 5173 qui
200 5112 449 5167 hodierna
475 5114 560 5169 die
585 5115 900 5185 petitionem
924 5113 1052 5183 justi
1086 5114 1355 5167 Simeonis
1401 5113 1652 5182 implesti,

101 5206 145 5247 lc
174 5200 436 5258 humiliter
464 5206 840 5275 deprecamur,
870 5215 930 5259 ut
980 5206 1078 5259 has
1110 5204 1364 5259 candelas
1402 5205 1469 5257 ad
1501 5219 1655 5257 usum

101 5286 355 5350 hominum
387 5308 441 5351 et
468 5300 532 5351 ad
564 5301 851 5354 sanitatem
883 5315 1170 5369 corporum
1227 5308 1280 5352 et
1329 5298 1653 5362 animarum,

104 5382 206 5440 Sive
238 5389 286 5442 in
322 5400 485 5453 terra,
518 5392 631 5446 sive
669 5393 719 5445 in
745 5392 898 5462 aquis
937 5408 1177 5447 accensa:
1213 5391 1410 5446 fuerint
1452 5408 1550 5462 per
1575 5392 1656 5445 iu-

106 5480 415 5536 Vocationem
450 5484 522 5535 ttti
579 5482 906 5537 sanctissimi
954 5484 1187 5537 nominis
1234 5493 1289 5536 ct
1345 5498 1442 5553 per
1495 5484 1658 5538 inter-

108 5570 377 5626 cessionem
418 5583 621 5629 sancta:
659 5571 844 5627 Maria:
872 5574 1151 5643 genitricis
1198 5573 1317 5629 Filii
1369 5576 1474 5638 tui,
1504 5574 1657 5644 cujus

113 5650 247 5715 hodie
268 5663 398 5719 festa
431 5666 621 5721 dcvotc
655 5665 1032 5733 celebrantur,
1065 5678 1127 5721 ac
1175 5681 1269 5736 per
1306 5680 1490 5737 preces
1541 5681 1627 5721 om

1766 3196 1865 3237 nec
1911 3182 2087 3237 valeat
2118 3183 2206 3238 ille
2230 3184 2495 3256 malignus
2528 3186 2762 3256 amplius
2790 3188 3090 3258 inquietare
3131 3189 3214 3244 vel
3244 3206 3341 3260 pa-

1765 3288 1926 3329 vores
1958 3276 2176 3331 mittere
2198 3291 2359 3345 super
2381 3277 2518 3340 illos,
2547 3293 2685 3346 quos
2717 3281 2886 3336 sancti
2929 3282 3241 3337 chrismatis
3265 3285 3342 3339 tui

1762 3367 2018 3422 unctione
2064 3367 2237 3424 feci5ti
2293 3383 2413 3423 esse
2443 3372 2697 3425 munitos.
2734 3371 3044 3442 Bene-j-dico
3076 3383 3146 3437 te,
3184 3388 3329 3435 cera.

1763 3456 1816 3512 in
1845 3458 2062 3512 nomine
2088 3459 2182 3513 Dei
2216 3459 2391 3515 Patris
2419 3463 2822 3531 omnipotentis,
2852 3474 2907 3518 et
2934 3464 3051 3520 Filii
3076 3464 3191 3532 ejus
3215 3466 3343 3518 nni-

1762 3550 1952 3620 geniti,
1999 3563 2056 3607 et
2086 3551 2321 3623 Spiritus
2369 3554 2547 3609 sancti
2575 3554 2858 3625 paraclcti,
2909 3565 2967 3609 ut
3019 3555 3095 3611 sis
3146 3556 3342 3629 ubique

1763 3642 1960 3698 diaboli
1989 3642 2249 3715 cffugato,
2274 3655 2437 3715 atque
2462 3647 2700 3701 onmium
2729 3648 3192 3703 contubernalium
3218 3663 3344 3701 suo-

1765 3752 1883 3790 rum
1916 3738 2319 3802 exterminatio,
2346 3738 2635 3808 adjuvante
2660 3738 2848 3794 eadem
2906 3748 3090 3794 sancta
3117 3750 3173 3793 et
3201 3738 3341 3793 indi-

1763 3827 1920 3881 vidua
1955 3827 2247 3893 Trinilale,
2293 3844 2412 3899 qua:
2444 3831 2496 3884 in
2554 3830 2787 3886 Unitatis
2836 3831 3072 3886 essentia
3114 3831 3246 3886 vivit
3286 3840 3343 3887 et

1762 3929 2060 3991 conregnat
2092 3920 2142 3974 in
2177 3921 2372 3975 szecula
2395 3922 2735 3976 sccculorum.
2768 3925 2962 3977 Amen.

1834 4009 2016 4065 Finita
2046 4006 2400 4067 benedictione
2421 4014 2664 4068 sacerdos
2688 4014 2909 4083 accipiat
2954 4030 3145 4084 aquam
3189 4013 3342 4068 benc-

1760 4103 1975 4169 dietam,
2005 4113 2050 4158 et
2077 4114 2317 4175 aspergat
2343 4120 2498 4175 super
2519 4104 2788 4169 candelas,
2811 4113 2857 4157 et
2888 4117 3056 4157 sumat
3086 4109 3151 4156 de
3179 4106 3338 4157 cereis

1760 4206 1807 4250 et
1830 4198 2101 4253 accendat.
2130 4197 2261 4252 Cum
2292 4199 2533 4267 cmperint
2567 4198 2780 4250 accendi
2811 4238 2824 4259 ,
2876 4208 3060 4250 cantor
3131 4197 3336 4249 inchoet

1761 4287 1895 4340 hanc
1922 4288 2280 4355 antiplwnam.
2323 4287 2525 4341 Lumen
2553 4289 2620 4340 ad
2659 4287 3041 4341 rcvclationcm
3074 4288 3335 4356 gentium.

1764 4376 2011 4432 Psalmns
2043 4394 2057 4430 :
2086 4377 2258 4431 Nunc.
2284 4377 2515 4447 Repetite
2539 4378 2821 4447 muipltona
2844 4395 2935 4449 per
2963 4394 3135 4430 omnes
3165 4393 3338 4432 versus

1760 4470 1993 4541 ejusdem
2022 4469 2231 4539 psalmi.
2257 4469 2438 4523 Gloria
2478 4469 2651 4524 Patri.
2670 4470 2821 4524 Sicut
2850 4480 2999 4534 erat;
3030 4484 3190 4538 usque
3212 4468 3339 4522 dum

1760 4560 2119 4614 accendantur
2173 4576 2349 4616 enmcs
2410 4559 2664 4615 candelw.
2713 4560 2956 4614 Accensis
3008 4575 3125 4613 vero
3159 4559 3338 4613 ditant

1758 4652 1894 4704 hanc
1932 4652 2241 4705 orationem.

1829 4742 2038 4797 Oratio.
2057 4742 2411 4812 Omnipotens
2438 4744 2767 4812 sernpiterne
2797 4747 2955 4804 Deus,
2971 4741 3060 4811 qtti
3079 4738 3339 4797 hodierna

1762 4836 1849 4891 die
1880 4836 2228 4906 Unigenitum
2262 4846 2411 4891 tuum
2447 4837 2589 4891 ulnis
2617 4836 2790 4890 sancti
2821 4835 3091 4890 Simeonis
3119 4834 3169 4887 in
3204 4843 3341 4887 tem‘

1759 4928 1847 4997 plo
1871 4938 2060 4982 sancto
2091 4938 2181 4981 tuo
2196 4929 2596 4998 suscipiendum
2619 4926 2974 4997 praesenlasti,
3003 4935 3052 4980 te
3071 4923 3340 4995 supplices

1761 5022 2137 5090 deprecamur,
2167 5031 2223 5074 ιιι
2251 5022 2346 5075 bos
2380 5036 2569 5077 cereos
2598 5031 2741 5085 tuos,
2762 5034 2897 5090 quos
2932 5034 3030 5071 nos
3059 5016 3241 5071 fideles
3261 5019 3333 5069 tui

1758 5113 1903 5166 onmi
1978 5112 2374 5183 magnificentia
2427 5112 2782 5181 suscipientes
2830 5119 3045 5179 gestare
3090 5106 3334 5177 cupimus

1760 5203 1877 5257 luce
1905 5217 2184 5264 accensos,
2218 5201 2580 5270 baltei-dicere
2636 5210 2692 5255 et
2739 5198 3139 5266 sancti-j‘fit-arc,
3174 5205 3336 5263 atquo

1761 5295 1962 5349 lumine
1994 5309 2240 5365 supernae
2282 5293 2674 5348 benedictionis
2727 5290 3024 5346 accendere
3075 5287 3334 5357 digneris,

1760 5400 2029 5459 quatenus
2056 5404 2151 5445 eos
2210 5388 2305 5444 tibi
2364 5387 2590 5443 Domino
2636 5385 2745 5442 Deo
2788 5396 2975 5441 nostro
3025 5382 3332 5443 offerentes,

1759 5483 1903 5552 digni
1927 5492 1982 5535 ct
2006 5490 2196 5537 sancto
2219 5482 2342 5552 igne
2366 5491 2476 5537 tum
2505 5479 2831 5538 dulcissima:
2878 5474 3164 5533 cbaritatis
3205 5487 3331 5527 suc-

1760 5573 1905 5627 censi
1934 5573 1987 5626 in
2018 5572 2221 5641 templo
2242 5580 2438 5628 sancto
2460 5570 2647 5643 gloria:
2670 5580 2773 5628 tua:
2817 5566 3192 5641 repraesentari
3223 5578 3355 5653 mo-I

1762 5680 1991 5721 reamur.
2020 5663 2121 5719 Per
2143 5665 2412 5721 eumdem.
