3846 6324
33 336 128 389 ςθδ

42 465 258 501 uorum
293 446 474 503 Petri
512 458 562 503 et
589 446 738 500 Pauli
767 444 1005 499 natalitia
1047 443 1277 515 gloriosa
1312 440 1503 510 pra-ire
1530 451 1659 491 con-

34 541 197 603 'etlis,
235 539 477 604 tribue,
503 553 829 608 quaesumus,
859 550 1043 590 eorum
1072 547 1169 587 nos
1193 545 1403 600 semper
1424 536 1477 584 et
1501 527 1663 581 bene-

34 631 163 683 ieiis
197 631 533 698 prznveniri
564 639 617 683 et
657 625 996 682 orationibus
1025 623 1286 693 adiuv-ari.
1319 621 1442 674 Per.

87 724 365 789 ειτηερ,
410 739 474 777 ut
499 725 553 778 in
571 723 751 777 editis.
857 764 860 767 λ
1393 727 1397 730 ’

85 811 481 867 Communia.
522 815 660 868 Deus
679 854 692 876 ,
715 814 803 882 qui
833 813 1118 868 ecclesiam
1163 819 1306 864 tuam
1334 803 1557 877 :‘postoli
1586 800 1661 857 tu!

37 905 166 956 'etri
207 903 333 957 title
367 913 438 960 et
469 905 688 958 nomine
727 905 1077 969 consecrasti,
1112 903 1311 976 quique
1341 906 1553 960 beatum
1586 901 1661 956 illt

37 994 262 1048 ’aulum
330 996 417 1050 ad
480 995 882 1065 praedicandum
932 996 1183 1066 gentibus
1237 997 1459 1067 gloriam
1515 1005 1659 1051 tuam

34 1069 167 1137 itit-ia
182 1101 249 1138 re
282 1085 566 1154 dignatus
596 1101 675 1149 es,
722 1087 954 1140 concede
981 1095 1038 1139 ut
1071 1082 1281 1150 omnes,
1307 1086 1393 1156 qui
1425 1087 1489 1139 ad
1527 1101 1657 1154 apo-

34 1178 306 1232 rtolorum
366 1189 595 1234 tuorum
638 1180 898 1235 solemnia
938 1189 1334 1248 convenerunt,
1395 1177 1656 1250 spirituali

34 1271 512 1342 "emugtcratione
544 1272 800 1325 ditentur.
834 1271 950 1326 Per.

94 1421 96 1423 ἱ
239 1378 302 1417 IN
350 1379 536 1418 FESTO
569 1378 950 1419 Ανοδτοιοιιωι
986 1378 1143 1417 PETRI
1185 1378 1252 1416 ΕΤ
1289 1377 1465 1416 PAULI.

91 1455 330 1508 Oratio.
393 1454 756 1526 Omnipotens
790 1453 1116 1523 sempiterno
1147 1453 1306 1517 Deus,
1337 1452 1425 1520 qni
1463 1449 1652 1504 Eccle-

33 1563 160 1599 aam
193 1557 369 1600 tuam
412 1547 469 1600 in
502 1547 792 1616 aposmlica
825 1545 1100 1600 soliditate
1142 1544 1417 1598 fundatam
1468 1540 1536 1594 ab
1576 1541 1656 1593 in-

41 1653 327 1691 crnarttm
360 1639 522 1692 eruis
549 1647 756 1692 terrore
780 1647 1078 1706 portarum,
1105 1644 1300 1705 prtesta
1325 1634 1378 1687 in
1410 1642 1496 1685 tua
1518 1631 1654 1684 veri-

42 1740 133 1782 :tlc
165 1730 531 1798 persistens,
563 1730 703 1784 nulla
735 1729 958 1800 recipiat
988 1727 1261 1783 consortia
1304 1726 1646 1796 perfidorum.

33 1822 149 1874 ['ct’.

95 1914 360 1967 Secreta.
422 1914 712 1968 Familiam
763 1923 930 1976 tuam,
973 1911 1218 1975 Domine,
1262 1907 1522 1979 propitius
1571 1906 1654 1960 in-

33 2017 226 2068 tuere,
278 2014 341 2058 et
391 2005 710 2074 apostolicis
760 2002 987 2058 defende
1031 2001 1324 2072 praesidiis,
1366 2008 1421 2052 ut
1467 2011 1652 2052 eorum

33 2092 297 2161 precibus
341 2096 706 2165 gubernetur,
741 2093 938 2165 quibus
980 2093 1176 2147 nititur
1206 2100 1258 2146 te
1290 2089 1654 2145 constituente

34 2185 424 2254 principibus.
474 2184 598 2238 Per.

102 2273 472 2328 Communia.
521 2275 726 2329 Exaudi
759 2277 877 2340 nos,
909 2273 1051 2328 Deus
1084 2271 1336 2328 salutaris
1369 2280 1570 2328 noster.
1596 2279 1648 2321 et

38 2365 433 2432 apostolorum
481 2373 696 2418 tuorum
747 2380 844 2419 nos
890 2374 1042 2419 tuere
1087 2361 1375 2432 prasidiis,
1421 2373 1648 2424 quorum

37 2455 256 2508 donasti
295 2455 498 2510 fideles
526 2470 646 2510 esse
677 2453 957 2509 doctrinis.
989 2452 1111 2507 Per.

646 2545 726 2597 Ad
767 2543 1067 2610 Vesperum.

112 2635 332 2688 Oratio.
362 2635 599 2700 Przesta,
639 2649 965 2704 quaesumus,
999 2634 1338 2703 omnipotens
1391 2630 1551 2693 Deus,
1590 2637 1650 2682 ut

43 2727 129 2794 qui
160 2727 382 2796 iugiter
414 2727 708 2796 apostolica
739 2723 1051 2780 defensione
1078 2724 1368 2786 munimur,
1399 2735 1496 2775 nec
1524 2735 1646 2774 suc-

47 2819 380 2872 cutnbantus
414 2817 581 2880 vitiis,
615 2831 712 2871 nec
738 2816 1108 2886 opprimantur
1131 2815 1390 2867 adversis.
1421 2811 1545 2865 Per.

300 2928 362 2968 IN
403 2927 606 2966 OCTAVA
643 2925 828 2966 SASCTI
863 2925 1076 2965 JOANNIS
1107 2922 1401 2962 BAPTISTJI.

119 2999 335 3056 Oratio.
390 3001 613 3066 Praesta,
655 3017 982 3072 quaesumus,
1009 3000 1350 3068 omnipotens
1397 2998 1554 3061 Deus,
1587 3005 1645 3048 ιιι

50 3094 294 3151 Eet-Iesia
315 3109 436 3165 tua,
463 3115 581 3172 qua;
603 3088 797 3171 iterato
825 3098 1160 3151 nativitatem
1189 3092 1534 3164 praecursoris
1553 3089 1645 3144 Fi-

54 3185 104 3237 lii
135 3188 208 3240 tni
240 3155 654 3242 Donnit’tiitostri
681 3185 806 3242 Jesu
841 3186 1038 3241 Christi
1069 3155 1291 3239 Joannis
1317 3181 1569 3251 Baptistae
1593 3181 1644 3234 itt
1675 3155 1715 3211 Ο

52 3289 242 3333 octavo
265 3289 584 3346 veneratur,
611 3294 675 3333 eo
703 3279 816 3348 ipso
839 3293 936 3348 pro
959 3293 1018 3332 ea
1041 3276 1181 3345 apud
1212 3271 1642 3328 misericordiam

59 3377 195 3422 luam
237 3371 632 3441 praeveniente,
660 3386 690 3423 a
727 3370 964 3440 peccatis
997 3367 1248 3423 omnibus
1276 3375 1329 3420 te
1353 3363 1644 3418 miserante

55 3460 267 3516 liberari
305 3478 637 3515 tttcreatuur.
679 3460 800 3514 Per.

151 3552 398 3608 Srcrem.
460 3552 645 3607 Sancti
691 3550 917 3607 Joannis
969 3548 1226 3618 Baptista:
1271 3545 1643 3601 ltonorabilem

59 3643 404 3699 nativitatem
438 3643 771 3707 muneribus,
801 3659 833 3697 0
861 3641 1101 3711 piissime
1135 3640 1374 3699 Domine,
1406 3634 1647 3706 gemina-

63 3735 125 3786 lis
157 3736 208 3790 in
245 3747 447 3792 octavo
481 3735 716 3791 Ecclesia
751 3743 836 3788 tua
869 3733 954 3787 die
981 3730 1330 3785 devotissime
1359 3725 1646 3796 consequi-

64 3834 165 3892 IU“,
188 3840 390 3898 praesta
419 3829 573 3883 solita
603 3826 885 3882 clementia
920 3836 1010 3878 tua
1038 3833 1095 3877 ut
1125 3824 1242 3893 ipso
1264 3837 1360 3890 pro
1385 3836 1447 3875 ea
1476 3820 1645 3875 inter-

62 3920 305 3976 veniente
334 3922 388 3976 id
412 3935 602 3974 munus
628 3917 864 3973 salutare
886 3915 984 3970 sibi
1013 3928 1180 3984 penes
1214 3923 1266 3967 te
1296 3911 1411 3967 fieri
1439 3925 1647 3965 merea-

65 4019 161 4064 tur.
201 4011 326 4068 Per.

128 4099 462 4155 Communia.
491 4099 710 4156 Munera
746 4111 854 4164 tua,
880 4114 1000 4169 qua:
1036 4099 1087 4152 in
1117 4098 1374 4153 honorem
1410 4096 1642 4152 nominis

69 4189 133 4242 lui
160 4191 210 4245 in
244 4193 592 4247 solemnitate
636 4192 824 4245 iterata
870 4190 1093 4245 Joannis
1122 4189 1372 4258 Baptista:
1400 4204 1639 4258 prtecur-

66 4282 195 4335 soris
239 4283 364 4337 Filii
420 4283 492 4337 tui
530 4283 734 4337 Domini
787 4282 954 4337 nostri
1001 4281 1126 4336 Jesu
1181 4281 1383 4336 Christi
1427 4291 1640 4350 sumpta

67 4384 204 4433 sunt.
240 4389 572 4444 quaesumus,
605 4374 951 4443 omnipotens
982 4373 1142 4436 Deus,
1189 4383 1442 4442 praestent
1493 4373 1643 4426 auxi-

69 4457 184 4539 lium
218 4464 474 4519 Ecclesia:
511 4473 634 4526 tua},
666 4472 721 4514 ut
758 4463 972 4531 expiata
1011 4463 1078 4515 ab
1112 4463 1256 4516 onmi
1305 4461 1642 4516 immissione

73 4549 392 4609 insidiatoris
441 4564 492 4609 te
529 4555 832 4618 benedicat,
884 4554 976 4607 tibi
1021 4553 1240 4618 serviat,
1277 4562 1348 4617 et,
1385 4563 1435 4607 te
1462 4563 1641 4623 prote-

72 4655 238 4712 gente,
270 4648 340 4703 ab
369 4648 618 4702 omnibus
651 4646 807 4704 malis
840 4662 1052 4717 semper
1078 4648 1148 4701 sit
1173 4646 1363 4701 libera.
1391 4645 1513 4701 Per.

433 4754 484 4791 IN
513 4752 679 4792 FESTO
712 4753 927 4792 SANCTIE
963 4753 1262 4792 HUSTIOLJ‘I.

135 4823 334 4881 Oratio.
361 4828 587 4882 Crescat
615 4829 666 4883 in
698 4829 873 4888 nobis.
915 4828 1158 4890 Domine,
1197 4843 1412 4897 semper
1440 4839 1641 4884 sancta:

79 4905 410 4975 iucunditatis
461 4918 702 4983 etl‘ectus,
749 4919 809 4974 iit
850 4919 1023 4974 beatae
1072 4919 1332 4975 Musliola:
1382 4920 1640 4990 martyris

80 5011 168 5058 tua:
196 5012 496 5065 veneranda
530 5011 793 5065 festivitas
823 5022 1106 5082 augeatur.
1137 5011 1262 5066 Per.

141 5098 357 5157 Secreta.
384 5105 596 5158 Sancta)
624 5104 884 5159 illustiolze
920 5105 1172 5176 martyris
1217 5117 1340 5168 tum,
1391 5106 1636 5173 Domine,

81 5184 203 5244 festa
233 5194 585 5258 celebrantes,
615 5210 804 5265 preces
835 5194 1131 5260 offerimus,
1174 5195 1408 5250 hostiam
1441 5197 1635 5250 immo-

83 5277 252 5348 lanms,
280 5296 494 5356 praesta,
520 5302 847 5355 qnzesumus,
875 5297 933 5341 ttt
980 5303 1100 5340 cum
1150 5287 1400 5356 praesidio
1438 5296 1638 5356 tempo-

87 5374 170 5426 rali
195 5389 244 5432 et
270 5381 428 5434 vitam
469 5381 624 5435 nobis
651 5381 945 5450 praebeant,
991 5390 1043 5436 et
1085 5381 1420 5436 incrementa
1446 5394 1635 5449 perpe-

86 5473 183 5520 tua.
204 5469 314 5527 Per.

147 5557 455 5618 Communia.
499 5565 640 5619 Deus
685 5564 942 5618 virtutum
975 5562 1295 5625 cmlestium,
1326 5577 1635 5633 qntesumus

90 5655 139 5698 ut
187 5655 474 5716 sacrificia,
529 5670 625 5724 pro
668 5663 866 5708 sancta.-
909 5653 1170 5706 Mttstioltu
1215 5655 1469 5722 martyris
1529 5663 1635 5707 tua:

92 5742 308 5809 passione
357 5746 551 5813 delata,
586 5745 974 5801 desideriorum
1010 5761 1105 5800 nos
1138 5745 1510 5816 temporalium
1541 5745 1633 5798 do-

981 326 1323 385 EXCERPT.
1360 325 1448 380 EX
1474 322 1671 380 CODD.

1712 317 1990 375 LITURG.
2026 314 2552 373 FONTAVEILAN.
3230 321 3334 375 894

1689 441 1731 498 Α
1762 441 1917 487 ceam
1941 430 2140 485 habere
2177 437 2564 497 contemptum,
2591 437 2642 482 et
2671 443 2854 484 amare
2878 433 3016 485 dona
3038 433 3331 489 caelestium

1765 523 2097 594 gaudiorum.
2130 521 2255 574 Per.

1957 628 2008 668 IN
2040 628 2245 668 OCTAVA
2275 627 2653 667 Αῐιοετοιοηυιι
2683 627 2838 666 PETRI
2869 629 2936 668 ΕΤ
2963 631 3135 670 PAULI.

1836 706 2019 761 Oratio
2047 716 2094 759 et
2121 714 2317 758 secreta
2345 715 2396 756 ut
2421 705 2473 757 in
2501 703 2674 757 editis.

1833 795 2164 852 Communia.
2208 794 2495 847 Beatorum
2548 795 2911 862 apostolorum
2949 805 3185 857 tuorum.
3233 798 3328 853 Do-

1764 889 1927 953 mine,
1960 886 2101 941 Petri
2132 895 2185 939 et
2220 884 2369 938 Pauli
2414 884 2718 940 desiderata
2763 887 3018 941 solemnia
3053 903 3319 944 recenseo

1765 987 2103 1048 tes,pra-sta,
2141 990 2466 1044 qutcsnmus.
2523 987 2579 1028 ιιι
2617 992 2803 1030 eorum
2854 978 3330 1046 supplicationibus

1762 1069 2104 1130 tnundemur,
2131 1082 2358 1136 quorum
2393 1067 2631 1138 regimur
2659 1067 2982 1135 principatu.
3015 1068 3135 1122 Per.

1982 1195 2033 1232 IN
2065 1191 2228 1232 FESTO
2264 1193 2573 1232 SANCTORUM
2604 1193 2805 1252 SEPTEM
2840 1195 3110 1232 Πιλτιιωι.

1834 1270 2035 1323 Oratio.
2062 1270 2285 1329 Praesta.
2319 1285 2651 1339 qumsumus,
2697 1270 3037 1337 omnipotens
3083 1269 3241 1329 Dens,
3277 1277 3331 1321 ut

1762 1364 1848 1431 qni
1877 1363 2139 1432 gloriosos
2180 1371 2444 1431 martyres
2473 1361 2809 1421 Januarium,
2841 1360 3093 1422 Felicem,
3134 1361 3336 1428 Philip-

1760 1469 1904 1521 pum,
1937 1451 2235 1511 Silvanum,
2260 1451 2643 1513 Alexandrum,
2674 1449 2898 1503 Vitalem
2929 1459 3087 1518 atque
3117 1449 3335 1503 Martia-

1761 1543 1882 1606 lem,
1913 1542 2077 1597 fortes
2113 1544 2164 1596 in
2210 1559 2302 1598 sua
2349 1541 2690 1596 coafessiene
2725 1541 3091 1610 cognovimus,
3123 1550 3251 1601 ete.,
3281 1549 3334 1592 ut

1757 1638 1810 1690 iu
1841 1638 2010 1702 editis,
2036 1638 2188 1688 etiam
2213 1636 2385 1707 quam!
2431 1644 2678 1688 secretam
2708 1645 2752 1687 et
2785 1635 3330 1703 postcommunionem.

2131 1768 2181 1804 IN
2212 1765 2378 1805 FESTO
2416 1764 2602 1804 SANCTI
2631 1765 2971 1804 PATERNIANI.

1685 1799 1730 1858 Β
1831 1838 2038 1893 Oratio.
2078 1799 2375 1907 υὲιιεξ-ξιῖιῖ
3009 1836 3333 1904 Rapltaelem

1758 1931 1859 1984 iter
1889 1930 2168 1985 ostendisti
2203 1930 2357 1982 beato
2405 1927 2752 1993 Paterniano,
2790 1937 2844 1982 et
2883 1929 3085 1982 obitum
3115 1927 3333 1980 demon-

1756 2022 1961 2082 strasti,
1989 2021 2184 2075 exaudi
2216 2037 2404 2090 preces
2434 2036 2566 2088 quas
2601 2019 2651 2073 in
2684 2019 2801 2088 ejus
2855 2019 2947 2073 tibi
2996 2019 3335 2074 solemnitate

1755 2110 2066 2172 deferimus.
2091 2120 2220 2174 etc.,
2250 2121 2304 2164 ut
2346 2111 2397 2165 in
2433 2111 2608 2175 editis,
2655 2109 2708 2164 in
2747 2109 2974 2164 secunda
3022 2109 3179 2162 missu
3214 2125 3336 2162 con-

1754 2198 1964 2262 {essoris
1991 2199 2278 2266 aontiﬁcis.
2763 2246 2771 2252 .

2109 2305 2158 2342 IN
2187 2305 2352 2345 FESTO
2387 2304 2604 2344 SANCTrE
2637 2303 2980 2343 M.\RGARIT:E.

1827 2378 2029 2433 Oratio.
2072 2380 2233 2442 Deus,
2265 2380 2354 2448 qui
2408 2380 2620 2433 beatam
2673 2378 3019 2446 lllargaritam
3071 2376 3334 2444 virginem

1754 2467 2012 2522 hodierna
2051 2469 2138 2522 die
2181 2459 2247 2522 ad
2292 2468 2459 2522 cmlos
2491 2483 2584 2538 per
2625 2466 2866 2536 martyrii
2895 2465 3128 2535 palmam
3153 2464 3335 2518 venire

1754 2556 1946 2620 fecisti,
1979 2557 2211 2611 concede
2243 2558 2503 2626 propitius
2553 2566 2630 2623 ut,
2679 2554 2794 2624 ejus
2832 2555 3073 2625 exempla
3099 2568 3333 2622 sequen-

1722 2685 1732 2697 .
1757 2657 1860 2712 tes,
1888 2647 1952 2700 ad
1987 2658 2038 2702 te
2063 2649 2346 2717 pervenire
2380 2662 2704 2702 mereamur.
2733 2645 2855 2699 Per.

1823 2739 2050 2794 Secreta.
2107 2740 2229 2793 llzec
2275 2740 2507 2805 victima,
2559 2737 2803 2800 Domine,
2859 2751 3184 2806 qntcsumus,
3237 2750 3336 2804 pro

1750 2828 1920 2882 beat-.e
1957 2830 2178 2892 virginis
2216 2827 2518 2896 Margaritaa
2564 2826 2825 2896 martyrio
2867 2825 3066 2886 oblata,
3097 2835 3150 2878 et
3184 2839 3334 2877 men-

1755 2920 1883 2972 tium
1919 2918 2070 2972 nobis
2099 2919 2410 2988 puritatem,
2443 2925 2496 2971 et
2542 2931 2827 2986 corporum
2867 2915 3106 2970 obtineat
3133 2913 3333 2966 sancti-

1758 3018 1940 3064 tatem.
1974 3009 2096 3063 Per.

1822 3100 2148 3154 Commtmio.
2201 3097 2406 3164 liuius,
2450 3097 2714 3160 Domine,
2764 3096 3083 3152 sacramenti
3141 3087 3334 3166 perce-

1750 3195 1929 3266 ptione
1957 3202 2010 3247 et
2041 3193 2207 3247 beata:
2239 3189 2537 3258 Margaritze
2577 3189 2802 3258 virginis
2845 3181 3248 3251 intercessione,
3276 3197 3332 3242 et

1753 3295 1806 3340 tu
1850 3286 1901 3338 in
1947 3284 2100 3338 nobis
2146 3297 2364 3335 manere
2415 3281 2658 3350 dignare,
2691 3291 2746 3334 ct
2785 3295 2881 3334 nos
2929 3279 2980 3334 itt
3015 3288 3066 3333 te
3100 3279 3332 3335 vicissim

1749 3392 1970 3446 manere
1991 3373 2245 3429 concede.
2274 3372 2375 3426 l‘er

1939 3484 1989 3522 IN
2024 3483 2187 3523 FESTO
2215 3478 2527 3521 SANC'I‘ORUM
2557 3478 2753 3526 ρυιῐιιοι
2785 3478 2853 3515 ΕΤ
2880 3475 3140 3516 ιυιιττε.

1819 3559 2024 3614 Oratio.
2051 3551 2232 3624 'Deus,
2269 3557 2356 3626 qui
2404 3565 2712 3611 sanctorum
2757 3563 2970 3608 tuorum
3023 3549 3224 3617 Quit'ici
3275 3559 3332 3604 et

1746 3648 1946 3705 Julittae
1979 3650 2227 3705 cordibus
2257 3647 2527 3701 flammam
2579 3653 2682 3699 tua:
2721 3642 3022 3697 dilectionis
3053 3640 3327 3703 accendis,

1747 3739 1815 3793 da
1841 3738 2095 3794 cordibus
2137 3737 2335 3792 nostris
2379 3734 2622 3790 eamdem
2657 3733 2772 3788 fidei
2813 3731 3198 3799 cltaritatisque
3227 3730 3330 3783 vir-

1749 3841 1936 3895 tutem,
1965 3840 2020 3885 ut
2050 3845 2277 3900 quorum
2308 3829 2602 3900 gaudemus
2635 3826 2942 3890 triumphis,
2972 3823 3330 3879 orovoccmur

1744 3923 2028 3993 exemplis.
2063 3921 2183 3976 Per.

1818 4014 2044 4070 Secreta.
2080 4014 2168 4068 llla
2211 4029 2308 4067 nos
2347 4012 2565 4075 veritas,
2601 4010 2842 4070 Domine,
2889 4022 3103 4077 semper
3131 4003 3337 4062 illumié'

1743 4115 1857 4172 net,
1899 4122 2018 4176 qua:
2062 4114 2370 4160 sanctorum
2403 4113 2612 4156 tuorum
2647 4101 2900 4156 cordibus
2925 4099 3199 4150 llammanr
3223 4105 3327 4150 tute

1745 4196 2043 4254 dilectionis
2077 4194 2338 4249 accendit.
2369 4193 2473 4247 Per

1817 4289 2144 4343 Communia.
2178 4287 2336 4352 Deus,
2367 4287 2455 4356 qui
2491 4284 2690 4338 sanctis
2715 4283 2819 4336 tuis
2846 4280 3170 4350 martyribus
3198 4277 3326 4343 Qni-

1745 4386 1858 4440 rico
1910 4393 1964 4436 et
2013 4380 2210 4434 Julittze
2252 4380 2500 4432 vincenti
2556 4377 2834 4436 solatium,
2893 4381 2946 4427 et
3008 4372 3323 4424 immensam

1674 4500 1718 4554 ι)
1747 4473 2080 4528 vincentibus
2106 4471 2328 4542 gloriam
2370 4480 2624 4524 mternam
2673 4466 2945 4525 concedis,
2975 4472 3028 4516 et
3066 4462 3326 4514 laceratas

1748 4579 1937 4620 carnes
1981 4579 2190 4626 eorum,
2242 4570 2497 4631 tanquam
2539 4562 2757 4613 odorem
2807 4556 3001 4610 bonum
3045 4553 3325 4605 suavitatis

1745 4656 1995 4720 assumis,
2047 4655 2240 4718 trilgu',
2272 4669 2597 4723 quaesumus,
2653 4660 2707 4702 ut
2755 4650 2892 4702 sicut
2939 4646 3018 4700 eis
3065 4659 3320 4698 coronam

1744 4748 1984 4820 martyrii
2015 4747 2327 4816 praestitisti,
2365 4746 2432 4798 ita
2460 4745 2610 4798 nobis
2641 4757 2978 4811 peccatorum
3009 4747 3318 4796 nostrorum

1743 4841 1954 4896 veniam
1983 4839 2252 4908 largiar-is.
2279 4837 2399 4892 Per.

1851 4945 1900 4983 IN
1931 4945 2095 4983 FESTO
2131 4943 2438 4982 SANCTORL‘M
2470 4940 2765 4980 ERMAGOILE
2792 4940 2860 4978 ET
2891 4939 3214 4978 ιτῡιιτωιλτιε

1813 5017 2014 5073 Oratio.
2051 5017 2553 5075 Intervenientilms,
2592 5015 2834 5075 [)otnine,
2865 5013 3068 5067 sanctis
3116 5023 3319 5082 marty-

1743 5111 1890 5164 ribus
1946 5111 2048 5164 tnis
2101 5109 2390 5176 Ertuagora
2451 5114 2504 5158 et
2546 5103 2859 5162 Fortunato,
2913 5103 3165 5157 Ecclesia:
3217 5112 3318 5157 tute

1740 5215 1898 5254 voces
1930 5200 2168 5270 placatus
2212 5196 2454 5260 admitte,
2481 5204 2556 5258 ut,
2589 5195 2877 5247 destructis
2904 5194 3320 5248 :ulvcrsitatibns

1739 5292 2027 5357 universis,
2060 5305 2247 5344 secura
2278 5285 2372 5340 tibi
2412 5287 2611 5340 serviat
2642 5287 2905 5360 libertate.
2934 5275 3051 5340 Per.

1812 5379 2044 5433 Secreta.
2080 5377 2298 5430 Munera
2335 5375 2652 5429 luuuilitatis
2686 5391 2903 5440 nosmr,
2937 5376 3182 5439 Domine,
3222 5389 3318 5444 pr)

1738 5476 2046 5521 sanctorum
2070 5475 2363 5535 martyrum
2392 5477 2600 5518 tuorum
2634 5463 2937 5532 Ermagorm
2966 5473 3019 5518 et
3040 5463 3316 5518 Fortunati

1740 5558 1966 5629 gloriosa
2006 5556 2249 5625 passione
2299 5566 2352 5610 et
2393 5554 2732 5610 solemnitate
2773 5555 3081 5619 oll'enentes,
3106 5572 3313 5625 quaesu-

1739 5665 1878 5708 mus,
1896 5649 2157 5717 propitius
2179 5649 2442 5716 respicere
2463 5646 2766 5712 tliguare,ct
2791 5647 3024 5716 ipsorum
3055 5650 3310 5702 interces-

1738 5742 1883 5799 sione
1915 5751 2017 5796 tam
2063 5741 2125 5794 ad
2165 5740 2458 5810 profectum
2502 5741 2622 5794 vitae
2652 5757 2807 5813 quam
2841 5742 3031 5795 animae
3061 5735 3346 5798 saluta-if
