3846 6324
38 316 121 367 97»
950 309 1295 367 EXCEBPT.
1342 310 1432 365 EX
1461 308 1658 377 CODD.
1690 305 1970 362 LITL'BG.
2006 308 2531 370 FONTAVELLAN.
2794 354 2816 370 .

3220 325 3336 406 sas

37 440 158 496 tque
198 422 499 494 pontiﬁcis
553 424 822 479 manibus
864 425 1039 493 poculi
1088 424 1392 495 h-agnteuta
1438 432 1637 477 restau-
1674 425 1717 480 Λ
1818 419 2149 475 Communia.
2196 426 2354 493 Deus,
2405 429 2495 498 qui
2542 430 2839 486 Ecclesium
2877 442 3023 488 tuam
3069 450 3325 504 sponsam

36 532 124 569 are
162 515 444 585 dignatus
513 530 623 578 es,
684 514 1101 584 supplicantium
1141 508 1332 585 preces
1380 515 1645 585 benignus

40 606 222 673 xatuii,
267 613 331 658 ιιι
387 606 550 674 quod
588 605 795 660 ﬁducia
827 624 931 661 non
967 607 1128 661 habet
1162 607 1501 668 meritorum,
1530 604 1645 673 ejus

36 699 161 751 iobi‘s
193 696 636 750 intercessione
670 698 918 750 donetur.
955 695 1076 750 Per.

77 789 298 842 Secreta
384 787 570 851 Deus,
639 788 733 857 qui
781 788 831 840 in
883 788 1023 840 beati
1064 786 1254 840 Donati
1316 786 1552 856 episcopi
1592 794 1646 839 et

35 879 265 948 martyris
299 878 381 931 tui
431 860 716 933 manibus
763 879 933 947 poculi
992 877 1290 948 fragmenta
1338 889 1645 932 restaurare

36 970 256 1039 Lignatus
292 983 379 1028 es,
426 985 689 1022 numera
725 968 896 1038 plebis
925 977 1026 1021 tute
1053 969 1373 1037 propitiatus
1408 969 1642 1033 intende,

35 1071 67 1112 ιι
113 1059 231 1126 ejus
284 1059 461 1113 nobis
519 1059 627 1113 ﬁat
683 1060 1003 1129 supplicatio
1046 1059 1295 1113 salutaris
1347 1075 1443 1128 pro
1494 1060 1646 1129 cujus

40 1150 358 1203 olemnitate
401 1151 748 1205 hodiernam
778 1154 917 1205 diem
957 1152 1315 1205 celebramus.
1343 1150 1463 1206 Per.

82 1244 432 1298 Communia.
474 1243 854 1316 Omnipotens
882 1256 932 1298 et
965 1245 1278 1299 miseriCors
1310 1243 1473 1309 Deus,
1503 1252 1643 1311 etc.;

35 1343 63 1383 tt
101 1334 152 1384 in
184 1332 370 1385 editis.

203 1437 257 1475 IN
302 1436 527 1477 νιθιιιιι
573 1423 969 1478 ASSUHPTIONIS
1007 1438 1223 1479 ελκετλε
1264 1437 1463 1476 “ADHB.

85 1510 299 1577 Oratio,
329 1524 390 1567 ut
432 1516 494 1568 in
539 1516 730 1569 editis.

87 1603 319 1661 Secreta.
368 1605 609 1677 Magna,
663 1623 1009 1677 quassamus,
1054 1607 1298 1669 Domine,
1339 1604 1480 1677 apud
1531 1604 1641 1660 cle-

36 1698 274 1751 mentiam
314 1708 473 1752 tuam
531 1716 642 1769 pro
673 1700 828 1755 nobis
871 1699 1191 1753 interveniat
1224 1699 1314 1752 Dei
1355 1696 1645 1753 Geuitricis

1749 529 1943 570 vocare
1985 517 2236 587 dignatus
2283 536 2362 583 es,
2389 531 2467 575 ἰιι
2516 538 2637 592 qua:
2684 523 2908 581 haberet
2946 528 3197 596 gratiam,
3230 544 3327 598 per

1748 605 1843 659 Dei
1889 606 2228 662 devotionem
2260 610 2484 665 haberet
2512 613 2676 667 etiam
2702 631 2765 668 ex
2794 619 3008 669 nomine
3036 618 3323 686 pietatem;

1748 695 1837 759 da,
1882 706 1938 749 ut
1968 698 2144 751 omnis
2187 699 2299 753 hare
2331 700 2480 770 plebs
2512 703 2711 757 nomini
2765 714 2856 759 tuo
2895 712 3169 770 serviens,
3222 709 3325 763 hn-

1741 785 1830 856 jus
1868 788 2111 841 vocabuli
2144 792 2417 854 consortio
2463 792 2618 861 digna
2651 809 2771 848 esse
2816 806 3110 862 tuereatur,
3143 807 3197 852 et
3237 815 3327 853 ec-

1746 878 1910 932 clesia
1958 891 2046 933 tua
2087 882 2138 934 in
2171 883 2393 951 tetnplo,
2427 885 2582 953 cujus
2615 887 3019 943 anniversarios
3046 891 3160 945 dies
3188 891 3327 945 cele-

1745 969 1956 1035 bratur,
1991 972 2083 1025 tibi
2115 973 2361 1037 collecta,
2408 986 2457 1028 te
2496 976 2703 1040 timeat,
2737 986 2786 1030 te
2814 979 3023 1049 diligat.
3054 991 3102 1033 te
3130 997 3324 1051 sequa-

1746 1072 1853 1127 tttr,
1905 1071 1963 1117 ιιι
2009 1063 2134 1116 dum
2180 1064 2380 1134 jugiter
2410 1081 2506 1135 per
2543 1067 2764 1135 vestigia
2820 1078 2907 1121 tua
2956 1072 3086 1139 grad
3116 1082 3221 1136 tur,
3260 1072 3327 1125 ad

1744 1154 1988 1210 cmlestia
2017 1156 2304 1224 promissa.
2340 1166 2391 1210 te
2418 1156 2668 1221 ducente,
2699 1158 2985 1226 pervenire
3032 1172 3330 1237 mereatur.

1742 1245 1866 1301 Per.

2090 1335 2141 1373 IN
2181 1334 2348 1372 FESTO
2386 1334 2572 1374 SANCTI
2611 1335 2966 1375 SYMPIIURIANI

1817 1408 2024 1465 Oratio.
2057 1411 2202 1465 Beati
2242 1415 2502 1483 martyris
2532 1413 2605 1466 tui
2633 1413 3041 1485 Sytnphoriani.
3080 1414 3326 1480 Domine,

1745 1521 1844 1560 nos
1872 1514 2025 1559 tuere
2069 1504 2361 1574 pra'sidiis,
2415 1516 2473 1559 ιιι
2508 1506 2659 1575 cujus
2690 1509 3091 1563 solemnitatem
3145 1525 3325 1562 annua

1747 1597 2032 1651 devotione
2062 1596 2371 1660 rccolimus,
2409 1596 2524 1666 ejus
2564 1599 3043 1655 intercessionibus
3099 1601 3165 1655 ab
3209 1618 3328 1656 ont-

1746 1687 1905 1741 nibus
1945 1686 2367 1743 adversitatihus
2398 1704 2676 1744 eruantur.
2710 1690 2834 1745 Per.

35 1791 214 1853 oratio,
253 1807 425 1860 quam
461 1790 689 1846 idcirco
731 1791 796 1845 de
838 1791 1086 1859 praisenti
1119 1790 1312 1843 Stl‘t‘lllt)
1362 1789 1637 1843 transtuli-

1821 1776 2055 1833 Secreta.
2115 1778 2363 1850 Suscipe,
2410 1781 2638 1837 Domine
2690 1799 3019 1853 qua‘snmus,
3065 1786 3331 1856 prapitius

35 1881 107 1944 S‘i,
144 1892 198 1934 ut
253 1896 353 1950 pro
397 1883 661 1950 peccatis
718 1881 915 1936 nastris
958 1880 1276 1935 iiducialitcr
1318 1881 1637 1936 intercedat.

35 1972 123 2025 Per
155 1972 436 2025 eumdem.

96 2062 433 2116 Communia.
511 2062 824 2129 Concede,
880 2078 1219 2131 qntcsumus,
1300 2061 1641 2130 omnipotens

36 2154 183 2215 l‘eus,
207 2154 273 2206 ad
302 2155 486 2208 beatae
511 2154 712 2208 Maria:
739 2170 954 2223 semper
967 2155 1195 2224 virginis
1217 2154 1407 2224 gaudia
1437 2161 1639 2207 a-terna

36 2244 355 2313 pertingere,
416 2247 487 2300 de
548 2248 716 2313 cujus
766 2261 863 2300 nos
923 2245 1228 2299 veneranda
1269 2244 1641 2314 assumptione

39 2332 214 2387 tribuis
239 2349 424 2387 annua
466 2336 835 2390 solemnitate
868 2336 1123 2405 gaudere.
1156 2334 1258 2390 Per
1286 2336 1557 2389 eumdem.

342 2438 397 2475 IN
439 2438 825 2480 ASSUMP'I‘IONE
864 2440 1079 2478 SANCTE.
1117 2426 1318 2479 IABIE.

106 2507 307 2563 Oratio.
346 2513 693 2569 Veneranda
730 2516 902 2578 nobis,
953 2515 1197 2579 Domine,
1241 2512 1396 2583 hujus
1430 2512 1533 2568 diei
1567 2513 1642 2568 fe-

48 2601 239 2656 stivitas
270 2618 431 2674 opem
475 2608 740 2661 conferat
789 2608 1038 2669 salutem,
1086 2608 1139 2660 in
1180 2623 1282 2676 qua
1318 2617 1502 2662 sancta
1547 2606 1640 2662 Dei

48 2694 265 2761 geniti-ix
323 2692 567 2751 mortem
624 2698 799 2752 'subiit
856 2698 1236 2768 temporalem,
1294 2714 1394 2753 nec
1461 2708 1641 2752 tamen

56 2784 227 2838 mortis
280 2788 516 2843 nexibus
550 2790 790 2859 deprimi
848 2791 1040 2860 potuit,
1096 2806 1215 2860 qua:
1263 2788 1457 2843 Filium
1493 2799 1641 2843 tuum

57 2873 317 2930 Dominum
365 2891 634 2933 nostrum
683 2882 747 2935 de
792 2896 850 2935 se
899 2881 1086 2951 genuit
1132 2871 1495 2935 incantatam.
1541 2880 1643 2947 Qui

59 2972 235 3021 tecum.

119 3055 341 3116 Secreta.
381 3062 723 3129 Subveniat,
766 3064 1014 3131 Domine,
1046 3080 1377 3134 quarsumus,
1423 3072 1553 3129 clc.,
1587 3074 1642 3118 ut

60 3146 105 3199 in
131 3151 291 3218 editis,
323 3156 484 3208 etiam
515 3158 704 3227 quoad
737 3160 1290 3226 postcommuuionem.

395 3265 448 3303 IN
488 3264 714 3305 OCTAVA
754 3265 939 3304 SANCTI
981 3266 1291 3305 ιΑιιιιεΝτιι.

125 3338 318 3393 Oratio.
354 3339 507 3395 Beati
553 3340 839 3395 Laurentii
880 3356 978 3394 nos
1014 3327 1193 3402 faciat,
1227 3340 1474 3403 Domine,
1522 3356 1644 3410 pas—

72 3430 141 3483 sio
168 3433 463 3486 veneranda
500 3431 780 3495 laetantes,
809 3441 863 3484 et
896 3440 955 3484 ut
976 3444 1098 3485 eum
1122 3430 1463 3486 sullicienter
1495 3446 1647 3484 reco-

68 3516 244 3585 lamus,
280 3520 483 3591 dignus
514 3522 747 3576 efficiat.
786 3520 909 3575 Per.

132 3610 351 3667 Secreta.
408 3615 569 3668 Beati
621 3612 899 3668 Laurentii
952 3611 1208 3683 martyris
1242 3627 1362 3681 nos,
1391 3612 1643 3678 Domine,

70 3705 302 3768 precibus
367 3717 636 3778 protege,
692 3704 847 3774 cujus
906 3705 1281 3759 honorabilem
1338 3706 1644 3775 passionem

77 3798 367 3852 muneribus
415 3799 714 3871 geminatis
757 3812 1141 3866 exsequamur,
1185 3811 1305 3866 quae
1362 3796 1489 3851 licet
1520 3813 1645 3866 pro-

76 3884 192 3949 priis
216 3888 282 3941 sit
322 3890 683 3945 memoranda
722 3888 1025 3959 principiis,
1065 3888 1437 3943 indesinenter
1468 3898 1644 3942 tamen

80 3989 332 4041 permanet
366 3981 627 4051 gloriosa.
660 3982 782 4037 Per.

140 4065 456 4127 Communia.
498 4074 760 4130 Solemne
787 4071 943 4128 nobis
975 4071 1296 4128 intercessio
1324 4074 1468 4127 beati
1510 4073 1648 4127 Lau-

86 4160 221 4213 rentii
254 4166 528 4236 martyris.
591 4180 919 4236 quaesumus,
952 4164 1201 4230 Domine,
1234 4176 1444 4235 praestet
1499 4167 1648 4219 auxi-

87 4244 195 4302 lium
230 4261 285 4306 ut
315 4256 558 4312 etelvstis
586 4273 782 4311 mensa:
809 4257 1174 4327 participatio,
1199 4274 1361 4327 quant
1411 4261 1646 4327 sumpsi-

90 4352 222 4408 mus,
275 4347 475 4403 tribuat
541 4349 796 4405 Ecclesia:
853 4359 958 4404 tute
1011 4350 1335 4407 recensitain
1387 4351 1646 4405 lic-titiam.

90 4424 197 4485 Pct‘.

497 4545 555 4585 IN
593 4545 759 4585 FESTO
799 4544 987 4587 SANC'I'I
1028 4546 1207 4588 IMGNI.

156 4607 348 4669 Oratio.
379 4619 583 4676 Adesto
625 4621 873 4686 Domine,
912 4621 1396 4693 supplicationibus
1426 4621 1649 4686 nostris,

98 4698 510 4765 etintereedente
547 4712 705 4766 beato
742 4724 984 4783 martyre
1038 4723 1130 4767 tuo
1179 4712 1396 4783 Magno,
1450 4714 1518 4767 ab
1554 4713 1651 4767 ho-

100 4793 240 4848 stium
271 4814 364 4854 nos
395 4804 626 4859 defende
653 4806 976 4876 propitiatus
1012 4806 1250 4861 incursu.
1277 4805 1396 4860 Per.

165 4882 375 4944 Secreta.
426 4893 631 4950 Praesta
687 4897 867 4962 nobis,
923 4912 1253 4965 quaesumus,
1309 4898 1650 4967 omnipotens

106 4970 247 5041 Deus,
272 4990 325 5034 ut
346 4994 539 5041 nostra:
564 4988 1119 5054 humilitatisoblatio,
1137 5000 1189 5044 et
1212 5004 1307 5058 pro
1322 5000 1533 5044 tuorum
1552 4991 1645 5043 tibi

109 5076 239 5129 grata
278 5072 343 5125 sit
366 5074 567 5131 honore
596 5088 934 5146 sanctorum,
980 5093 1035 5134 et
1064 5095 1163 5136 nos
1194 5096 1420 5150 corpore
1447 5082 1652 5151 pariter

110 5164 155 5206 et
183 5174 343 5216 mente
368 5170 630 5236 puriﬁcet.
668 5170 787 5225 Per.

173 5247 481 5313 Communia.
511 5260 622 5314 Tua
655 5271 841 5317 sancta
873 5272 1172 5329 sumentes,
1196 5280 1523 5333 quarsumus,
1551 5267 1647 5320 Do-

116 5336 263 5478 ;nine,
305 5357 360 5400 ιιι
403 5350 536 5406 beati
590 5353 764 5425 Magni
808 5373 906 5411 nos
947 5357 1162 5411 faveant
1190 5358 1346 5411 beata
1382 5362 1648 5430 prmsidia.

138 5432 225 5478 ἀπ’-

138 5432 226 5486 ’et'.

261 5544 307 5580 IN
343 5548 688 5595 DEDICA’IIONE
729 5557 982 5596 BASILICE
1022 5558 1206 5598 SANCTI
1250 5560 1483 5599 FLORIDI.

180 5610 345 5675 Oratio
382 5637 424 5679 ct
467 5643 695 5700 secreta,
728 5644 781 5686 ut
814 5634 867 5686 in
901 5634 1071 5704 ‘editis
1115 5635 1167 5688 in
1208 5635 1537 5689 dedicatione
1574 5652 1656 5689 εει

126 5699 285 5760 etesia.

1681 4475 1728 4534 D

1744 1871 2045 1924 orationem
2084 1880 2324 1926 nostram
2353 1888 2474 1926 cum
2508 1874 2873 1929 oblationibus
2903 1877 3201 1932 hostiarum
3241 1896 3331 1932 su-

1744 1975 1841 2029 per
1869 1960 2160 2029 impositis,
2201 1971 2256 2015 et
2292 1963 2549 2035 martyris
2605 1963 2680 2016 tui
2730 1963 3108 2035 Symphoriani
3142 1967 3331 2034 depre.

1745 2053 1959 2107 calione
2020 2052 2204 2122 pietati
2258 2063 2360 2108 tum
2411 2055 2609 2124 perfice
2652 2056 2916 2125 benignus
2966 2068 3238 2126 acceptus,
3277 2068 3333 2112 et

1746 2143 1926 2207 illum,
1979 2144 2070 2215 qui
2121 2144 2174 2199 in
2221 2160 2344 2199 eum
2401 2147 2670 2213 ﬂagravit,
2723 2147 3013 2210 fervorem,
3068 2149 3122 2201 in
3178 2150 3333 2205 nobis

1745 2243 1923 2312 aspira
1956 2242 2246 2313 benignus,
2277 2250 2338 2297 ιιι
2393 2244 2444 2297 in
2490 2254 2577 2297 tua
2612 2242 2899 2297 dilectione
2928 2253 3329 2313 permanentes,

1744 2333 1883 2387 etin
1929 2341 2016 2385 tua
2069 2333 2175 2387 ﬁde
2224 2333 2572 2388 inveniamur
2613 2333 2855 2397 stabiles,
2903 2342 2957 2388 ct
2994 2333 3047 2387 in
3090 2335 3332 2388 moribus

1745 2425 2041 2480 concordes
2072 2435 2125 2480 et
2154 2425 2205 2479 in
2232 2440 2396 2494 opere
2426 2425 2691 2480 cliieaces.
2731 2426 2857 2480 Per.

1816 2512 2146 2570 Communia.
2225 2515 2394 2570 Sacro
2450 2532 2674 2571 munere
2728 2518 2943 2581 satiati,
3001 2534 3329 2588 qutesumus,

1747 2605 2089 2673 omnipotens
2119 2605 2282 2671 Deus,
2333 2615 2386 2660 ut
2424 2606 2823 2663 interveniente
2859 2609 3017 2663 beato
3061 2610 3330 2680 Sympho-

1749 2696 1902 2749 riano
1945 2707 2183 2767 martyre
2240 2705 2330 2749 ιιιο
2378 2712 2567 2751 omnes
2615 2714 2713 2751 IIOS
2757 2709 3068 2753 εαιιοιοιίιιιι
3118 2713 3331 2755 ιιιοῐιιιιι

1740 2783 1933 2855 jubeas
1959 2802 2052 2844 nos
2093 2786 2283 2841 ascisci
2317 2785 2559 2857 collegio.
2588 2786 2714 2842 Per.

1917 2892 1965 2929 IN
2008 2892 2175 2930 FESTO
2212 2892 2397 2931 SANCTI
2438 2893 2830 2934 BAilTIIOI.0M£I
2871 2895 3151 2938 APOSTOLI.

1820 2965 2004 3021 Oratio
2031 2978 2078 3020 et
2111 2977 2308 3021 secreta
2334 2976 2387 3021 ut
2419 2970 2469 3021 in
2496 2969 2670 3023 editis.

1819 3058 2150 3112 Communia.
2199 3059 2446 3130 Protege,
2488 3060 2738 3127 Domine,
2774 3050 3025 3132 populum
3061 3074 3235 3130 tuum,
3280 3073 3334 3120 et

1670 3134 1712 3190 ε
1748 3148 1974 3217 apostoli
2041 3148 2114 3202 tui
2174 3148 2559 3207 Bartholomtei
2616 3153 2922 3223 patrocinio
2972 3155 3332 3210 confidentem

1745 3251 2005 3312 perpetua
2035 3240 2349 3297 defensione
2376 3260 2658 3299 conserva.
2686 3244 2809 3299 Per.

2046 3347 2100 3385 IN
2140 3346 2304 3386 FESTO
2345 3348 2527 3387 SANC'I'I
2566 3350 2687 3389 IIUFI
2729 3350 3021 3390 ιιΑιι-Πιιιε.

1810 3423 2017 3476 Oratio.
2047 3423 2251 3477 Adesto
2313 3426 2801 3494 supplicationibus
2826 3426 3047 3491 nostris,
3091 3435 3151 3481 ut
3192 3427 3333 3482 beati

1749 3512 1868 3566 Buti
1897 3514 2377 3570 intercessionibus
2410 3515 2763 3581 confidentes,
2797 3531 2895 3572 nec
2930 3517 3093 3573 IIIIIIiS
3129 3528 3335 3574 terrea—

1750 3622 1870 3660 llllll‘
1912 3606 2316 3662 adversantium
2348 3622 2449 3662 nec
2489 3607 2599 3662 ullo
2646 3609 3037 3664 conturbemur
3091 3610 3333 3665 incursu.

1749 3698 1872 3752 Per.

1827 3789 2059 3845 Secreta.
2094 3789 2674 3862 Oblatis,qu:esumus,
2708 3793 2955 3857 Domine,
2972 3793 3187 3863 placare
3219 3811 3335 3848 mu-

1750 3882 1989 3945 neribus,
2034 3893 2091 3938 et
2123 3883 2496 3939 intercedente
2530 3883 2687 3938 beato
2735 3885 2875 3940 Rufo
2927 3896 3166 3957 tnar‘yre
3221 3898 3335 3952 tuo,

1750 3994 1776 4028 ιι
1815 3974 2028 4029 cunctis
2055 3990 2152 4029 nos
2179 3974 2404 4029 defende
2433 3976 2708 4044 periculis.
2737 3977 2855 4031 Per.

1744 4066 1751 4145 ς
1820 4068 2154 4122 Communia.
2179 4067 2501 4126 Εωιρδιίιιιις
2539 4072 2721 4127 reiecti
2750 4078 3108 4129 sacramentis
3134 4085 3187 4128 et
3210 4090 3335 4142 gau-

1748 4159 1872 4225 diis,
1904 4159 2169 4229 supplices
2200 4169 2250 4215 te
2284 4174 2556 4230 ragamtts,
2599 4162 2844 4227 Domine,
2880 4174 2936 4217 ut
2966 4181 3191 4232 quorum
3225 4165 3339 4235 glad

1754 4252 1959 4305 riamur
1985 4251 2295 4320 triumphis,
2326 4261 2674 4321 protegantur
2698 4254 2931 4306 auxiliis.
2960 4253 3082 4308 l’er.

1746 4328 1749 4331 ἢ
2022 4357 2073 4395 ιιι
2110 4356 2277 4397 rss'ro
2313 4357 2502 4397 sucu
2536 4357 2753 4397 JOANNIS
2792 4360 3086 4400 “prnsus.

1827 4432 2010 4485 Oratio
2045 4443 2097 4484 ut
2132 4432 2185 4485 in
2217 4432 2388 4486 editis.

1827 4527 2055 4581 Secreta.
2088 4526 2305 4581 Munera
2340 4528 2455 4593 tibi,
2485 4528 2733 4596 Domine,
2757 4546 2854 4597 pro
2884 4540 3055 4585 sancti
3084 4530 3338 4604 martyris

1759 4621 1833 4674 tui
1869 4619 2096 4674 Joannis
2128 4619 2383 4689 Baptistae
2426 4624 2674 4690 passione
2701 4623 3017 4688 deferimus,
3052 4626 3173 4692 quia
3208 4626 3335 4677 dum

1755 4714 1941 4768 linitur
1978 4713 2030 4767 in
2072 4713 2254 4775 terris,
2287 4712 2462 4768 factus
2503 4726 2585 4769 est
2615 4716 2822 4769 caelesti
2860 4717 2987 4769 sede
3023 4726 3333 4783 perpetuus,

1752 4818 1803 4860 et
1836 4822 2146 4876 quaesumus
2179 4815 2238 4860 ut
2281 4805 2398 4876 ejus
2435 4806 2654 4861 obtentu
2690 4808 2847 4863 nobis
2874 4808 3121 4875 proﬁciat
3149 4808 3212 4860 ad
3241 4824 3329 4861 sa-

1754 4900 1943 4953 lutem.
1985 4898 2108 4954 Per.

1825 4990 2158 5045 Communia.
2186 4988 2443 5045 Conferat
2478 4991 2657 5053 nobis,
2691 4990 2937 5052 Domine,
2977 4990 3149 5045 sancti
3180 4988 3335 5044 Joan-

1754 5084 1839 5137 nis
1873 5083 2130 5152 Baptista:
2168 5093 2398 5151 utraque
2450 5082 2796 5145 solemnitas.
2845 5090 2907 5135 ut
2955 5090 3008 5134 et
3054 5080 3337 5155 magnifica

1753 5187 2112 5239 sacramenta,
2166 5191 2287 5245 qua:
2338 5178 2689 5244 sumpsimus.
2735 5173 3071 5228 sanctiﬁcata
3114 5187 3333 5227 venere-

1757 5284 1899 5333 mur,
1938 5277 1991 5322 et
2023 5267 2076 5320 in
2108 5267 2263 5320 nobis
2294 5266 2471 5334 potius
2500 5265 2640 5319 edita
2665 5266 3019 5335 gaudeamus.
3052 5263 3173 5318 Per.

2074 5372 2125 5409 IN
2164 5369 2329 5409 rasro
2364 5370 2581 5409 suere:
2621 5370 2977 5410 reucru'ns.
3072 5352 3075 5357 λ

1829 5449 2035 5503 Oratio.
2086 5449 2310 5511 Praesta,
2342 5463 2674 5516 quresumus,
2708 5448 3050 5516 omnipotens
3080 5448 3241 5503 Deus.
3282 5464 3336 5499 ri

1757 5543 1925 5596 beatae
1960 5540 2257 5595 Felicitatis
2283 5540 2538 5611 martyris
2571 5548 2673 5593 tnze
2701 5539 2962 5594 solemnia
2995 5550 3335 5596 recensente:

1761 5631 1968 5686 meritis
2004 5631 2171 5700 ipsius
2208 5639 2557 5700 protegamur
2587 5637 2641 5684 et
2670 5632 2937 5699 precibus.
2981 5631 3101 5687 Per.

1835 5724 2066 5779 Secreta.
2109 5724 2241 5779 Vota
2284 5722 2461 5794 populi
2495 5723 2592 5790 tui,
2627 5723 2870 5789 Domine,
2906 5724 3224 5794 propitiatus
3257 5723 3328 5776 iu-
