3846 6324
568 334 675 392 903

1705 330 1879 387 SIEC.
1909 331 1972 385 XI
2002 328 2265 387 MOXUM.
2308 330 2580 394 LITURG.
3700 353 3771 407 ιω

570 446 755 502 fainnli
786 444 864 502 tui
899 447 954 500 in
988 446 1079 516 qui
1113 447 1207 501 tibi
1266 454 1446 500 mente
1491 452 1545 499 et
1596 444 1760 499 corde
1794 458 1854 498 sc
1896 458 2152 512 peccasse
2183 448 2224 502 Α
2258 443 2402 496 renis
2449 442 2729 501 alfectibus
2779 446 2979 518 expiatt
3037 446 3106 505 ad
3169 454 3389 522 superni
3448 456 3767 524 plenitudine.

566 539 805 609 graviter
828 538 1148 603 conﬁtetur;
1180 548 1232 592 et
1259 547 1474 607 prmsta,
1506 545 1563 590 ιιι
1589 552 1686 607 per
1711 536 2040 593 oblationem
2071 540 2148 591 tui

565 630 809 697 corporis
834 638 890 682 et
914 629 1215 699 sanguinis,
1248 644 1408 698 quam
1446 629 1539 683 tibi
1571 643 1669 697 pro
1699 628 1814 698 ipso
1847 627 2123 684 oﬂ'erimus

564 719 776 774 veniam
802 721 1091 789 impetrare
1122 720 1416 773 valeamus.
1450 719 1573 774 Per.

633 810 966 865 Communia.
1022 811 1248 877 Refecti,
1300 826 1643 880 qumsumus,
1695 810 1956 875 Domine,
2007 811 2146 867 datis

551 912 601 950 ιιι
622 902 689 967 is,
723 916 774 955 te
803 902 1072 972 supplices
1107 918 1416 966 exoramus,
1453 911 1512 956 ut
1547 918 1812 957 converso
1846 903 2015 959 fratre
2047 920 2146 959 no-

551 1002 670 1043 stra
702 993 767 1044 ad
803 993 944 1045 viam
996 993 1247 1062 justitite,
1278 994 1479 1049 fontem
1514 995 1874 1066 lacrytnarum
1922 996 1974 1049 in
2020 1012 2142 1051 eum

556 1083 861 1148 concutias,
891 1094 942 1137 et
977 1100 1044 1138 ne
1073 1085 1213 1138 ultra
1241 1085 1469 1156 lugenda
1527 1087 1854 1152 committat,
1882 1103 2003 1141 eum
2049 1103 2144 1158 pa-

559 1182 710 1226 terna
740 1176 940 1244 pietate
962 1176 1194 1230 custodi.
1226 1176 1349 1231 Per.

828 1310 831 1317 λ
868 1284 969 1321 ιιιιο
994 1284 1414 1326 CONFITENTIBUS
1444 1287 1681 1328 PECCA’I'A
1710 1288 1827 1329 SUA.

630 1354 839 1410 Oratio.
877 1358 1103 1423 Exaudi,
1147 1376 1476 1430 quaesumus,
1531 1363 1776 1432 Domine,
1834 1363 2139 1437 supplicum

556 1461 770 1514 preces,
808 1456 938 1512 εις..
975 1450 1108 1503 utin
1144 1450 1343 1505 litaniis
1377 1452 1552 1507 editis.

629 1539 861 1592 Secreta.
898 1539 1113 1597 Hostias
1139 1542 1257 1607 tibi,
1296 1545 1545 1613 Domine,
1579 1544 1901 1619 placationis
1953 1549 2137 1605 oll'eri~

554 1641 696 1689 mus,
725 1636 780 1680 ul
813 1628 1007 1705 delicta
1032 1640 1227 1690 nostra
1250 1633 1540 1694 miseratus
1567 1639 1819 1694 absolvas
1860 1649 1914 1695 et
1948 1654 2137 1710 pacem

552 1714 708 1770 nobis
736 1718 1021 1777 concedas.
1055 1722 1178 1778 Per.

2252 536 2600 601 sacramenti,
2629 542 2782 609 cujus
2821 540 3110 597 libavimus
3137 556 3331 601 sancta
3372 552 3653 608 tendamus.
3680 555 3765 611 Per.

2877 692 2999 733 Διιὰ
3037 693 3188 735 IISSA

2324 782 2528 839 ()rztig.
2560 785 2722 854 Deus,
2754 790 2844 859 qui
2891 794 3253 849 contritorum
3296 812 3405 851 non
3464 801 3672 869 despicis
3703 822 3769 875 εε-

2248 876 2460 942 mitum,
2487 889 2541 932 et
2586 882 2929 937 iiimrentium
2960 901 3066 939 non
3095 888 3314 957 spernis
3342 889 3605 959 aﬂ'ectum,
3631 899 3773 953 atii-sta

2248 971 2499 1038 precibus
2545 974 2767 1041 nostris,
2796 992 2932 1046 quas
2960 978 3147 1049 pietati
3186 990 3306 1039 tua:
3352 1000 3455 1057 pro
3494 988 3774 1047 lribulatiox

2245 1073 2428 1116 nostra
2455 1064 2733 1121 elici-imus
2753 1109 2766 1131 ,
2799 1069 3154 1141 implorantes
3182 1084 3243 1129 ut
3281 1091 3384 1132 nos
3423 1078 3690 1136 clementer
3716 1100 3777 1137 su-

2245 1155 2479 1223 scipias,
2530 1166 2585 1212 et
2631 1159 2747 1217 solo
2790 1159 3050 1221 bonitatis
3090 1176 3195 1222 tuae
3244 1168 3449 1223 intuitu
3490 1172 3699 1235 tribuas,
3740 1192 3773 1227 ut

2245 1246 2724 1316 quidquideoutra
2759 1270 2859 1311 nos
2895 1256 3175 1312 diabolica:
3227 1270 3395 1330 atque
3433 1261 3664 1317 humana:
3701 1283 3777 1319 Illo-

2251 1333 2462 1392 l'runtur
2491 1340 2866 1411 adversitates,
2895 1347 2961 1401 ad
2984 1347 3210 1402 nihilum
3240 1351 3497 1421 redigas,
3526 1364 3579 1407 et
3606 1360 3777 1411 consilii

2244 1429 2634 1487 misericordia:
2663 1442 2765 1488 tua:
2805 1435 3016 1502 allidas,
3048 1449 3323 1509 quatenus
3352 1442 3518 1498 nullis
3542 1446 3777 1500 adversm

2244 1521 2389 1576 tibus
2437 1523 2578 1592 laesi,
2625 1528 2721 1582 sed
2766 1529 2836 1584 ab
2884 1530 3032 1584 omni
3085 1530 3445 1588 tribulatione
3486 1542 3542 1587 et
3587 1544 3777 1607 ηειδελ

2243 1613 2477 1683 liberati,
2511 1619 2715 1689 gratias
2745 1620 2840 1675 tibi
2874 1620 2925 1675 in
2960 1622 3199 1677 Ecclesia
3232 1634 3327 1678 tua
3364 1624 3674 1682 referamus.
3696 1628 3781 1683 i‘rr.

2314 1707 2550 1765 Secreta.
2603 1712 2773 1776 Deus,
2821 1714 2914 1783 qui
2962 1715 3250 1771 tribulatos
3301 1718 3473 1773 corde
3522 1735 3697 1785 sanas,
3740 1725 3782 1774 ad

625 1811 954 1867 Communia.
993 1813 1199 1869 Praesta
1254 1817 1439 1882 nobis,
1492 1827 1695 1875 aeterne
1742 1818 2013 1887 Salvator,
2084 1832 2132 1876 ut

2254 1799 2385 1855 hanc
2434 1804 2701 1873 propitius
2746 1807 2980 1861 hostiam
3026 1808 3323 1878 dignanter
3366 1812 3602 1871 attende.
3642 1824 3781 1883 etas:

555 1900 917 1970 percipicntes
947 1904 1048 1958 hoc
1076 1920 1298 1960 nmnere
1331 1908 1542 1962 veniam
1574 1920 1921 1978 peccatorum
1946 1913 2009 1966 de
2034 1913 2139 1966 tuis

552 2004 766 2060 semper
789 1993 1066 2049 beneﬂciis
1098 1996 1393 2066 gloriemur

1052 2100 1204 2141 IIISSA
1231 2101 1332 2141 PRO
1363 2104 1637 2146 PECCATIS.

675 2173 833 2226 ratio.
901 2172 1065 2240 Deus,
1116 2178 1207 2246 qui
1259 2181 1599 2247 peccantium
1644 2198 1750 2238 non
1801 2186 1883 2240 vis
1930 2187 2136 2242 animas

552 2260 754 2328 perire,
784 2264 875 2316 sed
900 2265 1105 2334 culpas,
1137 2268 1355 2323 contine
1387 2284 1601 2338 poenam
1632 2287 1791 2342 quam
1841 2291 2135 2343 meremur,

551 2360 605 2405 et
652 2368 815 2420 quam
864 2370 1153 2424 precamur
1192 2374 1355 2428 super
1393 2378 1490 2416 nos
1542 2362 1760 2421 effunde
1788 2366 2133 2422 clementiam

553 2450 725 2508 tuam,
767 2454 823 2498 ut
868 2447 1225 2505 demoerore
1277 2452 1531 2520 gaudium
1594 2464 1699 2510 tua:
1750 2457 2135 2515 misericordia:

553 2538 809 2602 consequi
844 2552 1168 2591 mereamur.
1207 2540 1330 2595 Per.

623 2624 858 2680 Secreta.
914 2628 1212 2686 Subveniat
1271 2635 1445 2700 nobis,
1500 2635 1745 2704 Domine,
1802 2656 2131 2711 quaesumus,

553 2717 804 2772 sacriﬁcii
834 2724 1114 2783 pra-scutis
1145 2725 1370 2790 oblatio,
1410 2745 1529 2797 qua:
1560 2746 1656 2784 nos
1698 2741 1752 2786 ct
1779 2734 1845 2786 ab
1867 2734 2133 2792 universis

550 2809 833 2863 erroribus
857 2820 1106 2878 potenter
1127 2814 1390 2884 absolvat,
1432 2829 1486 2873 et
1516 2836 1545 2873 a
1575 2822 1737 2877 totius
1781 2824 1975 2895 eripiat
2003 2842 2132 2897 per-

552 2895 773 2951 ditionis
803 2900 1042 2954 incursu.
1071 2902 1195 2957 Per.

623 2989 950 3041 Lommuuio.
994 2990 1222 3059 Exaudi,
1260 2994 1502 3065 Domine,
1527 3000 1787 3067 gemitum
1829 3004 2010 3073 populi
2054 3006 2132 3061 tui

550 3091 619 3129 ne
642 3076 758 3146 plus
789 3079 926 3148 apud
955 3091 1004 3136 te
1029 3082 1205 3138 valeat
1232 3085 1458 3142 olfensio
1482 3090 1932 3161 delinquentium,
1967 3112 2128 3166 quam

548 3166 930 3223 misericordia
987 3181 1077 3225 tua
1141 3173 1348 3229 indulta
1415 3176 1629 3235 ﬂetibus
1690 3178 2204 3254 supplicantium.C

548 3253 672 3310 Per.

922 3369 1023 3408 PRO
1053 3369 1363 3423 REMlSSIONE
1394 3375 1765 3420 PECCATOBUM.

620 3442 808 3500 Oratio
839 3458 884 3502 et
911 3462 1134 3516 secreta,
1164 3464 1217 3506 ut
1249 3455 1303 3506 in
1329 3456 1505 3511 editis.

618 3536 951 3595 Communio.
986 3542 1131 3609 Quos
1157 3561 1383 3602 munere
1409 3549 1619 3605 caelesti
1651 3551 1850 3619 reﬁcis,
1886 3553 2133 3621 Domine,

546 3626 732 3681 di\ino
763 3639 913 3685 tuere
951 3634 1221 3701 praesidio,
1260 3647 1318 3691 ut
1357 3639 1463 3693 tuis
1490 3643 1765 3711 mysteriis
1797 3644 2135 3712 perfruentes

549 3717 714 3769 nullis
742 3722 1039 3774 subdantur
1072 3725 1335 3791 adversis,
1372 3739 1427 3784 et
1459 3746 1488 3783 ιι
1521 3734 1733 3787 cunctis
1758 3734 2135 3805 iniquitatibus

550 3809 754 3860 nostris
774 3825 915 3864 exue
941 3829 1037 3866 nos
1062 3818 1406 3887 onmipoteus
1429 3821 1591 3888 Deus,
1615 3834 1669 3877 ct
1695 3825 1748 3878 in
1774 3834 1863 3880 tua
1891 3826 1976 3882 fac
1998 3842 2133 3896 pace

550 3898 800 3965 gaudere.
827 3900 951 3956 I’ct‘.

852 4007 1001 4046 HISSA
1029 4010 1127 4050 P80
1159 4012 1317 4053 ιιΑιιε
1345 4014 1813 4061 εοαιτιιτιοδιιςυε.

620 4078 807 4135 Oratio
835 4096 881 4137 et
909 4101 1127 4157 secreta,
1166 4102 1219 4144 ut
1243 4096 1297 4146 in
1320 4096 1495 4149 editis.

617 4171 951 4231 Commun‘o.
983 4180 1087 4234 Per
1131 4184 1234 4238 hoc
1279 4187 1632 4254 sacriﬁcium,
1664 4206 1992 4260 qumsumus,
2027 4194 2132 4249 Do-

546 4266 710 4330 mine,
762 4272 903 4336 quod
952 4280 1055 4327 tua:
1103 4275 1397 4332 obtulimus
1436 4280 1730 4351 majestati,
1770 4285 1838 4339 ab
1880 4286 2130 4344 omnibus

545 4372 639 4410 cur
669 4358 854 4413 famuli
887 4362 960 4415 tui
989 4367 1222 4420 cmunda
1251 4370 1660 4428 teutatiouibus.
1690 4374 1814 4430 Per.

829 4467 977 4506 MISSA
1008 4470 1107 4510 PRO
1145 4473 1433 4516 PETITIONIS
1464 4479 1841 4524 ιΑοιιιίιΑιιωι.

616 4542 804 4598 Oratio
833 4556 880 4599 et
922 4544 1368 4619 Poslcommunio,
1397 4566 1451 4609 ut
1482 4558 1534 4609 in
1561 4561 1730 4616 editis.

616 4638 850 4690 Secreta.
911 4637 1036 4694 “tce
1114 4644 1417 4713 sacriﬁcia,
1481 4664 1822 4718 quiesumus,
1878 4655 2124 4723 Domine,

539 4742 661 4796 quae
695 4737 796 4782 tua:
828 4730 1011 4799 pietati
1055 4734 1382 4804 obtulimus,
1416 4743 1569 4797 nobis
1604 4745 1889 4813 proficiant
1929 4753 1996 4804 ad
2028 4767 2128 4804 no—

539 4832 780 4872 strorum
825 4822 1040 4877 veniam
1086 4840 1463 4898 peccatorum,
1514 4844 1569 4889 et
1615 4837 1979 4897 miserationis
2028 4852 2128 4898 tua:

539 4925 759 4980 semper
782 4913 1022 4969 tribuant
1054 4918 1328 4976 solatium.
1362 4923 1488 4978 Per.

969 5022 1117 5063 IIISSA
1146 5026 1247 5066 PRO
1286 5030 1510 5069 TBIBULA
1520 5033 1677 5073 TIONE

613 5092 820 5149 Oratio.
850 5096 1178 5156 lneﬂ'abzlem
1219 5105 1648 5164 miscricordiam
1690 5122 1869 5180 tuam,
1913 5132 2125 5185 qutesu-

542 5198 695 5248 mus,
736 5186 995 5255 Domine,
1042 5195 1196 5248 nobis
1228 5196 1526 5254 clementer
1557 5203 1814 5270 ostende,
1860 5216 1919 5260 ut
1960 5210 2120 5265 simul

542 5288 641 5325 nos
669 5292 696 5327 a
730 5281 969 5344 peccatis
1006 5296 1173 5339 exuas
1198 5296 1253 5340 et
1277 5303 1305 5340 a
1348 5290 1523 5358 poenis
1569 5307 1706 5361 quas
1737 5309 1834 5363 pro
1878 5296 1963 5354 his
2006 5314 2121 5356 me-

542 5380 728 5421 remur
765 5372 981 5440 eripias.
1010 5372 1133 5429 Per.

614 5454 846 5515 Secreta.
870 5462 1125 5521 Puriticet
1146 5484 1263 5537 nos,
1300 5472 1543 5543 Domine,
1570 5492 1900 5547 quassamus,
1932 5497 2121 5539 mune-

540 5554 616 5607 ris
644 5560 926 5624 praesentis
952 5561 1182 5632 oblatio,
1222 5576 1277 5623 et
1301 5570 1491 5642 dignos
1521 5589 1676 5630 sacra
1705 5580 2121 5650 participatione

538 5646 804 5715 perficiat.
836 5649 960 5708 Per.

608 5739 941 5799 Communia.
970 5744 1195 5812 Praesta.
1220 5750 1462 5821 Domine,
1492 5772 1801 5829 qmesumus
1822 5805 1835 5832 ,
1864 5775 1921 5822 ut
1949 5783 1977 5821 ει
2006 5777 2113 5824 ter-

2252 1892 2416 1947 totius
2445 1896 2629 1950 mundi
2663 1896 2881 1953 voluisti
2912 1898 3079 1953 laxari
3109 1901 3332 1965 delicta,
3360 1918 3463 1973 pro
3494 1904 3785 1959 tribulatioae

2244 1994 2429 2039 nostra
2464 1985 2763 2043 clementer
2794 2004 3045 2055 assume,
3077 2000 3386 2063 nostraque
3424 2004 3615 2049 cuncta
3640 1998 3786 2049 disco.

2242 2075 2388 2129 mina
2425 2076 2603 2142 Solve,
2630 2080 3033 2136 tribulationem
3084 2085 3312 2139 attende
3334 2124 3352 2150 ,
3387 2086 3637 2141 miserias
3671 2089 3781 2157 prik,

2240 2169 2519 2237 angustias
2550 2180 2602 2225 et
2626 2187 2915 2241 pressuras
2943 2190 3133 2230 amove
3157 2216 3172 2240 ,
3201 2186 3261 2231 ut
3288 2178 3444 2232 exuti
3478 2180 3550 2234 ab
3568 2184 3785 2245 omnibus,

2240 2275 2360 2329 qua:
2403 2263 2672 2331 patimur,
2717 2266 2914 2330 malis,
2970 2267 3024 2321 in
3071 2268 3181 2323 tuis
3230 2284 3460 2341 semper
3512 2273 3787 2327 delectans:

2239 2352 2516 2408 exsultare
2547 2355 2845 2412 beneﬁciis.
2872 2356 2995 2412 Per.

2309 2442 2637 2500 Communio.
2675 2440 2930 2515 Dimitte,
2956 2465 3290 2520 quaesumus,
3334 2455 3589 2520 Domine,
3619 2472 3785 2527 precati

2238 2545 2443 2603 nostra,
2473 2547 2527 2593 et
2555 2540 2729 2595 tribue
2756 2542 2916 2596 nobis
2947 2543 3388 2601 misericordiam
3425 2558 3598 2613 tuam,
3621 2552 3783 2620 oris-pe

2238 2629 2408 2682 nostri
2467 2630 2707 2701 alloquio
2773 2634 3095 2705 deprecatus
3158 2650 3411 2696 nostram
3476 2642 3780 2698 humilitatem

2236 2721 2479 2787 attende,
2513 2724 2729 2778 vincula
2777 2727 2958 2792 solve,
2991 2728 3187 2785 delicta
3227 2732 3384 2800 dele,
3434 2737 3781 2792 tribulationem

2234 2812 2464 2881 inspice,
2496 2817 2881 2874 adversitatem
2909 2820 3128 2890 repelle,
3156 2822 3529 2898 effectumque
3560 2831 3781 2901 petitiosis

2234 2914 2435 2961 nostra:
2463 2906 2667 2978 jugitcr
2690 2909 2987 2967 clementer
3013 2916 3229 2970 exaudi.
3264 2916 3394 2973 Per.

2660 3039 2812 3081 IISSA
2848 3042 2901 3082 IN
2942 3045 3186 3087 TEIPOBE
3224 3048 3405 3089 BELLI.

2310 3132 2893 3209 Oratio..0mnipotens
2924 3150 2979 3196 et
3026 3144 3340 3201 misericors
3404 3149 3548 3204 Deus
3586 3165 3613 3203 a
3655 3150 3775 3204 hdie

2241 3241 2358 3281 rtnn
2391 3244 2507 3293 nos,
2538 3247 2879 3301 quaesumus,
2914 3237 3125 3292 turbine
3156 3239 3242 3293 fac
3272 3243 3510 3311 quietos,
3543 3248 3657 3314 quia
3679 3249 3777 3299 bona

2239 3318 2395 3373 nobis
2424 3323 2728 3393 praestabis,
2763 3326 2806 3380 si
2836 3342 3026 3395 pacem
3057 3330 3274 3386 dederis
3308 3343 3363 3387 et
3390 3337 3593 3391 mensis
3623 3346 3670 3389 et
3692 3351 3769 3389 ca:-

2238 3411 2406 3479 poris.
2447 3412 2567 3468 Per.

2310 3500 2539 3557 Secreta.
2573 3504 2933 3573 Sacrificium,
2965 3518 3091 3575 etc.,
3122 3522 3177 3564 ιιι
3200 3514 3254 3566 in
3284 3515 3460 3569 editis.

2308 3594 2639 3653 Communio.
2702 3600 3046 3658 Sacrosaucti
3106 3608 3355 3675 corporis
3432 3619 3489 3662 et
3553 3609 3772 3677 sanguinis

2242 3685 2459 3740 Domini
2516 3690 2689 3743 nostri
2739 3691 2867 3747 Jesu
2913 3692 3113 3749 Christi
3162 3696 3466 3753 refectione
3514 3700 3771 3759 coniurati.
3844 3736 3846 3741 -

2236 3777 2504 3846 supplices
2536 3789 2586 3832 te
2634 3797 2907 3852 rogamus,
2939 3788 3282 3856 omnipotens
3314 3790 3478 3855 Deus,
3521 3803 3578 3845 ut
3615 3796 3699 3846 hoc
3724 3808 3772 3842 re

2238 3869 2417 3922 medio
2448 3869 2708 3939 singulari
2741 3875 2810 3929 ab
2835 3876 3075 3942 oumium
3104 3891 3457 3947 peccatorum
3503 3899 3599 3937 nos
3622 3885 3771 3953 uigila-
3844 3936 3846 3939 .

2235 3956 2381 4012 tiuue
2409 3961 2683 4027 purilices,
2716 3972 2771 4018 et
2800 3981 2829 4018 a
2857 3969 3221 4035 periculorum
3263 3974 3483 4029 munias
3522 3978 3770 4031 incursione

2232 4062 2574 4109 cunctorum.
2607 4055 2712 4111 Per
2749 4060 3023 4115 eumdem.

2621 4186 2773 4226 MISSA
2812 4188 2914 4228 PRO
2951 4190 3416 4239 PERSEQUENTIBCS

2306 4280 2513 4336 Oratio.
2559 4282 2808 4340 llostium
2856 4298 3193 4359 nostrorum,
3223 4310 3569 4363 quaesumus,
3597 4298 3766 4353 [hmine

2233 4373 2398 4441 Deus,
2439 4376 2578 4431 elide
2608 4382 2942 4449 superbiam,
2968 4394 3023 4438 et
3049 4400 3143 4454 per
3171 4387 3615 4446 intercessionem
3639 4394 3763 4447 bent:

2233 4467 2414 4523 Mariae
2448 4468 2706 4541 Virginis,
2738 4483 2791 4529 et
2817 4478 3056 4532 omnium
3090 4492 3407 4539 sanctorum
3445 4488 3671 4541 dexter:
3696 4500 3763 4538 tu:
3844 4470 3846 4541 ἰ

2234 4561 2430 4618 virtute
2458 4575 2761 4634 prosterne.
2790 4568 2914 4623 Per.

2302 4653 2535 4710 Secreta.
2581 4657 2780 4727 Hujus,
2814 4661 3040 4719 Domine
3060 4706 3074 4731 ,
3101 4681 3434 4735 quaesumus,
3467 4671 3655 4726 virtute
3679 4686 3759 4739 my-

2231 4744 2382 4799 stcrii
2432 4760 2529 4815 per
2577 4748 3025 4807 intercessionem
3058 4757 3232 4811 beatae
3276 4758 3462 4815 Maria
3500 4762 3704 4831 Virginis
3728 4774 3760 4811 ιι

2228 4837 2468 4891 omnium
2494 4850 2804 4897 sanctorum
2828 4859 2859 4897 a
2890 4848 3090 4903 nostris
3117 4852 3447 4907 mundemur
3481 4856 3703 4919 occultis,
3725 4870 3759 4905 ct

2229 4926 2298 4980 ab
2329 4927 2671 4986 inimicorum
2705 4934 3000 4994 liberamur
3027 4940 3259 4997 insidiis.
3291 4943 3416 5000 Per.

2298 5018 2628 5079 Communio.
2659 5024 2936 5095 Vivilicet,
2973 5049 3304 5104 quaesumus,
3340 5039 3582 5106 Domine,
3619 5042 3737 5110 ρετιᾳά

2229 5113 2381 5170 tiatio
2408 5116 2480 5170 tui
2510 5129 2698 5175 saneta
2732 5125 2994 5192 mysterii,
3020 5139 3073 5182 et
3094 5145 3193 5199 per
3215 5135 3409 5188 merita
3434 5136 3600 5191 beatae
3622 5136 3757 5188 Han:

2226 5202 2486 5276 Virginis,
2512 5219 2567 5266 et
2595 5224 2908 5271 sanctorum
2938 5221 3177 5276 omnium
3206 5227 3412 5295 pariter
3441 5228 3594 5283 nobis
3616 5228 3747 5294 aspir

2227 5299 2429 5354 tionem
2460 5303 2662 5360 tribuat
2685 5315 2741 5362 et
2766 5311 3063 5368 munimen.
3094 5314 3216 5372 Per.

2388 5384 2391 5387 ’
2520 5411 2670 5452 mssa
2712 5415 2766 5453 IN
2805 5417 3048 5459 rsuram:
3088 5422 3506 5468 ιιοιιτΑιιι-Ατιε.

2576 5489 2761 5547 Oratio
2790 5506 2839 5549 et
2867 5509 3063 5554 secreta
3093 5510 3151 5554 ut
3184 5503 3242 5555 in
3278 5504 3448 5558 editis.

2292 5577 2622 5638 Communia.
2652 5583 3005 5646 Sacramenta
3034 5608 3159 5659 nos,
3188 5610 3521 5665 quasumus,
3550 5596 3745 5655 Doni-ﬁ.

2223 5681 2311 5727 tua
2339 5682 2525 5729 sancta
2561 5689 2862 5747 sumentes,
2887 5691 2943 5736 et
2970 5684 3039 5741 ab
3065 5687 3212 5742 omni
3233 5688 3495 5760 propitius
3514 5688 3743 5759 iniqui!»c

2220 5777 2273 5823 et
2303 5767 2541 5838 periculo
2569 5769 2815 5830 defende.
2850 5773 2970 5831 Per.
