3846 6324
78 386 165 444 905

424 511 568 550 MISSA
607 510 706 550 I‘BO
742 509 868 549 ιτειι
903 507 1220 548 AGENTIBUS.

395 588 576 642 Oratio
606 596 652 639 et
672 594 878 644 secreta
911 594 963 636 ut
997 585 1052 636 in
1083 584 1254 636 editis.

125 669 435 740 Communia.
470 680 605 734 Deus
664 674 886 730 infinita:
923 670 1312 727 misericordia:
1354 676 1407 726 et
1440 669 1606 738 maje-

67 778 202 834 ttatis
224 775 514 837 immensae,
542 782 702 839 quem
732 780 835 821 nec
874 764 1049 834 Spatia
1091 763 1353 826 locorum,
1383 774 1484 814 nec
1529 759 1610 812 in-

69 865 263 923 tervalla
292 873 615 933 temporum,
658 859 726 914 ab
762 858 869 922 bis,
908 869 1044 926 quos
1067 853 1258 918 tueris,
1289 850 1607 921 abjungunt,

67 962 228 1015 adesto
259 953 479 1011 famulis.
505 952 612 1008 tuis
645 952 697 1006 in
736 959 788 1005 te
833 948 1032 1017 ubique
1062 943 1380 1008 fidenlibus,
1414 949 1468 995 et
1518 955 1612 1008 per

66 1063 276 1113 omnem,
310 1033 472 1115 qnam
520 1042 649 1097 ituri
685 1049 811 1096 sunt
858 1037 1032 1102 viam,
1079 1035 1188 1090 dux
1231 1033 1311 1088 eis
1345 1040 1400 1086 et
1431 1043 1612 1085 comes

65 1158 165 1196 esse
190 1141 439 1210 dignare;
469 1133 600 1191 nihil
634 1135 716 1188 eis
745 1129 1090 1187 adversitatis
1117 1133 1332 1190 noceat,
1374 1114 1614 1177 nil'diffi-

65 1233 254 1288 cultatis
285 1229 541 1295 obsistat,
587 1235 784 1284 cuncta
827 1223 908 1279 eis
953 1219 1226 1283 salubria,
1264 1223 1462 1273 cuncta
1504 1214 1616 1269 sint

68 1337 319 1394 prospera,
347 1330 408 1376 ut
435 1321 536 1376 sub
579 1333 683 1389 ope
727 1316 966 1372 dexterze
1013 1321 1116 1366 tua:
1164 1308 1425 1379 quidquid
1468 1307 1614 1376 justo

68 1412 356 1482 cxpelicrinl
395 1407 668 1465 desiderio
717 1405 883 1462 celeri
934 1406 1342 1458 consequantur
1397 1395 1610 1451 cffeelu.

66 1505 166 1560 Per.

95 1632 224 1671 mssa
263 1632 313 1670 IN
351 1629 437 1668 me
475 1596 844 1732 θεροειτιοῗιε
881 1623 1144 1664 υεςυιςετι
1167 1647 1182 1672 ,
1222 1620 1313 1670 ιιι,
1353 1604 1437 1658 vel
1474 1619 1577 1668 vn,

699 1697 762 1732 VC
829 1695 958 1732 XXX.

699 1695 782 1735 νει
829 1695 958 1734 XXX.

392 1772 582 1828 Oratio
617 1782 674 1824 ut
712 1770 768 1823 in
798 1768 950 1822 editis
979 1767 1062 1820 dic
1088 1765 1257 1820 tertia.

959 371 1301 428 EXCERPT.
1341 370 1428 425 ΕΧ
1449 369 1652 424 (;(›ι)ι).
1678 364 1956 420 LITURG.
2003 366 2524 421 FONTAV’ELLAN.

1642 492 1684 545 Α
1714 489 1920 541 animas
1960 487 2281 541 tantularum
2329 498 2542 542 tuorum
2575 485 3028 542 subdiaconoruut
3065 486 3118 540 in
3154 486 3289 544 lucis

3184 339 3288 428 eos

1713 590 1928 633 aeterna:
1956 581 2203 648 perlicias
2235 580 2451 649 regione
2492 579 2745 649 gaudere.
2775 577 2900 633 Per.

1783 669 2112 723 Communia.
2150 669 2244 723 llis
2265 669 2570 736 sacrificiis,
2594 685 2921 739 quaesumus,
2950 670 3292 738 omnipotens

1714 761 1877 825 Deus,
1915 769 2216 831 purgentur
2254 762 2447 816 animae
2472 771 2527 816 et
2561 762 2783 832 spiritus
2805 761 3127 816 famulorum
3166 770 3292 817 tuo-

1716 867 1832 905 rum
1865 852 2340 918 subdiaconorum,
2371 861 2425 906 ut
2472 852 2538 906 ad
2566 852 2954 924 indulgentiam
2983 863 3038 909 et
3068 853 3294 909 refrico-

1717 943 1855 996 rium
1894 943 2284 1011 sempiternum
2314 943 2600 1010 pervenire
2630 953 2962 997 mereantur.
2985 942 3109 998 Per.

2112 1048 2266 1088 IIISSA
2303 1048 2404 1088 PRO
2447 1048 2550 1089 CNO
2587 1047 2885 1088 DEFUNCTO.

1787 1122 1990 1178 Oratio.
2042 1121 2398 1192 Omnipotens
2443 1123 2771 1192 sempiterne
2810 1123 2981 1190 Deus,
3028 1116 3114 1178 cui
3159 1137 3297 1177 nun-

1715 1227 1878 1282 quam
1904 1212 2022 1266 sine
2059 1227 2154 1280 spe
2190 1212 2578 1268 misericordize
2608 1212 2970 1283 supplicatur,
2999 1211 3296 1282 propitiate

1716 1305 1909 1358 anima:
1940 1302 2124 1358 famuli
2161 1303 2265 1367 tui,
2299 1313 2357 1357 ut
2402 1304 2491 1374 qui
2538 1305 2604 1358 de
2638 1305 2742 1359 hac
2773 1304 2880 1358 vita
2914 1304 2967 1358 in
3003 1304 3078 1360 tui
3119 1305 3296 1358 nomi—

1718 1393 1799 1447 nis
1829 1390 2169 1446 confessione
2199 1391 2466 1456 discessit,
2491 1401 2803 1446 sanctorum
2836 1400 3044 1448 tuorum
3073 1404 3298 1446 numero

1719 1483 1884 1538 facias
1909 1481 2210 1554 aggregari.
2239 1481 2362 1537 Per.
2565 1479 2571 1484 ’

1788 1572 2019 1629 Secreta.
2068 1574 2407 1644 Propitiare,
2451 1588 2786 1643 quatsumus,
2826 1570 3071 1635 Domine,
3107 1571 3302 1626 anime

1719 1665 1904 1720 famuli
1938 1665 2014 1719 tui
2053 1663 2142 1730 N.,
2174 1678 2272 1734 pro
2305 1677 2413 1734 quo
2456 1662 2548 1717 tibi
2579 1661 2788 1716 hostias
2813 1659 3134 1731 placationis
3166 1657 3302 1714 offe-

1722 1755 1922 1821 rimus,
1953 1764 2028 1820 et,
2053 1754 2176 1822 quia
2216 1753 2268 1807 in
2298 1754 2398 1807 hac
2428 1753 2544 1806 luce
2575 1752 2627 1805 in
2657 1750 2760 1806 fide
2795 1751 2992 1805 mansit
3017 1747 3300 1814 catholiCa,

125 1867 334 1923 Secreta.
360 1863 584 1926 Adesto,
611 1859 860 1923 Domine,
887 1853 1371 1927 supplicationibus
1391 1851 1614 1914 nostris,
1650 1836 1692 1890 Β
1720 1847 1771 1900 in
1801 1845 1980 1900 futura
2009 1846 2119 1900 vita
2149 1845 2196 1898 ei
2223 1843 2508 1898 retributio
2540 1841 2777 1898 caelestis
2827 1839 3008 1912 gaudii
3034 1838 3303 1896 condone-

66 1968 110 2012 cl
133 1957 256 2009 hanc
277 1950 626 2012 oblationem,
659 1963 821 2019 quam
859 1946 954 2001 tibi
982 1945 1262 2000 offerimus
1291 1958 1392 2016 pro
1435 1941 1614 1995 anima

70 2044 224 2098 famuli
275 2043 346 2097 tui
390 2039 457 2096 N.
514 2041 567 2094 in
616 2039 704 2094 die
743 2035 1097 2108 depositionis
1144 2033 1260 2104 ejus
1307 2032 1468 2087 tertio
1511 2031 1619 2101 (aet

70 2137 268 2206 septimo
292 2133 370 2189 vel
393 2129 712 2200 tricesimo),
736 2128 982 2200 placidus
1008 2141 1072 2181 ac
1087 2125 1353 2195 benignus
1379 2136 1617 2178 assume.

70 2225 155 2279 Per

129 2315 436 2370 Communia.
475 2311 836 2383 Omnipotens
869 2308 1202 2377 sempiterne
1236 2306 1414 2369 Deus,
1453 2304 1619 2360 collo-

72 2422 175 2461 care
199 2408 408 2477 dignare
435 2404 652 2460 animas
682 2401 1008 2456 famulorum
1038 2396 1476 2466 famularumque
1503 2403 1624 2448 tua-

78 2517 192 2564 rum,
221 2499 422 2554 illorum
457 2511 694 2567 quorum
720 2495 860 2550 diem
892 2491 1229 2548 celebramus
1249 2487 1621 2558 depositionis,

77 2591 118 2643 in
156 2589 345 2645 sinibus
381 2586 693 2650 Abraham,
735 2584 885 2639 Isaac
911 2593 966 2638 et
1005 2580 1207 2645 Jacob,
1254 2587 1318 2634 ut
1356 2593 1479 2633 cum
1511 2577 1626 2630 dies

79 2679 330 2750 agnitionis
363 2688 471 2733 tum
503 2674 812 2738 advenerit,
844 2673 987 2727 inter
1015 2679 1236 2727 sanctos
1283 2678 1404 2724 tuos
1434 2676 1490 2723 et
1517 2667 1626 2722 ele-

77 2784 173 2829 ctos
197 2770 500 2829 resuscitari
531 2766 834 2839 praecipias.
859 2765 982 2820 Per.
1438 2767 1443 2772 ’

281 2879 425 2919 IIISSA
466 2875 570 2916 PRO
605 2873 710 2915 ι]Νο
747 2870 1054 2912 ελοειωοτε
1089 2869 1394 2911 DEFUNCTO.

137 2954 323 3010 Oratio;
365 2951 525 3009 Beati
568 2948 770 3007 Floridi
819 2945 1148 3002 confessoris
1176 2944 1274 3012 tui,
1301 2955 1628 3014 quaesumus,

80 3046 292 3113 Domine,
320 3042 716 3102 intercessione
747 3054 849 3094 nos
878 3046 1131 3109 protege,
1174 3045 1231 3092 et
1273 3035 1508 3089 animam
1552 3031 1632 3085 fa-

81 3142 188 3195 muli
209 3141 279 3196 tui
310 3137 612 3197 sacerdotis
643 3142 957 3191 sanctorum
982 3141 1194 3188 tuorum
1215 3129 1386 3200 iunge
1407 3141 1631 3184 consor-

84 3235 172 3288 tiis.
200 3233 311 3290 Per.

140 3323 351 3379 Secreta.
403 3322 676 3393 Suscipe,
722 3331 1061 3391 quaesumus,
1113 3313 1375 3378 Domine,
1429 3310 1634 3368 hostias

83 3413 364 3482 placationis
414 3423 478 3470 et
525 3411 701 3467 laudis
750 3425 886 3479 quas
937 3407 1030 3463 tibi
1079 3407 1133 3461 in
1182 3407 1443 3461 honorem
1493 3402 1631 3458 beati

83 3505 255 3562 Floridi
299 3504 636 3563 confessoris
685 3502 760 3556 tui
791 3498 1190 3556 consecrandos
1227 3494 1553 3557 deferimus,
1582 3502 1636 3546 et

84 3611 165 3664 pro
191 3599 366 3670 requie
407 3595 603 3652 famuli
652 3594 725 3649 tui
755 3591 1052 3650 sacerdotis
1079 3588 1140 3643 N.
1183 3587 1279 3643 tibi
1310 3584 1638 3656 {suppliciter

85 3689 410 3747 innnolamus.
438 3689 568 3744 Per.

64 3778 70 3782 ’
146 3781 456 3839 Communia.
484 3778 791 3837 Ascendant
826 3777 891 3833 ad
925 3784 1000 3840 te,
1035 3773 1291 3837 Domine,
1322 3785 1514 3842 preces
1545 3784 1641 3823 no—

87 3883 221 3938 strzr,
269 3885 320 3930 et
363 3875 606 3929 animam
654 3869 837 3926 famuli
886 3867 961 3922 tui
1003 3865 1301 3922 sacerdotis
1341 3860 1406 3916 N.
1447 3860 1640 3930 gaudia

89 3973 264 4018 aeterna
289 3965 608 4035 suscipiant,
641 3970 708 4016 et-
731 3975 892 4031 quem
926 3957 1098 4012 fecisti
1137 3953 1440 4025 adoptionis
1478 3951 1643 4021 parti-

88 4058 262 4127 cipem,
289 4059 482 4130 jubeas
511 4053 844 4109 hatreditatis
877 4062 1129 4117 tutecsse
1157 4054 1486 4102 consortem.
1518 4042 1639 4097 Per.

353 4163 511 4205 ιιιεελ
550 4161 650 4201 PRO
686 4157 997 4198 DIACONIBUS
1034 4151 1348 4194 DEFUNCTIS.

153 4239 341 4294 Oratio.
362 4239 591 4300 Adesto,
619 4234 864 4299 Domine,
896 4228 1380 4302 supplicationibus
1421 4222 1643 4287 nostris,

92 4340 137 4384 ct
177 4334 356 4386 :mimte
395 4328 725 4386 famulorum
775 4335 984 4380 tuorum
1032 4325 1412 4384 diaconorum,
1443 4328 1496 4372 et
1525 4335 1637 4371 om-

96 4421 223 4474 iaium
247 4423 574 4477 clericorum
602 4429 707 4472 tute
746 4413 1152 4486 propitiationis
1183 4409 1566 4465 abundantiam
1595 4416 1648 4460 et

97 4512 456 4582 indulgentiam
502 4517 927 4578 consequantur,
969 4513 1024 4560 et
1063 4503 1199 4557 lucis

97 4601 212 4655 buas
236 4604 310 4658 eis
334 4602 687 4656 mansionem.
713 4597 837 4653 Per.

158 4691 374 4748 Secreta.
418 4692 624 4747 Exaudi
673 4705 804 4755 nos,
850 4695 1034 4742 sancte
1069 4684 1228 4738 Pater
1285 4680 1650 4748 omnipotens,

99 4791 278 4837 aeterne
303 4783 466 4845 Deus,
495 4792 554 4834 ut
594 4782 678 4835 his
707 4779 878 4833 sacris
921 4776 1234 4831 muneribus
1257 4771 1502 4841 placatus
1541 4769 1654 4822 ani-

101 4888 203 4929 mas
243 4876 480 4930 omnium
533 4871 854 4928 famulorum
904 4879 1118 4923 tuorum
1143 4865 1513 4935 .diaconorum
1566 4875 1650 4915 re-

102 4961 315 5032 demptio
340 4964 668 5035 sempiterna
692 4959 983 5030 possideat.
1019 4955 1141 5009 Per.

164 5053 482 5108 Communia.
507 5053 858 5121 Omnipotens
884 5045 1088 5102 :eterne
1111 5045 1272 5106 Deus,
1292 5039 1506 5109 suscipe
1534 5053 1657 5108 pro-

107 5145 253 5211 pitius
305 5161 493 5215 preces
543 5153 759 5196 nostras
831 5153 928 5208 pro
988 5135 1272 5190 animabus
1337 5131 1654 5185 fainulortnn

111 5244 303 5290 tuorum
325 5238 696 5301 diaconorum,
728 5243 788 5286 ut
818 5231 868 5285 in
895 5229 1028 5284 lucis
1066 5227 1284 5296 regione
1322 5239 1414 5278 eas
1446 5223 1498 5276 in
1529 5237 1657 5276 san-

111 5335 300 5380 ctorum
334 5337 543 5383 tuorum
575 5338 800 5379 numero
827 5321 996 5376 facias
1025 5314 1328 5389 aggregari.
1359 5311 1466 5366 Per

498 5432 652 5473 MISSA
687 5431 787 5470 PRO
824 5423 1249 5468 SUDDIACONIBUS.

177 5507 368 5564 Oratio.
401 5512 564 5577 Deus,
603 5508 689 5564 cui
716 5505 990 5576 proprium
1031 5509 1115 5556 est
1162 5496 1408 5554 misereri
1452 5509 1665 5563 semper

115 5605 161 5646 ei
187 5615 414 5667 parcere,
449 5611 576 5667 ele.,
606 5611 658 5653 ut
683 5601 736 5652 in
769 5597 941 5650 editis.

180 5685 396 5744 Secreta.
427 5691 714 5748 Oﬂ’erimus
761 5687 884 5748 tibi,
929 5685 1186 5750 Domine,
1229 5681 1436 5736 hostias
1485 5679 1665 5748 placa-

125 5775 269 5833 tionis
292 5791 342 5836 et
369 5782 559 5845 laudis,
594 5792 650 5834 ιιι
679 5787 949 5848 perpetua:
992 5775 1375 5830 misericordia:
1421 5773 1667 5840 largitate

489 5899 759 5956 ι’ΔΤιιυι..
793 5895 940 5953 CLI.

1723 1950 1826 1993 tur.
1856 1939 1978 1993 Per.

1793 2025 2122 2082 Communia.
2152 2024 2379 2088 Praesta,
2408 2036 2750 2092 quaesumus,
2779 2018 3119 2090 omnipotens
3141 2016 3300 2074 Deus.

1723 2131 1781 2175 ut
1823 2120 2003 2174 anima
2031 2117 2217 2172 famuli
2247 2118 2320 2171 tui
2355 2115 2420 2170 N.
2459 2114 2527 2169 ab
2550 2113 2757 2184 angelis
2784 2112 2922 2166 lucis
2965 2117 3211 2179 suscepta
3251 2109 3303 2159 in

1723 2219 2020 2282 prcharata
2047 2208 2356 2264 habitacula
2399 2205 2590 2261 deduci
2637 2203 2806 2259 facias
2833 2202 3140 2258 beatorum.
3178 2199 3302 2254 Per.

2041 2313 2197 2354 MISSA
2236 2312 2338 2353 PRO
2374 2309 2633 2352 PLURIBUS
2672 2306 2986 2349 DEFUNCTIS.

1796 2391 2002 2445 Oratio.
2046 2389 2219 2454 Deus,
2247 2385 2400 2455 cuius
2437 2383 2824 2440 misericordiae
2863 2397 2971 2437 non
3010 2388 3095 2435 est
3123 2395 3310 2434 nume-

1726 2500 1844 2551 rus,
1868 2484 2080 2553 suscipe
2109 2481 2374 2554 propitius
2404 2494 2502 2551 pro
2528 2477 2814 2533 animabus
2838 2473 3164 2530 famulorum
3192 2481 3308 2526 tuo-

1728 2589 1845 2628 rum
1881 2587 2073 2644 preces
2106 2582 2353 2636 nostras,
2391 2577 2446 2624 et
2474 2567 2611 2623 lucis
2650 2566 2730 2621 eis
2776 2563 3018 2619 laetitiam
3062 2571 3223 2630 atque
3255 2560 3308 2613 in

1730 2667 1950 2739 regione
1973 2673 2288 2721 sanctorum
2320 2671 2534 2717 tuorum
2558 2657 2872 2715 societatem
2904 2653 3163 2710 concede.
3185 2651 3308 2706 Per.

1801 2756 2030 2813 Secreta.
2045 2754 2151 2809 Pro
2177 2753 2385 2823 requie,
2407 2750 2649 2815 Domine,
2665 2748 2964 2802 animarum
2987 2743 3313 2798 famulorum

1734 2859 1946 2904 tuorum
1977 2847 2043 2902 Ν.
2074 2845 2290 2916 suscipe
2319 2843 2575 2908 hostiam,
2621 2855 2784 2912 quam
2816 2847 2875 2893 tu
2902 2838 3014 2892 Deo
3044 2834 3187 2890 Patri
3217 2848 3316 2904 pro

1734 2940 1889 2996 nobis
1918 2939 2165 3011 .obtulisti
2212 2937 2535 3008 benignam,
2582 2943 2643 2988 ut
2686 2931 2776 3003 qui
2823 2943 2982 2986 causa
3035 2927 3315 2984 hominum

1733 3029 2057 3086 descendisti
2090 3028 2156 3083 de
2190 3026 2377 3094 cmlis,
2405 3036 2458 3080 te
2505 3023 2764 3079 redeunte
2789 3027 3102 3076 mereantur
3126 3028 3317 3072 nume-

1738 3123 1844 3176 rari
1874 3122 1928 3176 in
1959 3119 2237 3176 consortio
2263 3125 2607 3183 sanctorum,
2642 3114 2733 3184 qui
2765 3128 2888 3168 cum
2921 3111 3032 3166 Deo
3068 3109 3230 3164 Patre
3261 3115 3318 3162 et

1738 3213 1939 3284 Spiritu
1965 3219 2154 3268 sancto
2183 3211 2318 3266 vivis
2348 3217 2404 3264 et
2435 3222 2625 3278 regnas
2650 3206 2704 3260 in
2741 3203 2942 3260 szecula
2974 3200 3314 3258 saaculorum.

1806 3302 2135 3358 Communia.
2175 3301 2302 3356 Haec
2338 3314 2438 3354 nos
2481 3295 2806 3362 communio,
2838 3292 3083 3358 Domine,
3130 3298 3320 3360 purget

1738 3410 1766 3447 a
1791 3394 2040 3457 crimine,
2076 3400 2133 3447 et
2160 3390 2446 3445 animabus
2477 3385 2800 3441 famulorum
2833 3392 3049 3438 tuorum
3077 3381 3320 3436 caelestis

1739 3484 1922 3556 gaudii
1955 3482 2158 3537 tribuat
2194 3479 2556 3542 consortium,
2585 3485 2644 3530 ut
2673 3483 2798 3530 ante
2841 3473 3095 3528 thronum
3139 3470 3324 3538 gloriae

1742 3587 1845 3632 tua:
1869 3583 2167 3646 segregata:
2196 3586 2319 3627 cum
2358 3567 2585 3634 dextris,
2611 3565 2744 3621 nihil
2776 3578 3064 3620 commune
3090 3561 3323 3616 habeant.

1740 3683 1860 3721 cmn
1887 3664 2143 3721 sinistris.
2171 3662 2291 3717 Per.

2036 3768 2189 3809 mssa
2228 3765 2573 3807 ριιιιιιιιοιιυιι
2614 3730 3022 3803 oérencroneu.

1815 3845 2024 3900 Oratio.
2064 3845 2225 3910 Deus,
2250 3844 2336 3899 cui
2375 3841 2648 3912 proprium
2679 3848 2762 3894 est
2808 3851 3021 3906 semper
3057 3833 3326 3894 misereri,

1743 3946 1798 3992 et
1826 3951 2018 4008 preces
2050 3935 2310 3992 exaudire
2336 3932 2756 4003 supplicantium
2774 3928 3095 3999 ,propitiare
3119 3924 3328 3979 anima-

1744 4030 1844 4084 bus
1875 4029 2198 4083 famulorum
2234 4035 2447 4082 tuorum
2479 4023 2566 4089 Ν.,
2594 4032 2652 4078 ιιι
2681 4031 2734 4076 te
2759 4021 3051 4075 miserante
3082 4034 3112 4071 a
3137 4029 3329 4086 pecca-

1750 4130 1922 4176 torum
1953 4118 2183 4175 vinculis
2203 4117 2468 4182 absoluti,
2501 4116 2568 4171 ad
2603 4123 2820 4169 {etei-nae
2848 4109 3199 4168 beatitudinis
3240 4123 3327 4163 re-

1746 4213 1926 4282 quiem
1950 4210 2232 4282 pervenire
2257 4215 2590 4263 mereantur.
2617 4205 2736 4259 Per.

1823 4301 2056 4358 Secreta.
2105 4300 2360 4368 Suscipe,
2379 4295 2803 4352 clementissime
2834 4293 3016 4356 Pater,
3049 4305 3149 4360 pro
3174 4304 3328 4345 com-

1753 4391 2144 4446 memoratione
2178 4389 2501 4442 famulorum
2553 4394 2766 4439 tuorum
2794 4381 2858 4436 Ν.
2891 4382 3123 4437 hostiam
3151 4379 3333 4450 placa-

1240 4509 1512 4571 pcrpelua,
1557 4498 1650 4550 ιιοε-
1682 4512 1727 4566 Ι)
1754 4485 1917 4537 tionis
1957 4494 2012 4538 et
2062 4482 2253 4545 laudis,
2285 4490 2341 4534 ut
2392 4477 2645 4533 sacrificii
2690 4473 2976 4546 praesentis
3025 4471 3227 4527 oblatio
3267 4470 3335 4525 ad

1760 4575 2099 4645 refrigerium
2130 4564 2434 4627 animarum
2481 4585 2668 4625 eorum
2714 4577 2765 4621 te
2801 4567 3095 4620 miserante
3140 4577 3333 4633 perve-

1757 4668 1889 4725 niat.
1923 4665 2044 4719 Per.

1827 4754 2154 4812 Communia.
2193 4753 2442 4821 Absolve,
2487 4765 2817 4822 qumsumus,
2851 4747 3096 4810 Domine,
3123 4745 3336 4799 animas

1759 4847 2081 4902 famulorum
2119 4855 2332 4899 tuorum
2371 4842 2434 4895 Ν.
2466 4845 2533 4896 ab
2578 4839 2820 4893 omnium
2853 4836 3068 4892 vinculo
3115 4834 3336 4890 delicto-

1761 4952 1900 5000 rum,
1932 4943 1991 4989 ut
2019 4933 2072 4988 in
2108 4931 2521 4988 resurrectionis
2550 4929 2717 5000 gloria
2767 4928 2908 4982 inter
2947 4933 3176 4981 sanctos
3219 4933 3340 4976 tuas

1763 5025 2070 5081 resuscitati
2101 5025 2389 5092 respirent.
2416 5022 2538 5076 Per.

2105 5151 2250 5191 MISSA
2307 5150 2408 5190 PRO
2454 5150 2648 5188 FEMINA
2694 5143 2989 5206 DEFL‘NC'f'A.

1843 5229 2047 5283 Oratio.
2074 5227 2426 5295 Omnipotens
2453 5224 2782 5292 sempiterno
2820 5221 2982 5285 Deus,
3015 5217 3264 5280 conditor
3287 5226 3344 5270 et

1771 5311 2072 5389 redemptor
2108 5319 2431 5379 animarum,
2459 5315 2549 5384 qui
2572 5311 2855 5368 animabus
2879 5319 3194 5366 sanctorum
3225 5317 3346 5363 tuo-

1769 5426 1887 5464 rum
1913 5421 2130 5464 aeternae
2176 5407 2525 5463 beatitudinis
2553 5405 2833 5475 prannium
2879 5402 3178 5470 contulisti,
3206 5415 3346 5471 prte-

1767 5517 1874 5568 Sta,
1898 5517 2228 5572 quaesumus,
2265 5509 2323 5554 ut
2368 5501 2545 5553 anima
2587 5498 2802 5553 famqu
2833 5509 2937 5552 tua:
2980 5496 3047 5552 Ν.
3077 5508 3241 5564 quam
3275 5493 3344 5546 de

1773 5595 1873 5647 hoc
1921 5591 2117 5647 smculo
2151 5591 2389 5660 migrare
2413 5590 2646 5661 jussisti,
2679 5589 2830 5658 cujus
2873 5582 3348 5643 commemoratio-

1773 5699 1893 5736 nem
1933 5683 2167 5752 agimus,
2212 5668 2519 5736 s'anctornm
2565 5680 2837 5735 consortio
2880 5674 3086 5748 perfrui
3138 5681 3346 5725 merea-

1778 5785 1876 5828 tur.
1915 5771 2031 5824 Per.

2988 5880 3064 5936 aa
