3846 6324
576 297 675 372 ροτ

1805 302 1978 366 ΒᾸΕΟ.
2023 307 2089 363 XI
2123 309 2152 363 Β

2259 311 2392 366 ῖυΜ.
2425 311 2702 366 Ll't‘LRG.
3652 333 3716 388 θα

644 416 876 471 Secreta.
945 416 1054 472 Pro
1116 418 1294 474 anima
1352 419 1566 476 famula:
1620 430 1722 478 tute
1779 423 1841 479 N.
1905 425 2156 490 hostiam,
2190 429 2234 484 A
2341 429 2706 500 Oﬂ'erlarium.
2755 430 2922 489 Stetit
2968 433 3199 514 angelus
3255 450 3411 507 super
3449 453 3717 515 suntcapti

580 509 824 572 Domine,
858 523 1194 576 quaesumus,
1228 511 1444 582 suscipe
1486 513 1754 586 benignus
1783 515 2049 579 oblatam,
2097 524 2158 570 ut

577 614 672 668 per
701 599 805 652 hoc
826 597 1102 668 singulare
1125 598 1359 661 alliciunt
1395 603 1628 666 vinculis
1653 607 1935 662 horrenda:
1965 607 2158 661 mortis

574 699 733 744 exuta
767 691 931 744 vitam
962 702 1237 747 mereatur
1268 706 1549 751 mternam.
1585 699 1711 754 Per.

647 779 979 836 Communia.
1019 783 1246 851 lnclina,
1274 802 1608 857 quaesumus,
1638 806 1824 846 aurem
1858 800 2002 846 tuam
2032 807 2160 862 sup-

575 865 959 942 plicationibus
1005 878 1231 944 nostris,
1259 888 1315 933 et
1347 883 1543 936 anima:
1573 882 1788 938 famulae
1836 893 1939 938 tute
1966 899 2157 955 perpe-

577 975 681 1020 tum
727 966 866 1022 lucis
894 968 1074 1024 tribue
1105 971 1464 1026 mansionem.
1499 973 1622 1028 Per.

904 1045 1057 1114 iussa
1105 1074 1209 1114 ruo
1249 1075 1541 1116 DEFUNCTIS
1595 1079 1826 1118 FEIltNIS.

682 1147 868 1201 Oratio
892 1157 939 1202 et
961 1159 1158 1202 secreta
1191 1160 1242 1202 ut
1269 1152 1322 1204 in
1352 1152 1504 1206 editis
1529 1169 1624 1221 pro
1652 1169 1758 1206 una
1781 1153 2052 1222 defuncta.

651 1236 981 1292 Communia.
1008 1238 1308 1304 lnveniant,
1339 1255 1675 1309 quaesumus,
1701 1242 1944 1308 Domine,
1968 1244 2162 1300 anima:

573 1312 1146 1402 ~fanmlarumtuarum
1195 1329 1329 1386 lucis
1369 1341 1586 1388 aeternae
1627 1336 1980 1402 consortium,
2010 1334 2162 1405 cujus

577 1427 853 1487 perpetua:
881 1420 1069 1490 gratia:
1101 1430 1408 1477 consecutae
1449 1434 1576 1479 sunt
1605 1437 2028 1494 sacramentum,
2065 1444 2163 1498 per

569 1517 952 1577 resurgentem
1003 1524 1035 1564 e
1084 1512 1312 1567 mortuis
1343 1512 1526 1568 Jesum
1572 1515 1845 1571 Christum
1875 1517 2161 1572 Dominum

573 1605 842 1664 nostrum,
867 1600 957 1669 qui
991 1608 1164 1656 tecum
1208 1603 1338 1656 vivit
1377 1611 1432 1657 et
1459 1615 1649 1676 regnat
1677 1609 1838 1672 Deus,
1871 1607 1924 1662 in
1954 1608 2162 1664 unitate

578 1688 818 1756 Spiritus
851 1692 1022 1746 sancti
1045 1707 1145 1762 per
1176 1694 1355 1748 omnia
1386 1694 1580 1750 saecula
1610 1698 1949 1754 saeculorum.

569 1761 572 1767 Ι
786 1796 936 1836 IISSA
970 1799 1023 1837 IN
1053 1798 1305 1838 BONOREM
1332 1800 1549 1840 SANCTA‘I
1569 1804 1920 1845 ITRINITATIS.

639 1869 927 1928 Benedicta
973 1874 1046 1928 sit
1075 1885 1263 1929 saneta
1294 1876 1536 1932 Trinitas
1566 1887 1729 1947 atque
1777 1880 2008 1936 indivisa
2035 1879 2159 1935 uni-

571 1968 686 2028 tas;
715 1962 1098 2020 conﬁtebimur
1127 1964 1343 2035 ei,quia
1368 1965 1497 2022 fecit
1520 1967 1810 2025 nobiscum
1847 1971 2158 2027 misericor-

568 2053 713 2105 diam
757 2067 934 2108 suam.

640 2140 790 2216 l’sal.
838 2143 1228 2204 Benedieamus
1273 2147 1491 2205 Patrem
1543 2161 1598 2207 et
1632 2152 1854 2209 Filium.
1893 2154 1945 2224 si).
1985 2152 2159 2210 Bene-

567 2232 742 2286 dictus
764 2247 844 2299 es,
877 2233 1039 2303 Deus,
1070 2237 1163 2306 qui
1190 2238 1421 2296 intueris
1445 2241 1696 2314 abyssos,
1727 2252 1784 2298 et
1815 2245 1974 2299 sedes
1996 2259 2158 2313 super

568 2324 868 2380 cherubim.
902 2328 957 2396 Ῡ.
999 2328 1309 2388 Benedicite
1342 2334 1537 2402 Deum,
1567 2335 1691 2390 coeli
1720 2335 2000 2404 caelorum,
2029 2339 2158 2409 quia

571 2413 698 2470 fecit
746 2418 1022 2474 nobiscum
1073 2422 1530 2495 misericordiam
1569 2441 1747 2482 suam.
1801 2428 2055 2484 Alleluia.
2099 2430 2154 2498 Ῡ.

574 2502 898 2565 Benedictus
935 2521 1018 2573 es,
1049 2509 1276 2568 Domine
1306 2512 1448 2570 Deus
1481 2522 1699 2585 patrum
1728 2505 2063 2586 nostrorum,
2103 2526 2159 2575 et

575 2585 867 2654 laudabilis
894 2599 948 2654 in
979 2602 1198 2657 saecula.
1339 2648 1343 2654 .
1923 2655 1925 2662 ,
1972 2594 1974 2598 ’

773 2685 1118 2757 Οθενιονὶιιηι
1155 2703 1202 2747 et
1237 2698 1557 2768 communia,
1599 2711 1654 2755 ut
1692 2701 1747 2756 in
1770 2703 1945 2758 editis.

928 2796 987 2836 1N
1021 2798 1275 2840 HONOBEI
1304 2803 1522 2846 SANCTE
1567 2808 1773 2850 CRUCIS.

642 2868 750 2925 Nos
815 2881 994 2929 autem
1056 2876 1277 2945 gloriari
1331 2892 1546 2952 oportet
1599 2885 1655 2940 in
1716 2901 1880 2943 cruce
1941 2888 2154 2945 Domini

567 2962 738 3017 nostri
772 2961 898 3019 Jesu
923 2963 1149 3034 Christi,
1179 2969 1234 3025 in
1277 2987 1385 3042 quo
1419 2984 1502 3029 est
1530 2975 1701 3043 salus,
1729 2980 1842 3033 vita
1871 2990 1927 3036 et
1973 2997 2155 3037 resur-

570 3053 747 3108 rectio
784 3065 992 3124 nostra,
1020 3073 1118 3128 per
1144 3075 1306 3132 quem
1343 3064 1533 3121 salvati
1560 3077 1615 3124 et
1639 3067 1851 3124 liberati
1877 3083 2084 3138 sumus.

551 3206 558 3210 ,
644 3144 796 3201 Psal.
830 3148 972 3205 Deus
1001 3139 1342 3212 misereatur.
1379 3157 1432 3226 ti}.
1463 3158 1712 3217 Christus
1739 3161 1914 3218 factus
1940 3173 2025 3220 est
2059 3180 2156 3235 pro

569 3239 727 3292 nobis
755 3241 1018 3299 obediens
1059 3261 1230 3316 usque
1285 3249 1355 3303 ad
1393 3260 1646 3318 mortem,
1693 3262 1923 3310 mortem
1973 3267 2153 3312 autem

564 3331 764 3386 crucis.
790 3332 844 3400 ᾖ.
884 3333 1130 3406 Propter,
1153 3339 1298 3408 quod
1327 3350 1382 3410 et
1421 3342 1564 3399 Deus
1590 3345 1852 3401 exaltavit
1881 3347 2053 3415 illum,
2100 3359 2156 3405 et

565 3419 714 3474 dedit
744 3419 818 3474 illi
880 3438 1100 3492 nomen,
1125 3429 1267 3497 quod
1303 3439 1387 3484 est
1418 3446 1764 3502 superontne
1805 3451 2029 3490 nomen.
2061 3437 2154 3490 Al-

564 3506 744 3577 leluia.
802 3511 855 3582 ir.
916 3513 1026 3571 Nos
1080 3528 1262 3574 autem
1323 3521 1545 3592 gloriari
1605 3535 1820 3595 oportet
1872 3528 1927 3582 in
1994 3543 2155 3587 cruce

565 3599 781 3656 Domini
814 3607 984 3662 nostri
1009 3608 1136 3665 Jesu
1166 3611 1387 3668 Christi.
1573 3671 1579 3678 _

786 3695 1127 3767 Offertarium
1155 3714 1202 3756 et
1225 3707 1543 3775 communia,
1578 3718 1633 3761 ut
1670 3710 1724 3763 in
1752 3711 1928 3766 editis.

945 3808 997 3846 IN
1033 3807 1281 3848 BONOBEM
1321 3810 1537 3850 SANCTJS
1590 3813 1789 3853 “ARIE-

654 3881 874 3936 Vultum
899 3890 1049 3936 tuum
1107 3884 1564 3953 deprecabuntur,
1593 3897 1701 3944 etc.
1732 3889 1882 3945 Psal.
1927 3893 2156 3948 Eructa-

566 3969 664 4024 vit.
709 3969 984 4045 ri).Ditl'usa
1011 3979 1096 4028 est
1123 3973 1319 4042 gratia,
1358 3983 1464 4030 etc.
1504 3976 1820 4048 inPropter
1849 3984 2148 4048 veritatem,

567 4068 674 4114 etc.
709 4059 960 4116 Alleluia.
1013 4061 1070 4132 ᾗ.
1126 4061 1322 4132 Specie
1363 4073 1452 4118 tua
1491 4075 1546 4120 et
1589 4068 1995 4138 pulchritudine
2035 4086 2149 4146 tua,

566 4163 672 4210 etc.

645 4245 1009 4316 Oﬂ‘ertarium.
1033 4245 1387 4306 Adducentur
1414 4249 1548 4323 [legi
1593 4250 1832 4324 virgines
1858 4265 1980 4324 post
2005 4270 2148 4325 eam,

565 4339 825 4406 proximae
845 4338 964 4407 ejus
985 4338 1281 4396 afferentur
1310 4343 1428 4398 tibi.

2257 521 2462 577 habens
2492 525 2821 580 tlmribulum
2869 541 3092 582 aureum
3134 528 3189 582 in
3239 544 3398 585 manu
3444 546 3544 598 sua,
3581 539 3718 595 etdua

2259 623 2384 666 sunt
2418 614 2466 668 ei
2514 616 2735 671 incensa
2783 617 2970 683 multa,
3018 627 3076 674 et
3123 620 3370 700 ascendit
3394 621 3552 680 fumus
3581 640 3719 683 ιω

2263 708 2373 763 tum
2412 703 2465 756 in
2501 712 2793 774 conspectu
2822 705 2938 760 Dei.
2970 705 3226 762 Alleluia.

2336 789 2664 848 Communia.
2731 795 3064 861 Benedicite,
3118 812 3310 854 omnes
3362 800 3519 872 angeli
3566 802 3723 871 Domiti,

2259 880 2566 954 Dominum,
2608 885 2868 957 hymnum
2902 887 3086 956 dicite,
3110 897 3166 944 et
3193 892 3563 961 superexaltate
3587 911 3673 952 eum
3693 901 3723 954 in

2258 977 2474 1032 sascula.

2571 1111 2624 1150 IN
2685 1111 2933 1153 llONOIlEI
2988 1113 3177 1154 SANCTI
3230 1115 3487 1157 ενιιιιτυε.

2329 1205 2577 1264 Charitas
2605 1207 2700 1264 Dei
2731 1209 2919 1266 diﬂ‘usa
2949 1219 3032 1266 est
3057 1213 3109 1267 in
3133 1198 3390 1268 cordibus
3422 1217 3606 1270 nostris.
3639 1219 3728 1273 Ale-

2260 1294 2385 1356 luia.
2442 1313 2540 1368 per
2611 1299 3008 1356 inhabitantem
3071 1300 3340 1371 Spiritum
3383 1301 3493 1372 ejus
3532 1304 3576 1359 in
3614 1309 3716 1362 obii

2259 1385 2510 1454 Alleluia,
2539 1386 2789 1443 Alleluia.

2333 1476 2478 1532 Psal.
2540 1479 2768 1535 Domine
2817 1481 2980 1537 Deus.
3034 1482 3088 1553 ιῆ.
3133 1481 3302 1538 Beata
3354 1499 3481 1555 gens
3527 1485 3642 1556 Cujus
3681 1498 3728 1542 est

2262 1569 2522 1624 Dominus
2554 1571 2695 1626 Deus
2722 1587 2932 1638 eorum,
2958 1574 3188 1644 populus
3209 1589 3373 1646 quem
3399 1575 3730 1646 elegitllotnim

2261 1658 2404 1714 Deus
2441 1660 2494 1714 in
2537 1661 2910 1717 lnereditatem
2947 1664 3068 1718 sibi.

2192 1783 2235 1837 Β
2331 1749 2382 1817 ᾖ.
2417 1750 2590 1805 Verbo
2620 1752 2830 1807 Domini
2858 1753 2980 1808 coeli
3010 1753 3209 1808 ﬁrmati
3232 1762 3383 1821 sunt,
3409 1763 3460 1810 et
3488 1755 3648 1826 Spiritu
3667 1758 3732 1810 oris

2260 1838 2376 1908 ejus
2403 1840 2575 1896 virtus
2599 1857 2808 1896 eorum.
2842 1843 3090 1899 Alleluia.

2332 1931 2384 1998 ᾖ.
2416 1931 2568 1998 Veni,
2628 1943 2817 1990 sancte
2882 1935 3141 2006 Spiritus,
3203 1936 3358 2008 reple
3405 1948 3591 1992 tuorum
3632 1937 3732 1992 aut:

2258 2022 2521 2091 ﬁdelium,
2558 2034 2611 2080 et
2639 2027 2714 2082 tui
2745 2029 2952 2084 amoris
2981 2031 3034 2084 in
3059 2030 3140 2084 eis
3164 2029 3347 2100 ignem
3379 2031 3588 2085 accendt:

2329 2112 2694 2184 O/Iertarium.
2740 2118 2942 2174 Emitte
2979 2120 3246 2190 Spiritum
3292 2129 3462 2185 tilum,
3496 2130 3543 2175 et
3560 2123 3730 2175 emtu-

2262 2212 2368 2268 tur,
2401 2215 2459 2260 et
2488 2206 2773 2263 renovabis
2802 2206 2999 2264 faciem
3031 2219 3221 2276 terrae;
3244 2211 3316 2266 sit
3359 2209 3515 2282 gloria
3536 2209 3686 2264 Daniini
3704 2211 3732 2263 in

2261 2295 2480 2351 saecula.
2513 2297 2761 2354 Alleluia.

2331 2387 2660 2446 Communia.
2693 2393 2930 2464 Spiritus
2955 2405 3178 2452 sanctus
3206 2396 3424 2453 docebit
3450 2410 3550 2461 vos,
3573 2393 3732 2457 Alleluia,

2258 2495 2594 2555 quaecunque
2619 2484 2808 2542 dixero
2835 2487 3006 2545 vobis.
3031 2489 3286 2546 Alleluia.

2900 2603 3208 2678 Sequentia.

2331 2708 2518 2766 Sancti
2551 2710 2788 2782 Spiritus
2818 2713 2960 2770 adsit
2983 2717 3140 2771 nobis
3156 2727 3365 2788 gratia,

2329 2803 2457 2870 Quae
2481 2805 2644 2860 corda
2681 2815 2866 2862 nostra
2889 2808 2993 2864 sibi
3022 2807 3190 2866 faciat
3223 2811 3555 2867 habitacula?

2328 2894 2576 2964 Expulsis
2606 2897 2730 2952 inde
2749 2899 2962 2955 eunetis
2990 2900 3137 2957 vitiis
3158 2902 3543 2973 spiritualibus.

2330 2984 2568 3056 Spiritus
2591 2988 2742 3060 alme
2755 2988 3053 3047 illustrator
3067 2994 3351 3062 omnium,

2331 3079 2589 3136 llorridas
2619 3091 2819 3137 nostra:
2853 3083 3051 3145 mentis
3073 3099 3245 3154 purga
3280 3087 3537 3141 tenebras.

2331 3170 2555 3225 Amator
2575 3182 2762 3228 sancte
2788 3183 3130 3230 sensatorum
3155 3190 3391 3246 semper
3417 3176 3692 3246 cogitantum.

2329 3262 2553 3319 lnt'unde
2566 3266 2874 3322 unctionem
2893 3275 3061 3334 tuam,
3077 3267 3348 3334 clemens,
3362 3269 3544 3324 nostris
3558 3267 3730 3322 sensim

2330 3357 2408 3410 Tu
2434 3357 2747 3427 puriﬁcator
2771 3360 3010 3414 omnium
3031 3352 3367 3431 ﬂagitiorum
3397 3359 3617 3431 Spiritus,

2331 3445 2564 3502 Puriiica
2595 3456 2810 3505 nostros
2843 3449 3031 3506 oculos
3059 3451 3345 3506 interioris
3378 3451 3602 3514 hominis,

2328 3537 2400 3593 Ut
2430 3537 2600 3594 videri
2625 3555 2910 3610 supremus
2936 3540 3163 3596 Genitor
3197 3542 3378 3612 possit
3401 3556 3432 3595 a
3470 3541 3599 3595 nobis

2328 3630 2508 3684 Mundi
2537 3630 2720 3686 cordis
2750 3646 2911 3700 quem
2935 3631 3033 3686 soli
3077 3647 3317 3688 eernere
3342 3641 3551 3703 possunt
3572 3629 3686 3684 oculi.

2327 3719 2624 3790 Prophetas
2665 3730 2720 3774 tu
2741 3720 3039 3790 inspirasti,
3073 3731 3132 3776 ut
3153 3722 3429 3792 praeconia
3460 3719 3622 3776 Christi
3649 3730 3733 3787 prt-

2259 3808 2378 3863 einu
2391 3809 2495 3864 isse
2509 3819 2567 3863 nt
2596 3810 2816 3881 inclyta.
3422 3847 3426 3851 ~

2323 3901 2606 3970 Apostolos
2618 3901 2937 3977 confortasti
2949 3943 2965 3968 ,
2980 3911 3039 3957 ut
3061 3910 3330 3973 tropatum
3347 3902 3532 3959 Christi
3545 3916 3619 3974 per
3630 3910 3734 3954 totum

2226 4055 2228 4058 ι
2256 3989 2512 4042 nmndum
2540 3985 2820 4045 veherent.

2325 4081 2553 4150 Quando
2584 4084 2892 4138 machinam
2932 4099 3030 4155 per
3057 4083 3302 4142 Verbum
3327 4101 3481 4142 suum
3523 4084 3624 4140 fecit
3652 4082 3734 4134 Deus

2260 4171 2396 4236 radi,
2429 4180 2604 4237 terras,
2648 4173 2846 4238 maria,

2330 4263 2408 4316 Tu
2432 4278 2594 4335 super
2613 4279 2782 4335 aquas
2807 4265 3050 4344 [acturus
3062 4281 3156 4324 eos
3178 4283 3382 4324 nomen
3407 4278 3541 4324 tuum
3561 4260 3732 4335 expati-

2253 4352 2344 4420 sti,
2378 4352 2634 4424 Spiritus.

639 4431 972 4488 Communia.
1046 4435 1253 4506 Regina
1323 4439 1512 4494 mundi
1577 4440 1926 4511 dignissima,
1987 4444 2230 4534 VirgoD
2332 4445 2410 4498 Tu
2441 4446 2728 4502 animabus
2748 4447 3084 4503 viviﬁcandis
3105 4463 3279 4519 aquas
3302 4449 3565 4505 fecundas.

564 4524 730 4579 Maria
744 4535 1025 4596 perpetua,
1055 4527 1328 4585 intereede
1353 4546 1452 4601 pro
1486 4541 1674 4588 nostra
1710 4549 1843 4605 pace
1867 4546 1923 4592 et
1949 4536 2145 4604 salute,

565 4633 685 4687 qute
736 4619 968 4690 genuisti
1021 4619 1296 4677 Christum
1362 4625 1649 4681 Dominum
1705 4627 1826 4683 sine
1876 4629 2018 4685 virili
2063 4643 2150 4686 se-

565 4711 734 4768 mine.
1421 4765 1426 4768 _

1037 4820 1089 4859 IN
1131 4820 1316 4862 SANCTI
1350 4823 1650 4863 MICIIAELIS.

647 4891 960 4950 Benedicite
988 4895 1295 4962 Dominum,
1318 4913 1507 4953 omnes
1537 4899 1711 4968 angeli
1739 4899 1876 4968 ejus,
1903 4912 2149 4971 potentes

559 4981 785 5047 virtute,
838 4982 930 5051 qui
998 4983 1176 5038 facitis
1235 4986 1458 5040 verbum
1495 4988 1633 5056 ejus,
1692 4989 1759 5042 ad
1818 4991 2148 5047 audiendam

560 5087 624 5126 vo
634 5087 748 5128 cem
775 5086 1086 5148 sermonum
1109 5075 1251 5151 ejus.

632 5163 782 5217 Psal.
802 5163 1055 5231 Benedic,
1077 5166 1260 5220 animo
1285 5182 1425 5220 mea.
1449 5167 1502 5237 ιῆ.
1530 5167 1834 5225 Benedicite
1857 5170 2146 5226 Dominum

567 5266 777 5326 omnes.
806 5255 982 5324 angeli
1054 5253 1191 5324 ejus,
1251 5267 1503 5327 potentes
1549 5261 1771 5328 virtute,
1799 5330 1802 5332 ι
1833 5263 1925 5332 qui
1971 5263 2148 5319 facilis

564 5343 946 5416 verbumfejus.

640 5437 694 5504 ᾖ.
745 5435 998 5500 Benedic,
1052 5440 1233 5494 anima
1294 5456 1437 5506 mea,
1492 5441 1801 5510 Dominum,
1854 5456 1909 5500 et
1965 5448 2148 5503 omnia

564 5527 825 5583 interiora
888 5544 1005 5602 mea
1039 5545 1233 5585 nomen
1259 5542 1506 5587 sanctum
1537 5532 1673 5601 ejus.
1700 5535 1946 5592 Alleluia.

645 5620 697 5689 ᾖ.
729 5619 1064 5694 Concussum
1110 5631 1188 5675 est
1213 5636 1380 5689 mare,
1415 5634 1468 5678 et
1494 5627 1824 5680 contremuit
1857 5638 2020 5698 terra,
2054 5631 2143 5687 ubi

563 5709 918 5782 archangelus
946 5711 1172 5768 Michael
1205 5714 1561 5768 descendebat
1584 5715 1651 5769 de
1685 5717 1846 5772 caele.

2331 4534 2414 4589 Tu
2451 4535 2741 4606 aspirando
2763 4536 2858 4591 das
2885 4535 3154 4607 spiritales
3176 4551 3303 4592 esse
3333 4537 3578 4592 homines.
3713 4621 3716 4629 Ι

2325 4625 2405 4680 Tu
2432 4625 2661 4682 divisum
2682 4643 2780 4698 per
2807 4628 3016 4699 linguas
3041 4628 3308 4684 mundum
3336 4639 3390 4713 et
3416 4630 3538 4683 ritus
3553 4625 3731 4680 adunati.

2325 4719 2642 4780 Idololatras
2672 4720 2739 4774 ad
2778 4720 2980 4776 cultum
3006 4721 3098 4775 Dei
3129 4736 3424 4788 revocans,
3452 4720 3729 4790 magistrum

2255 4807 2475 4876 optime.

2325 4897 2464 4968 Ergo
2485 4911 2584 4952 nos
2611 4897 2979 4969 supplicantes
3006 4898 3101 4954 tibi
3125 4900 3320 4955 exaudi
3338 4897 3594 4970 propitius,
3614 4897 3728 4946 Sancte

2256 4988 2514 5058 Spiritus,
3645 5069 3650 5070 ί
3691 5065 3709 5070 __

2328 5079 2456 5135 Sine
2486 5095 2592 5150 quo
2635 5096 2824 5150 preces
2855 5095 3043 5136 omnes
3075 5095 3241 5136 cassa:
3285 5081 3560 5135 creduntur
3580 5083 3621 5127 et
3643 5065 3725 5122 ἱθῶ·
3796 5125 3797 5134 χ

2249 5185 2367 5239 gum
2395 5170 2484 5224 Dei
2513 5171 2733 5225 auribus
2751 5211 2767 5236 ,

2323 5264 2402 5318 Tu
2429 5265 2519 5332 qui
2543 5265 2785 5318 omnium
2810 5263 3132 5320 szeeulorum
3164 5276 3371 5320 sancte.

2321 5356 2422 5420 Qui
2497 5355 2732 5410 nominis
2779 5356 3011 5411 docuisti
3076 5355 3328 5412 instincte
3389 5341 3716 5422 complectendo,

2253 5446 2507 5516 Spiritus,
3213 5434 3216 5438 ’

2322 5540 2438 5606 Ipse
2469 5536 2628 5592 hodie
2651 5537 2924 5606 apostolos
2950 5537 3150 5592 Christi

2325 5633 2540 5688 hortans
2573 5645 2796 5685 munere
2823 5629 3041 5685 insolito
3067 5638 3122 5684 et
3147 5630 3353 5686 cunctis
3375 5624 3710 5683 inanditissafu'

2252 5725 2340 5789 iis,
2370 5724 2525 5780 llunc
2553 5725 2690 5779 diem
2715 5724 3008 5792 gloriosum
3040 5722 3243 5795 iecisti.
