3846 6324
5 332 109 386 ’09

516 457 667 499 ιιεελ
709 458 810 498 PRO
852 454 1125 498 PBCCATIS.

66 537 376 595 Misereris
442 538 707 605 omnium,
753 545 861 604 etc,
904 545 960 590 ut
1002 536 1058 590 in
1117 535 1271 589 editis
1321 549 1485 605 usque
1539 533 1609 586 ad

5 631 273 685 \lleluia.
892 638 895 640 ’

59 719 387 774 Graduale.
421 718 747 789 Alleluiaui.
786 718 1037 784 Domine,
1072 716 1265 774 exaudi
1307 716 1607 773 oralionem

6 827 213 877 neam,
242 820 303 866 et
321 811 530 866 clamor
557 826 709 866 meus
730 811 797 865 ad
835 820 887 866 te
907 811 1108 865 veniat.

63 901 460 970 Gﬂ‘ertorium.
494 900 751 956 Miserere
788 901 914 965 mei,
961 901 1124 964 Deus,
1157 898 1453 955 secundum
1493 912 1609 950 ma-

5 1005 173 1059 {nam
209 990 653 1045 misericordiam
687 998 854 1045 luam.
883 988 1032 1058 Dele,
1072 989 1235 1058 Deus,
1267 987 1607 1059 iniquitatem

6 1095 211 1135 neam.

60 1170 424 1225 Communia.
463 1169 663 1226 inclina
692 1185 876 1226 aurem
904 1178 1069 1235 tuam,
1105 1170 1345 1227 accelera
1368 1180 1607 1227 uteruas

6 1276 113 1315 ms.
352 1294 353 1297 π
514 1270 517 1271 ⁷
799 1314 803 1318 .
882 1322 885 1325 ,

336 1370 389 1408 IN
414 1369 579 1410 πετο
601 1369 945 1410 ριυιιιιιοιιωί
970 1369 1283 1410 MARTYRCII.

72 1442 442 1514 Sapientiam
477 1456 790 1501 sanctorum
821 1453 1046 1501 narrent
1089 1444 1293 1517 populi,
1324 1453 1380 1499 et
1418 1443 1605 1500 laudes

5 1551 197 1590 :orum
264 1538 512 1592 enuntiet
554 1538 820 1606 Ecclesia,
877 1537 1097 1594 nomina
1160 1544 1343 1591 autem
1410 1550 1602 1591 eorum

6 1626 189 1681 rivent
221 1627 275 1681 in
304 1628 560 1685 saeculum
583 1630 787 1686 saeculi.

60 1713 235 1771 Psal.
265 1717 513 1787 Magnus.
564 1720 619 1790 ἢ.
658 1718 936 1776 Justorum
977 1720 1173 1776 anima:
1211 1720 1265 1775 in
1294 1734 1457 1775 manu
1505 1717 1597 1772 Dei

5 1814 152 1872 ιυηι,
190 1815 250 1859 et
305 1822 411 1862 non
460 1818 646 1877 tanget
690 1810 810 1865 illos
843 1818 1170 1865 tormentum
1217 1809 1455 1864 malitiae.
1485 1804 1598 1862 Visi

6 1906 129 1951 iunt
168 1897 349 1953 oculis
398 1898 766 1971 insipientium
820 1902 980 1967 mori,
1036 1900 1113 1956 illi
1152 1908 1330 1954 autem
1376 1907 1505 1953 sunt
1542 1897 1597 1952 in

6 2002 165 2054 iace,
213 1989 468 2045 Alleluia.
501 1991 683 2057 Sancti
729 1993 827 2058 tui,
864 1992 1111 2063 Domine,
1154 1990 1422 2047 ﬂorebunt
1461 1990 1601 2046 sicut

6 2075 216 2141 lilium,
244 2078 387 2133 sicut
414 2080 549 2134 odor
575 2080 799 2135 balsami
824 2090 984 2136 erunt
1005 2089 1133 2135 ante
1155 2090 1226 2134 te.

71 2166 452 2237 Oﬂ'ertorium.
487 2170 848 2227 Exsultabunt
890 2171 1064 2227 sancti
1099 2173 1155 2226 in
1207 2169 1403 2241 gloria,
1451 2167 1600 2223 laeta-

10 2269 216 2314 iuntur
236 2260 291 2315 in
320 2261 587 2319 cubilibus
616 2264 753 2329 suis,
780 2263 1172 2321 exsultationes
1217 2261 1311 2317 Dei
1343 2261 1397 2331 in
1430 2259 1600 2315 fauci-

6 2370 106 2410 DllS
133 2368 346 2408 eorum.

78 2444 416 2500 Communia.
466 2446 581 2517 Ego
625 2462 721 2504 vos
762 2447 897 2519 elegi
942 2448 1009 2502 de
1055 2446 1258 2503 mundo
1294 2454 1352 2499 ut
1384 2445 1524 2502 eatis
1544 2455 1600 2501 et

6 2544 247 2591 Tinctum
278 2534 535 2592 aﬂ‘eratis.

463 2645 518 2684 IN
553 2645 720 2686 πετο
743 2646 1133 2688 CONFESSORUM.

79 2719 412 2778 Sacerdotes
436 2722 548 2791 tui,
605 2722 866 2789 Domine,
913 2725 1227 2794 induantur,
1280 2736 1413 2795 etc.,
1453 2739 1509 2784 ut
1539 2731 1596 2785 in

5 2810 192 2865 rditis.
448 2860 449 2863 η
1610 2884 1612 2888 λ

82 2902 237 2959 Pal.
278 2902 567 2961 Memento.
612 2905 687 2975 ἢ.
730 2903 1053 2964 Sacerdotes
1087 2907 1204 2979 ejus
1255 2909 1482 2966 induant
1520 2928 1600 2967 sa-

9 3027 27 3053 i
52 2998 212 3062 Jtari,
240 3006 296 3052 et
326 2999 501 3054 sancti
523 2999 643 3070 ejus
675 2998 1035 3056 exsultatione
1060 3000 1424 3057 exsultabant.
1470 3002 1599 3058 Illuc

5 3091 307 3158 producam
358 3104 527 3145 cornu
587 3089 777 3155 David,
829 3090 1015 3160 paravi
1056 3090 1329 3148 lucernam
1377 3092 1597 3151 Christo
1623 3129 1672 3192 Ο

5 3198 154 3238 meo.
196 3179 447 3235 Alleluia.
477 3180 660 3235 Sancti
700 3181 798 3247 tui,
829 3181 1074 3237 Domine.

82 3272 451 3342 Oﬂ'ertorium.
491 3273 854 3328 Exsullabunt
881 3276 1050 3329 sancti
1082 3274 1136 3331 in
1166 3275 1359 3346 gloria.

80 3366 415 3419 Communia.
443 3364 719 3421 Justorum
747 3366 940 3421 animae
968 3368 1020 3421 in
1051 3382 1212 3421 manu
1238 3368 1331 3423 Dei
1361 3378 1511 3434 sunt,
1541 3378 1598 3429 et

5 3475 115 3514 non
148 3468 330 3529 tanget
357 3457 475 3513 illos
492 3467 826 3514 tormentum
865 3458 1107 3515 malitiae.
1139 3459 1252 3514 Visi
1278 3458 1596 3515 suntoculis

6 3550 385 3621 insipientium
414 3550 576 3615 mori,
607 3549 678 3604 illi
710 3557 889 3603 autem
920 3558 1039 3604 sunt
1072 3549 1125 3603 in
1156 3564 1309 3619 pace.

458 3658 707 3698 UFFICIUM
737 3658 805 3696 DE
834 3658 1153 3698 VIBGlNlBUS.

82 3731 306 3788 Vultum
340 3740 511 3786 tuum.
543 3731 694 3785 Psal.
722 3732 1025 3786 El'llCl‘lVil.
1063 3732 1115 3801 ti).
1149 3731 1377 3802 Propter
1401 3733 1602 3788 verita-

11 3836 125 3881 tem
152 3834 206 3879 et
229 3824 725 3890 mansuetudinem,
753 3831 859 3879 etc.
892 3823 1051 3889 Audi,
1082 3823 1213 3890 lilia,
1244 3834 1299 3879 et
1324 3824 1463 3888 vide,
1491 3833 1595 3880 etc.

12 3916 215 3985 Specie
244 3924 355 3979 tua,
388 3925 497 3970 etc.

90 4006 458 4075 Oﬁ'erlorium.
507 4007 705 4063 Dill‘usa
737 4016 820 4062 est
874 4009 1048 4078 gratia
1112 4011 1165 4065 in
1213 4010 1372 4067 labiis
1427 4012 1596 4077 tniis;

10 4107 301 4168 propterea
328 4096 605 4153 benedixit
634 4107 686 4153 te
728 4098 869 4155 Deus
901 4099 954 4154 in
985 4109 1249 4156 aeternum
1272 4102 1401 4157 etin
1427 4117 1598 4159 saecu—

16 4189 131 4241 lum
162 4188 359 4243 saeculi.

91 4277 423 4333 Communia.
456 4280 700 4336 Dilexisti
744 4280 1035 4350 justitiam,
1074 4292 1129 4339 et
1151 4285 1310 4340 odisti
1344 4286 1601 4357 iniquita-

19 4382 167 4434 tem;
201 4379 482 4439 propterea
512 4373 669 4427 unxit
701 4382 750 4428 te
778 4373 943 4440 Deus,
971 4375 1115 4429 Deus
1146 4385 1287 4431 tuus.

59 4519 432 4530 ————_

985 326 1323 385 EXCERPT.
1354 326 1444 382 EX
1473 323 1677 383 CODD.
1708 325 1991 383 LITURG.
2021 324 2550 383 FONTAVELLAN.

1640 445 1687 498 A
1783 439 2077 509 Sequenua
2103 439 2276 494 sancti
2307 436 2583 510 Evangelii
2613 438 2912 496 secundum
2940 436 3203 497 Marcum.
3233 442 3292 498 ιη

3188 332 3294 388 910

1714 528 1806 585 ἰΙΙο
1848 537 2089 601 tempore
2144 528 2285 584 dixit
2342 528 2501 584 Jesus
2549 528 2829 600 discipulis
2874 529 3031 586 suis:
3070 529 3286 599 Videte,

1714 620 1932 691 vigilate
1981 629 2036 675 et
2091 630 2266 687 orate,
2316 630 2450 686 etc.,
2501 634 2662 690 usque
2712 621 2783 675 ad
2834 621 3086 678 omnibus
3122 621 3292 679 dico:

1713 710 2275 783 Vigilateinclusivea
2360 746 2366 751 -
2596 752 2599 757 .
2670 755 2674 759 «
2929 777 2935 781 ἓ
3101 774 3105 779 ,
3170 712 3173 769 Ϊ

2135 819 2383 859 οτι-ἰειωι
2422 819 2641 860 εΑΝοτΑζ
2681 818 2881 860 IARIE.

1782 894 1963 963 Salve,
1991 902 2180 950 sancta
2227 911 2448 965 parens,
2478 896 2638 949 enixa
2666 909 2936 965 puerpera
2965 910 3170 967 regem,
3199 892 3293 968 qui

1710 986 1909 1042 coelum
1935 994 2247 1056 terramque
2275 988 2413 1058 regit
2443 988 2496 1041 in
2520 972 2717 1043 saacula
2741 984 3062 1057 smculorum
3214 1052 3217 1055 λ

1778 1076 1930 1133 Psal.
1972 1078 2139 1149 Virgo
2165 1079 2261 1135 Dei
2296 1079 2565 1146 Geuitrix,
2597 1094 2757 1150 quem
2803 1089 2948 1137 totus
2992 1094 3100 1136 non
3150 1079 3295 1151 capit

1708 1168 1879 1235 orbis,
1909 1171 1963 1225 in
2003 1178 2094 1225 tua
2126 1184 2187 1225 se
2234 1169 2429 1225 clausit
2453 1171 2663 1225 viscera
2693 1168 2869 1225 factus
2898 1167 3081 1226 homo.
3113 1168 3168 1240 ἢ.
3193 1171 3296 1226 Be-

1707 1263 1919 1317 nedicta
1974 1271 2030 1317 et
2066 1260 2395 1318 venerabilis
2441 1276 2522 1327 es,
2563 1261 2728 1331 Virgo
2776 1258 2969 1326 Maria,
3000 1275 3120 1330 qua:
3174 1260 3294 1317 sine

1709 1361 1853 1407 tactu
1894 1351 2114 1422 pudoris
2167 1351 2384 1407 inventa
2432 1366 2491 1408 es
2534 1348 2706 1406 Mater
2750 1349 3071 1406 Salvatoris.
3097 1350 3291 1425 Virgo,

1707 1444 1804 1521 Dei
1835 1443 2108 1509 Genitrix,
2128 1458 2290 1513 quem
2331 1451 2475 1498 totus
2504 1459 2610 1498 non
2646 1444 2793 1514 capit
2821 1442 2993 1511 orbis,
3022 1443 3075 1497 in
3106 1450 3198 1497 tua
3232 1456 3295 1499 se

1704 1532 1900 1588 clausit
1925 1533 2135 1587 viscera
2160 1532 2339 1586 factus
2367 1532 2548 1586 homo.
2568 1530 2818 1597 Alleluia.
2849 1531 2903 1600 ᾖ.
2931 1531 3059 1586 Post
3076 1539 3293 1601 partum

1705 1624 1870 1694 Virgo
1896 1622 2150 1679 inviolata
2181 1622 2524 1694 permansisti
2560 1639 2574 1675 :
2609 1621 2703 1677 Dei
2722 1621 2995 1689 Genitrix,
3017 1621 3292 1677 intercedc

1703 1731 1805 1787 pro
1831 1714 2005 1771 nobis.
2336 1766 2339 1769 ,

2343 1806 2649 1875 Sequentia.

1771 1900 1884 1957 Hac
1910 1900 2056 1956 clara
2076 1900 2162 1957 die
2184 1909 2361 1956 turma
2393 1899 2589 1955 festiva
2618 1899 2709 1953 dat
2744 1912 3040 1968 praeconia,

1771 1991 1994 2047 Mariam
2023 1992 2399 2063 coucrepando
2430 1990 2751 2061 symphonia
2776 1986 3067 2045 'nectarea.

1772 2082 1953 2139 Mundi
1978 2083 2229 2149 Domina,
2267 2097 2388 2153 quae
2429 2089 2513 2135 est
2539 2080 2654 2136 sola
2678 2078 2987 2135 castissima
3014 2078 3285 2149 virginum

1699 2173 1929 2243 Regina.
2094 2170 2095 2173 “
2946 2167 2951 2177 ’

1773 2265 1978 2321 Salutis
2028 2279 2219 2330 causa,
2269 2264 2394 2318 vitae
2455 2271 2637 2333 porta,
2698 2270 2862 2332 atque
2917 2260 3039 2317 cceli
3087 2258 3289 2317 referta

1737 2360 1896 2415 ratia.

1700 2375 1906 2507 “si;
1966 2450 2034 2506 ad
2085 2448 2231 2505 illam
2259 2447 2341 2504 sic
2375 2446 2567 2503 nuntia
2591 2445 2723 2502 olim
2776 2454 2905 2501 sunt
2931 2444 3075 2500 facta
3126 2455 3289 2513 ange-

1700 2545 1801 2602 lica
1832 2562 1845 2599 :

1768 2636 1904 2702 Ave,
1930 2633 2121 2701 Maria,
2144 2634 2316 2704 gratia
2344 2632 2443 2689 Dei
2476 2633 2636 2706 plena
2662 2648 2760 2705 per
2784 2632 3001 2690 smcula.

1771 2724 2055 2782 Mulierum
2082 2726 2169 2795 pia
2195 2725 2407 2797 agmina
2435 2725 2574 2780 intra
2613 2739 2831 2796 semper
2858 2721 3139 2779 benedicta

1771 2818 1937 2887 Virgo
1960 2829 2015 2873 et
2043 2817 2267 2889 gravida
2302 2816 2475 2873 Mater
2501 2810 2724 2883 intacta,
2755 2816 2909 2887 prole
2934 2814 3169 2887 gloriosa
3199 2830 3215 2869 :

1770 2910 1867 2967 Cui
1888 2918 2079 2967 contra
2102 2910 2272 2965 Maria
2300 2910 2416 2965 haec
2437 2909 2614 2965 reddit
2636 2909 2868 2964 lamina:

1771 3003 1829 3059 ln
1856 3020 1941 3061 me
1965 3004 2234 3074 quomodo
2262 3012 2352 3059 tua
2379 3004 2511 3059 ﬁent
2540 3003 2768 3057 nuntia?
2894 2994 2897 2997 ’

1774 3076 1887 3149 Viri
1921 3094 2044 3150 novi
2074 3092 2275 3148 nullam
2308 3102 2457 3149 certe
2489 3092 2761 3163 copulam,

1768 3187 1848 3242 Ex
1872 3186 1996 3259 {quo
2020 3195 2181 3256 atque
2207 3194 2333 3240 nata
2356 3200 2475 3240 sum
2514 3185 2845 3254 incorrupta.

1767 3277 1903 3333 Diva
1924 3278 2124 3333 missus
2145 3277 2219 3331 ita
2247 3276 2425 3331 reddit
2451 3274 2612 3330 al'l‘ata
2645 3293 2659 3327 :

1767 3372 1921 3427 Flatu
1952 3386 2111 3426 sacro
2136 3370 2297 3441 plena
2330 3369 2450 3435 lies,
2479 3369 2670 3423 Maria.

1771 3461 1915 3516 Nova
1948 3459 2183 3515 oﬂ‘crens
2218 3460 2411 3530 gaudia
2455 3468 2648 3515 sancto
2687 3471 2843 3529 p.ena
2869 3456 2979 3512 nati
3011 3470 3111 3528 per
3129 3470 3290 3512 exar-

1697 3553 1807 3608 dia.

1769 3646 1914 3700 Intra
1972 3645 2043 3699 tui
2099 3645 2236 3699 uteri
2283 3644 2518 3699 claustra
2578 3652 2812 3715 regnat,
2877 3642 2970 3716 qui
3020 3642 3292 3714 gubernat

1700 3739 1905 3793 mllicra

1771 3830 1984 3897 Omnia,
2016 3830 2107 3901 qui
2137 3830 2225 3884 dat
2259 3840 2503 3899 tempora
2532 3827 2787 3897 paciﬁca.

1773 3920 2064 3991 Sequentia
2093 3921 2264 3976 sancti
2290 3917 2563 3989 Evangelii
2592 3919 2890 3975 secundum
2913 3918 3143 3973 Lucam.

1771 4011 1828 4067 ln
1853 4012 1945 4067 illo
1983 4000 2223 4081 tempore
2254 4010 2461 4082 repleta
2505 4019 2590 4067 est
2641 4010 2938 4076 Elisabeth,
2966 4017 3102 4077 etc.,
3128 4024 3292 4080 usque

1701 4102 1771 4156 ad
1805 4102 2027 4157 saunari
2058 4117 2179 4158 meo
2214 4103 2481 4157 inclusive.

1775 4192 2135 4262 Oﬂ'ertarium.
2164 4193 2301 4259 Ave,
2330 4192 2527 4247 Maria.

1776 4283 2105 4339 Communia.
2146 4284 2311 4339 Beata
2363 4285 2574 4339 viscera
2629 4283 2831 4351 Marim,
2878 4297 2997 4353 qum
3034 4288 3289 4351 portave-

1706 4388 1834 4437 runt
1862 4378 2049 4434 aiterui
2078 4377 2256 4432 Patris
2282 4376 2499 4431 Filium.

59 4521 432 4530 ____
1670 4522 1672 4525 .

743 4642 1110 4699 EXCERPTA
1154 4643 1244 4698 EX
1284 4643 1605 4701 SECUNDO
1642 4644 1890 4701 CODICE
1928 4641 2407 4700 AVELLANENSI

1512 4804 1817 4817 —___..

444 4943 594 4983 MISSA
634 4944 734 4984 ιιιιο
758 4946 1171 4985 τηιΒυιλτιοΝι-ς.

103 5014 257 5069 Salus
286 5015 463 5084 populi
487 5032 589 5087 ego
610 5032 751 5085 sum,
783 5018 917 5072 dixit
942 5018 1232 5084 Dominus;
1261 5019 1326 5074 de
1346 5033 1593 5088 quacun-

31 5122 135 5176 que
165 5105 499 5162 tribulatione
527 5107 884 5163 elamaverint
926 5107 991 5161 ad
1027 5124 1133 5174 me,
1165 5110 1452 5164 exaudiam
1503 5124 1597 5164 eos

32 5208 86 5252 et
112 5211 205 5250 ero
234 5195 440 5251 illorum
471 5199 732 5253 Dominus
775 5199 827 5254 in
855 5208 1197 5271 perpetuum.
1232 5199 1382 5255 Psal.
1413 5201 1604 5256 Atten-

35 5290 164 5349 dite,
193 5287 395 5357 popule.
432 5287 637 5344 Gloria.

107 5379 304 5434 Oratio.
335 5379 686 5452 omnipotens
721 5384 1047 5456 sempiterno
1080 5385 1243 5453 Deus,
1282 5393 1601 5441 maestorum

38 5470 363 5536 consolatio,
390 5471 750 5529 laborantium
791 5474 1066 5540 fortitudo,
1108 5477 1424 5547 perveniant
1447 5477 1512 5531 ad
1554 5487 1606 5531 te

30 5574 225 5628 preces
253 5558 319 5613 de
366 5575 686 5631 quacunque
735 5564 1079 5620 tribulatione
1137 5566 1502 5631 clamantium,
1548 5576 1608 5622 ut

40 5665 221 5704 omnes
244 5650 342 5704 sibi
373 5651 424 5704 in
451 5653 984 5712 necessitatibussuis
1008 5656 1433 5714 misericordiam
1460 5669 1602 5713 tuam

44 5741 296 5811 gaudeant
313 5741 563 5799 adfuisse.
596 5744 718 5799 Per.

1629 4921 1683 4982 ι)
1779 4928 1964 4985 Lectio
1990 4929 2111 4984 libri
2128 4928 2433 4998 Sapientiae.
2453 4925 2712 4982 Miserere
2746 4926 2942 4990 nostri,
2972 4926 3135 4999 Deus,
3152 4910 3286 4991 etc.,

1706 5036 1867 5090 usque
1914 5019 1985 5073 ad
2015 5020 2166 5074 verba
2196 5028 2256 5072 ut
2295 5025 2552 5074 enarrent
2579 5017 2847 5072 mirabilia
2898 5027 3010 5083 tua,
3042 5016 3293 5080 Domine,

1707 5112 1850 5167 Deus
1879 5121 2083 5167 noster.

1779 5196 2065 5256 Graduale.
2083 5201 2354 5270 Propitius
2374 5199 2773 5267 esto,Domine,
2797 5200 3033 5273 peccatis
3063 5198 3289 5267 nostris,

1711 5293 1994 5363 nequando
2015 5294 2199 5348 dicant
2228 5301 2418 5364 gentes
2449 5310 2462 5347 :
2495 5292 2596 5348 Ubi
2622 5302 2705 5348 est
2732 5294 2871 5347 Deus
2898 5294 3125 5348 eorum?

1779 5385 1833 5453 ᾖ.
1864 5384 2073 5454 Adjuva
2109 5399 2209 5438 nos
2257 5385 2398 5439 Deus
2444 5384 2697 5439 salutaris
2752 5394 2963 5450 noster,
2987 5392 3042 5440 et
3068 5392 3293 5454 propter

1706 5477 1970 5530 honorem
1998 5474 2235 5529 nominis
2263 5475 2359 5539 tui,
2406 5475 2653 5541 Domine,
2678 5473 2849 5529 libera
2878 5489 2998 5530 nos.
3040 5474 3289 5528 Alleluia.

1711 5564 1856 5619 Psal.
1891 5566 2135 5631 Domine,
2184 5568 2376 5622 exaudi
2410 5568 2709 5623 orationem
2754 5582 2957 5634 meam,
2996 5575 3052 5621 et
3086 5565 3293 5622 clamor

1709 5671 1863 5712 meus
1883 5658 1950 5712 ad
1982 5668 2033 5712 te
2057 5658 2258 5713 veniat.

1785 5748 2076 5815 Sequentia
2124 5750 2294 5808 sancti
2326 5751 2599 5820 Evangelii
2649 5753 2943 5811 secundum
2980 5750 3199 5805 Lucam.
3227 5746 3287 5803 In
