3846 6324
611 295 711 387 ait
739 295 756 326 ⁷

1860 306 2033 378 sitae.
2073 322 2140 375 Kl
2173 320 2438 376 MONEM.
2473 321 2735 378 LITllllC.
3684 345 3738 393 ,ιη
3798 327 3799 330 ‘

614 451 707 504 illo
758 457 996 516 tempore
1041 443 1177 498 dixit
1225 441 1382 499 Jesus
1438 441 1714 511 discipulis
1741 441 1852 495 suis
1887 440 2194 506 :Quoniam
2235 442 2276 492 ,κ
2308 451 2417 490 rem
2449 436 2575 492 .lesu
2604 439 2824 493 Christo
2859 439 2992 494 Filio
3021 441 3135 511 ejus
3161 457 3218 498 et
3260 444 3468 514 Spiritui
3492 458 3630 501 sancto
3649 465 3738 518 pm.

612 548 825 610 oportet
867 552 1081 607 semper
1118 551 1299 603 orare,
1328 545 1458 601 etc.,
1503 551 1664 605 usque
1685 533 1751 586 ad
1796 531 2092 588 vindictam
2128 531 2193 584 il-

612 633 786 685 lorum
818 627 1086 683 inclusive.

685 720 1047 789 Oﬁ'ertorium.
1089 718 1146 795 Si
1178 717 1525 773 ambulavero
1581 715 1632 769 in
1670 715 1847 769 medio
1889 713 2209 768 tribulatio-'

611 809 725 874 nis,
758 807 1060 863 viviﬁcabis
1088 821 1197 874 me,
1224 806 1473 871 Domine,
1504 814 1558 859 et
1588 819 1749 874 super
1779 805 1915 858 iram
1948 802 2197 856 inimico-

614 917 732 956 rum
772 916 1015 956 meorum
1038 901 1298 956 extendes
1342 914 1561 954 manum
1602 909 1774 964 tuam,
1800 907 1854 953 et
1878 897 2085 951 salvum
2114 910 2199 950 me

617 992 742 1048 fecit
766 993 986 1047 dextera
1020 1001 1129 1046 tua.

681 1083 911 1139 Secreta.
950 1083 1061 1138 Has
1103 1083 1217 1147 tibi,
1253 1083 1496 1145 Domine,
1541 1079 1820 1135 offerimus
1864 1079 2072 1133 hostias
2103 1095 2200 1149 pro

617 1163 785 1230 silute
848 1184 1032 1230 nostra
1064 1184 1117 1229 et
1163 1190 1260 1243 pro
1306 1174 1557 1229 omnibus
1601 1172 1864 1242 angustiis
1915 1170 2068 1224 nobis
2119 1171 2199 1223 in-

611 1266 958 1337 grucnlibus,
1012 1277 1280 1338 quatenus
1330 1281 1556 1335 corpora
1609 1275 1664 1319 et
1721 1265 1928 1318 animas
1989 1273 2201 1316 nostras

613 1361 848 1430 Spiritus
901 1359 1076 1415 sancti
1108 1357 1280 1428 gratia
1329 1356 1561 1412 liberare
1596 1365 1757 1424 atque
1786 1353 2091 1409 illuminare
2121 1346 2222 1406 di?

613 1451 816 1520 gneris.
842 1451 964 1506 Per.

681 1542 1014 1596 Communio.
1067 1543 1239 1596 Amen
1297 1539 1419 1594 dico
1447 1538 1623 1603 vobis,
1667 1537 1925 1605 quidquid
1982 1545 2202 1590 orantes

612 1631 814 1700 petitis,
855 1631 1056 1694 credite
1081 1631 1203 1699 quia
1236 1629 1536 1699 accipietis,
1565 1637 1618 1681 et
1656 1628 1748 1682 lict
1776 1626 1947 1680 vobis.

684 1723 763 1776 Ad
786 1723 1218 1776 communionem.
1255 1722 1329 1774 Da
1362 1721 1538 1783 nobis,
1588 1719 1836 1783 Domine,
1866 1731 2197 1786 qumsumus,

613 1818 679 1869 de
725 1813 1068 1868 tribulatione
1121 1813 1382 1878 laetitiam,
1435 1822 1493 1865 ut
1541 1811 1629 1879 qui
1668 1811 1756 1865 diu
1810 1823 1907 1877 pro
1963 1808 2197 1877 peccatis

614 1907 814 1960 nostris
853 1903 1162 1977 allligimnr,
1209 1894 1666 1958 intercedentibus
1711 1901 1964 1955 omnibus
1994 1900 2200 1954 sanctis
2259 1949 2264 1957 ,

617 1997 741 2063 tuis,
768 1997 819 2050 in
844 2006 936 2050 tua
968 1995 1342 2050 misericordia
1375 1993 1725 2062 respiremus.
1755 1989 1877 2044 Per.

972 2124 1088 2163 ΑΗΔ
1120 2124 1267 2162 MISSA
1299 2121 1398 2160 PRO
1430 2118 1842 2160 TRIBUI.ATIO.\'E.

684 2221 844 2276 Salus
871 2220 1052 2292 populi
1081 2236 1183 2292 ego
1211 2235 1354 2284 sum,
1383 2219 1515 2273 dicit
1544 2216 1824 2272 Dominus.

685 2313 892 2368 Oratio.
933 2316 1093 2380 Deus,
1149 2314 1311 2368 Pater
1358 2314 1753 2383 orphanorum,
1805 2309 2079 2380 judexque
2120 2306 2201 2359 vi-

614 2405 866 2465 duarum.
902 2404 1169 2473 lacrymas
1199 2403 1454 2462 Ecclesiae
1497 2411 1600 2456 tute
1641 2400 1929 2455 miseratus
1957 2396 2195 2463 intende,

613 2495 868 2564 illamque
893 2505 982 2548 tua
1010 2494 1437 2549 misericorditer
1471 2493 1668 2563 eripiat
1715 2492 1986 2561 majestas,
2036 2509 2198 2566 quam

610 2586 758 2640 nulla
789 2595 1002 2642 terrena
1034 2585 1272 2642 defendit
1291 2595 1548 2656 potestas.
1571 2585 1692 2639 Per.

680 2679 867 2734 Lectio
913 2677 1163 2734 Jeremiae
1201 2678 1500 2748 prophetae.
1532 2676 1587 2732 Si
1637 2677 1953 2746 iniquitates
1984 2687 2200 2734 nostras

609 2771 1022 2837 contenderunt,
1083 2779 1218 2835 etc.,
1271 2784 1434 2839 usque
1482 2767 1552 2820 ad
1602 2783 1724 2835 nos,
1776 2768 2027 2836 Domine,
2058 2769 2200 2824 Deus

609 2871 816 2916 IIOSlCl‘.

682 2952 966 3008 Graduale.
1009 2953 1284 3024 Propitius
1333 2963 1475 3019 esto,
1523 2952 1772 3020 Domine,
1833 2951 2028 3024 adiuva
2074 2967 2196 3018 nos,

608 3044 770 3100 Deus.
797 3043 1044 3099 Alleluia.
1081 3045 1324 3110 Domine,
1362 3043 1581 3099 exaudi.

679 3133 1050 3202 Evangelium.
1074 3133 1347 3200 Quoniam
1371 3141 1607 3203 oportet.

682 3227 1044 3296 Oﬁ'ertorium.
1083 3226 1140 3282 Si
1172 3227 1548 3283 ambulavero.

679 3320 912 3376 Secreta.
953 3321 1078 3376 Hice
1108 3321 1306 3386 hostia,
1335 3320 1754 3389 Domine,quam
1775 3333 1875 3389 pro
1899 3317 2195 3374 infidelium

605 3413 762 3470 bellis
791 3413 1086 3480 oderimus,
1119 3414 1216 3468 tibi
1244 3413 1316 3468 sit
1344 3420 1588 3482 accepta,
1627 3420 1685 3467 ut
1713 3427 1808 3481 per
1848 3412 2010 3479 hanc,
2053 3411 2196 3480 quod

606 3509 799 3563 devote
829 3509 1120 3578 poscimus,
1157 3519 1209 3562 te
1235 3507 1520 3576 adjuvante
1547 3517 1964 3574 consequamur.
1998 3501 2121 3557 Per.
2169 3554 2171 3556 .

676 3599 1007 3654 Communia.
1041 3601 1233 3663 Amen,
1272 3597 1392 3651 dico
1416 3595 1588 3650 vobis.

678 3691 757 3742 Αιι
790 3691 1227 3744 communionem.
1281 3689 1556 3757 Deprime,
1597 3701 1934 3756 quaesumus,
1965 3685 2193 3740 Domine

609 3783 777 3845 Deus,
807 3781 926 3851 jura
956 3790 1305 3850 tyrannorum
1338 3780 1431 3834 tibi
1461 3779 1961 3843 adversantium,ul
1985 3778 2196 3831 discant

612 3884 662 3924 te
709 3872 823 3926 fore
851 3881 1208 3941 protectorem
1246 3870 1503 3926 Ecclesiae
1542 3879 1644 3925 tuac
1677 3879 1767 3924 tuo
1795 3871 2038 3941 pretioso
2069 3884 2194 3924 san-

609 3963 770 4031 guine
800 3964 1107 4034 redemptae.
1146 3963 1267 4018 Per.

753 4087 950 4127 INCIPIT
985 4087 1124 4127 οῐιυο
1155 4087 1221 4126 AD
1260 4085 1690 4125 CATllECUﬂENUH
1721 4086 2046 4126 FACIENDUM.

678 4185 956 4254 Interroga
983 4187 1153 4256 primo
1199 4187 1263 4239 de
1294 4185 1500 4239 nomine
1527 4184 1660 4253 ejus,
1690 4183 1785 4236 hoc
1825 4193 1919 4249 est,
1949 4200 2050 4253 quo
2097 4202 2190 4238 no-

608 4278 746 4331 mine
771 4277 882 4330 vult
916 4280 1112 4342 vocari,
1147 4287 1193 4331 ct
1219 4278 1358 4330 dicto
1387 4276 1555 4330 sancti
1587 4277 1814 4330 nomine.

677 4366 858 4432 Quare
881 4368 1074 4420 venisti
1107 4367 1171 4421 ad
1201 4367 1539 4422 Ecclesium?
1563 4368 1621 4436 iii.
1650 4367 1988 4424 Christianus
2012 4368 2149 4424 ﬁeri.

677 4460 816 4526 Quid
845 4462 1013 4529 petis?
1043 4462 1096 4529 ri}.
1125 4462 1334 4516 Fidem.

676 4553 837 4609 Fides
862 4555 989 4624 quid
1018 4555 1110 4608 tibi
1142 4555 1442 4626 prieparat?
1468 4556 1518 4621 ii.
1553 4553 1726 4608 Vitam
1762 4562 2041 4608 mternam.

676 4646 1041 4702 Abrenuutias
1069 4646 1318 4699 Satanrc?
1361 4647 1416 4713 ii}.
1465 4646 1804 4699 Ahrenuntio
1845 4655 1898 4699 et
1937 4645 2187 4700 omnibus

603 4737 816 4805 pompis
883 4737 1029 4807 ejus;
1107 4736 1437 4791 abrenuntio
1505 4747 1559 4789 et
1617 4735 1868 4790 munibus
1934 4735 2186 4804 operibus

603 4825 746 4895 ejus.

609 4939 611 4942 ·
674 4917 865 4974 Credis
922 4919 977 4973 in
1029 4919 1197 4973 Deum
1228 4918 1445 4973 Patrem
1486 4917 1936 4987 omnipotentem,
1969 4915 2188 4971 Creato-

605 5024 716 5062 rem
749 5007 957 5063 coeliet
998 5009 1186 5062 terrae?
1213 5008 1265 5076 vi.
1310 5007 1502 5062 Credo.

674 5099 862 5155 Credis
889 5108 944 5155 et
971 5100 1021 5154 in
1053 5098 1236 5153 Jesum
1279 5099 1552 5155 Christum
1589 5097 1786 5153 Filium
1810 5099 1932 5168 ejus
1968 5098 2184 5153 unicum

601 5189 888 5244 Dominum
914 5200 1185 5258 nostrum,
1227 5199 1411 5244 natum
1442 5202 1495 5244 et
1520 5189 1771 5259 passum?
1797 5190 1850 5258 ιῆ.
1883 5189 2078 5244 Credo.

673 5280 863 5336 Credis
884 5291 936 5336 et
968 5281 1018 5334 in
1049 5280 1304 5351 Spiritum
1324 5291 1592 5346 sanctum,
1621 5291 1863 5336 sanctam
1892 5280 2185 5336 Ecclesiam

601 5369 946 5437 catholicam,
979 5381 1285 5426 sanctorum
1311 5374 1776 5438 communionem,
1812 5371 2182 5428 remissionem

600 5469 970 5529 peccatorum,
996 5464 1178 5517 carnis
1205 5464 1678 5530 resurrectionem,
1704 5464 1870 5518 vitam
1891 5465 2186 5518 aeternam?

597 5551 651 5621 ε’ξ.
680 5549 873 5606 Credo.

671 5643 872 5697 Deinde
898 5643 1113 5713 insuﬁlet
1144 5646 1195 5697 in
1224 5645 1407 5712 faciem
1439 5646 1550 5714 ejus
1585 5647 1749 5699 tiilms
1789 5647 1987 5700 vicibus
2012 5663 2186 5700 sacer-

597 5742 709 5800 dos,
738 5735 957 5790 dicendo
981 5749 998 5788 :
1028 5735 1121 5788 Exi
1148 5737 1213 5789 ab
1241 5736 1617 5801 co,imniunde
1645 5738 1892 5807 spiritus,
1919 5739 1984 5792 da
2010 5739 2180 5792 hono-

2299 527 2446 583 clito.

2370 621 2568 676 Deinde
2594 623 2766 692 signat
2792 640 2910 677 eum
2955 626 3007 678 in
3036 628 3232 694 fronte,
3257 629 3424 680 dicens
3443 643 3459 678 :
3478 628 3645 701 Signum
3673 651 3743 689 sia.

2300 724 2400 767 ctae
2424 714 2464 783 -ι-
2493 715 2671 768 crucis
2719 715 2932 770 Domini
2983 701 3151 773 nostri
3194 717 3323 774 Jesu
3355 719 3535 776 Christi
3570 726 3610 777 in
3643 726 3741 783 liene

2305 814 2390 859 tua
2413 821 2576 877 pono.

2345 913 2348 915 '
2373 897 2572 952 Deinde
2599 909 2644 952 et
2674 901 2728 952 in
2754 909 2958 968 pectore
2979 903 3168 970 signet,
3197 904 3409 959 dicens:
3439 904 3619 976 Signum

2303 988 2340 1056 ἰη
2369 989 2578 1042 Domini
2608 990 2778 1044 nostri
2833 987 2959 1045 Jesu
2995 989 3199 1046 Christi
3235 993 3289 1047 in
3336 1004 3638 1063 pectustuuui
3656 1014 3744 1067 pm

2267 1140 2271 1144 κ
2302 1085 2499 1154 Accipe
2539 1085 3029 1164 signumfj-crucis
3047 1085 3260 1166 Christi
3287 1096 3392 1140 tant
3422 1087 3469 1140 in
3499 1091 3640 1154 corde,
3659 1107 3746 1158 qua

2304 1176 2601 1249 inhrente.
2648 1178 2814 1232 Smne
2885 1177 3044 1233 fidem
3093 1179 3398 1233 caelestium
3453 1193 3745 1248 praceptorum;

2267 1266 2432 1320 'talis
2489 1278 2609 1322 esto
2663 1268 2940 1336 moribus,
3011 1280 3069 1324 ut
3115 1269 3374 1339 templmu
3429 1265 3511 1324 Dei
3687 1289 3748 1339 [ﬁr-

2305 1359 2398 1411 sis.
2425 1357 2672 1414 Gaudeas
2706 1360 2979 1428 ingressus
3011 1361 3064 1415 in
3115 1361 3416 1416 Ecelesiam
3451 1361 3530 1415 Dei
3555 1369 3750 1415 erasissur

2305 1449 2523 1517 laqueos
2555 1453 2767 1516 mortis,
2794 1451 2947 1507 laetus
2973 1468 3214 1523 agnosce
3247 1452 3411 1517 idola,
3443 1467 3602 1523 respue
3632 1453 3749 1507 suis.

2303 1555 2420 1603 cra,
2481 1541 2598 1596 cole
2655 1543 2824 1598 Deum
2872 1543 3089 1598 Patrem
3147 1544 3556 1613 omnipotentem
3593 1545 3751 1597 etiam:

2304 1632 2582 1687 Christum
2629 1635 2824 1689 Filium
2857 1636 2997 1706 ejus,
3027 1639 3118 1705 qui
3153 1653 3282 1692 cum
3311 1653 3375 1692 eo
3397 1647 3448 1692 et
3475 1637 3634 1707 Spiritu
3651 1651 3752 1693 nam

2306 1725 2436 1779 vivit
2461 1735 2513 1779 et
2548 1737 2738 1797 regnat
2763 1728 2905 1783 Deus
2930 1728 2981 1783 in
3005 1739 3215 1783 aeterna
3245 1745 3305 1783 sa
3324 1731 3439 1783 cula
3457 1731 3708 1784 smculorum.

2374 1817 2563 1871 Amen.

2343 1908 2492 1962 ‘Alia
2542 1910 2731 1963 oratio.
2793 1909 3150 1980 Omnipotens
3197 1894 3517 1982 sempiterno
3562 1915 3742 1975 Densa.-

2373 1999 2492 2052 Ati‘a
2519 2013 2536 2050 :
2567 1999 2766 2054 Preces
2797 2008 3038 2068 nostras,
3095 2012 3204 2057 etc.
3255 2005 3377 2058 Atia
3403 2019 3420 2058 :
3446 2005 3585 2070 Deus,
3620 2007 3678 2076 qui
3706 2008 3751 2058 le-

2304 2091 2446 2142 maui
2470 2092 2703 2158 generis,
2737 2101 2846 2146 etc.

2377 2178 2496 2231 Aiia
2540 2182 2709 2232 oratio
2739 2197 2756 2234 :
2805 2180 3154 2238 Exorcismus
3179 2185 3333 2253 salis,
3357 2192 3478 2253 etc.,
3506 2196 3552 2238 at
3575 2186 3613 2236 in
3646 2184 3750 2236 Ritu.
3798 2167 3799 2170 η

2305 2266 2564 2323 Romano.

2377 2358 2670 2428 ltene-j-dic,
2704 2362 3052 2436 omnipotens
3077 2364 3246 2427 Deus,
3274 2367 3413 2422 hanc
3436 2371 3754 2422 creaturam

2304 2451 2676 2507 benedictione
2707 2453 2911 2510 cmlesti
2938 2456 2989 2510 in
3022 2460 3251 2515 nomine
3282 2460 3485 2513 Domini
3515 2461 3655 2528 -Ηεςυ
3671 2462 3740 2511 (si.
3798 2473 3799 2532 ξ

2302 2543 2366 2595 sti
2396 2551 2451 2596 ct
2480 2543 2534 2596 in
2571 2544 2773 2599 virtute
2799 2545 3039 2616 Spiritus
3070 2552 3274 2616 sancti,
3310 2553 3377 2604 ad
3419 2549 3740 2619 etlugantlumia?
3798 2543 3799 2614 ξ

2303 2632 2527 2698 inicum,
2557 2649 2721 2703 quam
2752 2644 2828 2701 tu,
2875 2636 3124 2705 Domine,
3156 2641 3537 2705 sanctilicando
3560 2643 3592 2710 1-
3619 2639 3752 2694 δηῃωεὲ
3798 2632 3799 2704 i

2301 2738 2415 2790 ces,
2441 2725 2814 2782 benedicendo
2847 2728 3208 2800 bene-j'dicas,
3246 2734 3445 2801 fintque
3465 2732 3659 2784 omnibus
3677 2730 3750 2780 acri-
3798 2725 3799 2786 Ῐ

2301 2815 2572 2885 pictilibus
2591 2818 2830 2887 perfecta
2859 2822 3148 2886 medicina,
3168 2839 3493 2892 permanens
3511 2825 3554 2876 in
3579 2823 3754 2876 rigent“

2301 2907 2628 2962 sumentium
2679 2909 2731 2962 in
2781 2911 2999 2965 nomine
3040 2913 3260 2966 Domini
3297 2915 3336 2982 ‘3-
3382 2914 3499 2969 Jesu
3538 2912 3680 2966 Christi
3709 2929 3752 2974 qi
3798 2919 3799 2974 ξ

2300 3006 2562 3052 venturus
2587 3008 2670 3053 est
2697 2999 2751 3052 in
2784 3000 2990 3069 Spiritu
3023 3012 3218 3057 sancto
3239 3001 3502 3071 judicare.

2229 3118 2271 3175 ο
2367 3086 2521 3140 Tunc
2551 3089 2770 3158 accipiat
2795 3091 2858 3143 ile
2880 3091 2990 3160 ipso
3014 3092 3146 3160 sale,
3184 3103 3236 3146 et
3267 3105 3491 3163 ponatur
3512 3094 3556 3145 in
3577 3088 3748 3150 ortiafrr
3798 3099 3799 3154 ξ

2302 3177 2368 3231 tis
2393 3192 2410 3229 :
2437 3178 2636 3248 Accipe
2685 3179 2765 3234 sal
2801 3181 3101 3251 sapientiae,
3132 3183 3463 3255 prepitiatus
3509 3183 3569 3238 sit
3606 3181 3642 3235 in
3667 3180 3752 3229 tibi
3798 3217 3799 3234 χ

2299 3277 2582 3324 aeternam.
2616 3273 2810 3326 Amen.

2373 3365 2629 3419 Dominus
2656 3363 2956 3420 vobiscum.
2987 3366 3038 3434 ιῆ.
3078 3365 3144 3420 Ει
3187 3382 3340 3422 cum.

2371 3456 2580 3511 Oratio.
2599 3455 2740 3512 Deus
2774 3467 2988 3527 patrum
3021 3467 3367 3526 nostrorum,
3393 3469 3491 3514 etc.
3522 3469 3565 3511 in
3588 3458 3628 3508 iii
3643 3453 3752 3506 [tum

2297 3549 2455 3603 edito.
3798 3531 3799 3552 ‘

2368 3641 2569 3695 Deinde
2599 3643 2952 3714 apprehendat
2989 3644 3265 3700 dexteram
3291 3687 3306 3711 ,
3353 3657 3402 3700 et
3435 3645 3665 3700 introduth
3692 3655 3748 3689 ιιι
3798 3629 3799 3656 ‘

2297 3733 2350 3786 in
2369 3733 2662 3802 ecclesiam,
2677 3737 2752 3789 sic
2767 3737 3023 3791 dicendo:
3052 3737 3348 3809 Ingredere
3373 3741 3422 3794 in
3439 3737 3642 3808 templum
3654 3733 3749 3787 Det--
3798 3749 3799 3812 ᾖ

2297 3824 2374 3890 ni,
2405 3833 2466 3879 ut
2508 3827 2710 3882 habeas
2748 3839 2960 3897 partem
2989 3845 3114 3884 cum
3145 3830 3396 3887 Christo.
3798 3819 3799 3834 “

2510 3988 2708 4028 INCIPIT
2749 3989 2887 4030 ORDO
2926 3991 2994 4028 AD
3034 3991 3322 4033 SYHEOLUI
3363 3990 3633 4032 l-‘ACIESDEI.

2367 4093 2509 4148 Deus
2537 4093 2834 4163 Abraham,
2871 4107 3003 4162 etc.,
3037 4110 3090 4151 ut
3115 4098 3168 4151 in
3195 4099 3342 4152 edito
3376 4096 3572 4150 Rituali.

2366 4184 2652 4254 Attjuratio
2681 4199 2862 4241 contra
2887 4190 3175 4241 dwmonem
3207 4205 3230 4243 :
3262 4189 3424 4256 Ergo,
3453 4177 3750 4241 maledicatu-
3798 4171 3799 4230 Ῑ

2294 4273 2432 4339 hole,
2466 4283 2595 4342 etc.,
2618 4287 2671 4328 ut
2704 4293 2862 4346 supra
2889 4278 2942 4331 in
2957 4277 3274 4342 Ritualibus,
3298 4278 3514 4331 cuinlioc
3536 4277 3748 4325 tantm-'4'
3798 4335 3799 4340 η

2294 4368 2531 4434 crimine,
2563 4369 2702 4438 quod
2732 4371 2784 4422 in
2819 4385 2919 4422 ms.
2952 4386 3056 4422 non
3094 4371 3315 4436 ponitur
3350 4367 3604 4423 conclusio.

2366 4459 2648 4530 Ailjm'atio
2670 4477 2825 4529 super
2851 4460 3121 4528 feminmn.
3154 4463 3298 4516 Deus
3328 4459 3571 4522 cmli,etc.
3591 4451 3672 4504 utut
3690 4462 3744 4495 τρ-

2290 4555 2376 4616 tis,
2397 4553 2588 4623 absque
2618 4563 2790 4606 tanien
2821 4554 3170 4607 conclusione.

2362 4645 2640 4713 Attjiiratio
2663 4662 2821 4714 super
2849 4646 3163 4698 masculum.
3200 4646 3365 4705 Deus.
3399 4637 3649 4697 immortale
3676 4643 3745 4699 pre

2289 4733 2506 4798 sidinm,
2531 4745 2656 4798 etc.,
2699 4746 2750 4788 ut
2777 4738 2828 4789 in
2853 4737 3026 4790 editis.

2360 4827 2477 4878 Alia
2531 4827 2800 4897 mljuratio
2847 4829 3158 4881 communis.
3238 4827 3422 4897 Ergo,
3473 4823 3616 4884 audi,
3651 4813 3743 4867 III-“ei?

2290 4917 2453 4982 dicte,
2485 4928 2614 4981 etc.,
2648 4928 2700 4970 ut
2725 4919 2779 4971 in
2815 4920 2986 4972 editis.

2361 5005 2722 5061 Exorcismus.
2755 5007 3019 5062 Exoreizo
3049 5017 3120 5070 te,
3174 5008 3451 5063 immundo
3499 5000 3691 5071 spiritus.
3721 4991 3741 5030 ίέ

2291 5099 2509 5154 nomine
2539 5099 2717 5153 Patris
2747 5109 2801 5154 et
2823 5100 2942 5153 Filii
2975 5109 3029 5153 et
3050 5100 3285 5168 Spiritus
3315 5097 3500 5155 sancti.
3531 5102 3578 5147 ut
3599 5097 3741 5142 clay:

2292 5193 2512 5245 recedas
2543 5191 2611 5246 ab
2665 5191 2766 5244 hoc
2791 5190 2992 5256 famulo
3020 5192 3143 5257 Dei;
3179 5193 3293 5260 ipse
3312 5190 3629 5256 tibiimperet,
3650 5173 3738 5228 male

2289 5283 2432 5337 dicte
2456 5282 2726 5348 damnate,
2753 5282 2842 5350 qui
2877 5282 3104 5350 pedibus
3135 5298 3296 5350 super
3332 5295 3474 5335 mare
3514 5269 3736 5360 ambulant.

2288 5385 2342 5428 ct
2374 5374 2534 5428 Petro
2564 5375 2826 5445 mergenti
2855 5375 3137 5428 dexteram
3169 5374 3426 5443 porrexit.
3453 5369 3736 5436 Ετεμειοτῦῖυ

2291 5476 2360 5527 te,
2403 5466 2678 5522 immundo
2708 5466 2951 5535 spiritus,
2998 5481 3097 5536 per
3123 5466 3162 5536 ’ζ-
3189 5465 3399 5520 Patrem
3425 5504 3439 5526 ,
3472 5470 3520 5515 et
3557 5451 3734 5519 Fi‘i'ii“'

2287 5572 2338 5612 et
2371 5559 2629 5629 Spiritum
2659 5560 2698 5630 -ι-
2738 5570 3000 5620 sanctum,
3034 5571 3092 5614 ut
3128 5574 3288 5615 exeas
3317 5567 3369 5612 et
3401 5554 3589 5610 recedas
3607 5545 3652 5596 ιώ
3682 5537 3734 5587 ⁵³³(

2292 5653 2488 5705 l'amulo
2517 5652 2608 5706 Dei
2641 5671 2652 5704 :
2691 5653 2803 5722 ipse
2829 5652 2973 5704 enim
3001 5652 3094 5706 tibi
3124 5652 3369 5721 imperat,
3398 5643 3632 5700 maledich
3649 5631 3733 5716 di?

2290 5753 2412 5796 nate
2441 5783 2456 5808 ,
2516 5743 2606 5810 qui
2659 5757 2804 5795 c:eco
2843 5752 2968 5793 nato
3014 5741 3203 5794 oculos
3251 5737 3490 5807 aperuit,
3531 5739 3576 5782 cl
3609 5727 3728 5790 tium”
