3892 6314
93 350 171 409 θιδ
946 331 1288 388 EXCEllPT.
1330 328 1417 384 EX
1447 329 1645 383 CODD.
1689 329 1971 385 Ll'I‘L'RG.
2014 330 2540 386 FONTAVELLAN.
3183 329 3292 385 9M

97 466 283 517 duanum
312 450 562 504 Lazarum
605 447 670 502 de
720 453 1066 501 monumento
1112 442 1416 499 suscitavit.
1474 442 1609 511 Ergo
1642 450 1684 506 Α
1716 442 1969 510 tempium
2000 442 2094 495 Dei
2132 443 2257 507 vivi,
2284 455 2339 498 et
2369 445 2602 513 Spiritus
2641 452 2864 499 sanctus
2897 444 3103 498 habitet
3130 445 3180 498 in
3229 460 3294 499 eo

95 555 276 613 “huc.
1552 568 1557 591 ε
1713 533 1765 586 in
1816 534 2185 587 remissionem
2226 535 2467 588 omnium
2535 546 2902 604 peccatorum.
2963 537 3019 589 ln
3077 536 3296 590 nomine

145 636 365 691 Dominus
393 629 681 684 vobiscum.
731 627 798 681 Et
825 642 945 682 cum
969 626 1157 695 spiritu
1193 634 1299 678 tuo.
1717 624 1923 678 Domini
1967 623 2096 678 Jesu
2118 624 2337 688 Christi,
2368 626 2458 693 qui
2491 637 2747 681 venturus
2780 638 2886 691 est,
2918 628 3171 681 exorcizo
3200 636 3250 681 te
3277 668 3291 689 ,

145 726 316 783 Oratio.
346 721 595 785 jEterna,
617 728 751 781 etc.,
781 728 837 772 ut
865 720 919 771 in
942 718 1116 771 editis.
1712 723 1961 769 creatura
1981 729 2154 781 aquze,
2187 729 2284 784 per
2309 714 2478 769 Deum
2503 716 2758 783 fvivum,
2781 733 2879 786 per
2903 719 3064 771 Deum
3081 717 3120 786 -ι-
3140 733 3296 772 sanc-

144 814 303 870 Lectio.
336 811 456 864 Hmc
482 809 613 863 dicit
663 808 937 863 dominus.
965 806 1169 860 Omnes
1196 805 1458 869 sitientes,
1479 813 1604 861 etc.,
1716 817 1847 873 tuin,
1883 822 1977 875 per
2004 808 2173 863 Deum
2208 807 2372 862 totius
2417 816 2698 871 creaturae,
2724 809 2813 877 qui
2848 818 2900 861 te
2934 809 2984 862 in
3021 809 3295 877 principio

92 923 213 978 usque
230 905 291 955 ad
320 903 370 956 in
406 899 768 954 crassitudine
793 898 985 951 animm
1010 906 1228 951 vestrae.
1713 899 1984 965 separavit
2007 898 2072 952 ab
2094 899 2401 963 arida,ctin
2426 909 2658 968 quatuor
2684 899 2995 954 ﬂuminibus
3011 899 3288 968 exirejus-

141 992 389 1053 Graduale.
420 991 607 1047 Venite
629 1029 645 1056 ,
681 989 795 1056 lilii,
822 990 1003 1044 audite
1047 1002 1132 1042 me
1156 1027 1170 1051 ,
1224 987 1470 1041 timorem
1512 986 1611 1039 Do-
1714 990 1802 1053 sit,
1832 998 1996 1043 totam
2015 997 2213 1044 terram
2238 988 2462 1058 irrigare
2479 989 2755 1058 praecepit,
2780 990 3110 1058 quipcdibus
3136 1004 3234 1057 sup
3248 1006 3302 1043 ra

90 1091 187 1150 tniui
209 1086 395 1142 docebo
426 1100 545 1140 vos.
578 1085 633 1153 ᾖ.
656 1082 910 1139 Accedite
941 1083 1008 1136 ad
1037 1096 1159 1136 eum
1186 1122 1202 1146 ,
1243 1089 1300 1136 et
1344 1080 1611 1136 illumina-
1715 1093 1862 1132 mare
1876 1077 2525 1133 ambulavit.ctaJoanne
2549 1077 3263 1145 inJordanebaptizatusest
3290 1096 3303 1141 ',

89 1181 205 1243 tnini,
228 1186 276 1231 et
308 1176 469 1230 facies
494 1182 688 1229 vestra:
713 1189 817 1229 non
848 1172 1265 1228 confundentur.
1714 1170 1804 1238 qui
1835 1180 1886 1225 te
1917 1186 2021 1225 una
2063 1187 2185 1226 cum
2226 1172 2491 1240 sanguine
2522 1185 2618 1225 suo
2661 1171 2935 1240 produxit,
2958 1181 3011 1225 et
3065 1172 3300 1242 discipu-

141 1267 395 1337 Sequentia
425 1264 596 1321 sancti
641 1263 915 1335 Evangelii
946 1263 1242 1318 secundum
1282 1261 1607 1316 Mattliaenm.
1715 1262 1779 1314 lis
1808 1262 1921 1317 suis
1963 1262 2015 1317 in
2047 1271 2098 1316 te
2124 1261 2400 1331 baptizare
2421 1260 2579 1329 jussit
2611 1262 2794 1316 dicens
2828 1277 2842 1314 :
2874 1262 2970 1325 lte,
3025 1261 3301 1330 baptizate

90 1364 131 1417 In
150 1360 220 1414 illo
247 1368 475 1425 tempore
529 1355 693 1412 oblati
741 1363 865 1411 sunt
892 1353 1017 1410 Jesu
1050 1354 1293 1423 parvuli,
1347 1363 1478 1417 etc.,
1526 1370 1613 1405 us-
1714 1368 1904 1407 omnes
1927 1363 2137 1423 gentes,
2171 1354 2220 1408 in
2255 1355 2470 1408 nomine
2514 1354 2688 1407 Patris
2716 1353 2909 1407 etFilii
2969 1363 3023 1407 et
3064 1354 3301 1424 Spiritus

90 1468 161 1523 que
182 1448 237 1501 ad
258 1447 381 1502 abiit
416 1446 557 1500 inde.
1716 1444 1908 1498 sancti.
1936 1444 2089 1499 Unde
2119 1446 2311 1515 adjuro
2342 1455 2412 1509 te,
2432 1462 2594 1515 aqua,
2620 1460 2716 1513 per
2745 1444 2910 1498 Deum
2941 1445 2978 1514 -ιε
3004 1444 3217 1508 vivum,
3246 1454 3304 1498 ut

144 1537 195 1590 Et
216 1549 326 1589 tunc
349 1535 591 1587 dicatur:
628 1533 790 1588 Pater
826 1543 1024 1597 noster,
1056 1542 1103 1586 et
1130 1532 1304 1587 Credo
1333 1532 1383 1584 in
1424 1530 1609 1585 Deum.
1718 1531 1977 1587 etlieiaris
2008 1549 2146 1603 aqua
2193 1543 2380 1588 sancta
2423 1534 2479 1603 ᾧ,
2535 1549 2673 1604 aqua
2730 1533 3008 1588 benedicta
3043 1535 3104 1602 -j-,
3159 1549 3300 1602 aqua

92 1632 141 1686 Et
166 1628 280 1682 alius
304 1626 451 1680 homo
481 1626 610 1681 levet
636 1642 779 1691 eum,
812 1642 913 1679 non
940 1624 1026 1678 ille
1050 1625 1137 1696 qui
1183 1635 1313 1678 tenet
1341 1665 1356 1689 ,
1394 1623 1612 1679 dicendo
1716 1641 1836 1693 qua:
1867 1624 2055 1680 abluas
2086 1626 2275 1681 sordes
2307 1666 2321 1689 ,
2368 1635 2423 1680 et
2460 1627 2685 1681 mundes
2713 1636 2933 1695 peccata
2968 1666 2982 1690 ,
3029 1635 3086 1678 ut
3114 1666 3128 1691 ,
3176 1643 3298 1680 cum

89 1720 278 1775 similiter
302 1730 319 1767 :
340 1717 497 1772 Pater
528 1726 732 1783 noster,
760 1724 806 1769 et
838 1716 1012 1771 Credo
1048 1715 1099 1767 in
1130 1714 1317 1768 Deum.
1647 1783 1663 1786 Α
1718 1714 2065 1769 descenderis
2095 1715 2145 1768 in
2177 1724 2228 1770 te
2260 1714 2436 1770 infans
2464 1716 2687 1781 Christi,
2729 1719 2826 1771 tias
2863 1716 2985 1771 fons
3011 1733 3166 1786 aqua:
3212 1732 3301 1770 sa-

226 1821 410 1862 lNClPlT
452 1820 592 1860 onoo
630 1821 878 1859 BAPTISHI
906 1821 972 1858 an
1000 1819 1435 1859 succunaexnuu.
1646 1783 1688 1841 η
1719 1807 1897 1863 lientis
1939 1808 1991 1863 in
2025 1808 2190 1862 vitam
2235 1817 2514 1864 azternam.
2558 1808 2615 1863 In
2648 1810 2863 1866 nomine
2916 1810 3125 1865 Domini
3175 1808 3299 1863 Jesu

141 1896 369 1953 lledelam
402 1905 545 1950 tuam
578 1897 860 1965 deprecor,
898 1895 1121 1949 Domine
1168 1904 1353 1949 sancte
1379 1934 1393 1954 ,
1454 1893 1616 1946 Pater
1717 1896 1938 1961 Christi,
1969 1896 2021 1950 in
2046 1896 2211 1951 vitam
2236 1886 2509 1953 teternam.
2536 1898 2723 1952 Amen.

87 1992 394 2060 otnnipoteus,
433 1999 636 2042 teterne
664 1989 825 2053 Deus,
856 1988 945 2057 qui
973 1988 1207 2041 tribuisti
1235 1985 1488 2039 humanis
1515 1987 1614 2055 ⁵ἰη-
1790 1986 1892 2056 (Ad
1928 1987 2213 2057 marginem
2259 1988 2451 2043 codicis
2478 1989 2624 2044 adest
2662 1990 2772 2044 licet:
2822 1989 3029 2043 rubrica
3060 2003 3076 2040 :
3116 1990 3307 2043 deinde

88 2084 383 2139 lirinitatibus
424 2081 636 2151 erigere
666 2080 928 2136 famulum
959 2089 1108 2135 tuum
1139 2079 1471 2150 tegritudinis
1501 2078 1618 2131 lan-
1720 2079 1967 2134 sacerdos
1999 2080 2172 2133 mittat
2202 2097 2405 2136 cereum
2434 2099 2712 2138 accensum
2734 2084 2787 2136 in
2834 2084 3048 2151 fontem,
3081 2083 3256 2136 dicens
3284 2097 3302 2133 :

86 2191 187 2247 gare
209 2175 524 2243 depressum,
558 2182 611 2227 et
628 2187 841 2226 omnem
873 2187 1088 2227 sensum
1105 2170 1221 2241 ejus
1259 2171 1481 2242 dignare
1514 2168 1619 2223 tuis
1722 2171 2023 2225 Descendat
2047 2172 2100 2225 in
2132 2172 2272 2226 hanc
2309 2172 2698 2241 plenitudinem
2735 2175 2897 2229 lontis
2931 2174 3103 2243 virtus,
3134 2174 3307 2243 Spiri-

88 2265 435 2321 vi.itationibus
477 2264 723 2319 refovere
752 2304 767 2330 ,
800 2272 1065 2333 quatenus
1144 2262 1317 2333 gratia
1361 2258 1616 2330 baptismi
1725 2273 1809 2319 tus
1846 2266 2041 2321 sancti.
2077 2264 2203 2320 Post
2254 2268 2350 2321 hoc
2384 2278 2629 2337 aspergat
2676 2268 2869 2336 [ornem
2896 2268 3190 2331 chrismate,
3222 2268 3306 2319 di-

86 2359 144 2412 ttti
189 2358 481 2427 possitcum
529 2356 725 2426 gaudio
770 2356 1059 2409 sanitatem
1106 2354 1368 2423 accipere.
1402 2351 1620 2422 Expelle
1723 2374 1841 2410 cens
1867 2373 1886 2410 :
1921 2356 2121 2413 lnfusio
2150 2357 2496 2423 Chrismatis,
2529 2358 2718 2412 salutis
2754 2370 2807 2411 et
2838 2374 3011 2425 aquae,
3036 2358 3104 2411 sit
3142 2358 3194 2410 in
3215 2372 3309 2410 no-

87 2452 234 2519 itaque
254 2449 317 2503 ab
344 2463 407 2502 eo
434 2456 687 2504 cunctam
721 2447 1005 2502 contraria:
1032 2444 1618 2508 valetudinistutelam,
1724 2446 1871 2500 mine
1896 2445 2108 2499 Domini
2149 2446 2319 2501 nostri
2344 2445 2474 2501 Jesn
2499 2446 2699 2502 Christi
2751 2446 2803 2499 in
2839 2445 3003 2500 vitam
3026 2453 3307 2498 aeternam.

87 2549 132 2592 ut
169 2538 225 2591 ad
272 2538 495 2607 gratiam
550 2545 697 2590 tuam
750 2544 1030 2605 gratanter
1074 2543 1372 2599 occurrat;
1442 2534 1622 2588 releva
1724 2538 1919 2592 Amen.

84 2644 213 2697 quem
236 2629 486 2683 redimere
514 2628 765 2697 dignatus
799 2642 875 2687 es,
927 2635 983 2680 ut
1035 2625 1285 2694 baptismi
1340 2624 1410 2677 sit
1458 2623 1510 2679 in
1534 2622 1621 2675 illo

1798 2628 1995 2683 Deinde
2017 2631 2179 2700 sumet
2205 2630 2258 2683 in
2284 2646 2420 2700 aqua
2449 2629 2614 2684 tribus
2657 2629 2850 2683 vicibus
2899 2639 2945 2682 et
2976 2629 3147 2682 mittat
3171 2627 3311 2680 chri-

86 2721 246 2790 pahna,
293 2737 395 2775 non
432 2719 623 2774 mortis
656 2758 670 2782 ,
718 2727 774 2772 et
810 2717 1101 2788 gloriosum
1155 2730 1368 2785 semper
1425 2712 1623 2781 bajulet

1774 2738 1840 2775 na
1881 2722 1934 2776 in
1966 2722 2179 2776 modum
2222 2723 2392 2776 crucis
2436 2722 2497 2792 1-;
2530 2722 2717 2776 deinde
2757 2730 2935 2789 tangat
2965 2730 3013 2774 et
3068 2736 3219 2773 nares
3265 2727 3311 2772 et

86 2810 198 2880 quod
227 2810 422 2878 accepit
458 2808 792 2876 signaculum
832 2806 1093 2874 sanctrc'j‘
1120 2804 1319 2859 crucis.
1728 2827 1881 2866 aures
1923 2812 1988 2866 de
2033 2822 2209 2882 sputo,
2248 2813 2428 2867 dicens
2478 2812 2547 2865 ad
2590 2829 2771 2879 aurem
2819 2811 2959 2865 illius
3000 2811 3312 2865 sinistram:

139 2901 440 2969 Conjuratio.
474 2900 581 2955 Nec
607 2911 657 2955 te
673 2901 856 2967 lateat,
880 2910 1011 2963 etc.,
1050 2908 1104 2951 ut
1135 2900 1188 2951 in
1224 2898 1397 2961 editis,
1439 2906 1627 2965 praeter

1776 2903 2069 2972 phphetha,
2118 2904 2263 2973 quod
2284 2911 2366 2959 est
2393 2902 2716 2973 adaperire;
2751 2909 2805 2954 tu
2830 2909 3032 2967 autem,
3079 2898 3312 2964 diabolo,

85 2992 421 3045 conclusionem
444 2992 497 3046 in
530 2992 745 3045 nomine
777 2989 984 3044 Domini
1007 2988 1129 3043 Jesu
1153 2988 1376 3043 Christi.
1731 2994 1967 3064 ell‘ngare
1990 3012 2006 3062 ;
2032 2993 2485 3067 appropinquabit
2507 2993 2649 3048 enim
2675 2990 2945 3061 judicium
2981 2985 3100 3044 Dei.

138 3081 333 3135 hiitiutn
358 3082 528 3134 sancti
559 3080 831 3150 Evangelii
863 3079 1157 3134 secundum
1172 3077 1503 3132 Matutlneum.
1539 3074 1629 3128 Li-
1655 3124 1697 3179 Γ
1804 3082 1996 3138 postea
2024 3100 2140 3139 υενο
2186 3092 2366 3153 (angar
2404 3082 2449 3136 εἰ
2489 3092 2685 3152 pectus,
2728 3091 2774 3135 ει
2816 3082 2951 3135 inter
2987 3077 3231 3146 scapulas
3250 3078 3318 3130 de

85 3173 162 3226 ber
186 3174 536 3243 generationis
565 3172 691 3228 Jesu
722 3171 921 3226 Christi
953 3170 1075 3225 Filii
1129 3168 1422 3223 Abraham.
1456 3167 1622 3219 Abra-

1775 3178 1842 3232 lco
1868 3178 2169 3232 exorcizato
2188 3191 2301 3229 cum
2324 3173 2510 3245 pollice
2532 3190 2736 3227 crucem
2766 3170 3040 3241 faciendo;
3064 3178 3111 3223 et
3138 3176 3312 3223 vocato

86 3265 184 3318 ham
212 3275 379 3319 autem
420 3267 605 3337 genuit
632 3266 801 3331 Isaac,
834 3264 983 3319 Isaae
1005 3272 1185 3317 autem
1228 3261 1413 3332 genuit
1435 3258 1625 3323 Jacoh,
1732 3270 1938 3323 nomine
1967 3269 2082 3337 ejus
2121 3268 2299 3320 dicar;

84 3353 222 3409 3300b
262 3366 437 3411 autent
467 3357 652 3428 geniti!
680 3354 873 3410 ludam
919 3366 973 3409 cl
1033 3354 1234 3408 fralt‘es
1264 3354 1400 3422 eius.
1456 3352 1534 3406 EX
1563 3368 1625 3406 ea
1800 3360 2165 3414 Abrenuntias
2219 3357 2434 3411 Satana:
2456 3356 2478 3408 ?
2500 3356 2554 3421 ri.
2584 3353 2937 3408 Abrenuntio.
2975 3350 3043 3405 Et
3063 3348 3317 3404 omnibus

83 3447 394 3513 generatione
422 3457 548 3502 nata
568 3456 651 3502 est
682 3445 844 3517 Virgo
875 3444 1040 3500 Maria
1074 3443 1248 3499 Mater
1272 3442 1481 3498 Domini
1508 3459 1629 3497 nos-
1731 3450 1989 3518 operibus
2025 3447 2186 3516 ejus?
2211 3448 2265 3516 [ἢ.
2297 3446 2654 3502 Abrcnuntio.
2699 3443 2766 3497 Et
2794 3440 3047 3496 omnibus
3099 3439 3313 3510 pompis

88 3538 141 3590 tri
167 3537 284 3594 Jesu
309 3539 533 3594 Christi.
1732 3543 1893 3613 ejus?
1916 3544 1970 3610 ii.
1996 3541 2353 3596 Abrenuntio.
2386 3539 2474 3609 (In
2520 3537 2755 3607 margine
2780 3536 3063 3589 adnotatur
3092 3550 3108 3589 :
3142 3532 3311 3601 Fuge,

142 3631 341 3684 Initium
368 3631 539 3686 sancti
571 3628 844 3699 Evangelii
867 3628 1160 3684 secundum
1183 3627 1401 3681 Lucam.
1430 3625 1553 3680 Fuit
1575 3626 1629 3678 in
1733 3635 2009 3688 immunde
2036 3633 2278 3702 spiritus,
2334 3633 2399 3686 da
2453 3632 2714 3685 honorem
2765 3630 2873 3682 Deo
2905 3628 3028 3681 vivo
3080 3634 3135 3680 et
3163 3640 3309 3679 vero.

83 3721 242 3776 diebus
271 3722 510 3786 Herodis,
543 3731 674 3787 etc.,
702 3738 861 3791 usque
882 3721 949 3774 ad
980 3720 1095 3776 sine
1135 3718 1372 3788 querela.

1735 3725 1852 3788 Exi,
1887 3724 2160 3779 immunde
2184 3723 2426 3793 spiritus,
2454 3722 2518 3775 da
2547 3721 2718 3775 locum
2742 3719 2965 3789 Spiritui
2996 3714 3230 3784 sancto.)

139 3814 413 3883 Sequentia
473 3816 645 3870 sancti
694 3813 969 3886 Evangelii
1025 3812 1319 3868 secundum
1367 3811 1627 3866 Marcum.
1806 3813 2133 3883 Inlerroget:
2164 3813 2355 3867 Credis
2379 3814 2430 3865 in
2454 3812 2618 3865 Deum
2638 3809 3023 3873 Patrem?etc,
3052 3820 3104 3860 ut
3133 3822 3316 3876 supra,

82 3903 268 3961 initium
302 3907 571 3977 Evangelii
600 3906 729 3963 Jcsu
756 3906 982 3974 Christi,
1012 3914 1142 3970 etc.,
1173 3921 1334 3975 usque
1363 3904 1430 3957 ad
1453 3903 1631 3958 omnis
1735 3922 1894 3975 usque
1921 3906 1989 3957 ad
2023 3904 2261 3957 ultimum
2292 3919 2589 3972 responsum
2620 3902 2811 3955 Credo.

82 4011 191 4052 caro
215 4000 452 4056 salutare
483 4000 598 4055 Dei.
1809 3996 1877 4049 Et
1905 3997 2181 4064 interroget
2210 4012 2328 4048 eum
2369 3994 2534 4047 tribus
2585 3992 2775 4046 vicibus
2822 3990 2895 4043 ita
2928 3988 3185 4043 dicendo:
3219 3985 3316 4043 Vis

136 4092 336 4148 Initium
388 4094 560 4149 sancti
599 4093 867 4166 Evangelii
911 4092 1206 4150 secundum
1253 4091 1537 4147 Joannem.
1576 4089 1633 4143 lu
1736 4085 2001 4156 baptizari
2028 4085 2126 4152 ἳιῆ.
2160 4083 2293 4139 Volo
2320 4082 2464 4153 (ter).

80 4186 318 4256 principio
340 4196 461 4242 erat
490 4187 723 4240 Verbum
770 4195 826 4241 et
858 4185 1094 4242 Verbum
1124 4193 1243 4241 erat
1271 4182 1410 4255 apud
1445 4184 1633 4246 Deum,
1808 4180 2003 4248 Etego
2054 4186 2104 4230 te
2130 4175 2344 4246 baptizo
2378 4176 2428 4228 in
2469 4173 2682 4227 nomine
2726 4172 2923 4231 Patris,
2966 4179 3011 4221 et
3042 4183 3233 4237 merge,
3264 4175 3318 4221 et

79 4286 122 4329 et
161 4277 295 4332 Deus
331 4287 447 4331 erat
498 4276 758 4331 Verbum.
809 4275 922 4331 Hoc
955 4287 1075 4330 erat
1104 4276 1159 4330 in
1194 4273 1461 4344 principio
1495 4271 1636 4342 apud
1738 4267 1879 4335 Fliii,
1912 4276 1959 4321 et
1981 4282 2168 4335 merge,
2200 4275 2251 4319 et
2276 4264 2510 4334 Spiritus
2539 4261 2737 4326 sancti,
2765 4270 2809 4313 et
2842 4274 3029 4326 merge.

80 4365 242 4423 Deum.
279 4368 471 4425 Omnia
494 4382 590 4438 per
624 4369 799 4437 ipsum
828 4367 969 4433 facta
996 4377 1126 4421 sunt
1151 4376 1206 4423 et
1237 4365 1355 4422 sine
1381 4364 1499 4434 ipso
1521 4364 1636 4417 fuc-
1812 4360 2089 4429 Baptizato
2138 4368 2310 4411 autem
2356 4356 2580 4423 infante,
2612 4354 2774 4421 facint
2821 4350 3088 4419 presbyter
3114 4348 3318 4417 signum

81 4464 173 4510 tum
193 4467 271 4513 est
302 4458 453 4522 nihil,
495 4470 601 4514 etc.
635 4457 701 4510 Et
736 4459 811 4511 sic
842 4466 1005 4511 totum
1037 4457 1267 4509 dicatur.
1672 4462 1717 4515 1)
1741 4452 1911 4506 crucis
1938 4449 2001 4504 de
2042 4449 2320 4502 chrismate
2354 4462 2471 4499 cum
2513 4445 2698 4514 pollice
2726 4444 2779 4497 in
2825 4441 3007 4497 vertice
3056 4440 3171 4509 ejus
3200 4453 3319 4490 cum

201 4565 511 4606 BENEDICTIO
555 4566 705 4613 aqua
746 4566 811 4603 an
837 4563 1206 4604 BAPTIIANDUM
1245 4560 1528 4601 txrtnuuu.
1740 4542 2062 4597 invocatione
2107 4549 2301 4593 saneta:
2359 4536 2653 4601 Trinitatis,
2681 4536 2856 4588 dicens
2914 4547 2931 4583 :
2983 4531 3040 4586 lu
3102 4530 3320 4593 nomine

136 4639 194 4695 In
228 4644 413 4710 primis
446 4644 692 4696 dicantur
741 4641 960 4695 litania'.
992 4640 1194 4695 Deinde
1235 4639 1468 4708 sequitur
1528 4637 1639 4691 [nec
1691 4674 1699 4678 -
1742 4633 1922 4688 Patris
1947 4641 2002 4689 et
2025 4631 2146 4685 Filii
2175 4639 2231 4685 et
2258 4629 2494 4699 Spiritus
2537 4629 2707 4683 sancti
2739 4643 2753 4691 ;
2783 4636 2827 4679 et
2860 4624 2999 4677 dicat
3030 4623 3163 4675 lianc
3202 4636 3324 4672 ora-

80 4738 248 4787 oratio.
1742 4728 1930 4779 tionem
1953 4739 1971 4777 :

138 4825 332 4882 Exaudi
361 4844 476 4895 nos,
503 4828 841 4897 omnipotens
870 4826 1032 4890 Dens,
1052 4835 1108 4881 et
1133 4823 1290 4892 hujus
1327 4838 1479 4893 aqua:
1504 4823 1631 4879 sub-
1813 4817 1955 4872 Deus
1974 4816 2314 4886 omnipotens
2340 4822 2393 4868 et
2415 4812 2576 4866 Pater
2602 4809 2807 4865 Domini
2833 4807 2998 4862 nostri
3024 4804 3149 4858 Jesu
3174 4803 3328 4858 Chri-

78 4920 270 4971 stantisc
308 4919 551 4973 immisce
582 4919 857 4981 virtutem,
892 4928 951 4971 ut
992 4916 1240 4971 abluendi
1274 4930 1369 4985 per
1408 4930 1526 4968 eam
1557 4929 1642 4968 sa-
1745 4911 1837 4974 sti,
1864 4909 1952 4978 qui
1988 4917 2039 4963 te
2092 4907 2435 4976 regeneravit
2488 4921 2553 4960 ex
2585 4920 2721 4974 aqua
2769 4914 2824 4956 et
2864 4901 3068 4971 Spiritu
3113 4906 3324 4959 sancto,

76 5009 281 5066 nitatem
308 5012 463 5065 simul
499 5020 554 5065 et
593 5011 755 5063 vitam
786 5025 1091 5063 mereannir
1120 5018 1400 5062 aeternam.
1426 5006 1548 5059 Per.
1745 5000 1949 5070 quique
1980 4999 2127 5053 dedit
2151 4999 2245 5053 tibi
2277 4997 2648 5053 remissionem
2677 4995 2915 5049 omnium
2955 4998 3325 5061 peccatorum,

581 5104 922 5158 Exorcismus
954 5119 1125 5174 aqua’.
1748 5096 1861 5164 ipse
1912 5103 1962 5148 te
2023 5093 2176 5146 liniat
2225 5092 2521 5147 chrismate
2573 5089 2762 5143 salutis
2824 5087 2876 5139 in
2928 5083 3143 5139 Christo
3198 5080 3326 5133 .lcsu

138 5195 396 5251 Esorcizo
429 5204 501 5261 te,
528 5205 775 5253 creatura
804 5212 981 5264 aquae,
1002 5171 1077 5247 Vin
1110 5193 1327 5247 nomine
1350 5192 1388 5261 οξ·
1414 5190 1504 5246 Dei
1544 5190 1646 5244 Pa-
1751 5185 1975 5240 Domino
2004 5193 2207 5237 nostro.
2233 5180 2343 5235 Pax
2377 5181 2468 5235 tibi
2501 5180 2551 5233 in
2601 5178 2764 5231 vitam
2816 5183 3095 5229 internum.
3133 5171 3326 5225 Amen.

77 5287 164 5340 tris
198 5288 607 5357 omnipotentis,
648 5297 706 5342 ct
752 5288 805 5341 in
851 5287 1066 5340 nomine
1097 5284 1223 5340 Jesu
1273 5284 1471 5339 Christi
1526 5282 1645 5336 Filii
1976 5276 2171 5329 [NCIPIT
2200 5290 2338 5327 0800
2370 5287 2434 5324 AD
2461 5284 2847 5323 ΝΕΝΙΊΕΝΤΙΛΜ
2872 5279 3106 5319 nmmu-

76 5375 179 5445 tjus
208 5380 270 5447 cf,
300 5389 360 5433 et
388 5380 440 5433 in
474 5379 671 5433 virtute
699 5378 934 5447 Spiritus
959 5377 1132 5431 sancti
1160 5377 1219 5447 'j‘,
1249 5385 1304 5429 ut
1336 5375 1512 5430 omnis
1540 5376 1643 5427 vir-
1822 5370 1887 5424 In
1913 5370 2094 5439 primis
2138 5368 2262 5419 dicit
2305 5364 2543 5417 sacerdos
2568 5378 2586 5415 :
2618 5360 2842 5415 Domine
2890 5359 3028 5411 Deus
3074 5355 3325 5424 omnipo»

76 5471 504 5533 tusadversarii,
537 5481 592 5524 et
616 5470 794 5524 omnis
823 5470 1061 5524 incursio
1092 5469 1304 5523 Satanze
1333 5508 1346 5532 ,
1376 5482 1645 5537 omneque
1756 5473 1889 5525 tcns,
1942 5459 2206 5530 propitius
2255 5464 2371 5509 esto
2408 5454 2536 5508 mihi
2573 5452 2866 5522 peecatori,
2920 5458 2978 5503 ut
3009 5449 3167 5520 digne
3200 5463 3325 5517 pose

78 5562 391 5630 phantasma
418 5562 719 5627 cradicare,
752 5570 809 5616 et
853 5561 1167 5630 explantare
1212 5567 1267 5613 et
1298 5558 1536 5629 ell‘ugare
1580 5557 1648 5613 ab
1753 5556 1851 5610 sim
1878 5552 1969 5606 tibi
1995 5548 2195 5619 gratias
2242 5561 2423 5616 agere,
2456 5544 2545 5613 qui
2582 5558 2668 5597 me
2701 5542 2974 5612 indignum
3001 5548 3327 5610 ctpeecato-

78 5658 171 5710 hac
195 5666 447 5712 creatura
487 5672 661 5725 aqum,
692 5664 753 5711 ut
787 5654 857 5710 sit
878 5654 999 5710 fons
1026 5669 1175 5723 aqua:
1200 5653 1440 5707 salientis
1484 5652 1537 5707 in
1572 5653 1646 5706 vi~
1753 5662 1865 5702 rem
1891 5645 1955 5698 ad
1979 5641 2336 5698 ministerium
2363 5646 2510 5691 tuum
2541 5650 2736 5692 vocare
2772 5636 3023 5707 dignatus
3044 5649 3121 5697 es,
3158 5642 3211 5686 et
3242 5646 3328 5684 me

78 5760 494 5820 uuumternam,
525 5752 694 5821 utqui
742 5767 805 5808 ex
838 5765 901 5823 ea
953 5749 1251 5820 baptizatus
1298 5746 1456 5802 fuerit
1488 5785 1503 5814 ,
1558 5745 1651 5801 liat
1753 5740 2007 5809 exiguum
2055 5743 2107 5791 et
2163 5731 2420 5790 humilem
2486 5728 2811 5788 constituisti
2867 5725 3206 5811 intercedere
3258 5726 3363 5780 ad.
