3892 6314
627 303 738 361 915

1855 311 2026 368 5.456.
2062 312 2131 367 X1
2156 311 2424 371 NONUM.
2468 315 2745 374 LITURG.

3716 334 3785 393 916

623 422 908 489 Dominum
934 440 1173 487 nostrum
1195 431 1378 487 Jestnn
1403 434 1677 488 Christum
1701 449 1801 501 pro
1832 436 2198 504 peccantibus.
2229 450 2275 506 Α
2305 436 2371 490 de
2402 446 2489 491 tua
2523 438 2886 493 misericordia
2918 440 3195 495 confidens
3236 440 3306 496 ad
3356 450 3545 499 :cterna
3588 451 3785 517 gaudiate

621 528 873 596 Ideoque,
926 526 1236 580 dominator
1278 526 1523 589 Domine,
1573 525 1666 593 qui
1717 540 1907 579 omnes
1955 525 2202 580 homines

620 618 703 671 vis
731 617 912 671 salvos
941 614 1078 677 fieri,
1135 624 1190 669 et
1218 614 1285 668 ad
1340 615 1673 685 agnitionem
1717 615 1963 669 veritatis
1994 615 2201 681 venire,

620 706 712 775 qui
753 721 859 759 non
899 706 982 759 vis
1006 714 1238 760 mortem
1269 714 1645 775 peccatorum,
1675 706 1767 760 sed
1794 713 1850 758 ut
1877 716 2201 759 convertan-

622 804 709 848 tur
768 804 825 849 et
878 795 1106 859 vivant,
1163 795 1379 864 suscipe
1432 795 1736 849 orationem
1790 809 1988 858 meam,
2041 809 2202 864 quam

620 880 777 940 iacio
803 895 933 941 ante
966 896 1316 955 conspectum
1371 894 1519 941 tuum
1552 901 1651 955 pro
1698 902 1785 941 me
1814 897 2099 956 peccatore
2146 895 2203 940 et

620 993 717 1046 pro
744 977 887 1045 aliis,
940 981 1031 1049 qui
1060 979 1128 1034 ad
1158 978 1533 1048 ptenitentiam
1562 979 1632 1033 ad
1677 994 1764 1034 me
1793 979 2038 1047 veniunt,
2078 978 2199 1035 Sal-

614 1078 791 1125 vator.

694 1159 1035 1231 lnterrogat:
1085 1160 1281 1216 Credis
1313 1161 1364 1216 in
1397 1162 1566 1216 Deum
1606 1162 1824 1217 Patrem
1867 1161 2205 1231 omnipoten-

620 1258 752 1315 tem,
791 1257 846 1305 et
868 1250 1085 1316 Filium,
1105 1261 1161 1305 et
1190 1250 1453 1315 Spiritum
1477 1260 1726 1307 sanctum
1754 1252 1777 1305 ?
1807 1251 1863 1319 ἡ.
1895 1250 2089 1306 Credo.

689 1340 881 1396 Credis
937 1343 1080 1410 quod
1114 1341 1167 1395 in
1217 1341 1320 1396 ista
1354 1357 1541 1408 carne,
1572 1342 1625 1397 in
1664 1358 1769 1413 qua
1808 1358 1953 1398 nunc
1995 1357 2074 1406 es,
2113 1358 2200 1397 re-

617 1448 841 1502 surgere
882 1433 1049 1488 habes
1080 1434 1131 1486 in
1165 1433 1251 1488 die
1284 1432 1501 1501 iudicii,
1523 1444 1577 1488 et
1640 1435 1880 1503 recipere
1914 1435 2057 1504 quod
2080 1448 2201 1507 ges-

616 1524 733 1578 sisti
756 1524 872 1578 sive
894 1526 1119 1588 bonum,
1151 1523 1486 1590 siveniainm
1517 1524 1613 1592 ἳιῆ.
1646 1524 1842 1579 Credo.

689 1616 780 1672 Vis
809 1617 1085 1672 dimittere
1138 1616 1263 1681 illis,
1288 1617 1378 1687 qui
1413 1618 1466 1671 in
1501 1626 1550 1672 te
1572 1625 1955 1687 peccaverunt,
1979 1616 2197 1671 dicente

614 1710 889 1765 Domino:
923 1708 980 1764 Si
1038 1724 1145 1764 non
1200 1710 1523 1765 remiseritis
1577 1718 1796 1780 peccata
1842 1710 2190 1775 hominibus;

2305 536 2618 598 protegente
2644 529 2943 597 perveniat.
2968 528 3091 584 Per.

2374 617 2495 670 Alia
2551 620 2741 673 oratio.
2790 618 3131 690 Maiestatem
3174 630 3340 685 tuam,
3394 622 3601 683 Damine
3640 643 3787 699 sancte,

2304 706 2466 762 Pater
2519 711 2881 780 ontnipotens,
2921 722 3124 767 aeterne
3174 714 3311 768 Deus
3355 716 3444 783 qui
3491 734 3585 771 non
3624 736 3787 779 mortem

2304 800 2385 853 vis
2414 810 2778 869 peccatorum,
2805 803 2899 857 sed
2924 804 3086 857 vitam
3122 820 3338 874 semper
3365 806 3596 875 inquiris,
3636 821 3680 866 te
3708 830 3790 884 sup-

2305 886 2522 955 pliciter
2572 905 2880 956 exoramus,
2930 892 3137 961 reSpice
3166 891 3380 947 ﬂentem
3421 894 3651 951 famulum
3690 907 3788 957 tuum

2306 982 2373 1034 ad
2426 990 2478 1035 te
2527 991 2883 1050 prostratum,
2940 982 3166 1053 ejusque
3216 982 3485 1051 planctum
3530 985 3575 1039 in
3607 990 3788 1057 gaudium

2306 1080 2411 1125 tua:
2433 1073 2797 1127 miserationis
2832 1082 3124 1139 converte;
3176 1074 3361 1129 scinde
3390 1074 3676 1131 delictorum
3707 1096 3789 1137 sac-

2304 1180 2450 1228 cum,
2480 1173 2536 1218 et
2562 1164 2724 1219 indue
2749 1179 2873 1218 eum
2912 1164 3148 1219 laetitiam
3177 1165 3488 1231 salutarem,
3518 1177 3568 1220 ut
3591 1179 3688 1237 post
3713 1171 3790 1226 lou-

2303 1270 2424 1326 gam
2481 1254 2935 1325 peregrinationis
2988 1254 3190 1309 famem
3246 1256 3314 1310 de
3358 1257 3553 1312 sanctis
3599 1258 3791 1318 altaribus

2302 1346 2553 1409 satietur,
2585 1345 2863 1414 ingressus
2902 1345 3209 1399 cubiculum
3237 1345 3402 1415 Regis
3447 1347 3498 1401 in
3553 1348 3693 1416 ipsius
3712 1352 3795 1405 aula

2300 1434 2586 1490 hcnedicat
2643 1450 2841 1489 nomen
2890 1434 3076 1506 gloria:
3129 1444 3255 1489 ture.
3303 1435 3409 1491 Per
3454 1434 3700 1491 Dominum
3732 1456 3796 1495 uo-

2298 1532 2494 1582 strum.
3094 1560 3097 1561 ν
3456 1552 3457 1555 η
3576 1586 3583 1587 ί

2367 1616 2692 1673 Benedictio.
2750 1618 3042 1675 Benedieat
3072 1618 3166 1673 tibi
3213 1618 3471 1674 Dominus
3512 1619 3795 1691 omnipotens,

2295 1724 2351 1768 et
2382 1714 2652 1769 custodiat
2687 1723 2760 1769 te.
2790 1713 3054 1769 Ostendat
3086 1714 3346 1769 Dominus
3368 1711 3551 1767 faciem
3577 1723 3696 1767 tuam
3716 1716 3798 1781 tibi,

613 1816 715 1855 nec
741 1801 905 1856 Pater
944 1810 1124 1855 vester
1153 1801 1387 1856 dimittet
1428 1802 1579 1857 vobis
1617 1808 1841 1872 peccata
1881 1800 2111 1856 vestra?
2137 1801 2192 1872 ἢ.
2225 1805 2271 1864 Β
2298 1816 2353 1858 et
2375 1806 2815 1861 misereaturtui.
2853 1804 3149 1860 Convertat
3166 1804 3430 1859 Dominus
3463 1804 3645 1859 vultum
3666 1819 3798 1873 suum,

608 1890 765 1947 Volo.

689 1980 845 2037 Dicat
866 2000 893 2040 ει
915 1983 972 2038 in
1004 2000 1199 2039 manus
1232 1993 1371 2049 tuas,
1404 1985 1649 2047 Domine,
1682 1984 2001 2040 commendo
2030 1982 2194 2053 spiri-

610 2084 723 2129 tum
773 2092 974 2130 meum.
1038 2076 1226 2131 Tribus
1273 2079 1468 2133 vicibus
1500 2078 1789 2148 capitulum
1836 2078 2193 2147 suscepimus,

607 2166 778 2236 Dens,L
798 2168 1227 2223 misericordiam
1265 2178 1410 2223 tuam
1436 2186 1597 2239 usque
1623 2169 1845 2223 dextera
1875 2177 1984 2222 tua.
2018 2167 2148 2222 Psal
2174 2180 2193 2219 :

606 2257 841 2328 Magnus
883 2259 1162 2314 Dominus.
1219 2258 1424 2315 Gloria.
1480 2260 1663 2330 Kyrie,
1721 2259 1961 2325 Christe,
2009 2258 2193 2330 Kyric,

605 2349 768 2405 Pater
814 2359 1020 2405 noster.
1066 2351 1134 2405 Et
1181 2367 1268 2407 ne.
1289 2351 1590 2422 Capitulum
1627 2361 1979 2417 convertere,
2032 2352 2192 2416 Deus,

608 2440 1029 2511 aliquantulum.
1062 2440 1126 2495 Et
1178 2442 1495 2512 deprecare.
1548 2441 1739 2497 Salvos
1787 2442 1875 2497 fac
1917 2455 2106 2496 servos
2134 2446 2197 2495 et

605 2532 832 2588 ancillas
866 2543 1007 2600 tuas,
1060 2534 1203 2589 Deus
1249 2549 1422 2589 meus.
1471 2533 1615 2589 Nihil
1641 2534 1890 2603 proficiat
1920 2534 2191 2588 inimicus.

602 2626 672 2680 Et
732 2625 883 2682 filius
928 2626 1252 2696 iniquitatis.
1310 2624 1464 2681 Mitte
1522 2627 1610 2692 ei,
1679 2626 1865 2690 Deus,
1904 2612 2192 2678 auxilium

603 2717 673 2771 de
722 2720 931 2773 sancto.
964 2717 1033 2771 Et
1057 2718 1124 2773 de
1173 2716 1326 2773 Sion.
1360 2717 1609 2781 Domine,
1658 2715 1853 2770 exaudi
1891 2716 2191 2770 orationem

604 2822 804 2863 meam.
853 2808 925 2863 Et
962 2808 1172 2865 clamor
1216 2823 1389 2866 meus.
1454 2809 1715 2865 Dominus
1777 2807 2073 2866 vobiscum.
2126 2808 2195 2863 Et

604 2916 757 2957 ειιιη.

678 2988 886 3044 Oratio.
917 2990 1207 3061 Suscipere
1234 2991 1495 3060 digneris,
1522 2991 1751 3048 Domine
1780 2996 1987 3057 sancte,
2030 2989 2193 3045 Pater

603 3080 968 3150 onmipotens,
995 3089 1198 3138 :eterne
1234 3082 1397 3148 Deus,
1422 3083 1563 3138 hunc
1595 3083 1855 3138 famulum
1893 3092 2065 3146 tuum,
2095 3083 2185 3152 qui

602 3149 978 3227 viamierroris
1006 3169 1283 3228 dimittere
1342 3175 1508 3244 cupit,
1547 3182 1603 3229 et
1648 3175 1716 3229 ad
1754 3175 1896 3228 viam
1939 3149 2185 3228 veritatis
2215 3149 2257 3208 C

603 3276 827 3318 currere
855 3263 1129 3320 desiderat
1156 3282 1171 3317 :
1197 3275 1418 3336 prmsta,
1453 3281 1655 3335 qumso,
1686 3266 1931 3331 Domine,
1958 3274 2017 3319 ut
2047 3265 2188 3320 sicut

601 3368 728 3409 eum
753 3367 821 3408 ex
848 3368 989 3433 aqua
1018 3364 1074 3411 et
1105 3355 1309 3430 Spiritu
1340 3364 1529 3411 sancto
1575 3356 1715 3410 dono
1744 3365 1848 3410 tute
1889 3354 2076 3425 gratia
2100 3370 2187 3409 re-

600 3459 864 3514 generare
891 3447 1144 3518 dignatus
1168 3463 1251 3514 es,
1282 3449 1353 3503 ita
1381 3450 1626 3503 concede
1662 3449 1927 3520 propitius
1946 3488 1959 3512 ,
2002 3456 2061 3502 ut
2091 3464 2189 3518 per

600 3552 789 3593 veram
835 3548 1192 3609 sanctamque
1245 3540 1642 3597 confessionem
1686 3549 1889 3597 satietas
1932 3539 2188 3595 Ecclesiae

603 3640 707 3685 tua:
736 3632 1027 3703 aggregari‘
1049 3642 1349 3688 mereatur.
1376 3632 1501 3688 Per.

672 3740 815 3795 Alia.
844 3741 1074 3807 Exaudi,
1109 3742 1561 3815 Domine,_preccs
1586 3742 2187 3808 nostras,ctconlitenti

602 3830 703 3886 tibi
728 3846 891 3900 parce
918 3833 1186 3902 peccatis,
1204 3843 1261 3889 ut
1282 3851 1443 3905 quem
1481 3837 1829 3892 conscientia:
1857 3851 1967 3891 sua:
2000 3844 2186 3891 reatus

601 3932 844 3991 accusat,
884 3925 1232 3998 indulgentia:
1291 3938 1395 3983 tum
1446 3929 1725 3985 miseratio
1764 3929 2025 3985 absolvat.
2060 3929 2183 3985 Per.

670 4040 814 4096 Alia.
846 4041 1154 4099 Praeveniat
1190 4044 1319 4101 huic
1341 4044 1543 4101 famulo
1574 4054 1687 4113 tuo,
1718 4060 2049 4117 quaesumus,
2080 4045 2188 4102 Do-

602 4130 785 4199 mine,
823 4132 1197 4190 misericordia
1230 4145 1342 4202 tua,
1386 4145 1445 4191 ut
1490 4151 1682 4192 omnes
1735 4136 2052 4207 iniquitates
2070 4136 2188 4207 ejus

606 4222 772 4279 veleri
798 4224 1133 4294 indulgentia
1159 4227 1461 4282 deleantur.
1492 4226 1616 4285 Per.

677 4333 877 4393 Deinde.
903 4344 1097 4407 septem
1141 4335 1375 4407 psalmos
1423 4353 1540 4390 cum
1564 4380 1565 4383 η
1591 4337 1828 4391 lectione.
1855 4335 2183 4407 Capitutum.

595 4430 870 4488 Converte
919 4447 1040 4500 nos,
1100 4432 1275 4500 Deus,
1314 4434 1565 4489 salutaris
1609 4444 1816 4488 noster.
1870 4434 1935 4489 Et
1973 4443 2185 4491 averte.

599 4520 745 4587 Fiat,
802 4516 970 4589 Deus,
1030 4524 1404 4580 misericordia
1455 4535 1565 4580 tua.
1622 4524 1774 4580 Sicut
1827 4525 2184 4594 speravimus.

601 4612 852 4679 Domine,
883 4617 1080 4673 exaudi
1120 4618 1421 4676 orationem
1456 4638 1469 4674 :
1507 4620 1576 4674 Et
1626 4619 1834 4675 clamor
1870 4635 2043 4675 meus.
2078 4621 2184 4674 Do-

602 4706 782 4763 minus
802 4707 1101 4765 vobiscum.

674 4819 883 4879 Oratio.
933 4822 1157 4891 Precor,
1215 4824 1473 4893 Domine,
1515 4824 1852 4881 clementiam
1910 4832 2074 4889 tuam,
2132 4831 2187 4878 et

601 4918 1030 4977 misericordiam
1062 4919 1365 4989 maiestatis
1408 4929 1533 4985 ture,
1584 4927 1641 4973 ut
1685 4917 1811 4973 huic
1858 4917 2060 4972 famulo
2097 4926 2188 4972 tuo

601 5018 825 5076 peccata
876 5018 933 5067 et
976 5008 1222 5065 facinora
1270 5009 1549 5065 confitenti
1597 5010 1807 5065 veniam
1856 5008 2085 5074 relaxes,
2132 5017 2188 5063 et

601 5102 999 5176 praeteritorum
1043 5103 1331 5164 criminum
1390 5103 1575 5173 culpas
1601 5103 1874 5158 dimittere
1907 5102 2181 5173 digneris;

601 5193 693 5261 qui
717 5194 959 5253 humeris
986 5194 1091 5261 tuis
1111 5209 1265 5250 ovem
1296 5194 1563 5265 perditam
1589 5194 1850 5254 reduxisti
1881 5193 1948 5248 ad
1975 5192 2182 5257 caulas,

600 5292 657 5343 et
683 5286 777 5355 qui
828 5284 1100 5363 publicani
1151 5287 1414 5357 precibus
1454 5294 1510 5343 et
1555 5286 1897 5341 confessione
1943 5284 2186 5355 placatus

602 5391 681 5442 es,
709 5376 957 5431 tuetiam
1006 5376 1131 5431 huic
1177 5376 1375 5431 famulo
1418 5385 1508 5431 tuo
1542 5368 1793 5446 placare,
1838 5375 2084 5442 Domine,
2130 5382 2184 5428 tu

602 5467 764 5537 hujus
808 5482 1004 5539 preces
1052 5468 1318 5539 benignus
1362 5471 1597 5546 suscipe,
1655 5468 1871 5523 remitte
1917 5467 1966 5521 ei
2001 5466 2184 5522 omnia

602 5560 833 5634 crimina
866 5569 920 5615 et
949 5570 1191 5630 peccata,
1226 5569 1282 5617 et
1308 5562 1374 5616 da
1404 5561 1453 5618 ei
1484 5576 1584 5637 pro
1632 5561 1909 5635 suppliciis
1948 5561 2181 5625 veniam,

599 5648 703 5721 pro"
735 5666 971 5708 mterore
1026 5653 1269 5708 laetitiam
1301 5694 1315 5719 ,
1358 5669 1457 5723 pro
1504 5663 1679 5709 morte
1736 5653 1905 5708 vitam
1939 5669 1954 5718 ;
2005 5662 2060 5707 ct
2091 5653 2183 5723 qui

602 5742 670 5799 ad
714 5748 922 5801 tantam
971 5757 1119 5813 spc'n
1176 5742 1414 5800 caelestis
1475 5744 1645 5819 apicis
1702 5743 1989 5800 devolutus
2044 5753 2127 5798 est
2166 5782 2180 5810 ,

2264 1914 2267 1919 ·
2300 1906 2355 1951 et
2379 1897 2472 1950 det
2493 1897 2588 1952 tibi
2628 1913 2838 1967 pacem.

2369 1988 2494 2042 Alia
2554 1988 2863 2044 benedictio.
2916 1987 3212 2043 Benedicat
3279 1986 3377 2041 tibi
3430 1986 3661 2041 Dominus
3702 1988 3799 2043 Deus

2252 2088 2257 2093 '
2297 2082 2667 2151 omnipotens,
2721 2090 2777 2135 et
2826 2080 3101 2136 custodiat
3131 2088 3202 2143 te,
3246 2088 3304 2133 et
3356 2093 3452 2147 per
3489 2080 3798 2132 abundantiam

2252 2184 2255 2189 '
2298 2172 2473 2227 sancti
2516 2162 2752 2244 Spiritus
2779 2187 2876 2227 cor
2909 2179 3059 2226 tnum
3110 2171 3447 2235 corroboret,
3472 2180 3673 2225 mentem
3696 2179 3802 2226 tuam

2298 2264 2629 2331 sanctiﬁcat,
2687 2264 2857 2318 vitam
2904 2262 3233 2333 amplificet,
3286 2261 3638 2318 castimoniam
3686 2262 3802 2316 deco-

2254 2366 2402 2423 -'rct,
2430 2365 2595 2426 atque
2635 2371 2830 2411 sensus
2857 2363 2978 2433 tuos
3009 2355 3063 2410 in
3122 2356 3282 2410 bonis
3327 2355 3568 2423 operibus
3591 2353 3801 2415 informet,

2297 2459 2554 2517 prospera
2583 2444 2803 2510 tribuat,
2825 2459 3015 2514 pacein
3032 2438 3335 2510 concedat,
3363 2441 3576 2497 salutem
3598 2440 3801 2501 conferat,

2301 2532 2537 2607 quietem
2569 2537 2796 2598 nutriat,
2827 2535 3151 2590 charitatem
3194 2532 3402 2599 foveat,
3430 2541 3483 2587 et
3526 2531 3587 2585 ab
3610 2532 3805 2586 omnibus

2297 2631 2581 2687 diabolicis
2623 2637 2679 2684 et
2706 2628 2955 2684 humanis
2986 2627 3197 2682 insidiis
3254 2642 3351 2681 sua
3391 2635 3444 2681 te
3489 2640 3674 2694 semper
3716 2639 3804 2693 pro-

2299 2725 2530 2779 tectione
2562 2721 2835 2786 defendat,
2882 2730 2941 2775 ut
2984 2720 3246 2789 quidquid
3278 2719 3349 2773 ab
3377 2732 3442 2773 eo
3487 2717 3803 2787 poStnlaveris,

2295 2817 2590 2871 clementer
2621 2812 2903 2876 concedat,
2937 2810 3153 2866 auferat
3192 2810 3375 2866 omnia
3426 2808 3578 2875 mala,
3604 2824 3709 2879 qua:
3724 2823 3807 2878 ges-

2296 2907 2437 2972 sisti,
2488 2913 2543 2960 et
2579 2904 2783 2959 tribuat
2813 2902 2909 2957 tibi
2944 2902 3197 2973 gratiam,
3228 2915 3392 2971 quam
3419 2914 3618 2970 semper
3639 2899 3805 2969 rogasti.

2295 3000 2395 3067 Qui
2426 2997 2581 3051 vivis.

2370 3084 2868 3144 Deindebdmoneat
2887 3101 3028 3151 eum,
3059 3093 3107 3139 et
3152 3085 3298 3139 dicat
3328 3098 3348 3137 .°
3396 3083 3554 3139 Pater
3592 3090 3807 3145 nostum

2289 3180 2464 3237 Credo
2495 3181 2547 3235 in
2583 3180 2770 3235 Deum.
2794 3177 2995 3233 Deinde
3029 3180 3193 3248 faciat
3220 3196 3341 3234 eum
3360 3179 3597 3234 sacerdos
3626 3176 3807 3245 conﬁteri

2287 3285 2334 3328 et
2355 3289 2603 3327 accusare
2624 3274 2688 3326 de
2712 3272 2936 3342 peccatis
2963 3272 3094 3326 suis.

2360 3362 2635 3418 Conﬁteor
2664 3361 2775 3417 Deo
2801 3360 3181 3431 omnipotenti,
3235 3369 3293 3418 et
3320 3361 3493 3416 beatze
3531 3357 3691 3414 Mariae
3713 3370 3802 3425 per-

2290 3464 2463 3525 petuae
2504 3453 2713 3523 Virgini
2751 3492 2767 3518 ,
2817 3461 2874 3507 et
2918 3452 3080 3524 beato
3130 3452 3381 3508 Michaeli
3424 3448 3736 3519 archangclo,
3769 3453 3809 3499 et

2288 3546 2496 3602 sanctis
2551 3544 2815 3616 apostolis
2839 3542 3001 3599 Petro
3051 3553 3109 3599 et
3155 3543 3348 3610 Paulo,
3388 3552 3448 3599 et
3492 3541 3637 3597 beato
3675 3537 3810 3591 Blasio

2289 3636 2516 3708 martyri
2548 3646 2641 3691 tuo
2690 3643 2745 3691 et
2770 3635 3021 3707 omnibus
3069 3634 3299 3700 sanctis,
3329 3643 3383 3690 et
3413 3633 3564 3688 vobis
3586 3629 3808 3690 Patrihus,

2290 3743 2412 3783 mea
2457 3727 2639 3798 culpa,
2689 3741 2808 3780 mea
2864 3724 3045 3795 culpa,
3086 3740 3207 3781 mea
3240 3724 3442 3794 culpa;
3489 3722 3604 3794 quia
3642 3716 3809 3791 peccati

2291 3822 2343 3876 in
2395 3821 2747 3891 cogitatione,
2795 3819 3089 3887 locutione,
3140 3818 3537 3882 delectatione,
3578 3826 3810 3872 consensu.

2289 3913 2471 3969 verbis
2496 3920 2552 3967 et
2578 3926 2762 3982 opere,
2793 3911 2846 3965 in
2875 3910 3164 3974 adulterio,
3202 3910 3256 3965 in
3303 3907 3559 3980 periurio,
3594 3907 3641 3961 in
3683 3903 3812 3958 homi-

2289 4005 2452 4071 cidio,
2505 4004 2558 4058 in
2594 4003 2730 4059 falso
2767 4003 3099 4067 testimonio,
3146 4002 3201 4057 in
3260 4001 3567 4070 sacrilegio,
3613 3997 3661 4052 in
3687 3995 3810 4056 furto.

2290 4095 2346 4150 in
2374 4094 2585 4163 rapina,
2618 4094 2671 4148 in
2702 4092 3166 4169 concupiscentia,
3195 4091 3248 4146 in
3272 4090 3525 4156 avaritia,
3550 4103 3659 4144 mea
3677 4085 3810 4153 culpa.

2289 4198 2408 4238 mea
2436 4178 2786 4253 cuipa,mea
2839 4182 3019 4253 culpa.
3087 4180 3318 4236 Peccavi
3372 4180 3428 4234 in
3488 4179 3815 4249 quinqueseu-

2290 4276 2441 4331 sibus
2464 4274 2710 4344 corporis
2752 4274 2881 4340 mei,
2912 4275 3053 4339 visu,
3083 4272 3295 4338 auditu,
3352 4280 3535 4342 gustu,
3563 4269 3757 4324 odoratu
3778 4270 3816 4317 et

2292 4375 2459 4431 tactu,
2515 4380 2634 4420 mea
2686 4365 2863 4435 culpa.
2920 4363 3151 4419 Peccavi
3199 4363 3253 4417 in
3307 4369 3435 4416 octo
3490 4356 3814 4431 principalibus

2290 4462 2459 4526 vitiis,
2482 4469 2538 4515 et
2565 4461 2618 4515 in
2647 4469 2854 4530 septem
2880 4457 3259 4515 criminalibus
3311 4455 3568 4527 peccatis,
3589 4463 3640 4509 et
3663 4454 3710 4507 in
3733 4464 3815 4505 omo

2289 4557 2451 4612 nibus
2476 4555 2620 4609 vitiis
2647 4555 2781 4609 meis
2814 4551 2995 4617 malis,
3038 4550 3457 4620 quibuscunque
3506 4547 3660 4601 miser
3696 4543 3815 4596 homo

2289 4660 2516 4718 peccare
2544 4653 2741 4715 potest.
2772 4642 2924 4698 Unde
2964 4656 3158 4712 precor
3176 4642 3395 4695 beatam
3432 4638 3693 4710 Virginem
3734 4632 3816 4687 Ma-

2291 4740 2448 4803 riam,
2490 4747 2546 4793 et
2573 4738 2788 4791 beatum
2837 4734 3153 4789 Michaelem
3202 4731 3604 4801 archangelum,
3652 4735 3816 4782 etsun-

2288 4838 2406 4885 ctos
2444 4828 2719 4898 apostoios
2772 4825 2993 4879 Petrum
3036 4833 3093 4879 et
3123 4822 3379 4888 Paulum,
3419 4821 3698 4897 etbeatsm
3729 4814 3817 4866 Bla-

2289 4923 2429 4977 sitnn
2458 4930 2752 4990 martyrem
2785 4927 2961 4982 tuum,
2986 4926 3042 4971 et
3068 4929 3257 4969 omnes
3282 4923 3505 4969 sanctos
3546 4919 3598 4966 et
3641 4915 3815 4964 sanctas

2290 5014 2407 5076 Dei,
2429 5022 2614 5074 etvos,
2630 5011 3011 5073 Patres,orare
3041 5022 3139 5075 pro
3161 5021 3245 5060 me
3275 5012 3559 5075 peccatore
3582 4997 3818 5054 Dominum

2289 5114 2536 5159 nostrum
2595 5099 2779 5156 Jesnm
2844 5098 3141 5153 Christum.
3176 5094 3243 5148 Et
3278 5094 3426 5149 unde
3478 5090 3594 5145 volo
3622 5087 3818 5155 recipere

2288 5195 2662 5272 paenitentiam
2694 5206 2790 5260 pro
2824 5190 2933 5244 vita
2957 5196 3012 5243 et
3035 5196 3237 5245 morte.

2359 5285 2649 5341 Absolutio.
2672 5282 2783 5338 Nos
2807 5298 2874 5337 ex
2906 5289 3058 5351 parte
3087 5279 3180 5334 Dei
3205 5276 3600 5347 omnipotentis
3621 5282 3672 5327 et
3690 5272 3817 5325 beat!

2288 5381 2467 5436 Maria:
2519 5387 2792 5450 perpetua:
2830 5374 3071 5446 Virginis
3130 5381 3186 5428 et
3242 5371 3389 5426 beati
3439 5366 3704 5424 Michaelis
3752 5376 3816 5413 ar-

2288 5470 2562 5541 changeli,
2596 5478 2651 5523 et
2673 5469 2953 5523 beatorum
2992 5464 3360 5535 apostolorum
3404 5461 3548 5517 Petri
3582 5468 3635 5514 et
3681 5452 3815 5513 Pauli.

2287 5570 2342 5615 et
2374 5561 2513 5615 beati
2546 5558 2707 5614 Blasii
2744 5558 3018 5629 martyris,
3049 5565 3104 5612 et
3158 5556 3409 5611 omnium-
3458 5562 3748 5608 sanctorum
3773 5556 3816 5595 ac

2288 5659 2621 5715 sanctarum,
2675 5666 2739 5705 ex
2771 5647 2947 5703 ol'ftcio
2999 5657 3186 5704 nostro
3233 5648 3446 5713 damus,
3476 5657 3531 5701 et
3575 5639 3816 5698 conﬁrma-

2288 5758 2409 5800 mus
2434 5742 2585 5801 vobis
2623 5756 2807 5796 vcrum
2833 5739 3118 5814 judicium,
3164 5748 3218 5796 et
3251 5753 3435 5799 veram
3490 5728 3817 5809 paenitentiam
