3846 6324
71 346 197 404 917

970 332 1308 391 EXCERPT.
1335 331 1423 387 EX
1442 328 1641 388 CODD.
1686 323 1966 382 LITURG.
1993 320 2522 379 FONTAV’ELLAN.

3232 317 3339 375 918

70 464 147 515 de
194 455 448 514 omnibus
502 452 741 526 peccatis
778 449 991 514 vestris,
1056 449 1198 503 sicut
1250 446 1421 503 sancti
1476 444 1664 499 Patres
1694 442 1741 502 Α
1768 437 1861 508 qui
1914 440 1968 491 in
2010 436 2191 506 specie
2238 435 2499 490 columba:
2546 433 2596 487 in
2636 429 2833 486 ﬂuenta
2878 426 3129 487 Iordanis
3182 445 3345 500 super

72 550 433 620 praecipiunt,
466 545 686 615 etjusta
716 542 927 613 jnstitia
957 549 1060 606 est,
1094 548 1149 594 et
1178 538 1246 594 ab
1278 539 1381 593 hac
1435 537 1566 590 hora
1609 532 1661 587 in

72 648 249 693 antea
311 645 452 693 state
504 636 604 691 sub
650 634 779 705 jugo
836 632 1189 704 poenitentiae,
1222 636 1278 684 et
1331 628 1431 683 sub
1488 625 1664 680 fructu

70 729 447 800 paenitentia,
497 736 554 782 et
602 727 647 782 si
707 732 882 781 morte
926 721 1289 794 prmoecupati
1326 719 1558 781 fueritis,
1611 724 1668 770 et

69 836 193 873 non
224 819 453 889 potestis
482 820 743 875 accedere
788 816 856 871 ad
900 816 1259 879 sacerdotem,
1304 821 1361 868 et
1402 812 1471 865 ad
1505 810 1666 864 aliam

70 909 494 977 paenitentiam,
524 923 622 979 per
669 908 828 963 istam
884 904 1259 977 ptenitentiam
1297 902 1456 957 faciat
1489 899 1669 955 Domi-

72 1015 189 1055 nus
221 1000 507 1069 pervenire
533 999 748 1054 animas
799 1007 1012 1053 vestras
1064 995 1132 1051 ad
1176 994 1342 1049 vitam
1385 1000 1665 1047 aeternam.

68 1089 283 1146 Amen.

312 1200 536 1266 Quando
558 1200 801 1255 sacerdos
834 1199 1051 1270 imponit
1078 1196 1451 1268 paenitentiam.

154 1312 271 1369 Nos
306 1312 456 1369 vobis
507 1312 832 1384 imponimus
878 1311 1256 1383 paenitentiam
1305 1310 1373 1365 de
1420 1307 1669 1364 omnibus

72 1407 330 1478 peccatis
371 1406 589 1471 vestris,
619 1422 741 1476 qua:
770 1405 1012 1460 volentes
1051 1413 1145 1459 aut
1175 1403 1421 1458 nolentes
1444 1400 1672 1455 commi-

72 1497 259 1558 sistis.
286 1497 431 1552 unde
453 1496 682 1551 confessi
714 1497 870 1561 estis,
889 1495 973 1551 vel
1002 1510 1123 1565 qua:
1174 1495 1227 1549 in
1250 1508 1344 1548 vos
1373 1491 1675 1547 neseienter

72 1596 217 1639 sunt
249 1584 585 1648 abscondita,
646 1593 706 1638 ut
762 1583 1041 1639 redimatis
1097 1597 1161 1659 ea
1211 1596 1306 1652 per
1351 1580 1671 1644 orationem,

72 1685 136 1732 et
199 1676 552 1743 sacrificium,
603 1686 659 1733 et
711 1674 977 1744 jejunium
1029 1684 1190 1746 atque
1239 1673 1669 1743 eleemosynam,

1767 529 2041 585 Christum
2092 528 2373 597 requievit.
2436 526 2628 580 Amen.
2666 523 2783 594 Ipse
2830 537 2927 578 vos
2969 522 3023 576 in
3080 521 3346 577 Trinitale

1767 627 1822 675 et
1863 619 2066 673 unitate
2112 617 2431 682 sanctificet,
2482 631 2641 687 quem
2690 628 2876 671 omnes
2926 613 3172 669 homines
3212 628 3345 668 ven-

1769 717 1950 763 turum
1982 715 2300 777 exspectant
2327 706 2590 762 Iudicem.
2626 706 2747 761 Per.
2776 706 2918 760 Bene
2948 706 2989 775 1-
3029 703 3196 758 dictio
3252 703 3346 756 Dei

1769 800 2174 870 omnipotentis,
2204 798 2383 854 Patris
2410 799 2449 868 1-
2477 808 2531 853 et
2562 798 2682 853 Filii
2708 800 2747 868 1-
2774 807 2830 854 et
2852 797 3087 868 Spiritus
3114 797 3289 852 sancti
3308 797 3358 865 1-

1770 892 2039 947 custodiat
2067 904 2265 958 corpus
2309 897 2483 953 tuum,
2515 888 2751 943 animam
2796 897 2943 943 tuam
2995 895 3050 941 et
3100 886 3351 956 spiritum

1772 992 1941 1046 tuum,
1975 980 2062 1036 hic
2081 988 2136 1035 et
2158 980 2209 1034 in
2234 987 2493 1050 perpetua
2519 978 2713 1034 sa:cula
2752 978 3096 1034 saeculorum.
3153 977 3349 1031 Amen.

1984 1132 2183 1172 INCIPIT
2226 1131 2365 1175 οιωο
2390 1131 2457 1173 ΔΙ)
2506 1130 2826 1173 νιειτωωωι
2856 1130 3138 1173 ικῖιιυιυδί.

1847 1229 2089 1285 Primum
2118 1230 2329 1285 dicatur
2358 1228 2504 1284 :Pax
2530 1228 2655 1283 huic
2682 1228 2884 1300 domui.
2915 1228 3110 1282 Amen.
3174 1226 3360 1281 Domi-

1774 1338 1877 1379 nus
1901 1322 2201 1377 vobiscum.
2230 1321 2285 1388 ιῆ.
2316 1320 2383 1373 Et
2410 1335 2532 1373 cum
2562 1318 2755 1389 spiritu
2785 1327 2898 1373 tuo.

1846 1412 2095 1482 Respice,
2120 1409 2363 1475 Domine,
2394 1406 2658 1479 propitius
2701 1421 2865 1478 super
2903 1406 3048 1462 hunc
3096 1406 3359 1463 famulum

1779 1512 1946 1567 tuum,
1969 1511 2023 1557 et
2055 1516 2210 1570 opem
2243 1499 2385 1555 ferre
2416 1498 2653 1570 digneris
2686 1512 2849 1569 super
2900 1498 3107 1553 lectum»
3153 1497 3357 1553 doloris

1777 1592 1915 1663 ejus.
1951 1593 2169 1662 lmpoue
2205 1606 2422 1647 manum
2448 1600 2593 1645 tuam
2623 1604 2785 1658 super
2812 1604 3003 1643 manus
3032 1589 3148 1659 ejus
3175 1599 3233 1643 et
3260 1590 3359 1642 im-

1779 1698 1905 1754 pera
1934 1681 2243 1753 :egritudiui
2274 1678 2414 1749 ejus,
2440 1695 2508 1735 ne
2561 1691 2737 1733 meam
2792 1678 3095 1750 peccatoris
3139 1692 3359 1731 manum

72 1777 137 1824 et
199 1784 372 1839 usque
430 1768 499 1824 ad
546 1768 834 1825 terminum
868 1768 993 1822 vita:
1049 1776 1241 1821 vestrae
1294 1765 1348 1821 in
1397 1765 1509 1835 ipsa
1560 1777 1675 1833 poe-

1799 1782 1996 1843 pernat
2026 1771 2330 1835 infirmitas,
2362 1770 2456 1826 sed
2484 1768 2570 1843 Aad
2601 1768 2939 1825 vocationem
2994 1766 3232 1822 nominis
3287 1766 3359 1821 tui

74 1858 322 1912 nitentia
348 1858 733 1927 permaneatis,
770 1867 823 1911 et
850 1857 895 1911 si
948 1864 1121 1912 morte
1162 1854 1519 1925 praeoccupati
1561 1853 1673 1907 fue-

77 1949 234 2015 ritis,
287 1966 383 2020 per
434 1950 592 2007 istam
631 1948 1005 2020 pmnitentiam
1036 1947 1201 2002 faciat
1247 1946 1508 2001 Dominus
1556 1959 1676 2015 per-

75 2042 281 2098 venire
303 2043 510 2098 animas
545 2051 755 2097 vestras
785 2042 853 2096 ad
875 2041 1040 2095 vitam
1072 2049 1349 2093 aeternam.
1376 2038 1568 2092 Amen.

161 2132 464 2189 Absolutio.
514 2132 890 2188 Intercedente
918 2132 1076 2187 beata
1116 2129 1284 2184 Maria
1310 2142 1525 2197 semper
1558 2128 1675 2183 Vir-

75 2225 220 2297 gine
247 2241 370 2281 cum
428 2226 680 2281 omnibus
710 2225 937 2287 sanctis,
968 2222 1292 2279 misereatur
1317 2221 1481 2275 vestri
1509 2220 1677 2274 omni-

77 2324 289 2386 potens
310 2316 475 2381 Deus,
502 2325 557 2371 et
579 2316 815 2370 dimittat
839 2315 989 2370 vobis
1012 2314 1191 2371 omnia
1212 2322 1436 2383 peccata
1476 2320 1674 2376 vestra,

79 2410 403 2479 praeterita,
456 2408 763 2480 praesentia.
816 2407 1035 2463 Liberet
1083 2420 1178 2462 vos
1242 2405 1309 2460 ab
1338 2405 1483 2460 omni
1512 2418 1678 2473 opere

78 2498 261 2565 malo,
293 2498 465 2553 salvet
487 2506 544 2552 et
568 2497 854 2553 confirmet
881 2511 979 2551 vos
1027 2495 1078 2549 in
1131 2494 1278 2549 omni
1328 2507 1489 2565 opere
1514 2492 1676 2556 bono,

77 2598 145 2643 et
170 2589 433 2658 perducat
458 2603 553 2642 vos
579 2603 699 2643 eum
730 2587 934 2659 angelis
964 2594 1019 2641 et
1048 2585 1389 2657 archangelis
1416 2585 1485 2639 ad
1507 2584 1675 2639 vitam

78 2680 499 2749 sempiternam.
542 2679 734 2734 Amen.
795 2677 1186 2749 indulgentiam
1222 2686 1279 2732 et
1307 2676 1677 2732 remissionem

79 2779 145 2825 et
181 2771 578 2827 absolutionem
637 2770 881 2825 omnium
938 2779 1289 2840 peccatorum
1349 2777 1676 2834 vestrorum,

79 2861 326 2934 gratiam
363 2862 538 2917 sancti
589 2861 826 2933 Spiritus
882 2861 1081 2916 tribuat
1119 2859 1270 2916 vobis
1316 2857 1679 2929 omnipotens,

81 2956 217 3025 pius
246 2962 302 3011 et
325 2954 636 3011 misericors
668 2954 945 3037 Dominus.
985 2952 1179 3008 Amen.

179 3047 502 3117 Capitutum.
551 3045 741 3102 Salvos
786 3044 872 3100 fac
920 3059 1109 3101 servos
1172 3051 1292 3099 tuos
1349 3051 1405 3099 et
1457 3042 1681 3098 ancillas

1778 1840 2029 1921 vereatur
2054 1872 2108 1919 et
2137 1863 2329 1934 fugiat,
2372 1871 2427 1917 et
2454 1840 2541 1918 hic
2568 1860 2801 1915 famulus
2826 1868 2951 1915 tuus
2997 1859 3253 1928 languore
3281 1859 3364 1911 ir.-

1779 1955 1925 2011 dulto
1948 1955 2012 2008 ad
2040 1954 2326 2010 sanitatem
2353 1952 2607 2018 refectus,
2630 1960 2895 2021 resurgat,
2928 1959 2983 2005 et
3009 1958 3364 2019 praesentetur

1782 2045 2033 2101 Ecclesia:
2076 2056 2199 2111 tua:,
2230 2052 2287 2098 ut
2320 2044 2518 2099 referat
2546 2043 2748 2113 gratias
2781 2040 2983 2097 nomini
3009 2047 3198 2095 sancto
3243 2048 3354 2094 tuo.

1850 2135 1997 2192 Sana
2028 2150 2137 2201 me,
2168 2136 2420 2201 Domine,
2443 2134 2699 2205 quoniam
2740 2134 3061 2189 conturbata
3083 2139 3210 2187 sunt
3236 2146 3354 2181 om-

1779 2228 1866 2282 nia
1897 2242 2019 2282 ossa
2047 2242 2185 2292 mea,
2216 2236 2271 2281 et
2302 2227 2482 2281 anima
2538 2240 2657 2283 mea
2690 2227 2903 2280 turbata
2955 2232 3039 2278 est
3089 2222 3263 2276 valde.
3304 2221 3368 2273 Et

1783 2328 1862 2385 tu,
1897 2320 2144 2393 Domine,
2170 2320 2485 2389 usqueqtto?
2509 2318 2859 2381 Convertere,
2889 2315 3109 2385 eteripe
3131 2312 3368 2368 animum

1779 2424 1979 2464 meam.
2002 2409 2248 2476 Domine,
2282 2424 2349 2463 ne
2380 2409 2433 2462 in
2465 2408 2571 2463 ira.

1851 2518 2168 2589 Antipltona.
2198 2519 2331 2573 Erat
2352 2519 2577 2589 quidam
2612 2518 2847 2589 regulus,
2877 2515 3029 2585 cujus
3050 2515 3191 2571 filius
3221 2516 3370 2569 infir-

1781 2608 2033 2663 mabatur
2063 2608 2464 2678 Capharnaum.
2489 2608 2608 2676 llic,
2634 2625 2758 2663 cum
2796 2607 3175 2676 audissetquia
3213 2604 3369 2661 Iesus

1780 2698 1993 2755 veniret
2028 2700 2079 2753 in
2106 2697 2407 2764 Galilaeam,
2448 2699 2671 2770 rogabat
2690 2713 2835 2762 cum,
2866 2705 2925 2750 ιιι
2953 2705 3175 2751 sanaret
3203 2694 3369 2748 lilium

1780 2791 1897 2864 ejus
1936 2789 2089 2847 Psal.
2126 2791 2274 2845 Beati
2304 2806 2553 2861 quorum.
2587 2789 2908 2859 Antiphone.
2959 2789 3202 2853 Domine,
3239 2803 3371 2857 puer

1780 2898 1935 2939 meus
1954 2883 2101 2955 jacet
2122 2883 2455 2954 paralytieus
2485 2883 2536 2937 in
2561 2882 2741 2947 domo,
2776 2890 2831 2937 et
2878 2882 3017 2938 male
3051 2890 3367 2951 torquetur:

1780 2967 1951 3024 Amen
1982 2969 2103 3025 dico
2134 2970 2250 3033 tibi,
2275 2984 2374 3040 ego
2408 2970 2640 3035 veniam,
2675 2977 2731 3025 et
2769 2968 2973 3024 curabo
3018 2983 3162 3023 eum.
3220 2967 3371 3021 l’sal.

1785 3060 2033 3129 Domine,
2072 3076 2138 3117 ne
2188 3062 2239 3115 in
2272 3062 2357 3135 ira
2391 3071 2504 3117 tua.

84 3150 241 3207 tuas,
266 3141 405 3196 Deus
451 3154 627 3206 meus,
657 3146 939 3209 sperantes
954 3137 1007 3191 in
1032 3145 1110 3203 te.
1139 3128 1286 3192 Mitte
1311 3135 1674 3203 eis,Domine,

1853 3153 1972 3208 Alia
1996 3155 2304 3224 antiphana.
2343 3134 2449 3211 Cor
2470 3155 2831 3212 contritumet
2852 3154 3194 3210 humiliatum
3229 3152 3372 3205 Deus

82 3231 359 3287 auxilium
399 3230 466 3286 de
502 3237 711 3285 sancto.
751 3229 818 3284 Et
840 3228 905 3284 de
952 3228 1102 3283 Sion.
1132 3226 1394 3297 Exsurge,
1425 3227 1675 3293 Domine,

82 3322 295 3393 adjuva
341 3335 457 3377 nos.
490 3320 559 3375 Et
604 3320 794 3376 libera.
845 3318 1088 3382 Domine,
1112 3319 1305 3375 exaudi
1353 3320 1673 3375 orationem.

84 3414 169 3469 Et
201 3411 409 3469 clamor
462 3425 636 3467 meus.
668 3409 931 3467 Dominus
979 3409 1277 3465 vobiscum.
1315 3410 1383 3465 Et
1411 3424 1533 3465 cum
1562 3409 1673 3478 spi-

84 3507 138 3562 ri
151 3514 231 3561 tu.

173 3597 383 3653 Oratio.
404 3594 757 3667 Omnipotens
772 3594 1110 3669 sempiterne
1160 3593 1325 3656 Deus,
1353 3592 1447 3665 qui
1487 3591 1679 3648 dedisti

91 3690 322 3745 famulis
388 3696 445 3744 et
519 3687 823 3743 famulabus
891 3686 999 3742 tuis
1057 3687 1111 3741 in
1166 3685 1511 3742 confessione
1540 3700 1681 3739 vera.

87 3783 227 3839 fidei
284 3774 499 3838 aeterna:
556 3780 838 3836 Trinitatis
891 3779 1118 3851 gloriam
1172 3793 1486 3849 agnoscere,
1522 3792 1628 3833 etc.

170 3873 461 3928 Absolutio.
488 3871 843 3942 Omnipotens
862 3871 1192 3942 sempiterno
1230 3872 1369 3926 Deus
1409 3870 1499 3941 qui
1523 3870 1684 3925 habet

88 3977 423 4042 potestatem
452 3969 753 4025 dimittendi
785 3978 1007 4039 peccata
1036 3970 1338 4036 hominum,
1374 3978 1430 4025 et
1466 3978 1684 4025 sanctus

89 4060 297 4115 Petrus
367 4059 640 4130 apostolus
708 4060 795 4115 cui
859 4060 1005 4116 dedit
1058 4059 1309 4116 Christus
1366 4069 1685 4131 potestatem

90 4150 302 4222 ligandi
323 4160 483 4222 atque
502 4151 767 4221 solvendi,
789 4161 845 4207 et
865 4152 986 4208 aliis
1005 4152 1283 4224 discipulis
1303 4154 1438 4220 suis,
1461 4154 1645 4209 dicens
1670 4171 1683 4207 :

89 4242 345 4309 Quorum
402 4242 721 4317 remiseritis
773 4250 1015 4312 peccata,
1080 4244 1434 4299 remittuntur
1481 4245 1561 4300 eis
1634 4246 1685 4299 in

88 4340 395 4389 wternum:
427 4332 543 4402 ipse
556 4345 769 4403 quoque
799 4332 939 4388 Deus
962 4333 1206 4389 absolvat
1231 4349 1324 4389 vos
1354 4335 1419 4389 ab
1441 4334 1690 4391 omnibus

91 4422 337 4494 peccatis
374 4424 592 4489 vestris,
616 4433 670 4479 et
697 4439 793 4495 pro
823 4424 947 4481 istis
994 4426 1235 4496 peccatis
1286 4442 1393 4481 non
1442 4428 1682 4483 reddatis

92 4516 367 4574 rationem
392 4516 443 4571 in
463 4515 672 4586 judicii.
711 4516 777 4572 Et
810 4517 853 4573 si
882 4518 1207 4573 transieritis
1230 4518 1295 4574 de
1325 4518 1431 4576 isto
1459 4519 1679 4585 saeculo,

91 4607 346 4664 absolvat
368 4624 461 4666 vos
487 4608 825 4679 omnipotens
852 4608 1019 4677 Deus,
1037 4608 1195 4670 Iesus
1222 4608 1470 4667 Christus
1495 4610 1680 4671 Denti-

94 4715 205 4755 nus
230 4709 433 4757 noster.
465 4701 565 4767 Qui
601 4717 721 4757 cum
761 4700 924 4757 Patre
958 4710 1013 4757 et
1039 4702 1246 4773 Spiritu
1294 4712 1485 4760 sancto
1528 4704 1679 4759 vivit.

95 4791 380 4862 Rcspiciat
420 4792 486 4846 ad
516 4807 611 4847 vos
641 4791 805 4859 Detts,
856 4801 912 4847 et
951 4792 1042 4847 det
1090 4793 1251 4849 vobis
1288 4794 1559 4866 angelum,
1592 4795 1686 4865 qui

94 4899 201 4939 vos
249 4882 449 4953 ubique
492 4884 785 4951 custodiat,
815 4894 1023 4941 mentes
1069 4893 1241 4957 regat,
1270 4899 1435 4955 opera
1482 4885 1685 4945 conﬁr—

96 4982 238 5039 met,
262 4983 443 5028 votum
465 4973 730 5043 perﬁciat,
756 4974 919 5029 vitam
950 4974 1171 5045 dirigat,
1201 4977 1478 5047 praeterita
1510 4977 1687 5031 indul-

97 5073 257 5135 geat,
290 5064 571 5135 praesentia
603 5064 874 5129 emendet,
930 5064 1110 5120 futura
1146 5066 1438 5123 meditetur
1478 5068 1530 5122 in
1570 5083 1688 5122 vos.

98 5158 223 5227 Ipse
248 5172 344 5212 vos
387 5156 670 5212 benedicat
702 5157 769 5211 de
812 5157 989 5223 caelis,
1036 5158 1126 5229 qui
1177 5159 1397 5227 pr0prio
1428 5160 1691 5229 sanguine

98 5265 203 5306 suo
234 5264 330 5304 vos
359 5250 584 5305 redemit
612 5250 667 5304 in
698 5250 876 5306 terris.
909 5250 1010 5318 Qui
1044 5266 1164 5306 cum
1192 5251 1355 5308 Patre
1385 5262 1441 5307 ct
1487 5251 1691 5322 Spiritu

98 5347 319 5402 sancto,
347 5348 454 5394 etc.

64 5450 72 5511 ξ
168 5450 492 5505 Benedictio.
519 5450 811 5507 Benedicat
840 5460 889 5507 te
917 5452 1055 5511 Deus
1107 5453 1290 5518 Pater,
1322 5454 1413 5522 qui
1464 5454 1516 5507 in
1548 5454 1695 5523 priu-

94 5541 247 5612 eipio
274 5540 451 5597 Verbo
479 5550 672 5597 cuncta
699 5543 924 5598 creavit.
968 5544 1161 5598 Amen.
1196 5544 1487 5599 Benedieat
1522 5556 1570 5599 te
1597 5546 1689 5599 Dei

96 5632 298 5697 Filius,
353 5633 441 5702 qui
492 5634 557 5687 de
605 5633 732 5688 sede
786 5641 1010 5703 paterna
1050 5635 1331 5690 descendit
1381 5652 1478 5705 pro
1506 5645 1690 5690 nostra

95 5724 280 5782 salute
303 5723 354 5779 in
380 5712 555 5781 terris.
582 5724 771 5784 Anien.
799 5723 1087 5781 Bcnedieat
1113 5736 1169 5793 te,
1184 5726 1419 5798 Spiritus
1441 5737 1663 5785 sanctus
1682 5765 1697 5793 .

1782 3258 1891 3298 non
1949 3244 2180 3315 spernit,
2208 3231 2323 3301 sedi
2354 3256 2579 3317 propter
2627 3260 2879 3317 magnam
2940 3245 3371 3301 misericordiam

1783 3345 1927 3390 tuam
1952 3337 2210 3392 miserere
2233 3338 2361 3403 mei,
2406 3339 2565 3394 Deus.
2602 3336 2749 3391 Psal.
2782 3337 3037 3392 Miserere
3070 3338 3193 3391 mei.

1852 3429 1973 3483 Alia
2000 3430 2304 3499 antiphona.
2358 3430 2602 3492 Domine,
2654 3429 2943 3498 descende,
2979 3436 3037 3481 ut
3091 3441 3252 3482 sanes
3309 3428 3370 3480 fi-

1752 3554 1755 3557 »
1783 3521 1913 3577 liutn
1954 3536 2155 3585 meum,
2183 3522 2497 3591 priusquam
2523 3519 2805 3575 moriatur.
2832 3518 2923 3572 Ait
2951 3518 2997 3572 ei
3025 3516 3184 3573 Iesus
3214 3535 3225 3569 :
3260 3517 3364 3571 Va-

1784 3612 1871 3678 de,
1899 3612 2038 3668 filius
2070 3623 2190 3667 tuus
2216 3612 2364 3668 vivit.
2398 3610 2544 3666 I’sal.
2575 3610 3031 3678 Domine,exaudi
3061 3609 3363 3665 orationem

1785 3720 1986 3761 meum.

1855 3798 1975 3854 Alia
2005 3802 2306 3871 antip/tona.
2338 3800 2583 3868 Domine,
2608 3815 2715 3855 non
2743 3814 2861 3855 sum
2886 3799 3086 3870 dignus
3118 3807 3174 3852 ut
3200 3799 3374 3852 intres

1787 3892 1887 3950 sub
1914 3903 2113 3949 tectum
2147 3910 2347 3961 meum,
2374 3896 2468 3951 sed
2512 3903 2721 3950 tantum
2771 3894 2859 3950 die
2904 3896 3089 3960 verbo,
3115 3903 3170 3949 et
3218 3909 3376 3948 sana-

1786 3984 1936 4040 bitur
1970 4001 2105 4055 puer
2132 4000 2304 4040 meus.
2345 3984 2496 4039 Psal.
2524 3987 2597 4041 De
2620 3984 2921 4056 profundis.

1860 4076 1982 4131 Alia
2026 4078 2337 4146 antiphona.
2381 4079 2516 4133 Cum
2540 4078 2619 4133 sol
2641 4088 2820 4132 autem
2848 4077 3158 4143 occidisset,
3187 4094 3377 4132 omnes

1790 4168 1882 4237 qui
1913 4168 2187 4223 habebant
2217 4168 2466 4224 infirmos
2496 4170 2662 4225 variis
2701 4169 3073 4239 languoribus,
3103 4169 3378 4223 ducebant

1792 4258 1911 4315 illos
1941 4261 2003 4314 ad
2036 4259 2217 4315 Irsum
2241 4269 2293 4314 et
2323 4261 2673 4315 sanabantur.
2701 4259 2846 4314 Psal.
2891 4259 3139 4321 Domine,
3174 4260 3375 4312 exaudi

1792 4348 2116 4417 orationem.
2142 4348 2305 4419 Kyrie
2332 4348 2555 4415 eleison,
2582 4348 2798 4405 Christe
2822 4349 3047 4415 eleison,
3064 4348 3227 4419 Kyrie
3248 4349 3377 4403 elei-

1792 4454 1914 4497 son.
1945 4439 2103 4495 Pater
2130 4449 2336 4495 noster.
2372 4440 2437 4495 Et
2467 4455 2535 4495 ne
2558 4455 2679 4497 nos.

1855 4530 2177 4602 Capitulum.
2202 4529 2437 4589 Ostende
2469 4533 2644 4601 nobis,
2668 4534 2913 4599 Domine,
2946 4534 3373 4590 misericordiam

1787 4633 1953 4680 tuam.
1983 4624 2036 4693 ιῆ.
2062 4624 2127 4678 Et
2147 4624 2400 4681 salutare.
2427 4625 2649 4682 Salvum
2701 4627 3038 4683 facservutn
3090 4634 3262 4692 tuum,
3318 4628 3372 4693 ti.

1786 4718 1927 4772 Deus
1957 4732 2129 4783 meus,
2155 4724 2460 4787 sperantem
2495 4718 2555 4773 in
2581 4727 2652 4773 te.
2680 4718 2806 4773 Esto
2833 4719 2904 4785 ei,
2931 4717 3175 4783 Domine,
3205 4720 3371 4772 turris

1788 4808 2136 4865 fortitudinis.
2164 4808 2286 4877 r’t}.A
2337 4808 2472 4865 facie
2520 4809 2745 4864 inimici.
2789 4809 2937 4866 Mitte
2980 4810 3063 4876 ei,
3116 4810 3365 4869 Domine,

1789 4899 2047 4955 auxilium
2074 4900 2140 4954 de
2170 4908 2377 4955 sancto.
2400 4900 2454 4967 vi).
2500 4899 2569 4955 Et
2613 4899 2690 4954 do.
2728 4899 2877 4953 Sion.
2914 4899 3056 4955 Nihil
3126 4900 3379 4970 proficiat

1791 4990 2041 5047 inimicus
2068 4990 2119 5045 in
2141 5006 2227 5047 eo.
2254 4991 2309 5060 ti).
2336 4991 2403 5044 Et
2426 4990 2566 5046 filius
2598 4990 2921 5061 iniquitatis.
2953 4990 3194 5052 Domine,
3214 5006 3378 5044 exau-

1793 5081 1845 5137 di
1870 5083 2192 5137 orationem.
2223 5082 2277 5150 ri).
2312 5081 2376 5135 Et
2425 5082 2650 5139 clamor.
2683 5082 2949 5137 Dominus
2989 5081 3289 5136 vobiscum.
3316 5084 3373 5149 fa.

1796 5174 1862 5229 Et
1885 5191 2006 5227 cum
2028 5174 2219 5243 spiritu
2251 5182 2364 5227 tuo.

1872 5266 2078 5321 Oratio.
2112 5265 2270 5330 Deus,
2301 5265 2391 5333 qui
2427 5264 2756 5320 [annulo-tuo
2788 5264 3028 5319 Ezechiae
3076 5273 3160 5320 ter
3184 5266 3379 5335 quinos

1750 5402 1751 5405 η
1797 5372 1968 5413 annos
1989 5356 2056 5409 ad
2085 5355 2250 5410 vitam
2270 5354 2507 5421 donasti,
2529 5354 2603 5408 ita
2625 5364 2679 5409 et
2708 5356 2848 5411 hunc
2871 5356 3131 5412 famulum
3160 5365 3311 5412 tuum
3348 5376 3379 5411 a

1797 5449 1938 5503 lecto
1975 5444 2312 5519 {egritudinis
2366 5453 2452 5499 tua
2504 5447 2741 5516 potentia
2788 5447 2963 5519 erigas
3011 5448 3078 5503 ad
3122 5447 3376 5503 salutem.

1801 5542 1925 5595 Per.
3046 5583 3052 5588 .
3224 5584 3227 5587 .

1874 5631 2077 5685 Oratio.
2105 5629 2358 5701 Respice,
2394 5628 2639 5693 Domine,
2674 5628 2929 5695 famulum
2956 5640 3103 5686 tuum
3129 5631 3180 5685 in
3220 5632 3381 5685 iulir-

1806 5726 1986 5782 mitatc
2016 5723 2098 5781 sui
2124 5722 2368 5795 corporis
2397 5722 2755 5797 laborantem,
2785 5732 2839 5779 et
2878 5724 3113 5781 animum
3150 5724 3382 5794 ejusm-
