3846 6324
538 265 647 321 9m

1748 283 1917 340 SAZC.
1949 287 2013 341 Xl
2055 289 2323 346 NONUM.
2359 289 2640 350 LITURG.
3676 306 3745 359 ιῦ

540 382 685 448 fove,
732 401 893 454 quam
946 391 1162 454 creasti,
1194 400 1252 445 ut
1293 394 1738 464 castigationibus
1778 402 2122 468 emendatus,
2154 410 2196 465 Α
2231 403 2387 458 istam
2437 407 2787 469 unctionem,
2828 414 2958 470 etc.,
2984 408 3223 475 peccasti
3274 423 3373 476 per
3414 410 3648 465 auditum.
3679 415 3745 467 l'rr

538 479 795 535 cmttinuo
834 498 892 535 se
909 484 1106 538 sentiat
1130 485 1394 544 medicina
1418 490 1645 543 salvum.

608 570 728 624 Alia
766 571 969 627 Oratio.
1006 575 1163 640 Deus,
1195 579 1283 645 qui
1326 578 1547 635 facturae
1603 592 1704 637 tua:
1761 585 1848 654 pio
1906 601 2119 656 semper

536 661 830 717 dominaris
855 663 1067 730 affectu,
1100 668 1299 727 inclina
1319 686 1504 725 aurem
1540 682 1684 726 tuam
1708 675 2117 745 supplicationi-

536 754 635 806 bus
664 755 885 821 nostris,
916 766 972 811 et
998 757 1256 814 famulum
1285 770 1432 815 tuum
1480 778 1546 818 ex
1589 766 1815 820 adversa
1870 770 2117 838 corporis

534 844 840 901 valetudine
888 847 1225 905 laborantem
1280 852 1525 922 placatus
1569 858 1799 926 respice,
1852 869 1906 913 et
1956 862 2113 915 visita

531 951 653 989 eum
685 937 738 991 in
771 938 993 1002 salutari
1021 948 1134 1006 tuo,
1157 957 1221 998 ac
1243 942 1478 1000 caelestis
1499 949 1686 1017 gratiae
1712 960 1910 1018 ιιι-ωειλ
1941 953 2114 1007 medi—

532 1043 730 1085 rinam.

604 1118 813 1176 Oratio.
845 1121 989 1177 Deus
1022 1123 1112 1192 qui
1139 1125 1377 1180 humano
1406 1130 1590 1195 generi
1622 1139 1671 1183 et
1706 1130 1895 1187 salutis
1942 1148 2113 1187 reme-

531 1210 700 1275 dium,
729 1221 784 1267 et
817 1213 939 1267 vitzc
967 1224 1184 1270 teternze
1223 1232 1445 1271 munera
1480 1221 1754 1275 contulisti
1781 1264 1795 1285 ,
1849 1238 2107 1279 conserva

532 1302 733 1357 famulo
758 1312 848 1359 tuo
893 1313 1105 1360 tuarum
1145 1306 1284 1363 dona
1323 1311 1580 1365 virtutum
1611 1352 1625 1375 ,
1667 1325 1722 1367 et
1767 1316 2003 1370 concede
2053 1326 2113 1369 ut

533 1393 793 1446 medelam
827 1402 972 1449 tuam
1006 1412 1112 1451 non
1140 1398 1312 1453 solum
1339 1400 1389 1454 in
1419 1417 1666 1471 corpore,
1710 1407 1805 1460 sed
1845 1407 2011 1461 etiam
2059 1408 2108 1461 in

531 1483 708 1537 anima
740 1486 955 1540 sentiat.
990 1487 1114 1543 Per.

599 1573 720 1628 Alia
765 1577 953 1631 oratio.
977 1578 1246 1636 Virtutum
1287 1583 1587 1640 cmlestium
1621 1587 1778 1651 Deus,
1804 1588 1892 1658 qui
1925 1590 2111 1644 ablut-

530 1665 707 1720 manis
728 1670 1041 1737 corporibus
1056 1686 1268 1729 omnem
1305 1675 1613 1747 languorem
1652 1688 1706 1734 et
1722 1695 1935 1735 omnem
1962 1684 2109 1736 inﬁr-

2224 496 2380 550 istam
2426 497 2733 551 unctionem
2761 536 2776 557 ,
2833 506 2961 561 etc.,
3012 499 3253 566 peccasti
3294 516 3394 570 per
3422 514 3633 571 gustum.
3673 507 3742 559 Per

2222 586 2376 640 istam
2402 590 2733 652 unctionem,
2763 599 2891 650 etc.,
2930 590 3169 659 peccasti
3222 607 3321 659 per
3369 594 3651 651 odoratum.
3674 599 3742 651 Per

2221 679 2377 733 istam
2432 681 2762 745 unctionem,
2803 689 2932 745 etc.,
2985 682 3219 749 peccasti
3264 698 3364 751 per
3427 694 3634 738 tactum.
3679 688 3745 741 Ριιτ

2220 767 2374 821 istam
2406 769 2736 832 unctionem,
2764 778 2896 835 etc.,
2935 770 3172 838 peccasti
3204 786 3302 838 per
3335 772 3583 825 ardorem
3614 774 3743 827 ιιι,ιά-

2220 859 2323 913 nis.
2351 859 2455 916 Per
2477 861 2633 915 istam
2662 861 2992 925 unctionem,
3012 871 3143 926 etc.,
3166 863 3409 931 peccasti
3424 879 3519 933 per
3544 864 3753 919 im

2218 953 2436 1021 pedum.

2290 1045 2485 1099 Deinde
2510 1045 2640 1100 lavet
2662 1046 2906 1100 sacerdos
2934 1062 3122 1100 manus
3145 1064 3270 1100 suas
3296 1057 3344 1100 et
3375 1048 3519 1100 dicat
3544 1066 3559 1100 :

2287 1135 2506 1191 Salvum
2536 1137 2622 1193 fac
2669 1152 2884 1192 servum
2916 1145 3091 1202 tuum,
3125 1139 3269 1192 Deus
3320 1153 3506 1192 mens.
3558 1139 3671 1192 Esto
3709 1144 3761 1201 ei,

2217 1228 2463 1293 Domine,
2491 1229 2675 1284 turris.
2707 1230 2752 1282 A
2794 1229 2931 1283 facie
2964 1229 3188 1293 inimici.
3252 1229 3410 1284 Mitte
3461 1230 3535 1293 ei,
3573 1230 3765 1287 Domitia.

2215 1319 2475 1373 auxilium
2507 1320 2574 1374 de
2597 1328 2807 1374 sancto.
2845 1319 2912 1373 Et
2936 1319 3002 1374 de
3031 1318 3184 1373 Sion.
3222 1317 3377 1373 Nihil
3432 1318 3665 1389 proﬁciat
3692 1322 3765 1372 iei-

2168 1430 2173 1437 ”
2215 1413 2404 1466 micus.
2445 1413 2511 1466 Et
2544 1413 2684 1465 [ilius
2733 1412 3053 1481 iniquitatis.
3090 1411 3341 1473 Domine,
3374 1412 3577 1466 exaudi
3622 1414 3769 1465 orati»

2215 1518 2358 1557 nem.
2394 1503 2459 1557 Et
2503 1502 2729 1557 clamor.
2786 1502 3046 1556 Dominus
3103 1503 3413 1557 vobiscum.
3458 1502 3529 1555 Et
3560 1519 3669 1558 cum
3696 1508 3771 1574 spi-

2214 1593 2345 1648 ritu.
2696 1632 2699 1635 ‹

2284 1682 3185 1752 0ratio.0mnipoteussempiterne
3201 1682 3373 1743 Dens,
3392 1681 3489 1749 qui
3508 1697 3602 1751 per
3612 1683 3775 1735 beatae

531 1757 770 1817 mitatem
792 1763 1044 1829 prsccepti
1073 1764 1145 1817 tui
1168 1773 1430 1833 potestate
1450 1767 1692 1838 dcpellis,
1711 1771 1898 1827 adesto
1929 1774 2111 1843 propi~
2149 1754 2189 1812 Β
2216 1774 2473 1829 .laeobum
2491 1775 2790 1844 apostolum
2820 1783 2968 1829 tuum
2985 1774 3328 1829 nosdoeuisti
3347 1789 3363 1826 :
3383 1773 3778 1843 lnﬁrmatarqnia

530 1848 636 1901 tius
662 1847 789 1904 huic
809 1848 1033 1918 famulo,
1056 1861 1139 1921 ut,
1163 1855 1567 1913 inﬁrmitatibus
1595 1860 1791 1929 fugatis
1818 1870 1870 1915 et
1901 1863 2106 1916 viribus

526 1940 777 2008 receptis,
804 1957 999 1998 nomen
1037 1954 1184 2000 tuum
1227 1948 1524 2004 instaurata
1573 1952 1817 2022 protinus
1876 1955 2109 2010 sanitate

524 2029 782 2085 benediea
792 2040 831 2087 t.
870 2035 989 2090 Per.

596 2115 718 2170 Alia
745 2120 935 2174 oratio.
988 2122 1215 2178 Domine
1266 2136 1482 2192 sancte,
1534 2128 1695 2184 Pater
1734 2130 2105 2200 omnipotens,

524 2215 725 2263 :eterne
767 2211 909 2266 Deus
937 2253 950 2275 ,
1004 2216 1094 2284 qui
1143 2216 1491 2287 fragilitatem
1531 2231 1729 2276 nostrae
1782 2223 2108 2277 conditionis

525 2299 703 2355 infusa
732 2304 952 2361 virtutis
980 2317 1081 2362 tute
1105 2309 1414 2379 dignatione
1441 2313 1734 2368 confirmas
1759 2355 1774 2379 ,
1810 2325 1870 2369 ut
1903 2317 2107 2371 saluta-

525 2391 677 2445 ribus
725 2396 977 2451 remediis
1022 2399 1241 2467 pietatis
1290 2410 1394 2456 tuae
1446 2412 1500 2457 et
1546 2419 1769 2472 corpora
1822 2416 2008 2461 nostra
2056 2416 2110 2461 et

525 2483 767 2537 membra
830 2496 1183 2555 vcgetentur,
1231 2506 1393 2562 super
1452 2494 1597 2549 hunc
1651 2495 1909 2551 famulum
1959 2507 2106 2552 tuum

525 2571 789 2641 propitius
841 2573 1101 2645 intende,
1163 2588 1224 2634 ut
1273 2583 1421 2642 omni
1479 2586 1802 2641 necessitate
1853 2602 2108 2657 corporea

525 2663 860 2721 infirmitatis
890 2669 1129 2734 exclusa,
1173 2673 1347 2742 gratia
1394 2674 1446 2729 in
1489 2691 1553 2731 eo
1591 2677 1830 2747 pristina:
1858 2679 2109 2736 sanitatis

522 2758 762 2827 perfecta
803 2772 1107 2832 reparetur.

596 2850 801 2913 Oratio.
839 2854 1075 2924 Exaudi,
1105 2859 1331 2915 Domine
1354 2902 1367 2925 ,
1401 2878 1590 2931 preces
1630 2873 1861 2930 nostras,
1891 2875 1947 2921 et
1976 2882 2109 2923 con-

522 2942 793 3003 ﬁtentium
853 2948 946 3007 tibi
978 2964 1141 3019 parce
1170 2953 1406 3022 peccatis
1427 2994 1441 3019 ,
1484 2964 1542 3009 ut
1572 2972 1732 3024 quem
1767 2959 2108 3014 conscientia:

524 3045 707 3093 reatus
734 3049 978 3109 accusat,
1004 3042 1336 3121 indulgentia
1363 3056 1466 3102 tua:
1496 3049 1894 3118 propitiationis
1929 3051 2107 3106 absol—

524 3137 633 3184 vat.
671 3130 796 3186 Per.

592 3221 715 3276 Atia
755 3226 945 3280 oratio.
979 3226 1142 3295 Deus,
1188 3229 1410 3286 humani
1458 3231 1675 3301 generis
1725 3230 2121 3305 benignissime.

522 3315 791 3381 conditor,
821 3318 912 3386 qui
935 3318 1208 3376 hominem
1237 3322 1438 3376 invidia
1468 3323 1663 3379 diaboli
1698 3324 1767 3379 ab
1808 3326 2113 3382 aztcrnitate

521 3406 788 3477 deiectum
811 3410 954 3465 unici
978 3410 1077 3466 Flii
1108 3413 1186 3467 tui
1225 3415 1491 3486 sanguine
1533 3415 1805 3472 redemisti
1834 3459 1849 3485 ,
1892 3416 2104 3473 viviﬁca

522 3501 663 3556 hunc
714 3504 973 3559 famulum
1027 3512 1215 3574 tuum,
1270 3523 1429 3578 quem
1485 3508 1577 3564 tibi
1623 3510 1937 3565 nullatenus
1975 3511 2110 3565 mori

524 3592 823 3660 desideras,
853 3604 908 3651 et
931 3597 1022 3667 qui
1056 3612 1159 3651 non
1194 3598 1538 3670 derelinquisj
1584 3600 1798 3655 devium
1826 3640 1841 3665 ,
1898 3615 2113 3654 assume

522 3696 862 3752 correctum;
920 3697 1172 3743 moveant
1240 3691 1493 3760 pietatem
1538 3702 1717 3758 tuam,
1783 3708 2110 3762 quassamus,

529 3773 773 3840 Domine,
802 3776 962 3844 hujus
992 3778 1175 3837 famuli
1204 3781 1278 3835 tui
1305 3782 1603 3853 lacrymosa
1629 3784 1880 3855 suiSpiria,
1917 3794 1971 3839 tu
1999 3784 2115 3852 ejus

527 3864 746 3920 medere
814 3866 1170 3935 vulneribus,
1240 3878 1293 3924 tu
1347 3868 1550 3937 jaecnti
1614 3888 1835 3927 manum
1897 3875 2113 3942 porrige

526 3954 818 4011 salutarem
850 3997 865 4023 ,
912 3974 979 4014 ne
1026 3961 1265 4015 Ecclesia
1335 3971 1423 4016 tua
1472 3962 1649 4032 aliqua
1717 3964 1798 4017 sui
1871 3966 2111 4035 corporis

529 4048 777 4118 portione
838 4060 1125 4118 vastetur,
1172 4068 1241 4107 ne
1302 4068 1432 4123 grex
1487 4062 1612 4108 tuus
1669 4055 1991 4109 detrimenta
2025 4072 2113 4108 su-

526 4140 767 4213 stincat,
789 4157 859 4199 ne
908 4144 974 4199 de
1018 4142 1234 4203 familiae
1275 4152 1377 4199 tua:
1404 4148 1602 4199 damno
1640 4144 1894 4199 inimicus
1936 4147 2116 4201 exsul-

527 4242 621 4298 tet,
654 4250 721 4289 ne
748 4246 992 4299 renatum
1017 4236 1235 4293 lavacro
1260 4235 1483 4293 salutari
1501 4252 1648 4291 mors
1673 4237 1911 4295 secunda
1935 4240 2112 4307 possi—

526 4328 673 4381 deat.
699 4326 817 4395 Tibi
834 4343 964 4398 ergo
985 4342 1176 4398 preces
1202 4326 1472 4398 supplices
1497 4325 1843 4394 edundimus,
1877 4338 1929 4383 tu
1955 4344 2116 4398 parce

2214 1865 2264 1918 in
2290 1867 2478 1921 vobis?
2508 1867 2729 1921 inducat
2755 1867 3103 1937 presbyteros
3142 1865 3434 1926 Ecclesire,
3467 1874 3523 1918 et
3552 1876 3693 1919 orent
3719 1884 3777 1918 ss-

2212 1975 2306 2028 per
2333 1974 2477 2022 eum,
2508 1967 2774 2027 tingentes
2805 1972 2927 2011 eum
2964 1957 3082 2010 oleo
3124 1957 3176 2011 in
3235 1957 3472 2010 nomine
3523 1957 3779 2017 Durnium

2210 2048 2382 2101 oratio
2408 2047 2525 2115 ejus
2559 2047 2679 2101 ﬁdei
2705 2046 2934 2101 salvabit
2980 2045 3281 2110 inﬁrmum,
3319 2055 3382 2099 et
3418 2046 3769 2100 allevabitea-a

2212 2139 2491 2205 Dominus,
2514 2148 2568 2194 et
2592 2139 2638 2193 si
2669 2139 2720 2193 in
2737 2137 2975 2208 peccatis
2994 2137 3083 2199 sit,
3111 2137 3475 2190 dimittentur
3498 2139 3572 2201 ei,
3622 2146 3669 2191 te
3689 2153 3776 2205 Sep-

2209 2229 2375 2298 plices
2419 2245 2733 2295 exoramus,
2764 2237 2826 2282 ut
2849 2229 2937 2284 hic
2968 2227 3201 2282 famulus
3232 2236 3363 2281 tuus
3379 2243 3481 2297 per
3515 2229 3775 2298 mysterium

2210 2334 2407 2378 nostra:
2434 2321 2705 2377 unctionis
2740 2320 2940 2376 donum
2968 2328 3073 2375 tua:
3100 2328 3305 2373 sancta:
3342 2320 3591 2389 pietatis,
3631 2334 3776 2387 pecs;-

2212 2425 2386 2470 tornm
2422 2430 2646 2470 suorum
2677 2413 2890 2469 veniam
2928 2412 3211 2482 consequi,
3240 2420 3298 2466 et
3340 2412 3417 2466 ad
3446 2412 3619 2466 vitam
3665 2422 3777 2466 κιετο

2210 2522 2332 2560 nam
2366 2506 2552 2560 venire
2576 2512 2874 2560 mereatur.
2902 2502 3029 2559 Per.

2278 2597 2399 2651 Alia
2424 2598 2611 2651 oratio.
2650 2596 2797 2651 Deus
2834 2594 3182 2659 misericors,
3229 2594 3381 2649 Deus
3419 2595 3673 2655 clemens,
3710 2608 3773 2661 qr:

2209 2688 2508 2743 secundum
2549 2685 2947 2741 multitudinem
2981 2684 3407 2739 miserationem
3452 2694 3658 2737 tuarum
3684 2697 3769 2751 pec

2214 2789 2331 2834 cata
2362 2778 2747 2848 ptenitentium
2785 2776 2951 2841 deles,
2983 2784 3037 2831 et
3072 2775 3493 2845 prseteritorum
3530 2774 3769 2829 criminum

2209 2870 2396 2941 culpas
2422 2870 2579 2924 venia
2604 2869 2940 2925 remissionis
2963 2882 3219 2931 evacuas,
3249 2869 3474 2937 respice
3500 2881 3655 2937 super
3671 2866 3771 2919 ιιιιεπῖ

2214 2960 2480 3015 famulum
2506 2969 2676 3022 tuum,
2712 2968 2768 3014 et
2815 2959 3192 3013 remissionem
3230 2959 3338 3012 sibi
3364 2957 3610 3012 omnium
3634 2971 3775 3026 perc:-

2218 3060 2397 3104 torum
2448 3065 2667 3105 suorum
2722 3056 2831 3103 tota
2888 3048 3066 3103 cordis
3110 3047 3469 3103 confessione
3517 3056 3774 3116 poscentes

2216 3142 2535 3211 deprecatus
2585 3140 2820 3205 exaudi;
2865 3153 3067 3194 renova
3118 3138 3171 3192 in
3221 3152 3313 3203 eo,
3350 3139 3597 3207 piissime
3637 3137 3773 3195 Pate'.

2218 3233 2482 3303 quidquid
2547 3243 2766 3287 terrena
2825 3230 3115 3301 fragilitate
3175 3239 3505 3300 corruptum
3561 3240 3667 3293 est,
3717 3232 3773 3277 vei

2216 3326 2479 3395 quidquid
2507 3325 2776 3383 diabolica
2802 3324 2990 3380 fraude
3022 3322 3281 3380 violatum
3315 3332 3427 3388 est,
3457 3323 3587 3379 etin
3616 3323 3771 3375 nnitstc

2214 3418 2458 3487 corporis
2479 3416 2734 3475 Ecclesiae
2759 3424 2882 3478 tute,
2908 3422 3162 3484 percepta
3182 3414 3537 3478 remissione,
3555 3414 3765 3467 restium;

2216 3507 2493 3571 miserere,
2514 3506 2771 3572 Domine,
2789 3506 3048 3575 gemitum
3079 3502 3197 3572 ejus
3220 3504 3612 3575 lacrymarum,
3634 3512 3678 3553 et
3695 3516 3769 3551 ora

2219 3599 2507 3653 habentem
2550 3598 2805 3652 ﬁduciam
2837 3597 2943 3651 nisi
2984 3597 3034 3649 in
3077 3604 3165 3657 tua
3205 3595 3590 3659 misericordis
3629 3593 3685 3647 ad
3708 3610 3768 3647 9-

2217 3696 2553 3744 cramentum
2588 3684 3048 3742 reconciliationis
3078 3684 3330 3738 admitte.
3365 3683 3496 3739 Per.

2287 3778 2388 3832 llis
2422 3777 2639 3847 expletis
2680 3776 3029 3833 orationibus,
3058 3774 3305 3837 sacerdos
3346 3775 3681 3828 communica
3716 3773 3767 3821 is.

2214 3870 2450 3936 ﬁrmum,
2488 3870 2663 3923 dicens
2691 3885 2710 3922 :
2746 3867 2958 3937 Corpus
2999 3867 3213 3921 Domini
3242 3868 3417 3923 nostri
3456 3867 3580 3922 Iesu
3612 3866 3773 3920 Christi

2220 3962 2442 4017 mundet
2474 3971 2525 4016 te
2573 3961 2639 4014 ab
2677 3960 2823 4016 omni
2865 3968 3108 4029 peccato,
3152 3966 3207 4012 et
3248 3968 3544 4013 conservet
3579 3958 3767 4011 animam

2219 4063 2365 4107 tuam
2405 4054 2457 4107 in
2493 4053 2656 4107 vitam
2687 4061 2967 4107 aeternam.
3009 4054 3202 4106 Amen.

2293 4145 2421 4201 Post
2461 4147 2645 4199 datum
2689 4162 2877 4216 corpus
2921 4147 3045 4199 dicit
3090 4144 3385 4214 capitulum
3416 4159 3434 4196 :
3468 4143 3675 4199 Salvum
3710 4142 3767 4194 fac

2220 4253 2435 4291 servum
2468 4246 2643 4305 tuum,
2684 4238 2825 4290 Deus
2856 4251 3030 4295 meus.
3069 4233 3222 4288 Mitte
3255 4235 3339 4300 ei,
3382 4235 3624 4289 Domine.
3652 4232 3703 4286 Et
3725 4234 3771 4283 de

2221 4328 2374 4383 Sion.
2402 4329 2647 4390 Domine,
2683 4326 2877 4384 exaudi
2907 4325 3230 4407 orationem.
3264 4324 3334 4379 Et
3364 4324 3591 4379 clamor.
3625 4322 3769 4376 Domi-

525 4417 846 4485 conﬁtenti,
890 4427 950 4472 ut
993 4418 1072 4473 sic
1126 4420 1180 4473 in
1226 4420 1329 4473 hac
1370 4418 1704 4473 mortalitate
1734 4433 1855 4495 .sua
1889 4431 2107 4488 peccata
2144 4449 2188 4508 D
2219 4434 2320 4472 nus
2344 4419 2643 4473 vobiscum.
2673 4419 2739 4471 Et
2764 4432 2887 4471 eum
2918 4415 3138 4485 spiritu.

526 4509 745 4577 deﬂeat,
769 4509 1002 4580 qualiter
1032 4510 1083 4564 in
1122 4510 1389 4565 tremendi
1432 4510 1622 4579 judicii
1654 4510 1741 4565 die
1779 4511 2108 4566 sententiam

527 4602 888 4657 damnationis
911 4612 1129 4657 :eternze
1156 4603 1372 4668 evadat,
1395 4612 1449 4657 et
1471 4602 1679 4657 nesciat
1700 4603 1842 4673 quod
1867 4611 2034 4657 terret
2059 4603 2109 4656 in

530 4692 799 4761 tenebris,
823 4694 967 4762 quod
1010 4694 1205 4753 stridet
1237 4694 1289 4748 in
1321 4693 1576 4759 ﬂammis,
1606 4703 1769 4764 atque
1815 4694 1882 4749 ab
1909 4695 2113 4749 erroris

528 4786 612 4839 via
641 4786 708 4838 ad
740 4787 842 4841 iter
869 4802 1116 4841 reversus
1142 4787 1368 4857 justitize
1393 4802 1734 4857 nequaquam
1765 4786 1903 4840 ultra
1929 4787 2113 4840 vulne-

529 4879 678 4937 ribus
707 4877 1013 4943 sauciatur,
1049 4879 1141 4940 sed
1174 4879 1441 4949 integrum
1486 4878 1555 4932 sit
1599 4878 1648 4931 ei
1678 4887 1734 4932 et
1770 4886 2111 4955 perpetuum,

530 4979 580 5023 et
619 4970 762 5038 quod
793 4970 963 5040 gratia
1020 4978 1109 5024 tua
1153 4971 1423 5037 contulit,
1470 4978 1526 5026 et
1565 4971 1708 5041 quod
1745 4971 2112 5027 misericordia

533 5060 867 5118 tcforntavit.
900 5062 1004 5117 Per
1036 5062 1310 5118 eumdem.

604 5152 706 5205 llic
744 5154 987 5209 sacerdos
1018 5156 1299 5224 interroget
1326 5155 1594 5224 inﬁrmum
1618 5196 1633 5220 ,
1664 5155 1709 5208 si
1744 5155 1850 5209 vult
1886 5157 2116 5224 accipere

532 5243 850 5301 unctionem.
888 5247 1021 5302 Cum
1073 5248 1444 5317 responderit:
1487 5246 1643 5315 Volo,
1681 5257 1802 5301 tunc
1850 5247 2009 5317 faciat
2070 5249 2116 5302 ei

533 5333 932 5403 confessionem.
974 5338 1231 5394 Sacerdos
1262 5349 1422 5410 ungat
1449 5356 1588 5405 eum,
1614 5340 1780 5397 risum
1811 5350 1858 5393 et
1902 5350 2115 5393 cancros

533 5442 740 5492 sensus,
763 5429 980 5489 dicendo
1005 5450 1022 5489 :
1053 5432 1213 5500 Deus,
1246 5432 1298 5486 in
1337 5433 1560 5487 nomine
1590 5442 1701 5497 tuo,
1728 5432 1868 5489 Deus
1896 5432 1946 5485 in
1970 5431 2119 5499 adju-

537 5518 755 5577 torium.
798 5517 945 5575 l’sal.
1000 5520 1151 5577 Beati
1215 5523 1564 5576 immaculati.
1633 5520 1737 5579 Per
1794 5523 1952 5577 istam
2020 5536 2121 5574 un-

456 5660 465 5667 .
533 5610 862 5675 ctionem,et
892 5626 1046 5665 suam
1074 5611 1368 5681 piissimam
1392 5611 1818 5666 miscricordiam
1850 5611 2121 5680 indulgeat

480 5742 483 5745 ι
539 5709 633 5777 tibi
690 5708 953 5766 Dominus
1009 5709 1265 5779 quidquid
1326 5709 1562 5779 peccasti
1613 5724 1708 5778 per
1763 5709 1957 5763 visum.
2018 5706 2120 5760 I’cr

2289 4508 2494 4564 Oratio.
2532 4509 2755 4564 Domine
2780 4517 2965 4563 sancte
3004 4507 3169 4563 Pater
3202 4509 3584 4578 omnipotens,
3609 4514 3769 4560 artem

2215 4603 2379 4665 Deus,
2416 4610 2467 4655 te
2498 4600 2729 4655 ﬁdeliter
2766 4600 3124 4673 deprecamur
3154 4615 3251 4668 pro
3281 4598 3489 4653 famulo
3520 4610 3607 4653 tuo
3643 4598 3769 4650 fratrs

2218 4707 2420 4760 nostro,
2450 4696 2781 4766 percipiente
2804 4696 3200 4749 Eucharistiam
3246 4705 3647 4751 sacrosanctam
3678 4694 3767 4753 fit;

2218 4790 2296 4844 tui
2326 4788 2533 4843 Domini
2566 4788 2735 4843 nostri
2764 4787 2890 4843 Jesu
2920 4789 3118 4843 Christi
3144 4790 3392 4858 corporis
3414 4798 3471 4842 et
3503 4788 3765 4855 sanguine;

2220 4892 2326 4939 tam
2380 4881 2594 4951 corpori
2647 4896 2807 4951 quam
2855 4881 3049 4935 anima:
3091 4882 3162 4935 sit
3204 4879 3372 4935 salus.
3414 4878 3524 4933 Per
3561 4878 3765 4933 eumdem

2217 4974 2528 5028 Dominum.

2289 5065 2482 5135 Igitur,
2509 5074 2562 5117 ut
2587 5081 2708 5118 mox
2723 5064 2904 5118 viderit
2924 5082 3040 5118 eum
3066 5064 3134 5116 ad
3152 5064 3349 5117 editum
3374 5066 3765 5133 arpropinqtlr'.

2219 5158 2560 5209 communicet
2588 5172 2727 5217 eum,
2767 5156 2926 5209 etiam
2955 5156 2999 5207 si
3017 5154 3301 5208 comederit
3319 5197 3333 5221 ,
3361 5156 3487 5225 quia
3519 5162 3763 5209 (omni

2219 5250 2315 5303 erit
2354 5248 2401 5301 ei
2435 5247 2782 5316 adiutorium.

2886 5354 3142 5393 ιιτΑΝιιε.

2221 5432 2459 5496 Christe,
2496 5431 2618 5485 audi
2655 5446 2772 5485 nos.
2802 5432 2947 5502 (ten)

2223 5523 2419 5575 Sancte
2454 5521 2610 5586 Abel,
2650 5535 2745 5575 ora
2782 5537 2880 5591 pro
2920 5536 3005 5577 eo.

2226 5615 2423 5668 Sancte
2460 5612 2634 5678 Isaac,
2674 5628 2757 5668 or.

2226 5707 2424 5767 Sancte
2465 5704 2718 5775 llenocb,
2747 5720 2829 5767 or.
