3846 6324
101 298 190 353 925

103 416 172 471 Ab
203 407 337 466 omni
368 404 526 469 malo,
556 402 651 458 lib.

103 504 249 577 liyrie
274 498 468 556 eleison
487 536 501 561 ,
527 493 752 550 Christe
776 490 1003 557 eleison,
1039 490 1203 563 Kyrie
1230 489 1456 547 eleison.
1492 489 1651 546 Pater

161 602 349 649 noster.
373 589 437 643 Et
457 601 527 642 ne
556 600 678 640 nos.

163 680 356 738 Oratio.
383 675 738 744 Omnipotens
760 673 1090 744 sempiterne
1114 672 1277 736 Deus,
1305 677 1653 726 conservator

98 776 403 835 animarum,
427 768 519 838 qui
546 762 686 837 quos
706 767 903 838 diligis,
929 766 1179 836 corripis,
1205 774 1259 819 et
1275 778 1414 833 quos
1437 763 1649 832 recipis,

95 866 171 933 pie
190 862 249 915 ad
270 856 698 916 emendationem
721 870 963 921 coerces,
983 864 1033 908 te
1050 856 1388 918 invocamus,
1404 853 1651 917 Domine,

98 966 147 1009 ut
189 951 442 1008 medelam
489 958 638 1002 tuam
679 948 927 1004 conferre
964 947 1203 1017 digneris
1232 946 1426 1000 anima:
1469 944 1653 999 famuli

98 1048 183 1111 tui,
209 1047 295 1117 qui
334 1046 385 1099 in
426 1058 659 1114 corpore
686 1041 1049 1097 membraruzn
1071 1037 1520 1100 debilitationem,
1544 1035 1654 1089 vim

95 1138 293 1202 laboris,
318 1136 566 1192 stimulas
606 1135 841 1189 sustinet
882 1130 1214 1186 inﬁrmitatis
1242 1128 1353 1205 :‘da
1392 1127 1464 1192 ei,
1510 1141 1657 1196 qua:-

95 1245 284 1294 sumus,
315 1229 545 1298 gratiam
582 1236 730 1282 tuam
772 1223 913 1294 piam
940 1238 1060 1278 esse
1080 1261 1097 1287 ,
1126 1230 1185 1276 ut
1216 1221 1270 1275 in
1311 1221 1443 1275 hora
1481 1218 1658 1274 exitus

96 1323 225 1376 illius
252 1321 314 1375 de
346 1335 579 1390 corpore
614 1322 821 1387 absque
848 1315 1055 1386 peccati
1093 1312 1301 1369 macula
1343 1311 1437 1366 tibi
1480 1308 1657 1366 datori

96 1413 295 1484 proprio
317 1427 410 1481 per
438 1426 637 1466 manus
659 1418 970 1465 sanctorum
991 1404 1363 1476 repraesentari
1387 1410 1658 1460 mereatur

94 1507 252 1560 anima
280 1504 416 1575 ejus.
443 1503 570 1558 Per.

158 1596 337 1666 Incipit
373 1594 761 1649 commendatio
788 1593 1007 1659 animm,
1045 1600 1322 1661 antequam
1361 1588 1659 1658 egrediatur

95 1689 149 1741 de
171 1702 396 1754 corpore.

157 1774 460 1840 Subvenite,
489 1774 672 1831 sancti
702 1774 819 1829 Dei.
848 1771 1122 1841 Suscipiat
1145 1779 1198 1826 te
1220 1769 1488 1825 Christus.

152 1867 509 1933 Proﬁciscere,
544 1868 727 1922 anima
751 1865 1085 1928 Christiana,
1120 1865 1187 1918 de
1213 1862 1317 1917 hoc
1346 1860 1575 1921 mundo,
1607 1859 1660 1914 in

96 1962 296 2016 nomine
328 1961 419 2016 Dei
465 1960 655 2015 Patris
689 1960 729 2030 -ι-
756 1956 1169 2028 omnipotentis,
1210 1955 1303 2025 qui
1343 1963 1396 2010 te
1434 1952 1659 2018 creavit,

98 2054 144 2108 in
168 2052 370 2108 nomine
401 2051 531 2108 Iesu
561 2051 767 2107 Christi
804 2054 843 2121 1-
875 2050 995 2105 Filii
1042 2049 1135 2104 Dei
1172 2047 1302 2113 vivi,
1334 2047 1426 2118 qui
1466 2061 1566 2117 pro
1609 2053 1663 2100 te

98 2158 266 2213 passus
292 2151 402 2206 est,
438 2142 493 2196 in
542 2141 769 2197 nomine
804 2139 1039 2209 Spiritus
1062 2137 1234 2193 sancti
1272 2137 1332 2206 1-,
1372 2135 1463 2206 qui
1506 2135 1561 2189 in
1611 2142 1665 2187 te

99 2236 276 2291 eliusus
314 2242 419 2291 est.
460 2233 696 2305 Adjuvet
746 2241 931 2288 sancta
970 2231 1213 2286 Trinitas
1266 2244 1364 2300 per
1402 2228 1665 2282 interces-

103 2328 289 2382 sionem
332 2334 651 2383 sanctorum
692 2324 1029 2395 angelorum,
1082 2329 1138 2378 et
1184 2318 1663 2390 archangelorum,

108 2418 404 2475 thronorum
444 2426 501 2475 et
541 2416 974 2474 dominationum
996 2454 1012 2479 ,
1052 2413 1451 2485 principatuum
1483 2418 1538 2465 et
1573 2424 1662 2480 po-

109 2518 360 2576 testatum,
384 2517 440 2565 et
458 2509 711 2565 omnium
730 2508 1015 2573 virtutum,
1040 2504 1343 2570 cherubim,
1373 2500 1667 2573 serapbim,

105 2611 153 2657 et
169 2602 333 2660 omnis
352 2601 575 2657 humani
605 2600 847 2672 generis,
878 2595 1139 2669 quidquid
1164 2611 1195 2649 a
1218 2595 1331 2650 Deo
1359 2600 1664 2663 susceptum

106 2702 195 2759 est,
218 2694 652 2766 patriarcharum
684 2699 739 2746 et
766 2691 1174 2762 prophetarum,
1214 2685 1576 2757 apostolorum
1615 2690 1673 2739 et

111 2795 408 2857 martyrum,
431 2785 813 2842 confessorum
842 2789 897 2837 et
916 2780 1209 2851 virginum,
1244 2779 1588 2834 sacerdotum
1616 2785 1673 2832 et

110 2876 391 2943 levitarum,
425 2886 480 2934 et
507 2876 758 2933 omnium
794 2873 1050 2929 Ecclesia:
1081 2871 1362 2928 catholica:
1386 2868 1671 2940 graduum,

111 2971 473 3025 monachorum
503 2977 558 3025 et
595 2957 1078 3022 anachoretarum.
1114 2963 1283 3017 Hodie
1313 2962 1486 3016 factus
1517 2960 1588 3015 sit
1616 2958 1670 3013 in

114 3075 228 3127 pace
262 3059 409 3117 locus
440 3069 586 3126 tuus,
624 3067 682 3114 et
722 3056 984 3113 habitatio
1017 3065 1107 3111 tua
1137 3055 1192 3111 in
1225 3052 1524 3110 Jerusalem
1558 3065 1672 3110 coe-

113 3150 299 3207 lestem.
329 3152 433 3208 Per
466 3152 785 3208 Dominum.
1099 3216 1103 3223 ι

173 3243 428 3317 Suscipiat
451 3253 504 3299 te
532 3251 761 3299 sanctus
790 3240 1018 3296 Michael
1041 3232 1423 3310 archangelus,
1456 3235 1548 3305 qui
1573 3233 1675 3289 mi-

117 3334 229 3390 litiae
248 3335 477 3391 caelestis
505 3335 710 3390 meruit
734 3326 1118 3404 principatum.
1138 3329 1368 3387 Obvient
1392 3329 1485 3383 tibi
1505 3326 1677 3383 sancti

114 3425 270 3497 angeli
316 3428 431 3491 Dei,
477 3435 529 3481 et
567 3426 871 3497 perducant
914 3433 966 3478 te
1005 3424 1058 3477 in
1112 3423 1384 3478 civitatem
1431 3429 1675 3475 sanctam

109 3513 405 3572 Jerusalem.
436 3516 719 3586 Suscipiat
750 3524 803 3571 te
836 3514 1026 3570 beatus
1052 3514 1246 3569 Petrus
1272 3512 1567 3581 apostolus,
1592 3509 1677 3565 cui

110 3623 134 3659 a
156 3607 258 3663 Deo
277 3610 452 3665 claves
483 3608 651 3679 regni
676 3607 940 3664 cartorum
962 3604 1173 3660 tradita:
1194 3613 1338 3660 sunt.
1369 3602 1600 3670 Adjuvet
1627 3611 1681 3656 te

110 3709 303 3755 sanctus
334 3701 579 3767 Paulus,
609 3700 701 3771 qui
742 3699 937 3768 dignus
968 3697 1069 3751 fuit
1113 3711 1233 3753 esse
1272 3710 1366 3751 vas
1401 3694 1682 3750 electionis

110 3789 211 3845 Dei.
252 3785 564 3850 ln'tercedat
611 3808 708 3864 pro
751 3799 803 3846 te
849 3798 1071 3845 sanctus
1092 3786 1328 3844 Joannes
1352 3785 1555 3841 electus
1588 3785 1681 3839 Dei

116 3884 393 3950 apostolus,
422 3885 508 3940 cui
560 3882 795 3938 revelata
823 3888 949 3937 sunt
981 3888 1192 3934 secreta
1221 3875 1481 3932 caelestia.
1515 3875 1684 3931 Orent

112 3989 198 4042 pro
228 3984 276 4031 le
295 3991 482 4031 omnes
528 3975 709 4029 sancti
734 3982 789 4028 et
820 3964 978 4027 electi
1020 3970 1113 4025 Dei
1142 3968 1400 4040 apostoli,
1429 3966 1625 4037 quibus
1654 3983 1682 4021 a

114 4064 320 4122 Dnnino
358 4069 483 4124 data
541 4076 625 4123 est
671 4075 909 4137 potestas
969 4061 1164 4135 ligandi
1220 4072 1382 4131 atque
1418 4059 1682 4115 solvendi.

113 4152 363 4225 Egredere
384 4158 437 4213 in
463 4156 692 4213 nomine
716 4157 754 4227 -ι-
779 4155 980 4217 Patris,
1003 4161 1058 4208 et
1080 4153 1117 4223 -ι-
1142 4151 1285 4218 Filii,
1317 4159 1373 4206 et
1390 4150 1429 4221 -ι-
1452 4148 1687 4221 Spiritus

115 4251 294 4317 sancti,
332 4252 420 4322 qui
464 4238 530 4307 te
568 4249 833 4303 illuminet
883 4247 936 4303 in
972 4246 1138 4301 vitam
1174 4252 1462 4309 aeternam,
1495 4250 1550 4297 et
1603 4254 1689 4295 re-

116 4343 321 4398 suscitet
348 4351 399 4399 te
428 4343 481 4398 in
528 4342 699 4412 prima
717 4338 1130 4401 resurrectione,
1164 4335 1217 4390 in
1250 4334 1545 4389 novissimo
1577 4331 1684 4386 die.

929 284 1270 341 EXCERPT.
1301 283 1390 340 EX
1418 284 1623 343 CODD.
1662 284 1943 342 LITURG.
1993 284 2515 342 FONTAVELLAN.

1676 401 1724 460 Α
1819 397 2038 467 Libera,
2076 400 2320 465 Domine,
2363 415 2599 454 annnam
2621 401 2761 456 servi
2789 402 2891 467 tui,
2914 403 3054 458 sicut
3090 403 3329 463 liherasti

3224 292 3329 349 926

1752 492 1921 547 David
1952 492 2019 547 de
2049 507 2210 547 manu
2239 492 2367 548 Saul
2392 492 2536 563 regis
2564 502 2620 548 et
2645 492 2882 561 Goliath,
2905 504 2963 550 et
2984 496 3051 551 de
3074 496 3329 551 omnibus

1750 585 1980 640 vinculis
2008 582 2142 653 ejus.

1825 677 2037 741 Libera,
2070 676 2313 743 Domine,
2347 677 2583 732 animam
2608 680 2750 735 servi
2781 678 2886 743 tui,
2920 680 3061 735 sicut
3086 678 3329 735 liberasti

1753 778 1863 825 tres
1893 784 2091 838 pueros
2114 768 2181 823 de
2208 770 2422 824 camino
2454 769 2594 839 ignis
2626 773 2868 827 ardentis
2902 780 2957 826 et
2983 772 3050 827 de
3078 772 3328 826 manibus

1756 864 1923 931 iniqui
1958 862 2119 933 regis.

1824 953 2051 1017 Libera,
2087 951 2340 1015 Domine,
2365 950 2602 1004 animam
2630 951 2770 1007 servi
2796 950 2900 1017 tui,
2929 951 3067 1005 sicut
3089 949 3328 1005 liberasti

1756 1046 2063 1101 Suzannam
2091 1046 2157 1100 de
2182 1044 2317 1098 falso
2343 1043 2588 1098 crimine.

1826 1139 2041 1199 Libera,
2075 1138 2319 1201 Domine,
2347 1135 2584 1189 animam
2608 1133 2750 1188 servi
2781 1133 2876 1196 tui,
2908 1133 3049 1187 sicut
3089 1129 3331 1186 liberasti

1757 1235 2050 1290 lmmanum
2083 1248 2251 1302 genus
2290 1247 2385 1300 per
2414 1230 2716 1299 passionem
2754 1226 2966 1280 Domini
2996 1224 3164 1279 nostri
3203 1221 3333 1277 Jesu

1756 1326 1979 1383 Christi.
2648 1380 2656 1391 ο
3210 1312 3213 1313 ν

1827 1416 2041 1480 Libera,
2074 1414 2327 1478 Domine,
2359 1412 2595 1466 animam
2639 1408 2823 1463 tantuli
2876 1406 2976 1471 tui,
3002 1404 3147 1459 sicut
3194 1402 3333 1480 libe-
3384 1441 3388 1445 -

1760 1507 1888 1562 rasti
1920 1504 2140 1559 Petrum
2164 1513 2219 1558 et
2249 1502 2469 1557 Paulum
2496 1504 2562 1555 de
2590 1498 2923 1554 carceribus.
3284 1478 3299 1487 ’

1828 1590 2042 1659 Libera,
2074 1594 2299 1649 Domine
2329 1592 2564 1645 animam
2596 1587 2736 1643 servi
2769 1586 2876 1651 tui,
2909 1585 3050 1640 sicut
3092 1581 3336 1637 liherasti

1762 1689 2018 1745 Theclam
2047 1688 2112 1741 de
2140 1686 2318 1741 medio
2339 1680 2668 1754 spectaculo.

1692 1751 1737 1806 Β
1837 1779 1928 1834 Sic
1969 1777 2201 1832 liberare
2236 1773 2505 1845 digneris,
2541 1770 2795 1833 Domine,
2838 1768 3073 1822 animam
3102 1763 3339 1821 hominis

1763 1871 1942 1935 istius,
1967 1877 2021 1925 et
2040 1875 2213 1922 tecum
2229 1865 2473 1921 habitare
2501 1864 2552 1917 in
2568 1860 2725 1917 bonis
2752 1855 3336 1915 coelestibusconcede.

1765 1963 1890 2018 Per.

1837 2051 2044 2107 Oratio.
2095 2048 2191 2104 Pio
2229 2044 2629 2102 recordationis
2676 2041 2895 2106 aliectu,
2959 2036 3157 2092 fratres
3208 2033 3342 2088 cha-

1766 2142 2000 2207 rissimi,
2043 2136 2617 2196 commemorationem
2669 2132 2895 2188 facimus
2942 2109 3119 2183 chari'
3150 2124 3347 2188 nostri,

1767 2250 1925 2306 quem
1961 2232 2219 2287 Dominus
2252 2229 2320 2284 de
2371 2228 2563 2295 laqueo
2604 2222 2919 2293 tentationis
2967 2217 3125 2285 hujus
3166 2212 3347 2268 san-ali

1769 2325 2095 2395 assumpsit,
2154 2322 2501 2377 obsecrantes
2550 2312 2975 2370 misericordiam
3012 2307 3103 2362 Dei
3145 2303 3347 2363 nostri,

1770 2428 1831 2475 ut
1869 2419 1983 2489 ipse
2025 2416 2075 2471 ei
2128 2413 2367 2468 tribuere
2417 2410 2667 2479 dignetur
2712 2404 2964 2473 placitam
3009 2411 3065 2454 et
3107 2397 3350 2467 quietam

1771 2486 2107 2566 mansionem
2146 2514 2201 2559 et
2238 2502 2479 2558 remittat
2516 2512 2705 2553 omnes
2764 2495 2988 2549 lubrica:
3029 2486 3354 2544 temeritatis

1771 2601 2026 2663 offensas,
2046 2606 2126 2661 nt,
2145 2608 2405 2650 concessa
2423 2590 2579 2644 venia
2604 2587 2776 2657 plenzp
2798 2580 3163 2653 indulgentiae,
3191 2575 3352 2647 quid-

1773 2693 1900 2764 quid
1949 2691 2002 2745 in
2046 2690 2149 2743 hoc
2187 2684 2381 2740 sarculo
2424 2680 2643 2752 proprio
2678 2685 2837 2733 reatu
2882 2670 3141 2744 deliquit,
3183 2677 3355 2721 totum

1774 2759 2028 2840 inell'abili
2060 2779 2260 2849 pietate
2290 2790 2352 2828 ac
2406 2769 2736 2840 benignitate
2757 2780 2853 2822 sua
2876 2763 3054 2817 deleat
3074 2769 3122 2815 et
3149 2759 3358 2813 abster-

1774 2882 1885 2946 gat.
1915 2868 2068 2940 Quod
2106 2870 2218 2940 ipse
2252 2873 2510 2938 prmstare
2542 2861 2811 2931 dignetur,
2835 2856 3076 2927 quicum
3107 2851 3269 2905 Patre
3302 2855 3358 2902 et

1775 2967 1979 3038 Spiritu
2010 2970 2198 3019 sancto
2224 2957 2353 3012 vivit
2385 2964 2441 3011 et
2471 2962 2686 3024 regnat.

1850 3057 2056 3113 Oratio.
2090 3054 2260 3119 Deus,
2291 3050 2378 3106 cui
2405 3046 2587 3102 omnia
2620 3045 2848 3107 vivunt,
2890 3047 2947 3094 et
2989 3036 3077 3093 cui
3115 3049 3222 3088 non
3268 3046 3361 3101 pe-

1779 3159 1938 3206 reunt
1987 3160 2216 3216 corpora
2246 3151 2464 3206 nostra,
2506 3138 2601 3193 sed
2637 3143 2915 3191 mutantur
2946 3131 3000 3185 in
3041 3127 3234 3182 melius
3258 3164 3272 3189 ,
3306 3132 3359 3177 te

1777 3242 2044 3313 supplices
2070 3239 2429 3308 deprecamur
2447 3273 2462 3298 ,
2488 3229 2831 3286 utl‘amulum
2858 3235 3006 3281 tuum
3035 3219 3233 3290 suscipi
3271 3218 3361 3288 ju-

1776 3337 1911 3391 beas
1938 3348 2033 3403 per
2056 3345 2247 3385 manus
2265 3335 2574 3383 sanctorum
2596 3320 2908 3393 angelorum
2939 3327 3150 3370 tuorum
3189 3310 3362 3365 dedu-

1777 3400 2005 3481 cendum
2020 3421 2072 3474 in
2092 3420 2213 3474 sinu
2230 3415 2389 3470 amici
2409 3414 2484 3467 tui
2513 3412 2745 3466 Abrahae
2759 3406 3099 3478 patriarchae,
3130 3400 3360 3456 resusci«

1780 3516 2113 3583 tandumque
2144 3511 2196 3564 in
2235 3506 2529 3563 noviSsimo
2552 3502 2730 3572 magni
2756 3498 2944 3571 judicii
2970 3496 3087 3559 die;
3120 3502 3175 3549 et
3194 3492 3355 3560 quid-

1780 3608 1909 3678 quid
1954 3605 2207 3658 vitiorum
2247 3599 2467 3654 fallente
2518 3594 2730 3651 diabolo
2775 3587 3079 3654 contraxit,
3115 3593 3194 3651 tu,
3236 3583 3360 3654 pius

1781 3710 1837 3755 et
1888 3697 2227 3761 misericors,
2260 3691 2418 3749 ablue
2441 3687 2787 3760 indulgendo.

1855 3789 2060 3844 Oratio.
2095 3784 2343 3853 Suscipe,
2370 3781 2616 3846 Domine,
2641 3779 2877 3832 animam
2904 3770 3042 3828 servi
3069 3769 3164 3836 tui,
3202 3781 3365 3836 quam

1783 3884 1851 3939 de
1877 3877 2147 3951 ergastulo
2176 3875 2337 3945 hujus
2362 3872 2540 3929 szeculi
2584 3885 2777 3926 vocare
2807 3869 3055 3925 dignatus
3109 3879 3169 3918 es
3209 3869 3263 3915 et
3287 3860 3352 3918 li-

1784 3974 1911 4028 bera
1935 3985 2054 4026 eam
2078 3969 2142 4023 de
2168 3964 2500 4037 principibus
2527 3960 2898 4022 tenebrarum,
2926 3964 2981 4010 et
3012 3955 3076 4008 de
3100 3952 3231 4005 locis
3258 3962 3368 4019 pm-

1786 4076 1977 4119 narum
2002 4102 2019 4127 ,
2070 4066 2129 4112 ut
2166 4055 2409 4111 absoluta
2456 4052 2699 4107 omnium
2742 4046 2958 4103 vinculo
2989 4052 3365 4115 peccatorum,

1787 4150 1985 4223 quietis
2011 4163 2074 4203 ac
2115 4147 2249 4202 lucis
2286 4154 2503 4200 aeternae
2552 4140 2888 4198 beatitudine
2925 4135 3267 4208 perfruatur,
3315 4137 3373 4185 et

1788 4244 1930 4298 inter
1964 4251 2181 4297 sanctos
2208 4249 2327 4293 tuos
2372 4238 2426 4291 in
2456 4232 2875 4291 resurrectionis
2921 4227 3091 4300 gloria
3133 4224 3369 4279 resusci—

1792 4336 1892 4388 tari
1923 4341 2216 4387 mereatur.
2250 4330 2371 4385 Per.

117 4431 343 4498 Domine,
373 4443 565 4489 sancte
594 4431 779 4495 Pater,
822 4428 1036 4497 suscipe
1073 4427 1311 4481 animam
1347 4424 1491 4479 servi
1524 4422 1598 4477 tui
1630 4422 1684 4477 in
1719 4449 1766 4508 ο
1864 4424 2069 4479 Oratio.
2102 4420 2555 4478 Commendamus
2586 4415 2702 4479 tibi,
2736 4412 2989 4478 Domine,
3020 4409 3258 4463 animam
3289 4404 3371 4459 fa-

117 4536 257 4595 pace,
270 4532 322 4579 et
346 4525 463 4597 ejus
486 4523 671 4580 omnia
702 4529 923 4593 peccata
951 4519 1183 4585 dimitte,
1199 4515 1449 4572 Salvator
1473 4513 1682 4568 mundi.

119 4615 208 4683 Qui
221 4619 353 4676 vivis
364 4629 631 4691 etregnas
646 4617 699 4672 in
724 4618 932 4675 unitate
954 4614 1188 4687 Spiritus
1201 4612 1370 4668 sancti
1388 4611 1547 4666 Deus.
1562 4608 1690 4665 Per.

183 4707 423 4780 Suscipe,
452 4710 704 4776 Domine,
735 4707 973 4762 animam
1001 4703 1187 4758 famuli
1221 4702 1295 4757 tui
1325 4702 1380 4759 iu
1409 4702 1605 4755 bono.o

183 4800 365 4858 Libera
384 4844 399 4870 ,
426 4802 680 4869 Domine,
710 4801 943 4856 animam
975 4797 1114 4853 servi
1139 4797 1215 4851 tui
1238 4811 1304 4851 ex
1333 4794 1583 4851 omnibus
1603 4809 1695 4864 pe-

114 4890 293 4975 riculis
321 4895 684 4959 infer-norum,
720 4902 775 4947 et
812 4891 879 4946 de
915 4889 1125 4960 laqueis
1167 4901 1483 4960 pinnarum,
1530 4896 1586 4941 et
1629 4885 1696 4940 de

126 4985 358 5044 omnibus
387 4981 822 5043 tribulationibus
848 4983 1027 5038 malis.

190 5076 399 5145 Libera,
428 5079 685 5143 Domine,
726 5076 964 5132 animam
1008 5072 1194 5133 famuli
1223 5073 1334 5137 tui,
1371 5071 1514 5127 sicut
1556 5070 1693 5125 libe—

130 5171 248 5223 rasti
276 5170 385 5227 Noe
408 5173 463 5230 in
486 5171 709 5228 diluvio.

193 5257 375 5318 Libera
400 5303 414 5328 ,
438 5263 695 5328 Domine,
727 5260 962 5317 animam
1000 5257 1189 5312 {annuli
1217 5255 1291 5312 tui
1323 5296 1336 5321 ,
1379 5254 1520 5308 sicut
1560 5253 1697 5309 libe-

132 5353 252 5409 rasti
282 5354 450 5410 Eliam
480 5365 537 5411 et
564 5354 784 5412 Henoch
816 5354 882 5408 de
910 5350 1181 5406 communi
1208 5356 1382 5402 morte
1416 5345 1623 5400 mundi.

195 5442 404 5514 Libera,
427 5446 673 5513 Domine,
710 5445 943 5500 animam
972 5442 1111 5498 servi
1156 5441 1254 5509 tui,
1284 5440 1423 5495 sicut
1454 5438 1695 5494 liherasti

136 5533 390 5593 Abraham
418 5555 515 5609 per
541 5539 703 5595 ﬁdem
726 5547 782 5595 et
810 5536 1208 5593 credulitatem.

201 5624 404 5692 Libera,
432 5628 678 5693 Domine,
705 5628 942 5683 animam
974 5626 1114 5681 servi
1142 5625 1237 5689 tui,
1283 5625 1423 5682 sicut
1459 5622 1695 5681 liberasti

139 5713 273 5778 Loth
290 5719 353 5777 de
383 5719 632 5782 Sodomis
662 5728 723 5778 et
740 5719 805 5777 de
826 5720 1039 5779 llarnma
1071 5717 1235 5792 ignis.

1794 4517 1925 4575 muli
1971 4516 2048 4573 tui
2092 4513 2277 4569 fratris
2322 4510 2514 4577 nostri,
2567 4518 3000 4577 precamurque,
3040 4510 3100 4554 ut
3153 4505 3373 4569 propter

1794 4624 1955 4682 quam
1985 4606 2052 4661 ad
2077 4615 2276 4660 terram
2304 4612 2391 4656 tua
2421 4600 2621 4670 pietate
2663 4594 2990 4652 descendere
3013 4592 3264 4659 dignatus
3290 4603 3371 4652 es,

1795 4699 2229 4775 patriarcharum
2264 4704 2477 4749 tuorum
2511 4692 2562 4767 in
2599 4690 2808 4744 sinibus
2853 4683 3119 4739 insinuari
3150 4696 3255 4735 non
3288 4695 3374 4734 re-

1796 4810 1930 4851 nuas
1957 4793 2264 4848 miseratus.
2289 4786 2389 4854 Qui
2423 4785 2559 4839 vivis
2588 4792 2643 4836 et
2664 4794 2877 4850 regnas.

1867 4885 2072 4941 Oratio.
2097 4883 2416 4953 Illigranteln
2449 4881 2501 4931 in
2547 4886 2637 4929 tuo
2668 4872 2887 4929 nomine
2912 4869 2979 4924 de
3007 4869 3108 4922 hac
3136 4862 3376 4920 instabili

1796 4986 1848 5034 et
1888 4985 1997 5030 tam
2023 4975 2229 5028 incerta
2255 4972 2307 5025 in
2334 4968 2717 5036 sempiternam
2762 4963 2926 5015 vitam
2964 4958 3111 5013 illam
3148 4971 3212 5008 ac
3243 4953 3378 5007 laeti-

1798 5071 1925 5125 tiam
1956 5066 2219 5122 suscitare
2245 5078 2391 5130 eum,
2420 5058 2666 5122 Domine,
2702 5056 2754 5110 in
2771 5052 2929 5109 bonis
2959 5044 3271 5104 cmleslibus
3296 5043 3378 5099 di—

1796 5159 1995 5229 gneris.
2026 5156 2149 5211 Per.

2276 5243 2356 5299 Ad
2387 5256 2572 5310 corpus
2596 5235 2897 5290 lavandum.

1871 5338 2082 5395 Oratio.
2103 5334 2350 5403 Suscipe,
2385 5328 2633 5403 Domine,
2658 5324 2892 5378 animam
2924 5321 3065 5377 servi
3092 5319 3164 5375 tui
3191 5332 3373 5374 rever-

1802 5442 2005 5489 tentem
2036 5429 2102 5484 ad
2135 5440 2203 5492 te,
2239 5434 2441 5481 vestem
2477 5420 2757 5477 caelestem
2797 5417 2957 5472 indue
2988 5431 3143 5481 eam,
3177 5422 3234 5468 et
3260 5412 3369 5465 lana

1766 5522 1769 5523 ⁷
1798 5541 1920 5582 eam
1953 5530 2143 5579 sancto
2172 5521 2318 5574 futue
2350 5518 2475 5572 vita:
2509 5524 2757 5578 aeterna),
2790 5517 2863 5579 _ut
2907 5509 3048 5564 inter
3086 5506 3379 5577 gaudentes

1800 5618 2050 5690 gaudeat,
2078 5623 2133 5670 et
2157 5614 2298 5668 inter
2321 5609 2588 5680 sapientes
2614 5606 2822 5676 sapiat,
2853 5612 2908 5659 et
2942 5603 3083 5657 inter
3112 5609 3382 5669 martyres

1802 5689 2121 5773 consedeat,
2161 5712 2216 5761 et
2260 5704 2404 5759 inter
2445 5697 2788 5771 patriarchas
2838 5693 3107 5768 proﬁciat,
3142 5699 3194 5748 et
3224 5689 3372 5745 inter
