3846 6324
513 239 612 297 9‘27

1645 233 1814 290 suac.
1834 236 1904 290 x1
1930 232 2195 291 MONUM.
2225 233 2501 290 LITURG.
3621 254 3705 308 ενδ

512 354 806 425 prophetas
846 361 903 404 et
947 345 1214 420 apostolos
1262 351 1410 418 sequi
1461 348 1734 403 (‘hristum
1767 350 1996 413 studeat,
2031 359 2082 404 et
2113 351 2158 406 Α
2186 350 2321 404 inter
2375 351 2585 416 agmina
2643 360 2951 404 sanctormn
3005 361 3220 405 tuorum
3281 355 3537 422 digneris;
3585 378 3706 417 rem

513 445 657 500 inter
707 441 926 511 angelos
987 450 1044 495 et
1099 441 1450 510 archangelos
1505 439 1801 494 claritatem
1863 441 1953 494 Dei
2001 443 2078 495 vi-

515 537 657 599 deat,
689 541 744 588 et
774 534 911 586 inter
940 531 1171 600 paradisi
1213 532 1398 584 rutilos
1427 531 1628 601 lapides
1653 532 1918 602 .gaudium
1961 548 2081 602 pos-

509 627 713 685 sideat.
757 624 819 678 et.
861 622 1282 682 ministeriorum
1337 623 1431 675 Dei
1492 621 1736 675 notitiam
1792 631 2077 691 agnoscat,
2157 649 2159 652 -

511 726 568 769 et
607 717 747 768 inter
769 713 1042 767 cherubim
1087 722 1144 766 et
1190 713 1463 781 seraphim
1509 712 1808 766 claritatem
1863 712 1953 767 Dei
2003 713 2080 765 in-

511 807 727 870 veniat,
786 814 842 859 et
890 804 1250 872 inter'viginti
1299 811 1534 872 quat-nor
1582 805 1824 858 seniores
1866 790 2076 858 cantica

511 885 844 950 canticorum
867 904 1152 950 cantantes
1191 895 1395 956 audiat,
1435 903 1488 948 et
1513 895 1653 947 inter
1687 893 1926 948 lavantes
1967 903 2078 947 sto-

509 987 589 1040 las
611 1001 738 1040 suas
763 986 814 1039 in
837 986 981 1038 fonte
1013 984 1233 1038 luminis
1251 992 1454 1038 vestem
1489 999 1638 1038 suam
1675 983 1832 1047 lavet,
1851 993 1906 1039 et
1935 984 2078 1038 inter

507 1076 785 1146 pulsantes
855 1075 1062 1144 pulset,
1129 1083 1184 1127 et
1243 1083 1426 1142 portas
1489 1072 1790 1127 Jerusalem
1857 1083 2072 1142 apertas

507 1166 768 1232 inveniat,
810 1175 865 1221 et
907 1165 1049 1219 inter
1096 1165 1339 1220 videntes
1385 1165 1664 1218 Dominum
1706 1164 1841 1218 facie
1889 1164 1955 1217 ad
2001 1162 2077 1219 ia-

507 1258 645 1312 ciem
696 1257 895 1317 videat,
941 1266 998 1310 et
1049 1256 1190 1309 inter
1236 1264 1517 1308 cantantes
1567 1256 1833 1309 canticum
1882 1269 2075 1306 novum

509 1355 713 1413 cantet,
741 1355 795 1400 et
824 1347 964 1401 inter
982 1346 1265 1400 audientes
1288 1345 1562 1400 cmlcstem
1599 1347 1834 1400 souitmn
1867 1345 2072 1398 audiat.

507 1432 614 1491 Per
631 1435 833 1489 omnia.

582 1526 700 1580 Alia
724 1527 910 1580 oratio.
944 1525 1188 1594 Suscipe,
1235 1525 1486 1589 Domine,
1521 1526 1755 1580 animam
1792 1526 1972 1580 famuli
2003 1527 2073 1580 Ini

511 1620 578 1673 ad
601 1629 651 1672 te
676 1627 1052 1683 revertentem,
1082 1619 1148 1672 de
1191 1617 1408 1688 Egypti
1457 1619 1699 1686 partibus
1735 1617 2078 1686 proﬁciscen-

2182 449 2391 507 quoque
2426 437 2715 494 etelesti’et
2741 440 2874 493 stola
2913 441 3335 496 immodalitatis
3365 445 3528 511 indui,
3561 465 3610 504 et
3638 471 3712 522 μ-

2182 532 2342 585 radisi
2371 532 2678 584 ammaitate
2701 530 2968 586 confoveri
2994 531 3209 599 jubeas.
3236 533 3357 588 Per.

2238 619 2371 674 Alia
2419 621 2605 673 oratio.
2658 620 2834 684 Deus,
2885 622 2975 690 qui
3029 624 3388 676 humanarum
3444 626 3706 682 animam:

2179 720 2416 765 aeternus
2447 719 2656 764 amator
2679 726 2768 774 es,
2797 711 3030 764 animam
3061 712 3248 765 famuli
3279 714 3355 766 tui
3374 755 3390 776 ,
3414 730 3571 782 quam
3595 734 3719 776 ver...

2180 799 2304 853 dum
2339 800 2390 852 in
2416 813 2643 868 corpore
2669 799 2824 866 vixit,
2855 801 3028 854 tenuit
3055 801 3213 865 iides,
3233 803 3302 854 ab
3325 805 3472 857 onmi
3507 809 3720 858 cruciata

2181 886 2510 941 iui'ernornm
2544 887 2706 942 redde
2731 896 3025 953 extorrem,
3057 897 3116 942 ut
3147 901 3436 958 segregata
3477 893 3547 943 ab
3577 894 3722 945 inier-

2181 974 2392 1027 nalibus
2416 973 2666 1028 claustris
2707 983 3019 1028 sanctorum
3063 984 3340 1030 mereatur
3365 977 3588 1030 adunati
3621 997 3722 1033 ωει-

2177 1064 2378 1118 sortiis.
2402 1063 2505 1118 Per
2531 1064 2813 1119 Dominum
2837 1073 3085 1120 uestrum
3115 1065 3306 1120 Jesum
3333 1067 3638 1122 Christum.

2247 1155 2364 1208 Alia
2391 1155 2578 1208 oratio.
2606 1154 2770 1218 Deus,
2799 1156 2938 1224 apud
2972 1171 3132 1224 quem
3166 1167 3509 1212 mortuorum
3533 1162 3725 1228 spiritus

2177 1245 2381 1307 vivunt,
2403 1253 2460 1298 et
2490 1245 2545 1298 in
2573 1260 2680 1314 quo
2715 1245 3008 1299 electorum
3033 1247 3250 1314 artium,
3283 1249 3537 1317 deposito
3577 1255 3724 1304 carui-

2177 1353 2360 1400 onere,
2392 1335 2546 1404 plena
2574 1336 2832 1390 felicitate
2864 1337 3145 1399 laetantur,
3174 1347 3374 1406 prazsta
3396 1380 3411 1401 .
3449 1342 3727 1409 supplicari.

2177 1429 2320 1481 tibus
2359 1426 2531 1492 nobis,
2561 1435 2618 1480 ut
2650 1429 2889 1481 animam
2937 1430 3122 1482 famuli
3157 1430 3252 1487 tui.
3299 1447 3426 1499 qum
3471 1439 3724 1500 temporali

2159 1515 2334 1582 .hujus
2363 1516 2543 1570 saeculi
2574 1516 2751 1572 caruit
2778 1517 2926 1579 visu,
2957 1526 3160 1570 :eteruo
3201 1519 3350 1571 illius
3388 1519 3526 1573 lucis
3561 1522 3726 1573 solatia

2128 1621 2138 1630 '
2176 1610 2429 1676 potiatur,
2455 1622 2559 1660 non
2594 1621 2713 1661 eam
2756 1615 3076 1660 tormentum
3112 1609 3308 1664 mortis
3339 1610 3603 1678 attingat,
3640 1629 3723 1664 nea

467 1755 470 1759 .
513 1715 639 1767 tem,
688 1713 741 1759 et
781 1707 930 1759 mitte
976 1706 1195 1772 angelos
1239 1715 1357 1762 tuos
1400 1716 1615 1761 sanctos
1659 1707 1871 1760 obviam
1911 1708 1982 1773 ci,
2020 1718 2072 1762 et

2182 1697 2321 1750 :lolor
2357 1696 2638 1750 horrendze
2667 1696 2888 1752 visionis
2913 1696 3145 1761 alliciat,
3172 1713 3282 1752 non
3323 1702 3563 1768 pinnatis
3593 1705 3724 1754 timor

510 1796 650 1850 viam
667 1796 906 1865 iustitiae,
933 1804 986 1850 et
1011 1795 1211 1865 repelle
1237 1797 1304 1850 ab
1331 1810 1393 1849 ea
1419 1811 1607 1850 omnes
1635 1796 1904 1865 principes
1930 1806 2075 1851 tene-

509 1887 764 1953 brarum;
795 1903 1054 1956 agnosce,
1078 1887 1326 1952 Domine,
1356 1898 1660 1941 creaturam
1702 1897 1846 1941 tuam
1879 1904 1981 1948 non
2007 1904 2072 1942 ex

511 1978 615 2032 diis
645 1978 834 2033 alienis
867 1988 1133 2043 creatam,
1163 1977 1256 2032 sed
1281 1993 1311 2031 a
1339 1987 1392 2032 te
1413 1978 1526 2032 solo
1555 1976 1661 2032 Deo
1695 1979 1816 2032 vivo
1845 1987 1901 2032 et
1925 1994 2072 2044 vero,

507 2066 631 2132 quia
664 2081 766 2119 non
791 2074 874 2120 est
903 2066 1040 2120 alius
1068 2066 1206 2120 Deus
1243 2075 1438 2135 praeter
1482 2075 1561 2131 te,
1592 2065 1844 2132 Domine,
1885 2077 1940 2123 et
1968 2084 2071 2125 non

507 2161 592 2208 est
620 2154 913 2207 secundum
944 2170 1108 2223 opera
1140 2163 1248 2207 tua.
1278 2154 1534 2220 Laetifica,
1568 2155 1812 2223 Domine,
1835 2157 2089 2210 animam,

508 2239 689 2294 [amuli
724 2243 796 2294 lui
820 2281 834 2306 ,
867 2251 1014 2296 etne
1051 2244 1361 2297 ruentiueris
1410 2244 1748 2313 iuiquitatum
1784 2243 1898 2311 ejus
1939 2260 2074 2313 quas

507 2330 783 2385 suscitavit
821 2331 970 2384 furor
1001 2332 1126 2385 mali
1156 2333 1433 2396 desiderii;
1469 2334 1594 2388 licet
1621 2334 1762 2387 enim
1799 2336 2071 2402 peccavit,

509 2429 685 2474 tamen
713 2421 951 2486 Patrem,
989 2431 1041 2475 et
1076 2423 1292 2486 Filium,
1319 2434 1373 2476 et
1403 2424 1662 2492 Spiritum
1697 2436 1938 2478 sanctum
1970 2442 2070 2478 non

509 2512 741 2582 negavit,
768 2513 861 2566 sed
892 2513 1136 2578 credidit,
1165 2522 1220 2569 et
1244 2514 1416 2569 zelum
1443 2515 1535 2569 Dei
1566 2514 1779 2578 habuit,
1806 2525 1860 2570 et
1885 2517 2070 2583 Deum,

507 2605 598 2671 qui
629 2603 754 2658 fecit
783 2605 987 2670 omnia,
1016 2607 1282 2660 adoravit.
1314 2608 1412 2673 Qui
1441 2607 1575 2660 vivit
1598 2617 1653 2662 et
1679 2616 1888 2678 regnat.

578 2687 784 2746 Oratio.
833 2693 998 2758 Deus,
1027 2703 1156 2749 ante
1216 2692 1369 2760 cuius
1426 2703 1773 2763 conspectum
1837 2694 2076 2750 defertur

513 2798 675 2837 omne
714 2783 858 2852 quod
894 2784 1130 2852 geritur;
1173 2785 1261 2853 qui
1295 2800 1417 2839 cum
1455 2785 1529 2840 sis
1569 2785 1863 2850 institutor,
1913 2794 1966 2840 et
2011 2787 2075 2840 de

506 2875 782 2943 soppliciis
807 2889 867 2930 es
913 2877 1238 2940 moderator,
1267 2891 1570 2945 qutesumus
1596 2891 1693 2945 pro
1731 2875 1930 2930 famulo
1958 2886 2070 2943 tuo,

507 2973 567 3018 nt
596 2965 694 3019 des
717 2965 766 3018 ei
798 2974 1004 3035 partem
1041 2982 1162 3020 cum
1201 2967 1405 3022 sanctis
1430 2967 1536 3021 tuis
1557 3007 1572 3032 ,
1611 2975 1666 3021 et
1705 2967 2069 3024 haereditatcm

517 3071 638 3109 cum
670 3054 856 3111 electis
878 3057 1000 3110 tuis.
1026 3056 1128 3112 Per
1153 3058 1330 3113 omnia
1353 3058 1565 3112 saecula.

463 3204 468 3208 _
579 3146 786 3202 Oratio.
821 3147 1081 3218 Suscipe,
1116 3150 1368 3214 Domine,
1419 3151 1651 3206 animam
1704 3153 1844 3208 servi
1889 3153 1962 3207 tui
2018 3153 2068 3207 in

467 3297 470 3300 ,
503 3235 702 3290 bonum
729 3237 1113 3302 habitaculum,
1142 3239 1293 3310 cujus
1314 3242 1687 3309 corpusculum
1713 3242 1922 3297 lavandi
1953 3243 2068 3312 prr-

512 3329 720 3397 agimus
744 3325 996 3391 cilicium,
1031 3337 1085 3383 et
1113 3330 1177 3383 da
1218 3329 1264 3383 ei
1304 3330 1540 3399 requiem
1575 3332 1624 3384 in
1656 3345 1821 3399 regno
1848 3342 2068 3397 mleruo,

467 3480 473 3486 ί
504 3418 556 3471 i.l
589 3418 748 3472 estin
775 3417 1070 3474 Jerusalem
1094 3420 1390 3485 ctelestem,
1435 3431 1488 3486 et
1522 3421 1574 3475 in
1612 3423 1819 3476 sinibus
1846 3425 2075 3492 patriar-

503 3511 725 3564 charum
774 3519 1010 3576 tuorum,
1043 3511 1092 3564 id
1140 3520 1226 3566 est
1267 3512 1518 3578 Abrahte,
1578 3513 1726 3568 Isaac
1770 3522 1826 3568 et
1873 3513 2071 3576 Jacob,

504 3597 774 3651 collocare
809 3599 1076 3668 digneris,
1128 3609 1187 3654 ut
1233 3600 1430 3654 habeat
1473 3609 1679 3670 partem
1731 3601 1780 3654 in
1828 3603 1980 3656 beata
2023 3611 2077 3655 et

505 3688 677 3754 prima
711 3690 1131 3754 resurrectione;
1171 3706 1364 3760 corpus
1399 3691 1514 3758 ejus
1562 3693 1803 3763 suscipe,
1852 3704 1907 3748 et
1954 3710 2074 3748 cunt

509 3778 810 3832 lnmcdictis
852 3780 916 3833 ad
955 3780 1229 3836 dexteram
1274 3784 1366 3839 Dei
1407 3783 1583 3838 Patris
1623 3786 1962 3839 venientibus
1994 3802 2076 3839 ve-

460 3932 468 3939 _
511 3869 648 3932 niat,
673 3876 728 3922 et
760 3868 900 3922 inter
924 3873 1260 3939 possidentes
1289 3875 1454 3928 vitam
1485 3885 1742 3929 aeternam
1781 3878 2073 3946 possideat.

510 3955 637 4014 l’er.

610 4067 877 4139 Incipiunt
899 4071 1129 4141 capitula
1148 4075 1296 4196 ,lsiue
1325 4076 1612 4142 orationes,
1641 4087 1756 4146 post
1786 4095 1973 4147 corpus

1189 4154 1419 4196 aratum.

1189 4154 1419 4198 aratum.

578 4229 646 4284 Pa
660 4239 740 4284 ter
770 4238 971 4286 noster.
1002 4231 1066 4285 Et
1093 4247 1157 4286 ne
1184 4247 1302 4287 nos.

577 4319 896 4390 Cupilulum.
935 4322 990 4376 in
1019 4324 1278 4378 memoria
1301 4316 1501 4391 teterna
1529 4326 1635 4382 erit
1655 4325 1855 4397 justus.
1883 4327 1964 4397 Ab
1984 4343 2075 4382 au-
2109 4360 2152 4416 ο

505 4412 638 4466 tiiltl.

579 4502 652 4555 Ne
699 4503 866 4560 intres
907 4504 958 4558 in
1000 4503 1262 4572 judicium
1310 4521 1432 4584 cum
1471 4524 1626 4563 servo
1669 4519 1782 4574 tuo,
1829 4509 2072 4575 Domine,

507 4593 638 4660 Q-llll
673 4610 776 4647 non
808 4595 1212 4664 justiiicabitur.

576 4682 652 4736 Nc
680 4685 858 4740 tradas
885 4687 1074 4742 bestiis
1109 4675 1195 4742 ani
1211 4703 1328 4743 mas
1356 4690 1672 4746 conﬁtentes
1702 4691 1817 4757 tibi,
1853 4693 1917 4747 Et
1951 4695 2073 4748 ani-

507 4791 623 4834 mas
649 4791 967 4847 pauperum.

577 4863 834 4936 Requiem
879 4877 1136 4924 aeternam
1169 4869 1308 4926 dona
1353 4871 1400 4928 ei
1449 4872 1692 4941 Domine,
1730 4875 1796 4928 Et
1831 4876 1919 4930 lux
1956 4893 2076 4946 pcr-

503 4963 659 5027 petua
669 4995 683 5008 .

581 5047 802 5103 Domine
825 5051 1036 5106 exaudi.
1064 5051 1130 5106 Et
1157 5051 1380 5108 clamor.

579 5138 837 5196 Dominus
866 5145 1164 5198 vobiscmn.
1190 5145 1253 5198 Et
1277 5160 1419 5211 cum.

581 5229 785 5284 Oratio.
822 5233 981 5300 Deus,
1022 5235 1142 5289 vita:
1172 5236 1354 5303 dator,
1388 5245 1442 5291 et
1481 5237 1837 5292 humanorum
1883 5254 2074 5309 corpo-

508 5336 628 5374 rum
660 5331 963 5390 reparator,
1010 5325 1103 5393 qui
1148 5334 1199 5379 te
1233 5342 1264 5380 a
1312 5327 1686 5396 peccatoribus
1729 5329 1942 5383 exorari
1985 5345 2077 5382 vo-

475 5412 676 5493 inisti,
713 5415 904 5468 exaudi
951 5431 1156 5486 preces,
1189 5433 1322 5486 quas
1368 5418 1589 5488 Speciali
1633 5420 1922 5474 devotione
1977 5437 2076 5490 pro

510 5505 689 5560 anima
723 5505 902 5560 famuli
932 5507 1007 5561 tui
1034 5508 1125 5562 tibi
1155 5508 1572 5580 lacrymabilitcr
1598 5510 1889 5576 fundimus,
1917 5522 1972 5566 et
2007 5513 2071 5566 li-

510 5601 701 5656 berare
727 5613 853 5656 cum
893 5599 962 5654 ab
1002 5598 1293 5656 inferorum
1339 5603 1700 5673 cruciatibus,
1728 5613 1781 5660 et
1813 5604 2078 5662 collocare

2174 1787 2464 1850 excruciet,
2500 1802 2607 1840 non
2635 1802 2855 1842 reorum
2885 1789 3118 1855 pessima
3150 1800 3346 1843 catena
3395 1793 3722 1860 constringat.

2175 1877 2288 1938 sed,
2317 1889 2571 1931 concessa
2598 1875 2704 1931 sibi
2731 1876 3044 1932 delictorum
3067 1879 3312 1933 omnium
3341 1881 3527 1944 venia,
3559 1893 3726 1952 olunt:

2174 1969 2369 2037 quietis
2399 1979 2759 2037 consequatur
2787 1969 2978 2038 gaudia
3003 1971 3360 2039 repromissa.

2247 2057 2435 2112 Finitis
2463 2059 2697 2112 omnibus
2720 2059 3058 2122 orationibus,
3087 2071 3320 2128 ponatur
3351 2077 3546 2130 corpus
3581 2064 3630 2114 is
3661 2066 3718 2128 {e-

2176 2160 2334 2214 retro,
2359 2160 2406 2202 el
2429 2164 2737 2218 aspergatur
2762 2166 2898 2218 aqua
2921 2161 3102 2208 sancta
3120 2190 3135 2214 ν
3159 2161 3206 2205 et
3236 2152 3543 2206 incensam
3561 2166 3606 2207 ει
3627 2172 3724 2207 εει-

2174 2250 2297 2293 teut.
2328 2239 2638 2303 Subvenite,
2672 2240 2844 2294 sancti
2892 2240 3004 2294 Dei.
3049 2239 3329 2310 Suscipiat
3368 2252 3441 2295 te.
3487 2243 3644 2309 Deus,
3682 2247 3723 2294 in

2176 2329 2390 2384 nomine
2422 2337 2528 2383 tuo.
2574 2329 2722 2383 Beati
2758 2329 3110 2396 immaculati.
3137 2329 3209 2383 Et
3242 2333 3321 2385 sic
3365 2332 3557 2384 cadant
3581 2334 3643 2388 ad
3662 2349 3728 2386 ειο

2174 2424 2404 2477 clesiam.
2433 2422 2562 2477 Cum
2586 2424 2812 2477 venerint
2841 2424 2909 2476 ad
2937 2424 3213 2476 introitum
3247 2423 3726 2488 ecclesitr,dir.itsr:

2177 2514 2488 2578 Subvenite,
2511 2514 2684 2569 sancti
2712 2513 2828 2568 Dei.
2861 2511 2927 2566 Et
2959 2513 3036 2566 sic
3056 2513 3212 2568 detur
3243 2514 3519 2567 incensum
3551 2526 3726 2582 aqua

2173 2618 2375 2673 sancta,
2405 2617 2452 2661 et
2480 2615 2732 2661 sanentur
2767 2605 2940 2658 omnia
2963 2604 3135 2672 signa,
3165 2614 3214 2657 et
3244 2615 3483 2672 ponatur
3513 2605 3730 2672 ferar:-

2174 2696 2230 2748 in
2253 2696 2564 2764 pavimento,
2593 2704 2642 2748 et
2664 2702 2869 2747 cantent
2897 2693 3256 2746 invitatoriam
3285 2707 3304 2744 :
3340 2693 3546 2764 Regem
3565 2737 3582 2760 ,
3624 2704 3728 2754 etc.,

2175 2795 2231 2838 ut
2256 2787 2309 2839 in
2330 2785 2498 2849 editis,
2520 2784 2798 2849 exc/asiae,
2826 2799 2981 2853 usque
3005 2783 3074 2837 ad
3102 2785 3503 2852 responsorium
3519 2787 3730 2838 secum

2177 2877 2410 2931 lectionis
2439 2877 2594 2944 primi
2630 2875 2900 2940 nocturni,
2933 2875 3088 2944 cujus
3117 2875 3274 2928 verba
3299 2876 3419 2929 hac
3459 2886 3580 2930 sunt
3601 2893 3619 2930 :
3647 2875 3728 2941 Qui

2177 2966 2516 3023 resuscitasti
2553 2964 2784 3035 puellam
2808 2965 2946 3034 inira
2974 2964 3216 3029 domum,
3243 2973 3298 3017 et
3317 2964 3579 3034 juvenem
3599 2977 3728 3020 extr:

2123 3071 2142 3092 ι
2174 3066 2404 3126 portam,
2456 3066 2512 3110 tu
2557 3057 2638 3121 ei,
2689 3056 2932 3111 Domine.
2984 3055 3158 3126 Lectio
3202 3055 3403 3111 Manus
3448 3067 3587 3122 tuae,
3616 3068 3726 3114 etc"

2174 3145 2446 3210 exclusive,
2475 3161 2632 3214 usque
2655 3145 2724 3198 ad
2766 3146 3147 3214 responsorium
3188 3147 3456 3214 sequentis
3505 3146 3723 3198 lecticaris.

2174 3234 2478 3304 Responde.
2547 3235 2701 3300 Quod
2751 3236 2825 3288 sic
2879 3234 3093 3302 effertur
3138 3248 3156 3285 :
3222 3234 3545 3298 Subvenite,
3585 3237 3726 3288 sancti

2176 3325 2290 3390 Dei,
2319 3334 2450 3388 etc.,
2481 3335 2534 3377 ut
2562 3325 2614 3376 in
2640 3324 2833 3388 editis,"
2861 3322 3071 3394 quando
3115 3323 3403 3376 deducitur
3437 3327 3648 3377 caderer
3678 3325 3728 3374 de

2175 3421 2346 3474 domo.
2379 3418 2549 3476 llomo
2580 3428 2737 3473 natus
2756 3420 2823 3473 de
2851 3419 3097 3486 muliere,
3130 3431 3264 3482 etc.,
3291 3431 3348 3473 ut
3386 3421 3442 3472 in
3466 3423 3634 3483 editis,
3659 3438 3726 3471 u-

2177 3526 2273 3578 que
2299 3510 2365 3562 ad
2393 3509 2776 3578 responsorium
2824 3510 3078 3578 sequentis
3115 3508 3379 3563 lectionis.
3427 3509 3561 3579 Quis
3602 3511 3723 3571 mila,

2176 3601 2262 3652 ubi
2291 3599 2476 3668 legitur
2496 3619 2507 3652 :
2530 3598 2603 3654 Ne
2632 3599 2801 3653 intres
2831 3599 2882 3653 in
2905 3598 3170 3667 judicium
3190 3615 3313 3654 cum
3343 3615 3510 3654 servo
3537 3598 3727 3662 tumib-

2178 3692 2339 3745 mine.
2357 3690 2421 3744 In
2451 3693 2600 3751 tertfo
2632 3701 2882 3744 nocturno
2907 3706 2925 3744 :
2954 3689 3323 3758 Complaceat,
3347 3700 3482 3755 etc.,
3513 3693 3724 3765 παρείκει

2178 3793 2337 3835 totam
2374 3783 2661 3836 lectionem.
2699 3781 2827 3836 Pelii
2853 3797 3002 3846 mea),
3038 3782 3191 3851 cujus
3229 3784 3611 3850 responsorium
3634 3795 3722 3834 est:

2183 3872 2375 3928 Libera
2410 3887 2514 3937 me,
2543 3872 2791 3933 Domine,
2824 3873 2887 3926 de
2918 3873 2967 3924 vi
2997 3872 3216 3939 inferni,
3257 3875 3351 3942 qui
3381 3886 3564 3944 portas
3586 3889 3722 3927 mres

2177 3961 2512 4030 confregisti,
2546 3970 2598 4014 et
2626 3960 2857 4015 visitasti
2906 3959 3209 4025 infernum,
3249 3971 3306 4015 et
3349 3963 3546 4017 dedisti
3572 3963 3719 4015 eisin-

2183 4067 2328 4117 men,
2362 4061 2420 4106 ut
2445 4051 2688 4106 viderent
2715 4061 2765 4105 te
2789 4050 2878 4121 qui
2909 4061 3064 4104 erant
3093 4052 3144 4104 in
3175 4053 3358 4120 ptenis
3388 4056 3717 4110 tenebrarum.

2178 4143 2472 4197 clamantes
2502 4152 2555 4198 et
2584 4143 2826 4199 dicentes
2845 4144 3173 4208 :Advcnisti,
3198 4143 3534 4216 Redemptor
3551 4158 3716 4201 noster.

2178 4233 2278 4300 Qui
2325 4245 2497 4293 erant.
2549 4234 2723 4288 Lectio
2755 4233 2885 4288 :Vir
2928 4233 3260 4288 fortissimus
3312 4232 3502 4290 Iudas.
3546 4237 3595 4302 ιξ.
3637 4235 3717 4288 Re-

2179 4333 2426 4400 demptor
2451 4311 2602 4384 meus
2621 4327 2781 4390 vivit,
2813 4337 2866 4382 et
2899 4327 2949 4381 in
2985 4326 3285 4380 novissimo
3315 4328 3407 4382 die
3450 4343 3714 4396 resurgant.

2179 4431 2237 4476 et.
2261 4419 2658 4487 renovabuntur
2687 4418 2862 4472 denuo
2890 4432 3010 4470 ossa
3036 4427 3249 4481 mea,ct
3283 4417 3334 4469 in
3360 4433 3528 4470 carne
3559 4419 3718 4469 videbo

2179 4511 2459 4567 Dominum
2481 4525 2675 4564 mcum.
2700 4507 2906 4575 Lauda,
2927 4509 3103 4562 anima
3135 4525 3276 4573 mea,
3297 4509 3577 4562 Dominum
3593 4526 3607 4573 ;
3625 4509 3714 4559 ian-

2147 4593 2314 4653 'dabo
2365 4599 2644 4652 Dominum
2679 4597 2729 4650 in
2763 4597 2867 4650 vita
2897 4613 3030 4650 mea.
3068 4596 3127 4648 Et
3160 4597 3211 4648 in
3255 4613 3440 4652 carne.
3489 4597 3715 4666 Ilctpzie-a

2176 4700 2453 4744 aeternam.
2484 4690 2550 4742 Et
2580 4688 2634 4742 in
2668 4705 2851 4742 carne.

2248 4782 2316 4835 In
2340 4773 2648 4834 Laudibus:
2679 4769 3051 4844 Εέευιίειὺειιιι,
3079 4787 3208 4844 etc.,
3227 4790 3279 4832 ut
3312 4779 3364 4832 in
3392 4779 3564 4846 editis,
3588 4795 3715 4846 usqu

2177 4873 2244 4925 ad
2264 4869 2503 4942 quartam
2535 4870 2870 4938 antipltonam
2893 4870 3166 4923 exclusire.
3193 4871 3492 4936 Antiphone
3527 4888 3544 4923 :
3575 4871 3714 4924 Rem-

2177 4963 2357 5032 gitabo
2390 4977 2575 5016 omnes
2606 4976 2776 5016 annos
2825 4978 2973 5016 meos
3016 4963 3068 5014 in
3116 4963 3477 5016 amaritudine
3533 4964 3712 5015 auiam.

2178 5051 2324 5106 Psal.
2359 5063 2414 5106 ut
2457 5053 2511 5105 in
2539 5053 2688 5107 editis
2743 5062 2789 5106 et
2841 5069 3000 5123 usque
3051 5055 3118 5106 ad
3159 5055 3498 5122 antipltonam
3563 5053 3706 5106 [lt-ae-

2177 5147 2370 5209 dicms,
2398 5153 2691 5214 postquam
2723 5144 2910 5213 legitur
2939 5161 2958 5198 .·
2987 5143 3158 5198 Omne
3186 5146 3327 5214 quod
3356 5145 3466 5207 dat,
3507 5144 3602 5198 etc.
3639 5144 3712 5194 iit-

2179 5235 2444 5290 ocdictus.
2492 5235 2571 5286 Ad
2620 5234 2873 5303 Vesperas
2935 5235 3220 5302 antipltona
3269 5253 3288 5289 .'
3353 5234 3575 5289 Placebo
3627 5233 3710 5284 li.»

2177 5331 2341 5392 mino,
2370 5337 2496 5393 etc.,
2521 5344 2678 5396 usque
2701 5327 2768 5380 ad
2796 5327 3052 5396 psalmum
3080 5341 3097 5379 :
3131 5327 3471 5391 ilonlitebor,
3498 5325 3710 5378 industri

2177 5431 2230 5474 ut
2262 5423 2312 5474 in
2335 5421 2503 5473 editis.

2250 5513 2446 5566 Deinde
2484 5512 2754 5581 sequitur:
2789 5511 3046 5581 Requicm
3081 5521 3360 5567 :etcrnam.
3396 5511 3456 5564 Et
3484 5510 3587 5563 lux.
3618 5509 3703 5560 Λιξ-

2179 5607 2430 5678 lipltona:
2483 5605 2674 5661 Audiri
2724 5619 2911 5660 vocem
2963 5605 3028 5660 dc
3074 5605 3211 5662 C(Bio
3255 5606 3512 5661 dicentem
3558 5601 3698 5657 mihi:
