3846 6324
118 324 235 380 929
944 316 1287 374 EXCERPT.
1312 317 1408 375 ,ΕΧ
1450 319 1648 374 (ZODD.
1677 320 1702 372 ί

1812 277 1953 373 me.
1996 319 2525 376 FONTAV’ELLAN.
3268 330 3369 386 ese

118 440 285 493 Beati
318 436 536 503 mortui,
564 438 652 505 qui
680 435 732 488 in
760 434 985 487 Domino
1013 434 1338 491 moriuntur.
1378 432 1701 502 Magnilicat.
1732 447 1778 502 Α
1810 448 1937 487 suos
1966 448 2087 489 eum
2121 435 2173 487 in
2205 443 2357 503 parte
2384 438 2606 489 dextera
2648 434 3016 491 collocandum
3060 442 3366 497 resuscitari

121 530 286 583 I’sal.
322 531 397 584 De
427 528 723 598 profundis,
768 524 918 580 Psal.
948 526 1151 580 Lauda.
1175 525 1326 579 Psal.
1363 523 1523 580 Voce.
1554 526 1701 579 Psat.
1805 524 1992 578 faciat.
2023 523 2325 578 Prmstantc
2358 524 2583 579 Domino
2611 536 2800 581 nostro
2827 525 2952 582 Jesu
2994 528 3232 585 Christo.
3268 532 3367 598 Qui

114 622 210 672 Axi
247 619 554 673 Dominum.
582 617 744 670 Pater
769 624 969 671 noster.
995 616 1060 669 Et
1084 632 1150 670 ne
1180 632 1295 670 nos.
1805 630 1927 669 cum
1964 614 2126 668 Patre
2149 623 2205 669 et
2230 613 2432 683 Spiritu
2457 625 2662 680 sancto,
2688 625 2791 671 etc.

202 709 422 762 Oratio.
457 708 617 773 Deus,
664 707 748 761 cui
792 707 1067 775 proprium
1100 717 1203 763 est.
1242 709 1361 763 Atia
1404 714 1591 766 oratio,
1622 710 1706 769 tu-
1874 703 1993 756 Alia
2020 704 2185 756 oratio
2226 703 2585 759 Obsecremus
2608 706 3028 762 misericordiam
3057 717 3221 777 tuam,
3254 726 3369 765 om-

114 801 298 866 clina,
328 800 575 854 Domine.
930 818 935 823 -
1805 793 2056 858 nipotens
2106 793 2281 857 Deus,
2316 794 2405 863 qui
2457 794 2727 849 hominem
2779 796 2845 849 ad
2890 797 3175 867 imaginem
3225 809 3367 853 tuam

199 888 418 942 Deinde
477 886 719 940 sacerdos
784 896 881 941 stet
939 887 1099 955 juxta
1160 886 1424 954 feretrum.
1485 887 1704 942 Interim
1805 896 1993 935 creare
2023 881 2275 951 dignatus
2309 896 2388 946 es,
2432 892 2491 936 ut
2524 883 2771 953 spiritum
2801 894 2855 939 et
2898 887 3134 940 animam
3182 888 3364 943 famuli

111 986 386 1033 sanentur
417 977 591 1031 omnia
636 976 815 1045 signa,
851 991 1115 1045 quousque
1159 992 1334 1030 omnes
1374 978 1702 1043 conveniant,
1808 974 1879 1029 tui
1902 1014 1917 1040 ,
1952 988 2114 1042 quem
2158 974 2417 1028 hodierna
2454 974 2539 1028 die
2576 974 2735 1029 rebus
2777 975 3027 1031 humanis
3051 987 3268 1032 exutum
3300 980 3367 1033 to
3400 1033 3404 1037 ,

110 1088 166 1130 et
212 1076 479 1142 accipiant
505 1073 773 1137 candelas,
796 1084 845 1127 et
870 1081 1055 1126 cantor
1072 1080 1168 1126 stet
1203 1072 1341 1140 apud
1381 1070 1625 1139 feretrum
1655 1082 1711 1124 et.
1813 1078 1864 1120 te
1887 1066 2141 1119 accersiri
2168 1064 2398 1131 jussisli,
2424 1064 2616 1119 blande
2646 1066 3173 1137 miscricorditerque
3195 1066 3363 1123 susci‘

107 1167 298 1218 dicat.
320 1165 519 1218 Deinde
541 1163 677 1215 dicat
698 1164 941 1217 sacerdos
964 1165 1271 1218 orationem.
1292 1164 1367 1219 Nc
1388 1165 1575 1227 intres,
1593 1174 1699 1219 etc.
1804 1159 1940 1227 pias.
1984 1156 2101 1211 Non
2151 1157 2200 1211 ei
2230 1156 2575 1210 dominentur
2618 1158 2820 1211 umbra:
2847 1159 3053 1222 mortis.
3098 1174 3196 1213 nec
3224 1161 3363 1229 leg-'t

109 1265 175 1306 ut
202 1255 269 1306 in
293 1253 465 1307 editis.
496 1250 667 1318 ti.Qui
698 1250 955 1304 Lazarum
986 1251 1279 1307 suseitasti.
1310 1250 1550 1315 Interim,
1576 1253 1701 1304 dum
1808 1261 1930 1300 cum
1978 1245 2143 1299 chaos
2183 1253 2235 1298 et
2276 1245 2450 1314 caligo
2494 1244 2858 1308 tenebrarum,
2904 1245 2997 1299 sed
3036 1257 3225 1301 exutus
3253 1259 3364 1301 om-

108 1353 400 1406 cuntatur,
436 1342 663 1394 incenset
711 1341 910 1404 altare,
960 1341 1143 1395 deinde
1180 1358 1393 1411 corpus,
1436 1352 1482 1395 et
1522 1352 1705 1395 cantor
1808 1336 1954 1388 nium
2001 1335 2290 1388 criminum
2340 1320 2482 1397 labe,
2524 1335 2575 1387 in
2628 1333 2747 1388 sinu
2785 1334 3014 1388 Abrahze
3059 1334 3363 1390 collocatus.

112 1435 278 1485 dicat
304 1445 322 1482 :
353 1430 539 1500 Kyrie,
573 1429 805 1497 Christe,
838 1429 1039 1500 Hyrie;
1068 1441 1113 1483 et
1144 1432 1385 1483 sacerdos
1416 1432 1554 1483 dicat
1583 1448 1702 1483 ora-

114 1527 335 1577 tionem
375 1539 393 1577 :
426 1523 563 1586 Fac,
608 1537 947 1590 quatsuntus,
994 1532 1049 1575 ut
1090 1521 1142 1575 in
1182 1522 1350 1575 editis.
1387 1521 1699 1575 Subvenite.

112 1614 195 1666 Et
230 1611 475 1666 sacerdos
502 1609 724 1664 incenset
750 1610 937 1677 altare,
960 1621 1006 1663 et
1029 1627 1235 1678 corpus,
1260 1620 1305 1663 et
1330 1620 1511 1662 cantor
1538 1612 1697 1675 dica',

103 1716 163 1755 et
219 1704 463 1756 sacerdos
502 1704 641 1755 dicat
672 1701 959 1755 orationem
984 1718 1002 1753 :
1030 1700 1259 1764 lnclina,
1295 1699 1554 1765 Domine,
1593 1710 1698 1754 etc.

1806 1427 1982 1479 locum
2016 1424 2176 1488 lucis,
2227 1434 2281 1478 et
2328 1423 2592 1494 refrigerii
2642 1443 2701 1482 se
2740 1427 2991 1495 adeptum
3035 1427 3280 1495 gaudeat,
3312 1416 3403 1486 ut.

1809 1530 1930 1568 cum
1971 1515 2083 1569 dies
2122 1514 2308 1583 judicii
2355 1515 2668 1578 advenerit,
2718 1532 2836 1570 cum
2869 1515 3072 1570 sanctis
3102 1525 3157 1570 ct
3185 1514 3371 1570 electis

1809 1604 1912 1656 tuis
1946 1618 2066 1655 eum
2094 1603 2407 1656 resuscitari
2433 1603 2643 1672 jubeas.
2688 1604 2810 1657 l’cr.

1876 1689 2080 1745 Oratio.
2114 1693 2273 1753 Deus,
2295 1692 2378 1746 cui
2401 1694 2578 1746 omnia
2605 1694 2806 1757 vivunt,
2835 1704 2885 1747 ct
2913 1693 2995 1746 cui
3024 1707 3124 1745 non
3150 1698 3372 1761 pereunt

104 1796 169 1858 ετξ.
216 1794 409 1847 Libera
441 1808 545 1856 me,
570 1793 818 1855 Domine,
849 1801 951 1846 etc.
986 1792 1116 1858 Dies
1144 1792 1251 1858 illa,
1287 1792 1403 1847 dies
1430 1792 1555 1855 irae,
1584 1800 1689 1846 etc.
1729 1795 1771 1852 Β
1803 1800 2027 1853 corpora
2077 1792 2290 1848 nostra.
2332 1785 2425 1837 sed
2472 1792 2750 1838 mulallltll'
2798 1785 2849 1837 ίιι
2889 1783 3080 1836 melius
3101 1823 3115 1847 ν
3169 1792 3218 1836 ιο
3247 1798 3373 1851 διψ-
3398 1786 3411 1805 “
3440 1796 3445 1809 ³

106 1885 385 1936 Deinde:
434 1881 697 1952 Plangent
741 1896 901 1949 super
946 1894 1004 1933 se
1055 1896 1245 1935 omnes
1299 1880 1469 1945 tribus
1522 1889 1696 1933 terrm.

108 1975 399 2028 Tremens
426 1972 599 2028 factus
628 1987 747 2025 sum
777 1986 899 2039 ego,
923 1978 1030 2026 etc.
1058 1970 1155 2024 Vix
1178 1974 1356 2038 justus
1383 1972 1697 2036 salvabitur,

106 2072 177 2117 et
229 2079 354 2133 ego,
375 2064 557 2125 miser,
586 2062 675 2117 ubi
707 2061 1013 2131 apparebo?
1040 2061 1175 2127 Quid
1199 2076 1317 2131 ego,
1345 2062 1697 2123 miserrimus,

108 2155 262 2224 quid
291 2155 464 2208 dicam
490 2153 574 2206 vel
604 2153 731 2221 quid
764 2153 982 2216 faciam,
1006 2152 1132 2205 dum
1169 2152 1242 2205 nil
1271 2153 1397 2207 boni
1427 2154 1698 2222 perferam

108 2252 260 2297 ante
296 2252 509 2297 tantum
546 2239 821 2296 Judicem?
860 2240 1030 2305 Nunc,
1061 2241 1295 2309 Christe,
1329 2251 1379 2295 te
1424 2243 1700 2311 deprecor,

113 2333 422 2395 miserere,
447 2342 589 2401 peto.
623 2332 720 2398 Qui
749 2332 942 2386 venisti
973 2332 1261 2398 redimere,
1294 2333 1552 2407 perpetim
1580 2334 1701 2387 veni

110 2425 365 2479 salvarc.
398 2424 657 2492 Itequiem
687 2433 965 2487 aeternam,
997 2433 1105 2479 etc.
1134 2424 1200 2478 Et
1229 2423 1339 2491 lux,
1377 2437 1481 2480 etc.
1512 2424 1701 2479 Libera

113 2533 241 2581 me,
288 2516 533 2570 Domine.
571 2516 836 2569 Memento
870 2517 1003 2579 mei,
1037 2515 1201 2582 Deus,
1236 2517 1361 2585 quia
1392 2527 1582 2571 ventus
1620 2524 1703 2570 cst

120 2608 248 2659 vita
300 2621 439 2678 mea,
485 2621 583 2659 nec
629 2607 860 2675 aspiciat
902 2622 987 2660 me
1028 2607 1173 2661 visus
1205 2606 1455 2661 hominis.
1499 2608 1563 2661 Et
1597 2623 1702 2681 non

114 2711 153 2748 a
166 2701 410 2748 vertetur
422 2682 608 2747 oculus
628 2709 776 2748 meus
798 2703 855 2747 ut
881 2694 1057 2749 videat
1077 2695 1234 2749 bona.
1251 2694 1583 2765 Quapropter
1598 2710 1703 2749 non

117 2796 354 2852 parcam
381 2783 460 2837 ori
488 2798 625 2847 meo,
652 2783 842 2854 loquar
868 2784 927 2846 in,
950 2785 1309 2838 amaritudine
1336 2786 1527 2839 animm
1551 2801 1701 2839 mea}.

119 2872 245 2926 Nec
275 2872 520 2940 aspiciat,
548 2881 651 2926 etc.
682 2871 880 2925 Deinde
902 2873 1196 2926 incensetur
1229 2873 1396 2926 altare
1420 2883 1465 2926 et
1496 2890 1699 2943 corpus.

204 2960 324 3013 Hoc
365 2961 502 3028 {acto
546 2960 769 3014 elevetur
807 2978 991 3031 corpus
1026 2962 1257 3031 defuncti
1291 2961 1354 3015 de
1392 2960 1627 3028 ecclesia,
1658 2971 1703 3015 et

119 3050 328 3105 vadunt
370 3050 607 3118 primitus
651 3050 876 3105 minores
921 3068 1036 3105 cum
1081 3068 1231 3106 cruce
1277 3061 1324 3105 et
1372 3053 1611 3117 incenso,
1657 3062 1704 3105 et

1804 1878 1967 1944 plices
2006 1877 2379 1945 deprecamur,
2431 1884 2491 1928 ut
2529 1876 2786 1945 quidquid
2834 1875 3011 1928 anima
3063 1873 3245 1927 famuli
3297 1874 3370 1927 tui

1802 1970 2091 2032 vitiorum,
2152 1975 2361 2034 tumque
2411 1966 2672 2021 voluntati
2730 1966 3094 2028 contrarium,
3156 1963 3371 2018 fallente

1803 2057 2016 2111 diabolo
2037 2098 2050 2121 ,
2080 2066 2133 2110 ct
2165 2056 2379 2124 propria
2416 2055 2691 2116 voluntate
2735 2064 2893 2125 atque
2925 2054 3211 2124 fragilitate
3240 2070 3370 2109 con-

1803 2149 1986 2212 traxit,
2009 2158 2060 2201 tu
2080 2148 2195 2216 pius
2213 2156 2266 2200 et
2289 2146 2597 2200 misericors
2625 2145 2848 2200 abluens
2874 2144 3216 2214 indulgendo,
3248 2160 3368 2197 eam

1803 2238 2001 2306 suscipi
2024 2236 2218 2305 jubeas
2249 2251 2343 2305 per
2371 2251 2562 2289 manus
2592 2245 2900 2289 sanctorum
2935 2242 3165 2293 tuorum,
3199 2231 3373 2285 dede--

1803 2328 2137 2395 ccndamque
2176 2326 2228 2379 in
2263 2326 2385 2380 sinu
2424 2326 2854 2387 patriarcharum
2902 2330 3115 2378 tuorum
3146 2322 3374 2375 Abralne

1804 2418 2012 2471 scilicet
2045 2416 2201 2473 amici
2247 2417 2357 2480 tui,
2395 2424 2448 2470 et
2489 2416 2640 2470 Isaac
2683 2415 2839 2469 electi
2884 2414 2981 2478 tui,
3020 2423 3071 2467 et
3103 2412 3267 2466 Iacob
3295 2412 3375 2465 tli-

1805 2508 1925 2562 lecli
1966 2508 2059 2569 tui,
2095 2523 2202 2576 quo
2240 2506 2409 2562 abfuit
2447 2507 2598 2560 dolor
2639 2516 2693 2561 et
2730 2505 2948 2560 tristitia
2977 2512 3030 2558 et
3060 2503 3374 2570 suspirium,

1806 2603 2043 2656 fidelium
2079 2618 2293 2670 quoque
2331 2599 2525 2654 animae
2562 2591 2703 2652 felici
2730 2597 3071 2667 jucunditate
3102 2594 3373 2656 ltetantur,

1804 2702 1859 2745 et
1892 2694 1943 2745 in
1982 2692 2277 2749 novissimo
2306 2690 2481 2760 magni
2519 2688 2709 2756 judicii
2752 2689 2858 2753 die,
2904 2688 3046 2740 inter
3080 2692 3297 2738 sanctus
3324 2692 3376 2735 et

1806 2784 2004 2838 electos
2044 2793 2164 2836 tuos
2200 2797 2317 2835 eam
2351 2781 2518 2834 facias
2565 2789 2834 2849 perpetua:
2876 2778 3058 2847 gloria:
3102 2775 3376 2845 percipere

1806 2872 2131 2942 portionem,
2167 2886 2325 2940 quam
2356 2869 2551 2923 oculus
2584 2886 2689 2922 non
2722 2858 2876 2932 vidit,
2917 2882 3015 2921 nec
3054 2865 3199 2917 auris
3227 2862 3378 2915 audi-

1804 2964 1903 3026 vit,
1933 2978 2032 3017 nec
2068 2963 2120 3016 in
2157 2979 2251 3016 cor
2287 2962 2521 3016 hominis
2563 2960 2821 3025 ascendit,
2871 2975 3030 3029 quam
3063 2955 3375 3026 praeparasti

1806 3053 2152 3122 diligentibus
2174 3063 2246 3107 te.

120 3164 275 3215 aqua
317 3155 521 3210 sancta,
552 3146 737 3199 deinde
767 3147 953 3214 fratres
992 3148 1260 3202 canendo:
1304 3149 1359 3201 In
1396 3149 1701 3217 paradisum
1732 3122 1778 3182 Ο
1868 3144 2084 3199 ,Ονίιιίο⁸
2128 3144 2470 3199 Temeritatis
2499 3152 2601 3208 est,
2633 3152 2691 3197 ut
2722 3143 2883 3199 homo
2910 3143 3201 3211 hominem,
3233 3160 3376 3199 mor—

124 3234 431 3301 tleducant,
466 3244 575 3288 etc.
605 3232 663 3288 In
694 3237 841 3289 exitu
867 3236 1053 3301 Israel,
1079 3224 1281 3291 etcfEt
1320 3248 1497 3290 sonent
1531 3239 1704 3290 omnia

124 3321 310 3389 signa,
330 3339 593 3391 quousque
615 3322 893 3376 claudatur
914 3336 1320 3378 monumentum.
1338 3325 1557 3395 Aperite
1575 3326 1702 3379 mihi

127 3420 324 3481 portas
345 3410 588 3479 justitize,
622 3414 894 3481 ingressus
936 3414 988 3467 in
1016 3430 1107 3469 cas
1132 3415 1428 3469 confitebor
1456 3414 1701 3468 Domino.

130 3502 292 3559 Psal.
340 3504 700 3559 Conﬁtentini.
746 3506 1042 3572 Antiphone
1074 3523 1092 3561 :
1127 3507 1402 3575 Ingrediar
1440 3509 1491 3560 in
1529 3507 1703 3559 locant

128 3594 470 3650 tabernaculi
507 3595 841 3650 admirabilis
867 3612 1035 3664 usque
1061 3597 1127 3649 ad
1158 3596 1372 3649 domum
1404 3594 1519 3649 Dei.
1554 3593 1702 3648 I’sal.

132 3686 297 3740 Sicut
348 3700 558 3741 cervus.
614 3686 931 3755 Antiphonti.
967 3686 1089 3740 llaec
1120 3687 1337 3755 requies
1368 3702 1483 3740 mea
1525 3687 1576 3740 in
1608 3702 1705 3740 sae-

132 3778 319 3831 culum
371 3777 571 3840 szeculi,
615 3778 703 3832 hic
750 3778 1024 3842 habitabo,
1074 3778 1329 3847 quoniam
1379 3778 1512 3845 elegi
1563 3793 1702 3831 eam.

135 3866 297 3921 Psal.
329 3865 615 3919 Memento.
644 3867 962 3934 Antiphonti.
994 3865 1068 3917 De
1098 3875 1238 3919 terra
1274 3865 1549 3934 plasmasti
1597 3880 1702 3928 mc,

134 3972 307 4013 carne
364 3957 577 4009 induisti
623 3971 733 4032 me.
784 3956 1108 4024 Redemptor
1156 3971 1307 4009 meus
1353 3954 1595 4021 Domine,
1624 3972 1708 4008 re-

134 4050 342 4104 suscita
374 4065 456 4102 me
496 4050 547 4101 in
581 4048 872 4102 novissimo
903 4048 1008 4101 die.
1046 4048 1194 4100 Psal.
1233 4048 1479 4112 Domine,
1507 4050 1705 4103 exaudi

134 4142 443 4195 (mitionctn
468 4154 660 4204 meam.
691 4140 1003 4208 Antiphone.
1028 4139 1139 4193 Non
1167 4141 1336 4194 intres
1374 4138 1704 4208 injutlieium

136 4246 266 4284 cum
289 4244 445 4282 servo
474 4236 590 4293 tuo,
618 4228 855 4282 Domine.
876 4226 1020 4281 I’sal.
1053 4229 1273 4283 Domine
1294 4231 1484 4282 exaudi
1509 4229 1707 4281 oratio-

138 4334 264 4371 nem
283 4332 474 4370 meam.
495 4317 636 4387 (bis.)
655 4317 962 4387 Antiphonti.
980 4318 1163 4371 Omnis
1181 4319 1399 4387 spiritus
1416 4318 1586 4371 [ιιιιιυι
1610 4318 1708 4371 Do-

1808 3235 1931 3288 talis
1964 3233 2269 3297 mortalem,
2306 3234 2441 3289 cinis
2475 3235 2712 3287 cinerem
2737 3233 2853 3297 tibi,
2888 3232 3112 3286 Domino
3140 3233 3248 3287 Deo
3281 3248 3375 3285 no-

1807 3337 1940 3388 stro,
1981 3325 2177 3378 audeat
2216 3325 2618 3377 commendare.
2672 3323 2778 3377 Sed
2810 3324 2935 3391 quia
2974 3332 3116 3377 terra
3155 3324 3377 3390 suscipit

1809 3427 2041 3479 terram,
2093 3425 2147 3468 et
2191 3414 2361 3483 pulvis
2401 3413 2733 3468 convertitur
2771 3414 2825 3467 in
2872 3413 3172 3483 pulverem,
3205 3414 3376 3467 donec

1807 3507 1981 3561 omnis
2003 3522 2130 3561 caro
2162 3505 2214 3558 in
2242 3520 2391 3557 suam
2424 3505 2697 3574 redigatur
2725 3505 3010 3573 originem,
3037 3504 3179 3568 inde,
3213 3504 3376 3571 Deus,

1814 3605 1999 3660 tuam,
2055 3594 2298 3664 piissime
2356 3592 2535 3657 Pater,
2592 3592 3010 3663 lacrymabilitcr
3072 3607 3378 3661 qumsumus

1807 3693 2105 3761 pietatem,
2164 3700 2223 3745 ut
2276 3691 2433 3759 hujus
2507 3687 2690 3743 famuli
2768 3689 2842 3742 tui
2895 3688 3167 3753 animam,
3215 3686 3413 3757 quam

1808 3784 1872 3836 de
1921 3785 2080 3853 hujus
2126 3781 2307 3836 mundi
2346 3781 2602 3850 voragine
2640 3779 2946 3833 ctenulenta
2980 3779 3133 3833 ducis
3180 3780 3246 3834 ad
3284 3796 3382 3851 pa-

1811 3876 1988 3937 triam,
2021 3873 2252 3926 Abraha:
2283 3870 2441 3925 amici
2487 3871 2560 3925 tui
2599 3872 2718 3925 sinu
2750 3870 2999 3940 recipias,
3030 3879 3083 3925 ct
3114 3870 3378 3940 refrigerii

1809 3981 1934 4020 rore
1963 3964 2274 4033 perfundas,
2317 3964 2494 4032 sitque
2536 3965 2604 4018 ab
2649 3965 2898 4017 :estuanti
2942 3965 3201 4034 gehennae
3243 3963 3383 4018 truci

1810 4060 2061 4114 incendio
2106 4069 2439 4128 segregatus,
2487 4067 2543 4111 et
2577 4057 2745 4112 beata:
2795 4058 2997 4127 requiei
3049 4067 3099 4110 te
3147 4057 3382 4110 donante

1810 4144 2150 4217 conjunct’us;
2184 4159 2236 4202 et
2265 4149 2307 4203 si
2340 4164 2458 4218 qua:
2480 4147 2552 4201 illi
2588 4157 2733 4213 sunt,
2771 4146 3019 4210 Domine,
3057 4147 3228 4216 digna:
3258 4162 3381 4200 crn-

1810 4240 2042 4294 ciatibus
2088 4239 2291 4307 culpae,
2349 4248 2402 4290 tu
2448 4251 2539 4290 eas
2587 4237 2761 4305 gratia
2812 4234 3110 4289 mitissima:
3144 4233 3383 4287 lenitatis

1811 4331 2046 4399 indulge,
2079 4346 2176 4383 nec
2206 4344 2301 4397 pro
2333 4328 2571 4397 peccatis
2615 4327 2835 4395 recipiat
2860 4327 3057 4390 vicem,
3083 4325 3175 4379 sed
3208 4325 3381 4378 indul-

138 4405 782 4460 niinum.I’sal.Laudate
801 4408 1705 4478 Dominum.Antiphona.licquiem
1745 4451 1786 4507 ι)
1815 4420 2005 4487 genua;
2037 4429 2137 4470 ιυίυ
2167 4417 2307 4485 pium
2353 4415 2548 4469 sentiat
2589 4416 2904 4468 bonitatem.
2947 4413 3187 4482 Cumque
3231 4413 3381 4465 linito

142 4496 555 4550 a'ternamdona
586 4497 656 4561 ci,
693 4496 934 4560 Domine,
960 4506 1011 4549 et
1043 4497 1127 4550 lux
1153 4508 1405 4566 perpetua
1434 4498 1607 4551 luceat
1636 4502 1705 4554 ei.

212 4588 295 4641 Ad
335 4587 664 4641 Benedictus.
700 4586 869 4642 Omne
900 4590 1041 4656 quod
1072 4591 1161 4642 dat
1191 4591 1316 4644 mihi
1345 4591 1524 4658 Pater,
1554 4603 1659 4647 elc.

217 4680 423 4733 Oratio.
468 4679 718 4743 Absolve,
756 4679 997 4746 Domine,
1032 4680 1264 4733 animam
1300 4680 1413 4748 ejus
1458 4684 1524 4735 ab
1565 4684 1707 4737 otnni

139 4773 360 4826 vinculo
391 4773 727 4837 delictorum,
756 4784 813 4827 ut
842 4775 892 4827 in
926 4777 1339 4830 resurrectionis
1370 4778 1537 4847 gloria
1570 4780 1711 4833 inter

137 4870 360 4916 sanctos
391 4872 443 4915 et
477 4862 677 4915 electos
710 4872 829 4915 tuos
862 4864 1213 4915 resuscitatus
1246 4866 1494 4933 reSpiret.

215 4952 283 5005 Et
335 4953 576 5006 sacerdos
626 4952 852 5004 incenset
905 4963 1324 5017 monumentum,
1383 4966 1428 5006 et
1473 4968 1709 5024 aspergat

137 5062 279 5114 aqua
304 5055 515 5109 sancta,
541 5053 587 5097 et
614 5044 750 5095 dicat
782 5044 874 5097 Itas
900 5045 1191 5109 orationes,
1227 5046 1349 5098 dum
1387 5046 1479 5099 alii
1512 5059 1707 5101 canant

136 5135 425 5203 psalmum.

216 5222 423 5275 Oratio.
465 5222 721 5287 Oremus,
774 5221 970 5277 fratres
1010 5225 1344 5288 charissimi,
1380 5241 1476 5295 pro
1522 5228 1709 5296 spiritu

141 5313 299 5368 chari
326 5315 524 5379 nostri,
559 5329 717 5383 quem
756 5314 1010 5368 Dominus
1042 5315 1104 5368 de
1138 5316 1523 5369 tentationibus
1554 5318 1711 5384 hujus

141 5404 325 5459 succidi
364 5405 592 5459 liberare
623 5405 869 5474 dignatus
897 5415 1001 5469 est,
1029 5405 1179 5471 cujus
1215 5407 1587 5475 corpusculum
1618 5410 1711 5461 ho-

143 5492 233 5544 die
271 5494 556 5561 sepultura:
608 5495 854 5560 traditur,
898 5504 955 5547 ut
1004 5510 1125 5548 eum
1170 5496 1341 5563 pietas
1391 5497 1602 5551 Domini
1656 5498 1708 5549 in

146 5584 269 5635 sinu
306 5583 555 5648 Abraltm,
599 5585 742 5639 Isaac
765 5596 818 5639 et
851 5585 1017 5639 Jacub
1053 5585 1316 5640 collocare
1348 5588 1616 5657 dignetur,
1657 5601 1713 5642 ut

135 5688 272 5762 .cutn
304 5675 417 5727 dies
453 5674 638 5741 jutlicii
687 5676 983 5741 advenerit,
1016 5678 1154 5731 inter
1186 5688 1402 5733 sanctos
1425 5690 1478 5734 et
1509 5682 1708 5734 electos

1817 4508 2003 4563 mundi
2037 4508 2265 4562 termino
2297 4522 2586 4575 supernum
2618 4506 2828 4561 cunctis
2861 4506 3093 4559 illuxerit
3132 4521 3379 4574 regnum,

1812 4615 1982 4654 novus
2006 4600 2164 4653 homo
2188 4606 2496 4651 sanctorum
2519 4596 2756 4649 omnium
2787 4596 3013 4650 ccetibus
3036 4609 3377 4664 aggregatus,

1813 4705 1933 4742 cum
1964 4687 2151 4741 electis
2187 4686 2293 4741 tuis
2327 4695 2572 4755 resurgat
2606 4685 2657 4738 in
2682 4693 2835 4754 parte
2864 4686 3080 4739 dextera
3113 4685 3379 4739 collocan-

1812 4770 1931 4831 dus.
1967 4778 2088 4831 l‘cr.

1885 4869 2001 4921 Alia
2043 4870 2231 4919 oratio.
2276 4866 2372 4931 Te,
2411 4865 2636 4919 Domine
2687 4872 2890 4927 sancte,
2936 4861 3097 4916 Pater
3138 4862 3377 4931 omnipo-

1815 4966 1956 5020 lens,
1987 4968 2187 5009 aeterne
2216 4957 2376 5021 Deus,
2408 4953 2725 5023 suppliciter
2754 4952 3108 5019 deprecamur
3137 4965 3234 5019 pro
3269 4951 3380 5019 Spi-

1816 5050 1917 5102 ritu
1943 5050 2126 5102 lamuli
2153 5049 2250 5113 tui,
2297 5063 2458 5117 quem
2498 5066 2527 5099 a
2572 5044 2798 5113 caligine
2838 5041 2995 5111 hujus
3025 5043 3199 5097 saeculi
3232 5046 3296 5095 ad
3329 5054 3383 5096 te

1816 5140 2064 5192 accersiri
2098 5139 2421 5209 prtecepisti,
2461 5147 2517 5191 ut
2557 5134 2817 5202 digneris,
2870 5133 3111 5196 Domine,
3164 5134 3293 5187 dare
3328 5136 3378 5188 ei

1814 5228 1984 5280 locum
2026 5228 2282 5293 lucidum,
2324 5228 2497 5281 locum
2549 5222 2814 5292 refrigerii
2862 5234 2917 5275 ct
2960 5224 3186 5291 quietis;
3224 5225 3377 5278 liceat

1813 5320 1860 5372 ei
1892 5321 2126 5373 transire
2157 5332 2340 5388 portas
2366 5321 2696 5377 infernorum
2723 5335 2775 5378 et
2804 5338 2990 5393 pcenas
3013 5320 3377 5383 tenebrarmn,

1816 5418 2137 5478 maneatque
2189 5412 2240 5464 in
2284 5413 2650 5467 ntansionibus
2694 5425 3035 5476 sanctorum,
3075 5420 3130 5465 ct
3168 5411 3220 5463 in
3264 5409 3381 5460 luce

1815 5510 2018 5562 sancta,
2076 5518 2236 5571 tinam
2291 5503 2416 5556 olim
2468 5504 2696 5559 Abralne
2744 5504 3037 5575 promisisti
3083 5512 3157 5566 et,
3188 5502 3380 5555 semini

1815 5591 1947 5658 ejus.
1981 5591 2186 5647 Nullam
2228 5594 2496 5649 hesionem
2528 5598 2786 5651 sustineat
2832 5598 3053 5667 spiritus
3089 5594 3223 5662 ejus,
3265 5596 3379 5657 sed,

1816 5699 1935 5735 cum
1983 5701 2207 5752 magnus
2250 5688 2365 5742 dies
2416 5688 2503 5742 ille
2537 5690 2945 5745 resurrectimis
2977 5705 3037 5742 ac
3076 5704 3381 5740 remunera-
