3846 6324
450 357 544 415 951
1661 344 1837 400 saec.
1882 344 1951 400 x1
1984 343 2029 398 Μ

2150 342 2253 400 ΠΜ.
2282 343 2558 401 LITURG.
3608 349 3698 406 ’31

449 470 617 527 tionis
641 468 943 534 advenerit,
975 465 1305 523 resuscitare
1336 478 1457 518 eum
1490 462 1752 532 digneris,
1784 460 2033 523 Domine,
2065 462 2112 520 Α
2142 458 2316 523 nobis,
2350 459 2597 524 Domine,
2628 457 3085 515 misericordiam.
3132 458 3203 513 Et
3244 459 3501 515 salutare.
3536 461 3705 531 Pupi.

447 576 554 616 una
588 558 713 617 cum
753 558 956 614 sanctis
1004 566 1059 610 et
1104 555 1294 610 electis
1342 552 1469 615 tuis,
1521 552 1690 606 dones
1738 550 1786 605 ei
1837 549 2035 604 delicta

446 660 613 721 atque
655 661 875 720 peccata
920 663 1091 717 usque
1141 647 1207 701 ad
1253 644 1606 699 novissimum
1651 641 2035 711 quadrantem,

448 748 739 809 tecumque
784 736 1208 793 immortalitatis
1254 735 1422 789 vitam
1469 742 1524 787 et
1573 747 1798 803 regnum
1846 746 2036 785 conse-

446 839 663 899 quatur.
693 829 817 884 Per.
2026 826 2029 829 ’

519 920 725 973 Oratio.
755 916 864 973 Viri
890 906 1129 972 vulneris
1150 916 1390 971 novitate
1418 914 1661 985 percussi
1686 923 1741 968 et
1776 915 2037 984 quodam-

447 1012 607 1067 modo
632 1010 862 1065 sauciati
901 1009 1332 1064 misericordiam
1379 1017 1551 1072 tuam,
1583 1009 1767 1062 mttndi
1809 1008 2036 1063 Redem-

442 1115 587 1174 ptor,
620 1102 871 1157 ﬂebiliter
901 1101 1282 1171 imploramus,
1318 1110 1377 1154 ut
1406 1101 1554 1154 chari
1594 1100 1765 1154 nostri
1796 1102 2032 1155 animam

443 1195 511 1249 ad
542 1204 595 1249 te
619 1196 862 1249 datorem
889 1195 1165 1264 proprium
1196 1200 1557 1246 revertentem
1589 1190 1786 1246 blande
1815 1192 2036 1247 leniter-

444 1300 552 1354 que
582 1284 869 1355 suscipias,
921 1293 983 1338 ut
1026 1284 1069 1338 si
1117 1298 1252 1352 quas
1276 1282 1369 1336 illo
1400 1297 1464 1336 ex
1496 1281 1701 1337 carnali
1734 1297 2033 1337 commora-

446 1376 593 1429 tione
624 1373 865 1429 maculas
888 1373 1186 1437 contraxit,
1215 1375 1417 1441 pietate
1445 1368 1747 1441 indulgeas,
1776 1371 2029 1427 oblivioni

444 1467 497 1521 in
541 1475 858 1537 perpetuum
902 1467 1105 1528 tradas,
1146 1476 1311 1534 atque
1357 1465 1499 1518 hanc
1536 1464 1779 1518 eamdem
1817 1465 2029 1519 laudem

432 1557 543 1611 .tibi
585 1573 706 1612 cum
742 1557 955 1612 caeteris
990 1556 1300 1619 redditura,
1350 1558 1417 1611 ad
1468 1572 1666 1627 corpus
1711 1557 2032 1626 quandoque

444 1661 762 1712 reversura,
820 1655 1129 1702 sanctortnu
1188 1655 1401 1701 tuorum
1464 1649 1695 1704 ccetibus
1748 1650 2028 1721 aggregari

441 1736 749 1808 praecipias.

2140 550 2248 604 tius
2276 559 2415 615 esto,
2450 550 2694 605 Domine.
2725 548 2975 620 Pr0pter.
3000 549 3119 605 Non
3151 550 3327 606 intres
3362 553 3416 605 in
3440 552 3705 622 judicium.

2139 641 2272 707 Quia
2304 656 2433 696 non.
2470 640 2717 707 Domine,
2742 641 2941 696 exaudi
2966 642 3272 697 orationem
3301 656 3507 697 mean.
3533 642 3597 697 Et
3615 644 3712 698 da-

2138 730 2259 786 mor
2289 748 2460 787 meus.
2492 733 2756 788 Dominus
2782 733 3093 789 vobiscum.
3128 734 3199 789 Et
3232 750 3385 789 cum.

2209 821 2418 877 Oratio.
2458 823 2634 877 Aures
2682 831 2788 877 tua
2829 824 3068 893 pietatis,
3101 824 3396 879 mitissime
3442 824 3608 889 Deus,
3650 826 3720 879 ia-

2137 913 2280 968 clina
2313 914 2565 983 precibus
2617 916 2773 979 meis,
2815 910 3083 986 etgratia
3124 917 3301 971 sancti
3338 915 3583 985 Spiritus
3609 918 3716 971 ilio-

2138 1006 2283 1061 mina
2313 1020 2409 1060 cor
2437 1020 2641 1072 meum,
2666 1014 2727 1058 nt
2755 1006 2860 1059 tuis
2889 1005 3168 1075 mysteriis
3192 1004 3361 1076 digne
3395 1004 3719 1071 ministrare,

2138 1108 2296 1169 teque
2323 1106 2523 1153 aeterna
2553 1097 2821 1153 charitate
2840 1097 3064 1167 diligere
3094 1110 3337 1152 merear.
3356 1095 3488 1151 Per.

2206 1189 2327 1243 Alia
2353 1190 2544 1243 oratio.
2586 1189 2810 1259 Largire
2835 1189 3087 1244 sensibus
3118 1189 3356 1252 nostris,
3402 1203 3721 1258 quamn-5,

2134 1283 2478 1352 omnipotens
2511 1282 2655 1337 Deus
2686 1280 2869 1345 Pater,
2909 1290 2966 1335 ul
2997 1281 3141 1356 sicut
3167 1280 3428 1336 exterius
3449 1279 3725 1333 abluuntur

2135 1373 2543 1440 inquinamenta
2575 1384 2861 1436 manuum,
2900 1371 2981 1425 sic
3016 1384 3048 1423 a
3097 1378 3150 1423 te
3198 1369 3551 1423 mandentur
3572 1368 3726 1437 polls-

2136 1463 2310 1517 tiones
2358 1462 2654 1527 mentium,
2702 1469 2758 1516 et
2803 1468 3018 1516 crescat
3063 1460 3120 1515 in
3171 1458 3341 1515 nobis
3389 1468 3721 1529 augmenta-

2133 1562 2447 1609 sanctarum
2479 1554 2763 1609 virtutum.
2795 1552 2918 1607 Per.

2203 1646 2286 1699 Ad
2317 1645 2589 1699 amictum.
2625 1644 2791 1709 Pone,
2826 1643 3074 1709 Domine,
3103 1642 3320 1714 galeam
3356 1640 3561 1697 salutis
3584 1640 3725 1695 inea-

2133 1736 2246 1805 pite
2269 1751 2391 1791 meo
2422 1736 2489 1790 ad
2521 1734 2911 1806 expugnandas
2942 1743 2997 1789 et
3032 1733 3385 1803 superandas
3410 1746 3607 1785 omnes
3630 1731 3727 1786 dia-

514 1797 718 1882 Oratio.
746 1829 907 1891 Deus,
926 1827 1017 1897 qui
1044 1828 1278 1896 etjustis
1308 1830 1793 1899 supplicationibus
1818 1846 2033 1902 semper
2060 1797 2107 1857 Β
2135 1797 2344 1883 bolicas
2370 1797 2697 1897 potesta-tes'.
2728 1827 2855 1882 Per.

434 1928 639 1990 praesto
668 1932 750 1981 es,
792 1918 886 1987 qui
922 1918 1011 1987 pia
1049 1927 1173 1973 vota
1206 1918 1448 1989 dignaris
1476 1920 1697 1986 intueri,
1730 1922 1795 1975 da
1826 1921 2031 1977 famulo

438 2019 553 2075 tuo,
571 2007 725 2077 cujus
747 2008 1102 2079 depositionis
1127 2007 1297 2062 oﬁicia
1324 2018 1668 2078 przestamus,
1685 2024 1806 2066 cum
1829 2013 2031 2068 sanctis

440 2108 495 2154 et
521 2099 711 2154 electis
741 2099 852 2153 tuis
877 2099 1021 2153 beati
1056 2100 1297 2154 muneris
1328 2100 1657 2170 portionem.
1690 2102 1814 2158 Per.

510 2189 719 2246 Oratio.
767 2190 1019 2244 Debitum
1067 2188 1287 2244 humani
1333 2192 1580 2262 corporis
1614 2193 1907 2263 sepeliendi
1945 2195 2031 2250 of-

438 2282 618 2336 ﬁcium
642 2282 877 2335 ﬁdelium
916 2297 1069 2337 more
1103 2282 1462 2352 complentes,
1504 2283 1698 2351 Deum,
1733 2286 1819 2341 cui
1848 2288 2029 2342 omnia

436 2372 648 2436 vivunt,
690 2370 920 2426 ﬁdeliter
970 2372 1329 2441 deprecamur
1370 2382 1428 2427 ut
1476 2374 1580 2428 hoc
1630 2389 1830 2443 corpus
1876 2376 2029 2432 chari

438 2463 611 2517 nostri
653 2478 683 2515 a
742 2462 903 2517 nobis
950 2462 1004 2516 in
1063 2462 1383 2516 inﬁrmitate
1433 2464 1705 2532 sepultum
1744 2465 1797 2518 in
1844 2467 2032 2521 ordine

439 2567 758 2611 sanctormn
812 2555 1103 2611 resuscitet
1153 2566 1207 2610 et
1252 2555 1369 2625 ejus
1415 2556 1667 2627 spiritum
1715 2558 1919 2613 sanctis
1969 2574 2032 2615 ac

444 2646 699 2702 ﬁdelibus
741 2646 1023 2716 aggregari
1063 2644 1272 2714 jubeat,
1319 2660 1442 2699 cum
1502 2644 1699 2715 quibus
1749 2645 2035 2702 inenarra-

440 2735 625 2792 hiliter
655 2736 826 2807 gloria
862 2744 919 2791 et
955 2736 1182 2808 perenni
1212 2736 1469 2792 felicitate
1492 2735 1700 2808 perfrui
1730 2747 2024 2794 mereatur.

438 2826 567 2883 Per.
924 2835 934 2845 “

517 2918 618 2973 llic
649 2919 803 2988 ﬁnis,
834 2928 881 2974 et
911 2935 1125 2989 corpore
1154 2918 1414 2973 tumulata
1456 2920 1598 2973 dicat
1626 2921 1867 2975 sacerdos
1888 2938 1909 2978 :
1936 2919 2031 2973 Di-

439 3013 541 3065 cite
571 3010 730 3066 Pater
760 3020 969 3066 noster.
999 3010 1065 3066 Et
1096 3026 1164 3066 ne
1195 3026 1293 3065 nos
1323 3011 1435 3065 ind.
1454 3010 1778 3081 Capitulum.
1806 3011 1848 3065 Δ
1874 3022 2028 3082 porta

2202 1920 2285 1973 Ad
2314 1920 2687 1975 albam.lndue
2710 1918 3436 1983 me,Domine,vestimento
3470 1916 3727 1981 salutiset

2134 2012 2450 2067 indumento
2472 2010 2700 2079 iustitiae
2726 2019 2781 2066 et
2810 2010 3039 2076 lxetitia’,
3066 2020 3125 2064 et
3151 2009 3348 2063 tunica
3378 2006 3615 2075 justiti:
3635 2008 3722 2063 cit»

2130 2102 2325 2157 cumda
2355 2116 2463 2157 me.

2203 2191 2286 2245 Ad
2311 2190 2600 2262 cingulum.
2636 2190 2933 2261 Prtecinge,
2974 2189 3230 2252 Domine,
3286 2188 3523 2243 lumbos
3554 2187 3724 2244 mentis

2092 2350 2103 2361 ι
2132 2298 2290 2349 mete,
2317 2283 2483 2338 Pater
2508 2282 2953 2346 clementissime,
2984 2290 3040 2336 et
3079 2280 3430 2336 circumcide
3466 2280 3599 2334 vitia
3623 2293 3723 2333 car-

2131 2376 2687 2538 dledneinanipulum.
2751 2466 2825 2521 Da
2870 2465 3027 2530 mihi,
3073 2464 3333 2529 Domine,
3384 2478 3611 2519 sensum
3650 2477 3720 2517 re-

2132 2567 2302 2627 ctum,
2330 2569 2386 2615 et
2412 2574 2601 2615 vocem
2629 2574 2841 2630 puram,
2866 2566 2925 2612 ut
2948 2556 3251 2628 adimplere
3280 2557 3505 2628 possim
3535 2555 3720 2610 lauda

2133 2659 2304 2794 tua";
2338 2741 2552 2796 stolam.
2595 2738 2805 2796 Stolam
2848 2738 3076 2809 iustitia:
3110 2738 3445 2802 circumda,
3492 2735 3721 2798 Domine.

2131 2831 2397 2887 cervicem
2441 2846 2659 2896 meum,
2697 2840 2754 2887 et
2795 2831 2865 2886 ab
2915 2831 3063 2885 omni
3110 2830 3479 2900 corruptione
3522 2826 3721 2899 parile:

2130 2934 2367 2979 mentem
2399 2940 2599 2980 meam.
3201 2938 3206 2941 ’

2202 3016 2284 3070 Ad
2325 3016 2584 3071 casulam.
2621 3015 2789 3071 Indue
2835 3030 2952 3080 me,
2996 3014 3260 3080 Domine,
3313 3014 3559 3070 loricam
3597 3011 3722 3073 Mei.

438 3102 627 3166 inferi,
654 3103 816 3168 Erue,
846 3102 1094 3167 Domine,
1119 3103 1357 3158 animam
1393 3101 1531 3173 ejus.
1561 3102 1821 3159 Dominus
1851 3104 2030 3161 vobis-
2056 3138 2101 3199 ο
2131 3117 2185 3161 et
2222 3105 2430 3173 galeam
2469 3103 2692 3169 salutis,
2724 3105 2778 3159 in
2806 3102 3027 3160 Christo
3062 3102 3193 3159 Jesu
3226 3103 3476 3160 Domino
3502 3113 3696 3158 nostro.

436 3212 584 3269 cum.
617 3195 681 3250 Et
711 3210 855 3250 cum.

508 3288 719 3343 Oratio.
760 3286 901 3352 Tibi,
954 3287 1214 3351 Domine,
1258 3298 1369 3343 etc.
1408 3295 1465 3341 ut
1512 3287 1569 3340 in
1604 3287 1779 3342 editis.
1829 3286 2030 3344 Deinde

434 3378 619 3433 dicat:
646 3376 794 3443 Dele,
850 3377 1095 3432 Domine.
1140 3376 1416 3432 Miserere.
1451 3376 1611 3432 Pater
1632 3387 1838 3433 noster.
1873 3379 1934 3433 Et
1962 3395 2032 3435 ne

435 3482 559 3522 nos.
588 3468 629 3521 Α
660 3476 834 3537 porta.
868 3466 1032 3531 Erue,
1059 3466 1305 3533 Domine,
1332 3467 1573 3522 animam
1601 3466 1739 3537 ejus.
1767 3467 2029 3525 Dominus

433 3558 741 3623 vobiscum,
774 3557 840 3612 Et
865 3573 1013 3611 cum.

511 3649 722 3703 Oratio.
761 3649 908 3704 Deus
938 3650 990 3703 in
1018 3649 1172 3719 cujus
1202 3649 1551 3705 miseratione
1574 3651 1763 3705 animae
1790 3651 2029 3706 ﬁdelium

438 3738 815 3809 requiescunt,
849 3737 1069 3793 l'amulis
1107 3747 1162 3793 et
1192 3739 1497 3795 famulabus
1525 3741 1633 3796 tuis
1659 3741 1911 3797 omnibus
1940 3742 2029 3799 hic

436 3839 496 3885 et
544 3831 746 3900 ubique
793 3830 847 3884 iu
899 3830 1118 3886 Christo
1165 3830 1602 3901 quiescentibus,
1652 3834 1717 3888 da
1766 3835 2030 3906 propitius

436 3920 653 3975 veniam
682 3928 1028 3991 peccatorum
1049 3958 1066 3986 ,
1106 3929 1168 3976 ut
1199 3936 1229 3975 a
1260 3923 1472 3977 cunctis
1500 3924 1742 3979 reatibus
1772 3925 1891 3980 sine
1921 3924 2029 3981 ﬁne

437 4012 708 4068 lmtentur.
751 4012 874 4067 Per.
943 4011 948 4017 ’
1178 4014 1179 4017 “
1246 4068 1249 4071 λ
1292 4016 1295 4019 ⁷

514 4104 840 4161 Benedictio.
879 4105 1196 4164 Benedictio
1229 4109 1321 4165 Dei
1367 4110 1546 4164 Patris
1574 4110 1613 4179 ’ί-
1644 4110 2030 4179 omnipotentis

438 4202 497 4250 et
528 4194 649 4249 Filii
682 4196 722 4266 ἰ-
751 4205 806 4250 et
849 4195 1086 4266 Spiritus
1125 4201 1300 4254 sancti
1334 4200 1374 4267 ἰ’
1402 4201 1696 4255 descendat
1731 4216 1892 4270 super
1926 4202 2028 4257 hoc

438 4301 660 4356 corpus.
709 4288 905 4342 Arnen.
962 4287 1106 4343 Tunc
1158 4291 1374 4360 incipiat
1426 4292 1520 4345 Iros
1564 4291 1793 4361 psalmos
1837 4302 2028 4359 septem

438 4376 849 4445 pmuitentiales:
870 4377 1117 4447 Domine,
1150 4396 1217 4435 ne
1250 4381 1301 4435 in
1337 4382 1541 4446 furore,
1569 4392 1616 4435 et
1650 4393 1883 4436 caeteros.
1925 4382 2029 4437 Pa-

2206 3199 2432 3266 Qnando
2464 3197 2759 3267 ingreditur
2783 3200 2853 3251 ad
2878 3198 3067 3266 altare,
3089 3199 3240 3253 dicit.
3260 3196 3615 3267 Adjutorium
3635 3212 3719 3250 no-

2130 3276 2301 3348 strum
2330 3292 2384 3346 in
2414 3291 2635 3367 nomine
2668 3290 2905 3345 Domini.
2930 3290 3055 3357 Qui.
3083 3290 3199 3360 Ego
3228 3290 3408 3345 miser
3435 3299 3496 3344 et
3532 3287 3717 3347 infdix.

2132 3387 2403 3441 conlitenr
2453 3384 2569 3440 Deo
2619 3384 2978 3453 omnipotenti
3025 3392 3080 3438 et
3130 3383 3315 3438 beate
3364 3382 3562 3437 Maria:
3607 3394 3715 3451 pcr-

2131 3484 2307 3547 petua:
2350 3475 2592 3545 Virgini,
2667 3483 2722 3529 et
2777 3475 2937 3531 beato
2987 3473 3240 3529 Michaeli
3295 3473 3634 3544 archangelo
3675 3481 3719 3527 et

2131 3567 2337 3621 sanctis
2360 3565 2621 3636 apostolis
2644 3565 2809 3620 Petro
2834 3575 2889 3620 et
2914 3565 3105 3631 Paulo,
3130 3573 3183 3619 et
3211 3565 3488 3620 omnibus
3513 3566 3715 3623 sanctis

2128 3664 2182 3710 et
2206 3654 2659 3722 tibi,Pater,mea
2690 3653 2869 3724 culpa,
2898 3668 3018 3708 mea
3042 3653 3221 3723 culpa,
3250 3668 3378 3707 mea
3409 3654 3591 3723 culpa,
3613 3652 3717 3722 quia

2129 3746 2349 3815 peccavi
2405 3746 2457 3799 in
2504 3744 2865 3815 cogitatione,
2910 3744 3296 3815 suggestione,
3350 3742 3716 3801 delectatione.

2129 3850 2430 3900 consensu,
2470 3835 2656 3890 verbis
2684 3844 2740 3890 et
2786 3848 2983 3903 opere,
3025 3842 3081 3887 et
3125 3832 3392 3888 omnibus
3420 3834 3576 3888 vitiis
3603 3832 3717 3886 meis

2129 3926 2315 3992 malis;
2364 3925 2506 3980 unde
2554 3940 2749 3996 precor
2790 3924 3012 3979 beatam
3048 3923 3336 3995 Virginem
3381 3923 3637 3987 Ilariarn,
3672 3933 3717 3975 et

2128 4012 2349 4072 beatum
2380 4015 2699 4072 Michaelem
2729 4014 3137 4085 archangelum,
3169 4024 3224 4069 et
3261 4024 3497 4070 sanctos
3526 4024 3715 4085 aposto-

2134 4111 2213 4166 los
2243 4110 2461 4165 Petrum
2489 4118 2542 4165 et
2572 4108 2820 4174 Paulum,
2864 4116 2920 4163 et
2955 4108 3170 4163 beatum
3199 4105 3271 4161 N.
3297 4116 3359 4162 et
3388 4122 3585 4163 omnes
3607 4120 3714 4161 sae-

2128 4211 2266 4267 ctos,
2294 4209 2351 4255 et
2376 4208 2449 4265 te,
2477 4198 2658 4263 Pater,
2689 4211 2848 4252 orare
2868 4211 2967 4267 pro
2990 4212 3079 4253 me
3118 4206 3421 4269 peccatore
3448 4196 3711 4252 Domina:

2130 4301 2375 4346 nostrum
2404 4290 2588 4346 .lesum
2620 4289 2918 4344 Christum.

2202 4385 2520 4441 Misereatur
2564 4382 2734 4438 vestri
2775 4381 3118 4452 omnipotens
3162 4382 3330 4445 Deus,
3381 4389 3440 4436 et
3492 4379 3710 4436 diniuat

442 4478 525 4523 ter
571 4478 779 4523 noster.
814 4470 881 4524 Et
933 4486 998 4525 ne
1045 4488 1163 4526 uos.
1217 4472 1539 4543 Capitnlnm.
1576 4473 1617 4528 A
1648 4486 1802 4545 porta
1846 4475 2025 4531 inferi.
2064 4490 2106 4544 ι)
2133 4477 2287 4532 vobis
2312 4475 2493 4531 omnia
2524 4485 2706 4529 vestra
2743 4483 2965 4543 peccata
3002 4473 3280 4544 praeterita
3324 4482 3385 4527 et
3414 4472 3709 4543 praesentia.

441 4559 605 4625 Erue,
641 4560 887 4617 Domine.
917 4563 1175 4618 Dominus
1204 4565 1501 4620 vobiscum.
1535 4567 1600 4620 Et
1641 4583 1764 4621 cum
1796 4567 2021 4638 Spiritu.

514 4650 718 4707 Oratio.
768 4653 1039 4731 Absolve,
1116 4655 1375 4722 Domine,
1434 4657 1644 4712 animas
1703 4658 2023 4715 famulorum

440 4742 877 4814 famularumque
918 4755 1156 4810 tuorum,
1190 4746 1424 4801 fratrum
1466 4757 1777 4802 nostrorum
1826 4759 1879 4805 et
1911 4766 2028 4804 om-

442 4836 593 4891 nium
625 4835 861 4891 ﬁdelium
884 4837 1265 4893 defunctorum
1293 4838 1362 4893 ab
1389 4840 1534 4893 omni
1567 4841 1780 4895 vinculo
1806 4843 2027 4897 delicto-

443 4945 587 4994 rum,
634 4941 691 4984 ut
730 4930 783 4985 in
826 4932 1244 4986 resurrectionis
1276 4931 1447 5003 gloria
1491 4934 1631 4986 inter
1663 4944 1882 4989 sanctas
1909 4945 2026 4991 tuos

445 5020 750 5075 resuscitati
784 5021 1075 5090 respirent.
1102 5021 1225 5076 Per.
1456 5016 1459 5019 λ

440 5124 642 5165 INCIPIT
693 5125 832 5165 OBDO
877 5126 1145 5174 QUALITER
1198 5126 1463 5167 SACERDOS
1510 5128 1807 5168 PRxI-IPARET
1852 5130 1912 5167 δε
1961 5132 2026 5169 ΑΒ

452 5264 455 5271 ,
916 5268 919 5273 ι
1142 5219 1355 5258 Iussu.

515 5291 595 5343 Ad
643 5308 831 5347 manus
861 5293 1135 5348 lavandae.
1172 5292 1322 5349 Paul.
1352 5294 1525 5362 Quam
1570 5295 1843 5349 amabilia.
1877 5296 2026 5353 Psal.

445 5380 726 5437 Beuedixi.
754 5383 900 5439 Paul.
926 5386 1152 5453 lnclina,
1177 5386 1420 5442 Domine.
1449 5385 1594 5441 Paal.
1629 5387 2027 5445 Fundamenta.

446 5469 597 5525 Psal.
646 5471 835 5529 Judica
888 5492 1007 5544 rue,
1066 5478 1309 5532 Domine.
1372 5475 1524 5532 Psal.
1574 5478 1815 5534 Credidi.
1866 5480 2030 5553 Kyrie

444 5564 667 5647 cleison,
696 5566 907 5623 Christe
937 5570 1163 5634 cleison,
1191 5570 1353 5641 Kyrie
1381 5570 1606 5625 elciaou.
1638 5572 1798 5628 Pater
1823 5586 2027 5629 noster.

447 5657 775 5727 Capita/um.
816 5662 1080 5731 Exsurge,
1124 5663 1369 5718 Domine.
1416 5663 1481 5717 Et
1521 5663 1710 5718 lihcra.
1762 5664 1921 5732 Deus,
1974 5678 2027 5722 tu

448 5763 745 5806 conversus
796 5752 1098 5807 viviﬁcahis
1148 5768 1266 5808 nos.
1327 5753 1390 5807 Et
1434 5753 1586 5821 plebs
1636 5763 1747 5810 tua.
1796 5756 2030 5815 Ostende

2127 4579 2182 4623 et
2226 4570 2291 4622 de
2339 4567 2535 4622 l‘nttiris
2582 4581 2680 4621 vos
2733 4564 3033 4628 custodiat,
3071 4562 3268 4619 liberet
3316 4578 3424 4619 vos
3474 4565 3543 4618 ab
3586 4562 3709 4617 omni

2128 4677 2297 4733 apere
2328 4661 2494 4725 malo,
2533 4659 2709 4714 salvct
2746 4667 2799 4713 et
2837 4656 3126 4713 conﬁrmet
3154 4670 3255 4710 vos
3295 4655 3353 4710 in
3387 4656 3544 4710 omni
3572 4668 3709 4725 open

2130 4754 2291 4817 bono,
2322 4760 2378 4807 et
2413 4752 2677 4822 perducat
2716 4764 2814 4805 vos
2864 4763 2987 4803 cum
3029 4746 3243 4818 angelis
3286 4747 3407 4803 suis
3453 4748 3528 4801 ad
3568 4746 3707 4799 vitam

2130 4855 2409 4899 aeternam.
2434 4842 2628 4896 Amen.

2202 4933 2597 5004 lndulgentiam
2625 4941 2680 4987 et
2702 4930 3078 4987 remissionem
3100 4938 3157 4984 et
3179 4928 3588 4984 absolutionem
3612 4940 3705 4981 ota-

2132 5028 2280 5082 nium
2319 5034 2688 5097 peccatorum,
2715 5024 2784 5079 'et
2831 5024 3066 5095 spatium
3109 5036 3239 5076 vere
3268 5021 3633 5091 paenitentia,
3661 5027 3705 5071 et

2131 5120 2361 5191 gratiam
2395 5117 2567 5173 sancti
2596 5115 2837 5186 Spiritus
2873 5116 3078 5170 tribuat
3102 5114 3260 5169 vobis
3292 5113 3703 5184 omnipotelset

2139 5212 2453 5268 misericors
2477 5208 2758 5264 Dominus.
2790 5208 2984 5261 Amen.

2205 5299 2534 5372 Capitutnm.
2562 5298 2730 5364 Deus,
2761 5306 2818 5351 tu
2844 5310 3161 5351 conversus.
3189 5296 3257 5351 Et
3283 5294 3457 5365 plebs.
3491 5290 3703 5349 Ostende

2132 5393 2310 5449 nobis.
2337 5391 2404 5446 Et
2442 5388 2704 5445 salutare.
2742 5386 3022 5458 Propitius
3059 5394 3200 5450 esto,
3236 5384 3489 5448 Domine,
3532 5394 3698 5451 peca-

2136 5484 2223 5538 tis.
2254 5482 2486 5552 Propter
2518 5496 2739 5537 nomen.
2766 5480 2848 5535 Ab
2870 5480 3100 5536 occultis
3132 5480 3292 5535 meis.
3315 5478 3382 5533 Et
3408 5479 3479 5532 ab
3510 5472 3697 5529 alieni.

2135 5575 2383 5643 Domine,
2418 5574 2634 5631 exaudi.
2663 5574 2732 5629 Et
2760 5573 2985 5629 clamor.
3017 5573 3283 5629 Dominus
3320 5572 3611 5628 vobiscum.
3640 5564 3696 5620 Et

2135 5682 2278 5723 cum.

2208 5759 2415 5814 Oratio.
2438 5759 2607 5817 Aufer
2634 5775 2663 5816 a
2689 5760 2865 5830 nobis,
2891 5774 3217 5833 qutesumus,
3243 5758 3509 5823 Domine:
3528 5765 3694 5811 omnes
