3846 6324
21 353 126 408 I53
884 351 1225 411 EXCERPT.
1253 355 1345 410 EX
1378 354 1580 410 CODD.
1610 353 1891 410 LITURG.
1916 352 2446 411 FONTAVELLAN.
2538 414 2539 417 η
3230 366 3333 424 954

28 465 377 533 niquitates
420 476 673 549 nostras,
713 476 773 522 ιιι
802 468 869 523 ad
912 479 1101 525 sancta
1133 478 1443 525 sanctorum
1490 470 1640 540 pttris
1671 478 1715 533 Λ
1750 466 2101 538 Evangelium
2149 472 2319 540 pacis.
2374 470 2597 527 Demum
2647 475 2910 529 osculetur
2954 474 3334 549 Evangelium,

24 570 374 627 net-cantur
408 541 683 613 mentibus
710 557 957 613 introire.
986 558 1111 614 Per.
1748 571 1795 614 et
1827 562 1967 615 dicat
1998 579 2017 617 :
2044 561 2151 617 Pax
2187 562 2425 628 Christi,
2450 580 2612 634 quam
2654 567 2810 623 nobis
2851 583 2948 639 per
2980 541 3331 642 Evangeliutn

90 644 361 711 Quando
382 650 629 704 sacerdos
671 661 744 705 est
772 653 841 705 ad
863 650 1065 717 altare,
1087 651 1228 706 dicat
1259 668 1278 706 :
1307 651 1538 708 Oramus
1570 661 1643 716 te,
1747 668 1903 707 suum
1937 655 2178 719 tradidit,
2207 655 2493 711 conﬁrmet
2524 666 2577 711 et
2604 669 2892 715 conservet
2927 662 3092 715 corda
3119 672 3175 717 et
3208 679 3332 719 cor-

20 734 279 792 Doutine
300 777 319 804 ,
354 748 412 793 ut
440 754 537 810 per
563 741 755 795 merita
794 750 1105 796 sanctorum
1144 750 1380 809 tuorum,
1412 760 1643 814 quorum
1747 758 1876 813 pora
1908 754 2095 798 nostra
2133 745 2184 798 itt
2217 744 2387 799 vitam
2419 754 2699 801 mternam.
2733 748 2924 803 Amen.
2951 748 3177 815 Quando
3207 755 3325 807 mit-

18 828 295 898 reliquiae
325 831 415 886 hic
440 841 603 897 sunt,
628 847 816 888 eorum
862 833 1359 903 intercessionibus,
1400 836 1645 907 omnipo-
1746 835 1876 887 titur
1904 835 2169 889 incensum
2201 836 2255 888 in
2292 836 2615 889 tlturibulum
2653 837 2779 891 dicit
2811 853 2831 893 :
2860 839 2942 893 Ab
2972 839 3090 909 ipso
3118 841 3326 911 bene-i-

17 926 147 974 Lens
186 921 372 989 Deus,
416 922 694 995 indulgere
745 923 984 995 digneris
1030 924 1163 979 mihi
1209 926 1392 981 omnia
1421 937 1643 995 peccata
1746 922 1944 978 dicat-is
1976 939 2072 993 pro
2107 924 2260 994 cujus
2290 940 2477 979 amore
2503 927 2783 981 cremaris.
2816 925 3015 983 Deinde
3034 930 3326 984 incensetur

18 1026 177 1067 mea.
216 1014 358 1070 Per.
1386 1020 1389 1021 ⁷
1744 1016 2097 1087 evangelium,
2139 1034 2239 1087 quo
2273 1017 2403 1071 lecto
2438 1018 2761 1088 evangelium
2791 1020 3054 1074 osculetur
3072 1021 3326 1076 dicendo:

85 1102 258 1159 Dum
279 1116 532 1162 cantatur
554 1107 772 1178 epistola
801 1118 850 1163 et
877 1108 1134 1179 graduale
1169 1118 1216 1163 et
1256 1108 1503 1176 alleluia,
1549 1126 1640 1162 sa-
1747 1106 1851 1162 Per
1908 1110 2038 1163 istos
2097 1117 2317 1164 sanctos
2365 1125 2647 1167 sermones
2711 1111 2989 1183 Evangelii
3062 1114 3326 1171 Dominus

16 1205 221 1260 cerdos
250 1206 403 1261 dicat
443 1206 580 1261 hanc
622 1208 909 1261 orationem
932 1221 952 1258 :
984 1204 1211 1276 Suscipe
1240 1204 1638 1261 confessionem
1744 1213 1927 1257 noster
1962 1201 2119 1258 Jesus
2146 1202 2399 1258 Christus
2423 1203 2699 1278 indulgeat
2729 1206 2860 1261 mihi
2891 1208 3071 1263 omnia
3101 1218 3323 1280 peccata

15 1308 251 1363 meam,
278 1313 393 1352 una
432 1311 555 1368 spes
595 1296 783 1353 salutis
819 1313 977 1363 meae,
1022 1296 1245 1353 Domine
1293 1296 1437 1351 Deus
1465 1312 1636 1350 meus.
1742 1307 1880 1344 mea.
1908 1292 2103 1345 Amen.

13 1383 164 1440 Gula
186 1429 209 1451 ,
266 1390 570 1456 ebrietate,
624 1389 984 1445 fornicatione
1010 1430 1026 1457 ,
1083 1390 1338 1455 libidine,
1393 1391 1635 1455 tristitia,
1810 1383 1892 1435 Ad
1914 1382 2188 1454 corporale
2211 1384 2517 1440 benedictio.
2534 1384 2590 1440 ln
2620 1394 2712 1442 tuo
2739 1398 3054 1459 conspectu,
3075 1389 3321 1454 Domine,

14 1479 301 1545 Ivaritia,
334 1480 439 1545 ira,
469 1479 682 1545 acedia,
711 1480 1090 1544 somnolentia,
1118 1479 1466 1549 negligentia,
1488 1483 1638 1550 cupi-
1742 1474 1855 1528 luet:
1883 1487 2067 1530 nostra
2106 1491 2328 1531 munera
2364 1476 2456 1531 tibi
2482 1477 2680 1549 placita
2709 1479 2836 1546 sint,
2868 1489 2926 1535 ut
2954 1495 3051 1537 nos
3081 1482 3173 1537 tibi
3205 1483 3317 1553 ριειο

11 1567 234 1636 litate,
280 1571 511 1637 invidia,
552 1571 783 1636 malitia,
813 1571 958 1639 odio,
988 1571 1343 1637 detractione,
1367 1572 1631 1643 periurio,
1740 1581 1864 1620 cere
1888 1567 2174 1637 possimus.
2702 1578 2703 1581 ‘

11 1658 308 1725 tlsitale,
350 1662 647 1726 mendacio,
691 1677 830 1716 vana
859 1662 1029 1732 gloria
1052 1703 1069 1728 ,
1092 1661 1329 1727 levitate,
1353 1677 1418 1717 ac
1442 1677 1636 1732 sttper-
1811 1658 2037 1723 Quando
2074 1658 2249 1714 oblata
2285 1677 2441 1731 super
2469 1662 2638 1715 altare
2662 1664 2848 1732 ponit:
2872 1662 3023 1731 Tibi,
3063 1664 3322 1731 Domine,

11 1749 103 1804 fta
143 1752 415 1822 perditus
441 1767 590 1819 sutn,
617 1760 670 1806 et
710 1752 931 1807 omnino
958 1752 1304 1821 cogitatione,
1337 1752 1630 1816 locutione,
1668 1814 1704 1822 __
1737 1746 1981 1801 Creatori
2009 1762 2129 1803 meo
2145 1747 2378 1804 hostiam
2412 1748 2580 1805 ollero
2604 1767 2704 1822 pro
2731 1752 3048 1807 remissione
3079 1754 3319 1807 onmium

9 1843 282 1909 actione,
333 1852 495 1913 atque
543 1842 796 1898 omnibus
848 1842 1096 1899 sensibus
1138 1844 1443 1900 exstinctus
1486 1859 1630 1899 sum.
1668 1814 1710 1875 Β
1740 1848 2091 1909 peccatorum
2119 1856 2386 1908 meorum,
2414 1851 2466 1897 et
2494 1852 2812 1899 cunctorum
2845 1843 3079 1899 ﬁdelium
3102 1854 3317 1900 tuorum

11 1936 60 1991 Ο
91 1936 372 2001 Domine,
400 1938 491 2008 qui
515 1936 781 2008 justiﬁcas
811 1937 1005 2007 impios
1031 1945 1087 1993 et
1105 1936 1350 1993 viviﬁcas
1366 1946 1627 2002 mortuos,
1736 1928 2036 1983 νίνεηιίυηι
2065 1939 2120 1985 el
2152 1939 2517 1987 mortuorum.
3244 1986 3250 1992 .

11 2026 288 2095 justiﬁca
322 2044 407 2083 me
428 2039 482 2083 et
510 2029 801 2085 ressuscita
839 2043 963 2094 me,
1006 2028 1232 2083 Domine
1262 2027 1405 2101 Deus
1453 2044 1629 2084 meus.

1799 2020 2024 2086 Quando
2057 2039 2195 2093 aqua
2232 2024 2459 2079 mittitur
2489 2026 2544 2080 in
2591 2025 2828 2092 calicem,
2851 2027 2991 2081 dicat
3029 2030 3315 2082 sacerdos:

24 2121 358 2177 I’erJesum
374 2122 647 2177 Christum
660 2122 853 2177 Filium
880 2130 1029 2176 tuum
1050 2121 1336 2177 Dominum
1362 2131 1628 2189 nostrum,
1734 2111 1811 2167 Ex
1841 2112 2007 2169 latere
2030 2113 2231 2170 Christi
2258 2117 2477 2187 sanguis
2506 2126 2561 2173 et
2589 2133 2729 2188 aqua
2759 2119 2954 2174 exiisse
2978 2120 3313 2188 perhibemr.

24 2211 129 2279 qui
165 2220 360 2265 [ccum
387 2211 516 2265 vivit
543 2220 595 2267 et
624 2198 843 2281 regnat,
877 2221 985 2267 etc.
1733 2211 1807 2258 et'
1832 2202 1952 2259 ideo
1998 2205 2207 2275 pariter
2249 2207 2695 2274 commiscentur,
2723 2216 2782 2263 ut
2824 2209 3136 2264 misericors
3177 2208 3318 2262 Deus

96 2302 292 2359 Maria
321 2304 656 2370 beatissima,
681 2304 853 2359 Mater
886 2304 979 2360 Dei
1008 2312 1064 2361 et
1100 2304 1339 2362 hominis
1360 2304 1627 2374 gloriosa,
1734 2294 1801 2350 ad
1850 2295 2115 2352 medelam
2155 2296 2461 2354 animarum
2508 2308 2817 2355 nostrarum
2858 2300 3198 2357 sanctiﬁcare
3239 2300 3319 2355 di-

17 2398 178 2451 inter
207 2408 404 2451 omnes
451 2393 708 2452 mulieres
747 2396 1059 2462 benedicta,
1090 2396 1211 2453 eteli
1249 2405 1304 2451 et
1341 2406 1499 2452 terra:
1526 2398 1651 2452 Do»
1733 2394 1950 2455 ἓηοιυτο
2188 2404 2191 2407 ’
2484 2388 2487 2395 “

18 2491 209 2557 ηιξκιε,
242 2505 410 2561 super
429 2504 620 2546 omnes
648 2491 871 2562 angelos
905 2499 960 2546 ει
987 2489 1338 2561 archangelos
1369 2490 1627 2557 ριειιεω,
1805 2476 2031 2543 Quando
2054 2480 2194 2534 calix
2218 2482 2432 2551 ponitur
2444 2499 2602 2553 super
2618 2482 2804 2551 altare,
2833 2486 3005 2538 dicat:
3032 2484 3318 2540 Oll'crimns

20 2593 81 2637 tu
120 2584 369 2654 dignare
395 2597 495 2653 pro
520 2597 607 2637 mc
631 2594 916 2654 peccatore
940 2597 1132 2653 preces
1160 2581 1453 2647 eiiundere,
1475 2581 1632 2651 cujus
1734 2568 1829 2624 tibi
1849 2608 1865 2633 ν
1912 2570 2159 2639 Domine.
2183 2572 2408 2628 calicem
2456 2574 2741 2642 ελιυῑεπίδν
2794 2576 3073 2631 humiliter
3128 2578 3320 2646 ίιυριο·

16 2676 219 2728 oram,
248 2688 358 2729 ηοη
390 2682 566 2743 potest
605 2673 675 2729 ab
706 2688 772 2729 eo
800 2675 891 2743 qui
915 2689 985 2747 ἐκ
1025 2682 1076 2729 ιε
1100 2682 1257 2729 "ams
1277 2672 1631 2742 eshdespici,
1732 2668 1919 2715 rantes
1995 2661 2340 2718 clententiam
2402 2673 2548 2719 tuam
2578 2705 2593 2732 ,
2657 2674 2719 2721 ut
2778 2674 2906 2723 ante
2971 2677 3316 2739 conspectum

20 2781 132 2819 nec
175 2764 316 2835 quid
348 2764 697 2834 aliquatenus
722 2778 751 2817 α
782 2764 920 2818 Filio
960 2775 1051 2818 ωο
1101 2773 1158 2820 ει
1204 2763 1462 2819 Cmam-0
1501 2778 1632 2819 con.
1732 2750 1931 2807 divina:
1960 2752 2258 2821 maiestatis
2291 2764 2395 2810 tua:
2436 2771 2559 2812 cum
2594 2758 2763 2814 odore
2798 2760 3089 2815 suavitatis
3128 2776 3319 2816 ascen-

22 2857 236 2911 tetnni.
287 2853 331 2910 0
363 2855 651 2925 singularis
675 2865 731 2911 et
773 2870 909 2910 nova
940 2870 1229 2927 puerpera,
1262 2856 1431 2911 adoro
1458 2855 1628 2927 virgi-
1731 2843 1844 2930 (βίη-
2274 2846 2277 2847 ⁷

25 2951 183 3003 nalis
213 2949 358 3003 uteri
388 2949 464 3001 tui
496 2958 838 3017 conceptum.
864 2949 1044 3003 Adoro
1070 2958 1283 3019 partum
1309 2963 1377 3003 ex
1410 2948 1632 3003 inteme-

1805 2934 2052 3008 Sequitur
2072 2954 2188 2993 cunt
2218 2955 2373 2994 cruce
2400 2957 2557 3004 super
2585 2950 2833 3012 utrosque
2861 2961 2873 2997 :
2901 2944 3153 3001 Oblatum
3187 2946 3315 3010 tibi,

27 3049 179 3096 ratm
207 3039 458 3111 Virginis
503 3039 635 3095 flore.
675 3041 1038 3110 progenitum.
1098 3041 1280 3097 Adoro
1308 3055 1376 3097 ex
1431 3050 1485 3097 te
1525 3042 1633 3096 vir-

1733 3016 1983 3092 Domine,
2028 3044 2223 3084 munus
2270 3029 2586 3095 sanctiﬁca,
2634 3040 2694 3085 ut
2738 3034 2894 3087 nobis
2939 3036 3198 3103 unigeniti
3242 3040 3316 3090 tui

25 3131 300 3203 ginitatis
318 3104 344 3111 -
362 3141 466 3186 tu:e
535 3104 867 3203 signaculum
943 3132 1290 3187 inclfabiliter
1356 3132 1629 3202 prodeun-
1658 3159 1699 3217 ρ
1731 3104 1855 3217 Filii
1883 3119 2092 3217 Domini
2111 3121 2424 3217 nostrilesu
2447 3122 2651 3217 Cbrisli
2671 3138 2867 3194 corpus
2892 3134 2947 3179 ει
2966 3126 3185 3196 εθηὲηίδ
3201 3126 3313 3180 ni"-

26 3237 176 3281 tcm.
201 3223 457 3280 Adoroin
500 3223 765 3279 cunabilis
786 3224 1065 3295 pueriliter
1096 3226 1421 3293 vagientem.
1445 3224 1629 3280 Adero

26 3317 211 3371 ubera
286 3321 529 3369 materna
587 3324 889 3384 sugentetn.
957 3312 1062 3369 Ora
1126 3329 1225 3384 pro
1266 3328 1353 3369 me
1406 3315 1628 3381 misero,

36 3412 212 3463 beata
237 3406 335 3461 Dei
370 3405 639 3472 Genitrix,
669 3415 728 3460 ut
752 3406 842 3475 qtti
866 3420 932 3461 et
961 3417 1013 3461 te
1036 3420 1222 3461 verum
1255 3408 1526 3464 hominem
1548 3418 1632 3464 est

28 3498 309 3567 dignatus
336 3495 583 3561 induere,
612 3495 666 3549 itt
697 3504 878 3550 mente
907 3510 1023 3551 mea
1058 3513 1163 3551 non
1194 3497 1513 3569 dedignatur
1552 3499 1634 3553 in-

32 3588 337 3643 visibiliter
379 3588 649 3644 habitare.
709 3588 827 3644 Tibi
879 3590 1075 3656 etiam,
1115 3591 1357 3661 piissima
1392 3591 1630 3656 domina,

36 3681 444 3750 turpitudinem
477 3682 721 3752 corporis
748 3692 802 3737 et
843 3683 1038 3739 animae
1076 3699 1209 3739 metr
1237 3684 1481 3740 conﬁteri
1526 3700 1632 3739 non

35 3774 339 3839 erubesco,
363 3773 491 3842 quia
524 3773 576 3826 in
608 3774 849 3843 peccatis
876 3784 1172 3845 conceptus
1209 3784 1263 3830 et
1302 3777 1355 3831 in
1397 3777 1636 3847 peccatis

39 3866 331 3932 nutritus,
361 3873 417 3921 et
465 3865 517 3920 in
566 3868 812 3936 peccatis
864 3877 987 3939 post
1036 3870 1305 3940 baptisma
1355 3887 1523 3941 usque
1568 3874 1635 3928 ad

42 3958 195 4009 hanc
222 3954 412 4013 horam
435 3971 558 4011 eum
584 3956 841 4012 omnibus
865 3959 1241 4026 peccatoribus
1281 3971 1636 4017 conversatus

40 4046 291 4099 animam
323 4060 497 4100 meam
536 4046 587 4101 in
630 4062 794 4103 carne
842 4050 1073 4118 positam
1126 4050 1326 4119 pollui,
1375 4052 1631 4122 templum

42 4136 299 4206 corporis
332 4136 437 4192 mei
464 4138 531 4193 de
553 4138 709 4193 omni
744 4154 941 4209 genere
981 4139 1355 4200 fornicationis
1376 4154 1429 4199 et
1467 4146 1637 4215 pollu-

46 4230 221 4285 tionis
246 4239 298 4284 et
322 4230 675 4293 immunditiis:
702 4231 1069 4301 coinquinavi.
1098 4233 1319 4290 Peccavi
1352 4251 1453 4308 ego
1471 4238 1637 4293 miser

44 4333 108 4378 et
137 4321 323 4377 infelix
352 4322 405 4377 in
443 4319 767 4393 negligentia
791 4334 847 4378 et
874 4324 928 4378 in
964 4329 1394 4396 transgressione
1434 4339 1636 4385 sanctae

48 4410 192 4480 legis
220 4419 275 4465 et
319 4411 560 4465 omnium
613 4412 988 4467 mandatorum
1039 4415 1159 4469 Filii
1206 4415 1328 4481 Dei,
1374 4426 1429 4472 et
1475 4417 1634 4473 oﬁicii

1804 3210 2054 3282 Sequitur
2077 3230 2096 3267 :
2130 3212 2288 3277 Vetti,
2315 3215 2720 3279 Sanctiﬁcator,
2746 3217 3093 3287 omnipotens
3114 3228 3317 3273 :eterue

1730 3302 1894 3369 Deus,
1930 3306 2155 3359 henedic
2184 3306 2286 3360 hoc
2308 3306 2638 3361 sacriﬁcium
2665 3308 2760 3362 tibi
2788 3320 3170 3379 prteparatutn.

1804 3396 2052 3469 Sequitur
2076 3414 2096 3454 :
2135 3400 2192 3453 ln
2226 3401 2447 3457 nomine
2491 3400 2701 3455 Domini
2737 3403 2907 3456 nostri
2953 3402 3079 3456 Jesu
3118 3402 3317 3459 Christi

1733 3489 1804 3543 sit
1836 3490 1937 3544 hoc
1988 3490 2317 3545 sacriﬁcium
2363 3492 2792 3557 immaculatum,
2838 3504 2887 3548 et
2918 3509 2946 3547 a
2982 3504 3031 3548 te
3060 3495 3165 3548 Deo
3193 3496 3317 3548 vim

1734 3590 1789 3635 et
1819 3596 1948 3637 vero
1980 3583 2278 3637 adunatutn
2316 3592 2370 3637 et
2400 3583 2746 3638 benedictum
2776 3585 2827 3638 itt
2872 3585 3066 3640 satcula
3094 3587 3318 3641 sarculo-

1735 3687 1875 3727 rum.
1910 3672 2103 3728 Amen.

1813 3763 2037 3829 Quando
2088 3764 2357 3818 incensum
2402 3764 2617 3834 ponitur
2665 3766 2719 3819 in
2763 3766 3087 3820 tltnribulum
3132 3768 3319 3823 dicat:

1734 3853 1839 3911 Per
1870 3855 2343 3919 intercessionem,
2371 3865 2502 3919 etc.,
2538 3866 2593 3909 ut
2616 3858 2669 3910 in
2692 3856 2865 3912 editis.

1803 3945 1935 4000 Cum
1961 3947 2196 4001 incensat
2226 3946 2402 4000 oblata
2434 3958 2479 4001 et
2508 3947 2751 4012 calicem,
2782 3950 2921 4003 dicat
2957 3949 3057 4004 ista
3080 3967 3197 4004 cum
3229 3952 3323 4025 tri-

1737 4040 1831 4094 bus
1858 4040 2101 4093 crucibus
2128 4056 2283 4109 super
2310 4051 2577 4110 utrosque,
2603 4050 2650 4094 et
2686 4043 2980 4112 regyrando
3003 4042 3167 4096 tribus
3196 4045 3323 4096 vici-

1737 4132 1831 4186 bus
1862 4133 2002 4185 dicat
2035 4148 2054 4186 :
2093 4130 2319 4186 Domine
2354 4130 2497 4186 Deus
2526 4141 2731 4197 noster,
2765 4133 2855 4201 qui
2888 4132 3171 4203 suscepisti
3204 4151 3320 4187 ntu-

1738 4240 1867 4280 nera
1924 4225 2079 4290 Abel,
2112 4224 2245 4285 Noe.
2275 4220 2483 4289 Aaron,
2508 4224 2725 4279 Samuel
2753 4233 2808 4279 et
2836 4225 3076 4280 omnium
3099 4233 3319 4279 sancto-

1736 4331 1855 4370 rum
1888 4308 2125 4377 tuorum,
2168 4316 2247 4370 sic
2281 4324 2334 4369 ct
2364 4315 2431 4370 de
2456 4331 2618 4369 manu
2642 4325 2986 4385 peccatorum
3007 4323 3320 4370 nostrorum

1737 4407 2016 4475 suscipere
2048 4405 2286 4474 digneris
2314 4404 2595 4459 incensum
2628 4404 2767 4459 istud
2796 4405 2849 4457 in
2884 4412 3172 4475 conspectu
3204 4416 3317 4469 tuo,

51 4500 406 4557 sacerdotalis
424 4510 475 4555 et
497 4500 815 4556 obcdicntiae
840 4503 969 4557 tttilti
993 4505 1635 4573 cetnmissm,etomnium
1674 4528 1716 4581 ο
1743 4497 1795 4551 in
1842 4497 2065 4551 Odorem
2108 4496 2425 4561 ευενίιθῑίει
2470 4496 2523 4549 in
2556 4496 2930 4551 remissionem
2973 4504 3320 4565 peccatorum

52 4602 277 4649 actuum
298 4606 505 4647 eorum.
548 4590 663 4646 Non
708 4601 793 4648 est
839 4593 1095 4662 iniquitas
1122 4609 1284 4663 super
1327 4611 1505 4651 meam
1538 4597 1642 4651 ini-

56 4685 345 4753 quitatem,
369 4699 531 4753 super
552 4699 739 4739 omnes
766 4696 1080 4755 peccatores
1111 4687 1308 4756 saepius
1335 4696 1388 4742 et
1419 4689 1638 4759 gravius

57 4775 268 4839 cecidi,
300 4774 419 4844 plus
467 4775 720 4830 omnibus
768 4775 1103 4849 hominibus
1131 4778 1442 4834 carnalibus
1491 4781 1640 4835 vitiis

60 4866 177 4919 sive
205 4864 576 4935 spiritualibus
604 4866 670 4919 ab
704 4865 931 4921 infantia
963 4882 1081 4921 mea
1113 4868 1480 4925 indesinenter
1513 4886 1640 4941 pec-

61 4957 205 5012 cavi.
270 4956 564 5025 Propterea
621 4965 799 5011 mente
858 4966 913 5011 et
962 4973 1190 5028 corpore
1237 4960 1494 5031 pollutus,
1531 4978 1637 5015 non

68 5063 185 5102 sum
216 5047 409 5117 dignus
443 5057 679 5102 tractare
719 5047 802 5102 vcl
849 5049 1127 5119 suscipere
1164 5066 1361 5122 corpus
1390 5052 1510 5107 Filii
1541 5054 1639 5107 tui.

69 5138 219 5193 Nunc
246 5154 392 5209 ergo,
429 5137 602 5194 Mater
635 5139 1051 5208 misericordia),
1083 5156 1179 5196 ora
1208 5158 1306 5211 pro
1337 5158 1424 5198 me
1452 5157 1644 5213 pecca-
1708 5206 1711 5207 ν

68 5239 187 5284 tore
219 5230 285 5285 ad
321 5231 567 5285 eumdem
617 5229 813 5285 Filium
852 5241 1000 5286 tuum
1044 5232 1326 5288 Dominum
1374 5245 1638 5300 nostrum,

73 5320 158 5390 qui
188 5334 375 5389 passus
396 5331 481 5375 est
508 5337 604 5391 pro
635 5322 810 5386 nobis,
842 5338 1003 5393 quem
1044 5331 1099 5378 tu
1128 5323 1359 5395 gloriosa
1388 5335 1443 5379 et
1472 5327 1638 5379 bette-

72 5412 211 5467 dicta
253 5411 485 5482 genuisti
529 5412 698 5468 Deum
740 5424 795 5468 et
841 5415 1112 5471 hominem
1143 5429 1242 5485 pro
1274 5416 1642 5486 redemptione

69 5504 305 5558 omnium
329 5496 693 5572 peccatorum.

139 5598 220 5652 Ad
243 5598 647 5674 benedictionem
680 5597 986 5671 Evangelii,
1022 5600 1277 5656 diaconus
1302 5611 1439 5670 petat
1490 5600 1641 5654 bene-

70 5691 348 5745 dictionem
379 5692 598 5745 dicens:
629 5692 881 5759 Benedic,
919 5692 1067 5760 jube.
1108 5693 1142 5763 ἡ
1182 5692 1442 5747 Dominus
1477 5694 1546 5747 sit
1587 5694 1638 5747 itt

67 5780 231 5836 corde
293 5790 416 5845 tuo,
470 5790 527 5833 ιιι
574 5782 731 5850 d‘gttc
777 5789 833 5834 et
894 5791 1263 5852 competenter
1318 5786 1638 5852 pronunties

1743 4596 2072 4643 nostrorum.
2116 4586 2220 4641 Per
2249 4586 2545 4644 Christum.

1815 4682 1946 4737 Cum
1976 4683 2208 4736 incensat
2248 4680 2424 4734 oblata
2466 4690 2513 4734 et
2553 4680 2766 4735 calicem
2810 4680 2950 4734 dicat
2990 4697 3009 4734 :
3040 4679 3322 4735 lncettsum

1743 4776 1904 4841 istud,
1930 4784 2061 4840 etc.,
2092 4784 2146 4828 ut
2177 4776 2231 4829 in
2260 4764 2705 4829 cditis.Sacerdos
2731 4773 2998 4827 humiliter
3035 4774 3242 4829 inclinet
3270 4792 3326 4828 se

1743 4876 1865 4919 ante
1884 4865 2052 4920 altare
2082 4877 2128 4920 et
2156 4866 2298 4920 dicat
2335 4879 2356 4923 :
2398 4866 2641 4934 Suscipe,
2671 4874 2861 4920 sancta
2890 4865 3147 4931 Trinitas,
3183 4868 3324 4921 hanc

1744 4958 2095 5022 oblationem,
2114 4973 2276 5026 quam
2307 4958 2402 5012 tibi
2434 4956 2841 5012 olfertfantttlus
2883 4968 3027 5025 tuus,
3050 4969 3106 5013 et
3128 4970 3323 5029 praesta

1746 5059 1805 5101 ttt
1842 5050 1892 5101 itt
1930 5057 2276 5117 conspectum
2308 5057 2458 5102 tuum
2498 5047 2589 5100 tibi
2618 5046 2837 5121 placens
2865 5048 3143 5103 ascendat.

1819 5140 2069 5212 Sequitur
2096 5154 2114 5192 :
2148 5140 2400 5210 Suscipe,
2427 5149 2613 5195 sancta
2644 5140 2902 5207 Trinitas,
2927 5141 3067 5196 banc
3095 5142 3327 5197 oblatio.

1714 5294 1721 5297 _
1747 5246 1894 5295 nem,
1919 5246 2081 5300 quam
2112 5231 2204 5284 tibi
2230 5230 2397 5285 ollero
2422 5245 2519 5299 pro
2542 5244 2627 5284 me
2654 5238 2973 5298 peccatore,
3006 5224 3081 5286 et
3102 5247 3202 5303 pro
3249 5232 3325 5286 fa-

1748 5322 1911 5378 mulis
1938 5332 1993 5377 et
2026 5322 2331 5376 latnulahus
2360 5323 2495 5384 tuis.
2523 5323 2613 5389 qui
2637 5336 2695 5375 se
2730 5323 3246 5378 commendaverunt
3270 5325 3325 5378 in

1747 5416 1949 5471 nostris
1977 5415 2338 5476 orationibus.
2370 5424 2422 5468 et
2460 5430 2559 5484 pro
2598 5416 2744 5468 omni
2773 5414 2968 5483 populo
2994 5415 3325 5483 Christiano,

1748 5508 1886 5561 vivis
1913 5516 2078 5576 atque
2108 5506 2399 5571 defunctis,
2450 5516 2507 5559 ιιι
2554 5506 2682 5560 mihi
2735 5516 2790 5561 et
2825 5507 2929 5561 illis
2972 5507 3222 5576 proﬁciat
3259 5507 3328 5562 ad

1748 5598 2034 5664 medelam,
2059 5607 2113 5654 et
2135 5598 2201 5652 ad
2229 5600 2395 5651 vitam
2426 5608 2706 5652 aeternam.
3269 5603 3272 5609 '

1824 5691 2021 5745 Deinde
2051 5691 2215 5760 erigat
2252 5706 2307 5743 se
2343 5692 2617 5755 sacerdos,
2655 5701 2700 5744 et
2741 5700 2902 5745 vertat
2944 5707 2998 5744 se
3038 5692 3107 5743 ad
3136 5691 3329 5761 fratres

1750 5786 1923 5841 dicens
1957 5802 1974 5838 :
2005 5782 2187 5849 Orate,
2208 5781 2403 5839 fratres
2434 5782 2761 5849 cltarissittti,
2794 5799 2891 5852 pro
2923 5798 3029 5848 me,
3063 5792 3120 5836 ttt
3150 5798 3327 5835 mcum
