3846 6324
546 399 614 453 35

1679 377 1850 433 ΒΑΕ.
1884 375 1955 431 Χι
1987 371 2112 428 MOL‘

2241 411 2255 423 .
2294 366 2573 423 LlTURG.
3659 351 3729 405 9'3

515 532 579 571 ac
614 521 847 568 vestrum
890 505 1215 564 sacriﬁcium
1253 508 1535 569 acceptum
1583 495 1653 551 sit
1693 496 1747 565 in
1783 500 2077 562 conspectu
2121 496 2157 547 Α
2192 484 2301 539 Pax
2333 483 2540 539 Domini
2582 482 2653 536 sit
2696 493 2917 551 semper
2946 477 3250 547 vobiscum.
3283 475 3353 531 Et
3397 486 3520 529 cum
3596 468 3731 533 Agim

520 606 749 662 Domini.

530 762 531 765 η
589 699 655 751 Et
682 696 757 749 illi
784 692 1124 762 respondeant
1147 703 1164 741 :
1190 687 1463 757 Suscipial
1484 682 1745 738 Dominus
1767 675 2088 733 sacriﬁcium

517 792 583 846 de
618 787 865 843 manibus
897 785 1000 839 luis
1030 782 1097 837 ad
1128 781 1340 834 laudem
1369 786 1422 831 et
1449 774 1670 846 gloriam
1700 768 1930 823 nominis
1970 764 2051 818 sui
2073 804 2088 827 ,

518 880 581 932 ad
624 878 907 932 utilitatem
941 888 1155 942 quoque
1191 879 1497 924 nostrarum
1530 864 1861 924 animarum,
1904 856 2093 912 totius-

517 962 624 1038 que
660 966 911 1022 Ecclesiae
940 978 1048 1019 suis
1080 971 1300 1017 sancire.

589 1062 654 1112 In
694 1058 979 1111 Nativilate
1009 1052 1221 1106 Domini
1249 1048 1490 1119 pra’futio
1516 1061 1532 1097 :
1566 1045 1791 1114 Dignum
1816 1051 1868 1094 et
1888 1037 2092 1107 justum

518 1162 623 1213 est,
656 1164 869 1219 tequum
900 1159 955 1201 et
976 1145 1243 1208 salutare,
1282 1157 1441 1210 usque
1471 1148 1670 1192 aeterne
1702 1135 1860 1188 Deus.

593 1242 681 1296 Sic
708 1243 759 1293 in
783 1236 1179 1310 pra’fationibus
1204 1228 1652 1299 Quadrugesimw,
1682 1221 2095 1278 Resurrectionis

521 1345 567 1388 et
596 1332 947 1386 Pentecostes.

595 1424 854 1494 Prwfatio
884 1431 1227 1477 mortuorum.
1262 1417 1364 1471 Per
1388 1428 1547 1483 quem
1583 1411 1727 1466 salus
1759 1408 1972 1473 mundi,
2005 1422 2099 1474 per

526 1530 684 1585 quem
720 1514 824 1566 vita
855 1511 1151 1572 luminum,
1189 1524 1285 1577 per
1309 1518 1465 1573 quem
1510 1498 1834 1555 resurrectio
1862 1507 2099 1549 mortuo-

527 1622 644 1675 rum
675 1622 688 1658 :
714 1619 809 1674 per
831 1602 1002 1671 ipsum
1034 1597 1364 1663 te,Domine,
1392 1592 1703 1662 suppliciter
1725 1590 2095 1673 deprecamur,

526 1709 586 1753 ut
610 1697 803 1750 anima:
835 1692 1016 1747 famuli
1052 1691 1123 1743 tui
1155 1699 1210 1743 et
1249 1688 1534 1741 animabus
1565 1682 1885 1737 famulorum
1924 1679 2096 1732 laniu-

527 1789 809 1856 larumque
835 1794 1047 1837 tuarum
1075 1779 1459 1849 imlnlgentiam
1490 1776 1685 1847 largire
1715 1772 1949 1842 digneris
1978 1786 2100 1840 per-

2195 578 2308 631 Dei.
2364 577 2481 646 (ter.
2491 576 2511 645 )

2215 680 2219 682 '
2261 667 2393 722 Cum
2425 681 2612 736 corpus
2660 664 2716 717 in
2747 662 3057 733 sanguinem
3112 661 3295 724 mittit,
3350 660 3493 713 dicat
3538 656 3734 714 seselis

2195 762 2481 815 orationem
2507 770 2525 809 :
2556 757 2676 812 Fiat
2705 757 2818 811 haec
2868 753 3213 810 consecratio
3238 760 3294 806 et
3324 752 3626 806 commistio
3650 769 3733 806 cur-

2196 852 2345 923 poris
2374 858 2429 905 et
2466 849 2746 919 sanguinis
2768 846 2977 902 Domini
3008 844 3178 898 nostri
3218 842 3349 898 Jesu
3377 842 3579 896 Christi
3602 848 3736 895 omni

2196 945 2295 996 bus
2335 937 2937 1009 accipientibusnobis
2991 934 3140 989 salus
3190 934 3247 988 in
3286 933 3465 987 vitam
3510 943 3737 986 πωπω.

2197 1032 2387 1084 Amen.

2270 1124 2466 1179 Deinde
2482 1121 2747 1177 osculetur
2768 1120 2957 1183 altare,
2972 1128 3020 1172 et
3041 1119 3183 1171 dicat
3205 1116 3512 1169 orationem
3527 1128 3546 1164 :
3568 1113 3743 1169 Domine

2197 1214 2323 1269 Jesu
2362 1214 2596 1277 Christe,
2626 1212 2716 1282 qui
2742 1210 2924 1266 dixisti
2950 1207 3215 1279 aposmlis
3244 1207 3380 1269 tuis,
3400 1204 3593 1258 Pacem
3614 1220 3749 1257 me

2198 1308 2267 1359 do
2301 1305 2565 1369 vob’s,'ne
2590 1302 2850 1372 respicias
2878 1310 3109 1370 peccata
3137 1313 3284 1363 mea,
3310 1298 3414 1352 sed
3457 1296 3751 1351 devotion:

2203 1398 2468 1464 lidcmque
2492 1392 2749 1449 Ecciesim
2785 1402 2907 1457 tum,
2927 1404 3159 1458 eamque
3199 1388 3516 1442 secundum
3557 1386 3747 1439 volunta-

2205 1499 2309 1540 tem
2362 1497 2510 1541 tuam
2579 1482 2870 1555 puriﬁeare
2938 1491 2993 1537 et
3052 1480 3299 1535 adunare
3366 1477 3628 1548 digneris.
3684 1478 3754 1541 Qui

2204 1597 2223 1630 κ
2240 1579 2350 1632 isis.

2271 1668 2469 1723 Deinde
2518 1668 2681 1737 faciat
2721 1680 2924 1734 pacem,
2950 1663 3173 1717 dicendo
3202 1679 3221 1715 :
3253 1659 3485 1714 Hahete
3536 1658 3757 1711 sinuin

2203 1762 2485 1816 charitatis
2515 1770 2569 1815 et
2619 1760 2785 1829 pacis,
2807 1768 2867 1813 ut
2893 1756 3001 1826 apti
3030 1756 3150 1809 sitis
3199 1755 3587 1808 sacrosanctis
3611 1760 3764 1819 nas»

526 1841 766 1947 petuaui,
816 1884 975 1943 atque
1023 1890 1052 1925 a
1095 1871 1362 1940 contagiis
1410 1841 1994 1922 mortalitatisiexutas
2044 1862 2096 1914 in
2134 1841 2172 1897 Β
2207 1848 2319 1920 riis,
2349 1864 2526 1923 etpax
2564 1852 2764 1907 Christi
2787 1859 2842 1905 et
2871 1848 3125 1903 Ecclesiae
3161 1860 3395 1916 semper
3455 1843 3687 1898 abundet
3726 1844 3761 1893 is

524 1979 740 2024 aeterna:
770 1964 1089 2023 sals'ationis
1112 1970 1318 2030 partem
1352 1960 1625 2013 restituas.
1652 1956 1753 2010 Per
1775 1970 1954 2023 quem.

595 2058 715 2112 Alia
752 2056 1016 2127 pra'fatio.
1053 2054 1282 2122 Dignum
1308 2048 1599 2118 'ctju's'tum
1645 2059 1757 2112 est,
1802 2062 2011 2114 teqnum
2050 2057 2103 2099 ct

528 2150 785 2203 salutare.
814 2146 915 2213 Qui
947 2146 1103 2199 nobis
1146 2145 1197 2197 in
1222 2142 1471 2206 Christo,
1505 2136 1783 2210 unigenito
1812 2136 1951 2192 Filio
1983 2148 2101 2202 tuo,

528 2239 755 2293 Domino
783 2245 1004 2298 nostro,
1043 2248 1192 2303 spem
1229 2233 1400 2286 beatae
1440 2227 1851 2283 resurrectionis
1887 2243 2103 2280 conces-

530 2331 668 2393 sisti,
698 2336 919 2399 prmsta,
947 2340 1276 2396 quaesumus,
1307 2331 1365 2377 ut
1398 2323 1614 2387 animm,
1642 2321 1741 2389 pro
1778 2320 1973 2389 quibus
2004 2319 2107 2371 hoc

532 2422 858 2477 sacrificium
886 2418 1279 2488 redemptionis
1307 2426 1526 2480 nostra},
1546 2425 1648 2470 tua:
1671 2413 1952 2469 offerimus
1987 2429 2104 2465 ma—

525 2513 732 2579 jestati,
761 2511 827 2565 ad
852 2504 1019 2565 beatae
1044 2507 1454 2563 resurrectionis
1475 2507 1709 2577 quietem
1739 2515 1787 2559 te
1816 2506 2137 2559 miserante'

533 2620 653 2657 cum
690 2604 891 2658 sanctis
925 2600 1028 2654 tuis
1056 2598 1337 2667 pervenire
1371 2606 1701 2651 mercantur.
1732 2595 1839 2650 Per
1860 2594 2107 2650 eunidem

531 2693 809 2747 Christum
843 2690 1128 2744 Dominum
1167 2697 1435 2741 nostrum.
1461 2684 1568 2739 Per
1597 2699 1780 2753 quem.

600 2785 720 2837 Ali;
744 2781 1005 2853 praefatio.
1032 2779 1260 2848 Dignum
1290 2789 1345 2832 et
1366 2777 1571 2847 justum
1624 2783 1730 2840 est,
1781 2773 1994 2843 zequtim
2047 2783 2111 2825 et

532 2874 789 2928 salutare.
818 2872 917 2939 Qui
943 2886 1002 2925 es
1031 2869 1151 2923 lous
1181 2870 1326 2931 vine,
1353 2867 1504 2935 origo
1533 2864 1776 2928 luminis,
1810 2871 1865 2918 et
1918 2866 2110 2917 anetor

535 2967 699 3021 totius
726 2964 1002 3028 bonitatis,
1035 2960 1188 3028 cujus
1214 2957 1606 3029 oumipotentia
1638 2955 1973 3026 deprecanda
2003 2965 2110 3021 est,

535 3062 907 3118 misericordia
938 3057 1235 3120 adoranda,
1254 3056 1425 3127 [uetas
1451 3053 1846 3124 amplectenda,
1866 3048 2114 3120 majesta-

529 3166 641 3225 tem
675 3164 821 3209 tuam
844 3151 1034 3207 lmmili
1086 3159 1176 3204 tuo
1213 3163 1393 3211 servo,
1442 3156 1498 3202 et
1544 3145 1827 3201 animabus
1869 3144 2110 3200 omnium

2205 1944 2455 1998 cordibus
2483 1941 2697 1997 vestris.

2275 2017 2579 2105 Antequam,
2616 2034 2839 2102 accipiat
2870 2047 3058 2100 corpus
3102 2039 3149 2083 et
3198 2027 3556 2096 sanguinem,
3600 2026 3765 2077 inclina
3822 2012 3846 2017 ”

2205 2145 2259 2182 se
2288 2124 2536 2181 sacerdos
2558 2126 2680 2178 mite
2707 2122 2897 2188 altare,
2928 2130 2976 2174 et
3020 2118 3459 2189 lacrymal-iliter
3503 2118 3641 2169 dicat
3666 2116 3765 2165 ita:

2208 2220 2495 2273 orationem
2524 2237 2542 2274 :
2575 2216 2800 2271 Domine
2828 2225 3016 2268 sancte
3046 2209 3611 2278 Pater,omnipotens
3646 2205 3765 2265 Deus,

2208 2311 2272 2364 da
2296 2308 2425 2363 mihi
2451 2310 2553 2362 hoc
2574 2321 2772 2376 corpus
2795 2314 2850 2359 et
2877 2303 3201 2373 sanguinem
3225 2298 3457 2353 Domini
3486 2298 3651 2351 nostri
3676 2294 3766 2349 ba

2208 2400 2412 2454 Christi
2441 2400 2515 2453 ita
2545 2412 2782 2463 sumere,
2810 2407 2869 2450 ut
2900 2409 3113 2449 merear
3140 2404 3240 2461 per
3266 2391 3381 2445 hoc
3438 2388 3770 2443 remigium

2210 2499 2561 2560 peccatorum
2594 2489 2866 2559 accipere,
2904 2496 2959 2540 et
2995 2494 3086 2539 tuo
3110 2491 3315 2537 sancto
3340 2480 3561 2552 Spiritu
3596 2478 3768 2549 rapito.
3844 2486 3846 2555 ξ

2209 2583 2334 2653 quia
2364 2593 2416 2636 tu
2447 2596 2506 2636 es
2559 2582 2721 2646 Deus,
2751 2588 2806 2634 et
2833 2588 3030 2648 praeter
3064 2586 3120 2629 te
3162 2589 3275 2629 non
3306 2582 3397 2628 est
3453 2574 3616 2637 alius,
3656 2572 3769 2635 ain

2209 2672 2502 2743 gloriosum
2551 2686 2747 2726 nomen
2795 2676 3078 2740 permanet
3134 2666 3189 2720 in
3225 2663 3441 2718 saeuis
3469 2661 3769 2717 saeuior-5.

2209 2765 2403 2818 Amen.
2732 2784 2733 2787 η

2280 2854 2401 2908 Alia
2434 2853 2623 2909 oratio.
2648 2852 2877 2907 Domine
2928 2850 3055 2906 Jesu
3113 2849 3371 2916 Christe,
3403 2848 3513 2904 Fili
3551 2847 3641 2902 Dei
3672 2846 3769 2899 viri.

2210 2956 2398 3015 pastor
2419 2946 2576 3012 bone,
2602 2943 2990 3015 gloriosissime
3042 2942 3303 2998 conditor
3343 2941 3560 3005 inundi,
3600 2940 3681 3009 qui
3723 2955 3767 2989 cs
3844 2948 3846 3015 ς

2211 3038 2494 3093 voluntate
2521 3036 2720 3103 Patris,
2786 3044 3111 3105 cooperante
3159 3032 3379 3104 Spiritu
3447 3042 3661 3095 sancto,
3702 3045 3765 3098 pd

2218 3139 2445 3185 mortem
2491 3138 2637 3183 tuam
2673 3125 2960 3183 viviﬁcasti
3023 3123 3314 3191 mundum,
3373 3122 3550 3178 libera
3588 3135 3664 3174 me
3704 3136 3769 3177 να

538 3191 641 3209 η...
1087 3191 1175 3204 ...ν
1213 3191 1393 3211 ww,
1443 3191 1498 3202 ν-
1544 3191 1826 3201 -......_.,-_

538 3236 1622 3308 tideliumChristianorum,iuterccdente
1644 3191 2186 3303 heatactgloriosaC
2222 3226 2325 3280 hnc
2382 3231 2789 3278 sacrosallcwm
2841 3233 3038 3289 corpus
3087 3227 3143 3272 ει
3206 3217 3541 3288 sanguinem
3587 3224 3713 3268 ἰαῦ
3748 3230 3769 3265 ι

536 3339 628 3394 Dei
659 3338 922 3409 genitrice
954 3336 1122 3390 Maria
1155 3350 1279 3389 eum
1329 3326 1585 3388 omnibus
1610 3330 1815 3386 sanctis
1863 3330 1984 3394 tuis,
2030 3344 2118 3384 re—

538 3432 849 3486 missionem
880 3429 1123 3484 onmium
1157 3424 1360 3481 tribuas
1392 3422 1759 3496 peccatorum,
1781 3433 1835 3479 et
1861 3424 1926 3478 ad
1952 3422 2117 3477 vitam

537 3524 799 3591 perducas
825 3519 1055 3575 feliciter
1105 3516 1517 3588 sempiternam.
1565 3514 1668 3571 Per
1702 3515 1975 3570 Christum
2010 3513 2118 3568 Do-

537 3615 743 3667 mimun
768 3622 1035 3667 nostrum.
1067 3609 1170 3663 Per
1191 3624 1373 3678 quem.

523 3764 529 3771 ‘
611 3703 902 3771 Antequam
928 3703 1067 3754 dicat
1096 3698 1171 3754 Te
1199 3699 1381 3768 igitur,
1417 3699 1560 3753 dicat
1592 3712 1610 3751 :
1639 3698 1826 3769 Aperi,
1868 3697 2117 3758 Domine,

541 3808 603 3845 os
633 3808 810 3846 meum
841 3792 905 3845 ad
935 3791 1360 3845 benedicemltmi
1390 3805 1587 3844 nomen
1642 3787 1790 3843 tuum
1843 3797 2119 3851 sanctum,

546 3882 856 3949 mundaque
881 3897 975 3935 cor
999 3896 1177 3934 meum
1207 3882 1273 3935 ab
1300 3879 1554 3935 omnibus
1578 3879 1746 3934 variis
1777 3889 1830 3934 et
1857 3876 2124 3948 nequissi-

546 3974 648 4027 mis
675 3971 1115 4040 cogitationibus,
1166 3980 1226 4023 ut
1271 3970 1515 4024 exaudiri
1567 3985 1777 4024 merear
1823 3970 2121 4040 deprecans

547 4082 642 4135 pro
667 4063 863 4133 populo
886 4072 996 4125 tuo,
1029 4060 1188 4130 quem
1216 4060 1424 4129 elegisti
1445 4061 1563 4125 tibi,
1585 4070 1879 4130 praestante
1896 4060 2122 4115 Domino

544 4167 733 4211 nostro
754 4154 881 4209 Jesu
906 4154 1142 4208 Christo.
1160 4152 1261 4219 Qui
1289 4168 1409 4207 cum
1442 4151 1623 4205 Patre.

615 4247 692 4301 'l‘e
726 4246 909 4318 igitur,
939 4255 984 4298 et
1010 4255 1196 4297 ca'tera
1229 4240 1393 4314 hujus
1443 4241 1719 4305 orationis,
1743 4251 1798 4294 ut
1844 4242 1907 4293 in
1948 4241 2117 4295 editis.

549 4337 649 4393 llic
700 4339 846 4392 debet
898 4336 1141 4390 sacerdos
1192 4334 1464 4388 recordari
1493 4333 1703 4385 nomina
1733 4333 1983 4386 virorum.
2017 4332 2122 4386 Me-

547 4440 745 4493 mento,
763 4428 1007 4494 Domine,
1028 4437 1134 4481 etc.
1154 4441 1313 4496 usqne
1340 4424 1408 4477 ad
1436 4424 1629 4477 Libera
1660 4438 1776 4488 nos,
1795 4439 2121 4492 quazsumus,

2221 3314 2434 3370 cunctis
2497 3311 2899 3383 iniquitatibus,
2940 3318 2996 3364 et
3024 3308 3299 3363 universis
3350 3308 3517 3362 malis
3554 3308 3703 3371 meis,
3733 3320 3773 3357 ct

2222 3406 2305 3462 fac
2328 3422 2414 3462 me
2442 3407 2548 3461 tuis
2583 3405 2787 3460 sanctis
2811 3401 3033 3458 obedire
3065 3400 3367 3464 mandatis,
3398 3407 3463 3454 et
3491 3414 3525 3453 ι
3575 3408 3625 3453 te
3664 3414 3771 3451 ass-

2220 3512 2382 3567 quam
2412 3497 2465 3549 in
2498 3503 2811 3565 perpetuum
2840 3490 3126 3563 permittas
3143 3490 3421 3558 separari,
3458 3499 3517 3544 et
3544 3490 3771 3559 perceptis

2232 3590 2304 3643 tui
2360 3587 2604 3655 corporis
2654 3594 2710 3639 et
2758 3581 3059 3651 sanguinis,
3113 3595 3237 3650 qua:
3290 3580 3557 3651 indignus
3603 3593 3773 3634 sum:

2225 3695 2516 3752 priesumo,
2541 3677 2794 3732 nonmihi
2822 3676 3005 3730 veniat
3028 3675 3080 3730 in
3104 3673 3379 3744 judicium
3409 3683 3470 3727 et
3495 3672 3771 3727 condas:-

2225 3772 2544 3837 tionem,sed
2568 3780 2775 3841 protua
2796 3768 2995 3839 pietate
3016 3768 3187 3835 prosit
3209 3765 3436 3821 mihiad
3461 3774 3765 3818 unum
3844 3816 3846 3819 .

2224 3865 2419 3919 tuentis
2445 3873 2501 3919 et
2524 3862 2772 3933 corporis
2798 3876 2897 3929 per
2941 3870 3014 3925 te,
3068 3857 3198 3913 Jesu
3253 3859 3514 3923 Christe,
3558 3861 3643 3927 qui
3678 3874 3767 3911 cm

2224 3955 2387 4009 Patre
2420 3967 2469 4009 ct
2484 3954 2687 4023 Spiritu
2712 3961 2903 4007 sancto
2927 3951 3065 4005 vivis
3089 3959 3145 4004 et
3174 3964 3379 4019 regnas
3408 3950 3467 4003 in
3495 3950 3675 4004 mh
3693 3964 3767 4001 sr~

2223 4048 2486 4102 eulorum.
2510 4048 2701 4100 Amen.

2299 4139 2442 4193 Tunc
2469 4139 2713 4193 sacerdos
2740 4138 2881 4192 dicat
2918 4137 3084 4191 tribus
3122 4138 3325 4192 vicibus
3355 4154 3375 4191 :
3407 4138 3646 4201 Domine,
3690 4148 3765 4188 nec
3844 4137 3846 4199 ἓ

2214 4247 2342 4287 sum
2366 4232 2579 4301 dignius
2607 4239 2666 4284 ut
2694 4230 2865 4284 intres
2891 4228 2992 4283 sub
3040 4237 3244 4284 tectum
3270 4245 3484 4285 meum.
3844 4246 3846 4297 ε

2299 4324 2491 4378 Postea
2518 4323 2658 4376 dicat
2694 4322 2858 4375 tribus
2882 4320 3079 4375 vicibus
3106 4339 3125 4377 :
3148 4319 3365 4391 Corpus
3388 4323 3597 4377 Domini
3638 4330 3763 4376 nostri
3844 4346 3846 4395 ε

2226 4416 2355 4471 δοευ
2376 4414 2576 4469 Christi
2600 4422 2886 4469 conservet
2914 4413 3150 4467 animam
3173 4429 3352 4468 meum
3375 4416 3433 4469 in
3468 4415 3628 4468 vitam
3649 4423 3763 4465 rem

548 4523 792 4576 Domine.
853 4520 920 4573 In
970 4519 1409 4572 communicantes
1462 4515 1676 4568 additur
1718 4527 1830 4584 post
1879 4515 2121 4568 Damiani
2161 4529 2202 4584 ι)
2233 4522 2376 4559 nam.
2404 4508 2600 4558 Amen.

520 4631 731 4687 eminet:
760 4612 942 4675 Blasii,
983 4618 1030 4664 et
1074 4609 1127 4663 in
1151 4608 1319 4661 Nobis
1349 4622 1565 4678 quoque
1588 4606 1981 4675 peccatoribus,
2010 4615 2122 4674 post

545 4704 831 4759 Anastasia
863 4702 1081 4755 additur
1105 4697 1464 4754 Scliolastica.

616 4791 810 4845 Libera
843 4806 962 4853 nos,
983 4803 1311 4857 qumsumus,
1337 4784 1579 4851 Domine“,
1598 4786 1665 4839 ab
1691 4782 1942 4837 omnibus
1970 4783 2125 4838 malis

546 4880 858 4953 praeteritis,
882 4878 1238 4948 praesentibus
1269 4886 1321 4931 et
1352 4874 1566 4939 futuris,
1593 4885 1647 4928 et
1668 4874 2126 4930 intercedentibus

547 4989 644 5042 pro
669 4971 824 5027 nobis
844 4970 1000 5024 beata
1027 4978 1080 5023 et
1101 4968 1330 5035 gloriosa
1348 4979 1667 5036 semperque
1695 4965 1908 5033 Virgine
1934 4963 2122 5029 Maria,

546 5073 603 5115 et
626 5061 815 5116 electis
843 5057 1185 5129 archangelis
1244 5057 1349 5109 tuis
1392 5054 1679 5119 Michaelc,
1712 5054 1982 5117 Gabriele,
2018 5052 2126 5106 lia-

548 5153 756 5222 phaele,
787 5152 1057 5220 beateque
1080 5148 1285 5203 Joanne
1312 5148 1575 5216 Baptista,
1600 5157 1651 5202 et
1682 5145 2128 5216 heatisapostolis
2197 5160 2205 5165 '

2198 5260 2205 5269 ο
2233 5249 2402 5303 tuum,
2436 5239 2679 5304 Domine,
2715 5235 2858 5308 quod
2884 5236 3113 5303 sumpsi,
3152 5244 3209 5289 et
3231 5235 3397 5301 calix,
3427 5251 3585 5303 quem
3612 5247 3767 5305 pater.

551 5244 657 5297 tuis
682 5242 842 5297 Petro
871 5248 926 5295 et
957 5241 1143 5303 Paulo,
1168 5250 1332 5309 atque
1359 5238 1596 5303 Andrea,
1625 5250 1677 5292 et
1707 5237 1913 5293 Joanne
1934 5282 1948 5306 ,
1999 5254 2126 5293 san-

550 5342 747 5403 ctoque
781 5332 1111 5405 Apollinare,
1142 5342 1195 5387 et
1232 5331 1545 5396 Laurentio,
1574 5339 1627 5384 et
1656 5330 1949 5385 Benedicto
2005 5347 2128 5385 cum

552 5426 804 5479 omnibus
830 5426 1032 5481 sanctis
1061 5425 1200 5479 tuis:
1237 5421 1339 5476 llic
1364 5423 1539 5492 signat
1574 5438 1627 5475 se
1654 5438 1770 5475 cum
1797 5433 1987 5491 pateua
2013 5436 2031 5474 :
2063 5422 2127 5475 da

551 5518 816 5589 propitius
844 5531 1027 5585 pacem
1056 5518 1106 5570 in
1133 5515 1319 5570 diebus
1342 5514 1560 5577 nostris;
1604 5524 1662 5567 ut
1695 5529 1795 5582 ope
1831 5510 2127 5567 misericor-

551 5608 655 5662 ἀίω
686 5617 788 5660 tum
818 5602 984 5672 adjuti
1007 5614 1059 5657 et
1084 5620 1113 5657 a
1140 5612 1362 5672 peccato
1393 5601 1564 5655 simus
1593 5616 1807 5670 semper
1838 5600 2012 5666 liberi,
2073 5610 2128 5654 ct

554 5700 621 5754 ab
649 5696 794 5753 omni
826 5693 1226 5767 perturbatione
1254 5691 1556 5746 securi.l’er
1578 5692 1860 5746 Dominum
1884 5699 2125 5745 nostrum

553 5792 879 5858 Jcsum,ctc.
909 5788 1015 5841 Per
1043 5786 1221 5839 munia
1250 5783 1441 5835 saecula
1473 5783 1808 5838 sa‘culnrtnn.
1842 5784 1894 5852 ιξι.
1929 5785 2120 5836 Amen.

2302 4597 2427 4651 Post
2451 4605 2718 4665 acceptum
2758 4613 2946 4665 corpus
2970 4607 3015 4650 ct
3038 4596 3375 4666 sanguinem,
3402 4597 3478 4648 ad
3500 4596 3765 4665 perfurit

2228 4693 2352 4743 dum
2379 4691 2522 4744 dicat
2552 4688 2688 4742 hanc
2728 4688 3022 4742 orationem
3054 4701 3072 4739 :
3107 4687 3551 4744 Communicatio
3585 4698 3638 4743 ct
3674 4704 3747 4739 ac

2230 4781 2463 4836 iinnatio
2496 4780 2741 4849 corporis
2800 4788 2857 4835 et
2908 4780 3188 4851 sanguinis
3253 4781 3357 4845 tui,
3417 4780 3641 4835 Domine
3678 4777 3755 4830 Ls

2228 4872 2463 4937 Christe,
2489 4874 2665 4942 prosit
2701 4872 2833 4927 mihi
2864 4873 2917 4927 in
2944 4873 3322 4926 remissionem
3354 4874 3597 4926 omnim
3622 4884 3765 4941 pter:-

2231 4972 2409 5016 torum
2436 4976 2706 5026 meorum,
2730 4971 2786 5015 et
2821 4970 3104 5017 conservet
3143 4976 3229 5014 me
3257 4970 3313 5014 et
3342 4962 3600 5030 perducat
3636 4960 3691 5011 ad
3724 4974 3767 5003 ι.-

2230 5064 2340 5109 tam
2376 5063 2657 5109 aeternam.
2680 5056 2874 5107 Amen.

2300 5148 2380 5200 Ad
2410 5145 2767 5217 replicandum
2804 5143 3074 5212 corporale
3119 5153 3164 5197 et
3189 5145 3564 5211 reponendum.
3611 5143 3769 5209 Corp:

2231 5331 2544 5384 adhaereant
2596 5344 2811 5397 semper
2861 5327 3159 5382 visceribus
3210 5328 3373 5393 meis,
3414 5339 3475 5381 ut
3504 5328 3554 5380 in
3584 5342 3665 5380 me
3698 5342 3767 5377 am

2231 5430 2511 5475 remaneat
2550 5419 2654 5473 ulla
2680 5419 2914 5485 macula,
2938 5418 2991 5473 it)
3017 5432 3179 5486 quem
3209 5432 3345 5486 pura
3392 5427 3450 5471 et
3500 5425 3673 5471 sancta
3716 5414 3769 5465 is-

2233 5512 2498 5565 troierunt
2520 5522 2883 5565 sacramenta.

2302 5601 2484 5655 Finita
2515 5602 2674 5655 missa
2706 5602 2850 5676 .dicit
2881 5600 3311 5656 sacerdos'istam
3346 5602 3659 5655 orationem:
3682 5596 3745 5650 P1:

2231 5703 2349 5747 ccat
2374 5693 2488 5758 tibi,
2517 5703 2703 5746 sancta
2734 5692 2776 5746 Τ
2784 5693 2988 5753 rinitas,
3009 5695 3331 5763 obsequium
3362 5692 3629 5746 servitutis
3650 5703 3757 5741 eiet.

2231 5782 2373 5852 quod
2418 5782 2588 5837 oculis
2621 5792 2725 5838 tuzc
2755 5782 3051 5852 maiestatis
3088 5786 3340 5857 indiguus
3370 5784 3537 5841 obtuli
3568 5797 3582 5831 τ
3608 5782 3667 5835 sit
3694 5784 3739 5828 txl
