3846 6324
55 405 185 462 937

932 413 1271 473 EXCERPT.
1303 413 1397 474 EX
1424 420 1622 475 CODD.
1668 415 1948 478 'LlTL'llG.
1983 424 2510 486 FONTAVEUAN.

3249 445 3349 504 958

60 519 327 589 placens,
351 522 591 593 mihique
620 534 671 580 et
699 530 952 586 omnibus
979 549 1078 602 pro
1099 535 1296 604 quibus
1318 535 1445 591 illud
1470 537 1661 604 obtuli,
1695 545 1739 600 Α
1771 539 1974 592 minum
1998 550 2048 594 et
2076 543 2489 609 conlit‘mamiui,
2509 549 2731 615 quaerite
2760 549 2949 606 faciem
2965 568 3080 623 ejus
3105 572 3338 626 semper.

58 611 149 663 sit
175 622 229 664 te
257 613 550 669 miserante
577 619 936 686 propitiabile.

145 699 337 754 Finita
394 707 554 760 missa
597 709 719 762 dicit
769 713 1012 767 sacerdos

54 793 417 851 cessionibus
454 797 678 854 istorum
733 804 1055 861 misereatur
1104 809 1274 862 nostri
1321 811 1665 880 omnipotens

55 883 244 939 Deus.

139 975 283 1030 Cum
314 981 454 1034 exuit
483 998 535 1036 se
564 986 838 1053 sacerdos,
865 987 1008 1041 dicat
1059 990 1151 1042 hos
1181 991 1408 1060 psalmos
1441 1006 1459 1043 :
1490 992 1662 1049 Bene-

53 1066 268 1133 dicite,
309 1074 620 1130 sacerdotes
660 1076 894 1144 Domini,
947 1082 1252 1136 Dominum.
1285 1084 1522 1141 Laudato
1556 1089 1660 1142 Do-

54 1159 283 1212 minmn
308 1162 367 1216 in
392 1167 591 1220 sanctis
607 1167 746 1238 ejus.
775 1170 936 1241 Kyrie
963 1171 1188 1239 eleison,
1216 1176 1447 1242 Christe,
1476 1179 1657 1249 Kyrie.

49 1251 244 1307 Pater
274 1266 475 1312 noster.
517 1259 586 1314 Et
635 1278 703 1317 ne
747 1280 864 1319 nos.
920 1265 1242 1335 Capitulum.
1289 1269 1663 1326 Conliteantur

51 1344 202 1410 tibi,
230 1348 472 1413 Domine,
502 1351 683 1404 omnia
711 1368 873 1422 opera
908 1364 1017 1408 tua.
1045 1355 1109 1408 Et
1140 1359 1310 1412 sancti
1343 1361 1415 1413 tui
1443 1361 1660 1416 benedi-

42 1450 204 1494 cant
234 1442 350 1496 tibi.
379 1443 738 1502 Exsultabunt
764 1451 937 1503 sancti
961 1451 1217 1519 ingloria.
1249 1453 1315 1507 Et
1340 1454 1662 1510 laztabuutur

43 1530 115 1584 in
151 1533 428 1589 cubilibus
459 1538 591 1592 suis.
627 1540 910 1596 Exsultent
935 1542 1063 1610 justi
1096 1542 1148 1596 in
1189 1557 1481 1612 conspectu
1538 1547 1653 1601 Dei.

45 1617 125 1673 Et
160 1620 417 1678 laetentur
447 1626 497 1679 iu
524 1628 741 1683 laetitia.
801 1629 1129 1684 Sacerdotes
1173 1634 1268 1698 tui,
1301 1634 1546 1700 Domine,
1577 1636 1658 1688 iu-

48 1712 616 1784 duanturjustitiam.
649 1721 715 1776 Et
747 1725 918 1778 sancti
951 1725 1023 1778 tui
1061 1726 1356 1780 exsultent.
1408 1727 1653 1794 Domine,

35 1809 291 1862 exaudi.
321 1809 386 1864 Et
417 1811 644 1867 clamor.
686 1814 946 1870 Dominus
971 1819 1272 1871 vobiscum.
1302 1817 1367 1871 Et
1393 1835 1513 1892 cum
1540 1821 1653 1887 spi-

44 1902 199 1954 ritu.

129 1989 345 2044 Oratio.
377 1991 536 2056 Deus,
591 1994 683 2063 qui
720 1994 890 2048 tribus
949 1997 1133 2065 pueris
1189 1997 1446 2066 mitigasti
1499 1996 1656 2050 ﬂant-

41 2098 184 2136 mas
209 2083 434 2154 ignium,
472 2086 708 2139 concede
732 2087 998 2156 propitius
1048 2103 1145 2157 per
1195 2089 1555 2142 interventum
1601 2097 1654 2141 et

43 2175 262 2228 merita
292 2177 531 2229 onmium
563 2188 871 2232 sanctorum
902 2187 1146 2244 tuorum,
1181 2189 1239 2234 ut
1289 2195 1387 2234 nos
1420 2179 1651 2233 famulos

44 2276 187 2320 tuos
216 2281 324 2320 non
356 2277 550 2320 exurat
584 2268 801 2322 ﬂamma
829 2271 1102 2324 vitiorum.
1135 2271 1258 2324 Per.

41 2394 212 2434 IIISSA
240 2395 294 2434 IN
324 2395 575 2457 BONOREI
597 2397 814 2437 SANCTE
870 2400 1183 2440 TRIXITATIS
1231 2401 1320 2439 DIE
1369 2400 1645 2440 DOMINICO.

118 2492 422 2547 Benedicta
455 2493 697 2558 sit,etc.,
729 2505 782 2548 ut
805 2497 860 2549 in
891 2498 1062 2550 editis.
1091 2495 1242 2551 Psal.
1256 2497 1647 2554 Benedieamus

40 2583 282 2637 Patrem
305 2593 360 2637 et
392 2584 588 2640 Filium
615 2601 738 2640 cum
765 2597 954 2642 sancto
1001 2587 1228 2659 Spiritu.
1264 2588 1470 2643 Oratio.
1521 2587 1647 2643 Om-

40 2675 313 2744 nipotens
339 2676 667 2745 sempiterno
699 2678 865 2744 Deus,
888 2688 994 2734 etc.
1013 2677 1297 2734 Graduale.
1322 2679 1646 2735 Benedictus

31 2778 137 2828 es,
169 2763 419 2828 Domine,
451 2767 546 2836 qui
595 2768 822 2825 intueris
869 2770 1130 2840 abyssos,
1179 2779 1235 2824 et
1281 2770 1437 2826 sedes
1483 2787 1646 2840 Super

36 2853 370 2909 Cherubim.
389 2853 697 2911 Benedicite
721 2857 885 2912 Deum
913 2859 1034 2912 coeli
1054 2859 1338 2926 cmlorum,
1363 2862 1490 2931 quia
1515 2863 1644 2918 fecit

33 2947 338 3001 nobiscum
369 2947 798 3002 misericordiam
831 2965 1005 3004 suam.
1032 2949 1286 3005 Alleluia.
1317 2951 1643 3009 Benedictus

31 3053 129 3102 es,
160 3038 391 3093 Domine
416 3037 556 3093 Deus
594 3049 808 3109 patrum
839 3041 1176 3108 nostrorum,
1200 3051 1254 3098 et
1280 3043 1563 3100 laudabilis
1589 3046 1639 3100 iu

35 3129 276 3184 saecula.

113 3220 420 3289 Sequentia
446 3222 618 3276 sancti
657 3221 930 3295 Evangelii
955 3225 1247 3278 secundum
1276 3223 1557 3280 Joannem.
1578 3227 1630 3280 ln
1664 3246 1705 3304 ς

31 3311 138 3366 illo
165 3319 410 3382 tempore
443 3312 580 3367 dixit
629 3311 808 3368 Jesus.
853 3316 988 3370 Cum
1037 3318 1248 3370 venerit
1296 3316 1629 3382 Paracletus,

31 3417 213 3469 usque
263 3417 365 3471 ego
421 3404 531 3457 dixi
588 3406 762 3460 vobis.
806 3407 1180 3476 Uﬂ’ertoriuui,
1241 3411 1536 3464 communio
1581 3418 1638 3464 et

27 3493 464 3558 postcommunio
504 3504 558 3548 ut
593 3497 646 3548 in
675 3498 848 3550 editis.

109 3582 240 3636 Alia
268 3586 454 3638 oratio.
498 3587 724 3642 Domine
749 3589 910 3652 Deus,
934 3587 1098 3643 Pater
1139 3590 1502 3659 omnipotens,
1537 3606 1634 3646 nos

25 3676 284 3731 {annulus
324 3687 440 3732 tuos
473 3691 576 3733 tote
628 3679 895 3748 majestati
942 3681 1212 3752 subjectos
1272 3698 1368 3752 per
1413 3686 1630 3740 unicum

20 3768 246 3821 Filium
284 3778 429 3823 tuum
456 3771 509 3824 in
545 3771 744 3827 virtute
772 3774 947 3828 sancti
980 3776 1214 3845 Spiritus
1243 3777 1467 3832 benedic
1495 3793 1633 3832 sem-

23 3870 146 3930 p‘el’
177 3870 237 3914 et
264 3872 504 3931 protege,
535 3873 595 3918 ut
618 3865 688 3918 ab
714 3867 864 3920 omni
894 3869 1051 3922 hoste
1082 3871 1260 3924 securi
1296 3871 1349 3924 in
1397 3881 1486 3925 tua
1543 3873 1628 3942 ju-

17 3953 185 4022 giter
214 3952 371 4007 laude
399 3952 662 4009 lattemur.
695 3955 798 4010 Per
822 3960 1098 4013 eumdem.

109 4101 267 4139 MISSA
312 4102 482 4140 FERUE
508 4101 754 4142 SECUNDE
785 4105 836 4142 LV
876 4106 1189 4148 SANCTORUM
1233 4109 1550 4150 ANGELORUM

715 4175 943 4215 HONOBE.

107 4271 415 4327 Benedicite
446 4274 756 4343 Dominum,
785 4285 890 4330 etc.
929 4275 1132 4331 Oratio.
1166 4276 1493 4348 Perpetuam
1529 4300 1621 4339 no-

15 4365 143 4426 bis,
198 4364 438 4431 Domine,
476 4377 578 4421 tua:
639 4369 1004 4423 miserationis
1046 4380 1240 4438 przesta
1297 4373 1617 4440 subsidium,

11 4457 239 4527 quibus
267 4467 321 4510 ct
346 4460 590 4528 angelica
622 4463 916 4528 praestitisti
970 4459 1224 4531 sullragia
1257 4480 1360 4518 non
1410 4467 1614 4523 deesse.

18 4548 163 4601 Per.
199 4545 380 4602 Lectio
417 4549 536 4603 libri
575 4552 929 4621 Apocalypsis
977 4550 1204 4608 Joannis
1253 4558 1502 4626 apostoli.
1556 4560 1612 4614 lu

15 4637 230 4692 diebus
257 4637 362 4692 illis
395 4639 531 4694 dixit
561 4641 692 4695 mihi
736 4643 998 4712 angelus:
1050 4642 1240 4698 Scribe
1275 4647 1440 4711 beati,
1475 4659 1610 4718 etc.,

15 4745 197 4797 usque
237 4729 401 4782 Deum
430 4732 614 4785 adora.
646 4732 931 4788 Cratluale.
969 4736 1279 4792 Benedicite
1307 4741 1610 4810 Dominum,

13 4835 224 4874 omnes
258 4821 430 4890 angeli
456 4822 590 4890 ejus,
623 4834 870 4892 potentes
908 4828 1125 4894 virtute,
1157 4832 1248 4900 qui
1282 4831 1459 4889 l‘acitis
1491 4851 1610 4890 ver-

15 4914 156 4965 bum
193 4911 330 4978 ejus.
359 4911 609 4980 Benedic,
645 4917 823 4970 anima
860 4933 977 4971 mea
1009 4960 1023 4982 ,
1062 4921 1309 4988 Domino,
1344 4936 1396 4980 et
1431 4931 1612 4984 omnia

15 5003 292 5060 interiora
314 5019 427 5058 mea
451 5015 695 5060 sanctum
725 5024 920 5065 nomen
950 5010 1089 5079 ejus.
1108 5013 1352 5072 Alleluia.
1372 5018 1610 5076 Laudato

19 5098 340 5161 Dominum,
367 5114 553 5153 omnes
581 5101 752 5171 angeli
782 5103 919 5171 ejus,
956 5105 1169 5160 laudate
1219 5124 1341 5163 eum
1361 5150 1375 5176 ,
1421 5128 1610 5169 omnes

12 5190 256 5241 virtutes
285 5186 421 5256 ejus.
455 5188 748 5259 Sequentia
804 5194 974 5247 sancti
1011 5194 1285 5268 Evangelii
1311 5205 1606 5258 secundum

7 5280 306 5335 Joannem.
347 5279 404 5334 in
439 5281 530 5335 illo
557 5291 796 5354 tempore
830 5288 1072 5341 ascendit
1124 5290 1384 5346 Dominus
1413 5293 1606 5351 lliero-

11 5373 308 5443 solymam,
340 5389 500 5444 usque
527 5376 871 5433 detinebatur
901 5379 1603 5456 inlirmitate.0ﬁ‘ertorium,

7 5475 57 5517 et
87 5473 297 5518 secreta
324 5473 382 5518 ut
405 5464 456 5518 in
479 5465 658 5520 editis.
687 5467 1012 5522 Communia.
1041 5469 1372 5542 Benedicite,
1414 5491 1604 5534 omnes

8 5554 195 5626 angeli
230 5554 465 5619 Domini,
499 5557 805 5622 Dominum,
834 5559 1093 5630 hymnum
1146 5563 1310 5620 dicite
1339 5574 1390 5621 et
1421 5584 1604 5638 super-

5 5648 254 5702 cxaltate
281 5659 402 5700 eum
434 5648 484 5700 in
518 5649 731 5703 saacula.
758 5650 1211 5721 Pastcommunio,
1237 5665 1296 5711 ut
1327 5659 1378 5712 in
1419 5661 1596 5716 editis.

515 5776 662 5817 ιιεελ
708 5779 773 5817 DE
804 5779 984 5820 SAPIEN
992 5783 1102 5822 Τ-ΙΑ.

71 5854 324 5908 laetetur
361 5867 457 5907 cor
495 5840 855 5924 quaerentium
884 5857 1195 5927 Dominum,
1227 5864 1452 5931 quzerite
1497 5867 1598 5922 Do-

308 5945 583 6006 Ριτιιοι..
599 5947 776 6028 __CL1.

1048 719 1074 768 ἐ
1126 714 1334 771 Meritis
1395 728 1448 772 et
1501 719 1666 772 inter-

1778 627 1922 683 Psul.
1963 632 2302 689 Conlitemini
2340 637 2565 692 Domino
2587 649 2640 694 et
2671 640 2934 698 invocate.
2965 645 3168 702 Oratio.
3205 651 3346 707 Deus

1776 721 1866 790 qui
1896 737 1994 790 per
2032 724 2360 780 coasternani
2407 730 2499 784 tibi
2522 734 2861 802 sapientiam,
2892 737 3185 806 hominem,
3223 758 3346 799 cum

1768 830 1872 868 non
1903 826 2077 882 esset,
2123 820 2418 875 condidisti
2475 826 2856 898 perditumque
2916 831 3347 891 misericorditer

1773 903 2107 972 reformasti,
2139 919 2354 977 praesta,
2410 927 2738 982 quaesumus,
2791 926 2849 970 ut
2891 920 3078 976 eadem
3127 935 3346 994 pectora

1766 1005 1950 1050 nostra
1982 997 2280 1067 inspirante
2333 1010 2383 1055 te
2417 1011 2531 1057 tota
2572 1015 2752 1060 mente
2782 1022 3046 1076 amemus,
3091 1023 3144 1067 et
3183 1014 3250 1068 ad
3297 1025 3349 1068 te

1768 1094 1880 1140 toto
1921 1090 2083 1145 corde
2142 1108 2444 1150 curramus.
2481 1094 2603 1149 Per.
2666 1096 2853 1152 Leotio
2900 1102 3342 1170 cpistolazbeati

1761 1171 1946 1230 Jacobi
1998 1181 2245 1248 apostoli.
2303 1183 2644 1251 Charissimi,
2681 1188 2724 1241 si
2756 1189 2876 1256 quis
2919 1199 3152 1246 vestrum
3207 1195 3347 1248 indi-

1763 1277 1873 1337 get,
1905 1279 2038 1336 etc.,
2071 1289 2231 1343 usque
2263 1275 2313 1328 in
2333 1276 2638 1333 humilitate
2658 1296 2774 1334 sua.
2808 1279 3094 1346 Grudualc.
3119 1286 3345 1340 Domine

1763 1359 2021 1414 Dominus
2053 1374 2260 1430 noster,
2288 1382 2449 1435 qua-ni
2491 1371 2808 1427 admirabile
2850 1382 2934 1427 est
2964 1390 3157 1429 nomen
3191 1387 3340 1431 tuum

1765 1449 1817 1503 in
1858 1453 2111 1509 universa
2151 1466 2315 1512 terra.
2371 1460 2635 1525 Quoniam
2695 1466 2899 1521 elevata
2953 1478 3036 1523 est
3089 1473 3341 1542 magniﬁ-

1761 1545 1938 1598 centia
1985 1554 2074 1601 tua
2108 1564 2270 1618 super
2294 1553 2479 1616 cados,
2514 1553 2758 1610 Alleluia.
2806 1557 2984 1611 Lamia
3016 1560 3193 1615 animi
3227 1578 3343 1617 mea

1761 1634 2070 1705 Dominum,
2101 1639 2356 1696 Laudabo
2389 1645 2675 1701 Dominmn
2707 1650 2758 1702 in
2795 1652 2903 1705 vita
2945 1669 3082 1717 mea,
3116 1654 3340 1722 psallam

1762 1724 1870 1780 Deo
1905 1745 2046 1793 meo,
2087 1734 2324 1799 quandiu
2374 1749 2489 1789 ero.
2526 1735 2818 1805 Sequentia
2857 1742 3029 1795 sancti
3062 1743 3340 1816 Evangelii

1762 1821 2061 1873 secundum
2121 1822 2408 1879 Joannem.
2458 1827 2514 1880 In
2564 1828 2652 1883 illo
2710 1839 2972 1902 tempore.
3037 1833 3340 1891 Sublevatis

1685 1902 1730 1960 B
1761 1908 2021 1964 Dominus
2075 1911 2253 1978 Iesus,
2287 1925 2416 1984 etc,
2462 1935 2621 1989 usque
2670 1922 2739 1974 ad
2795 1921 2978 1978 desum
3034 1925 3334 1982 Christum.

1760 1999 2122 2067 O/jertorium.
2179 2003 2478 2060 Mcditabor
2511 2009 2563 2062 in
2605 2013 2874 2066 mandatis
2925 2014 3048 2079 tuis,
3092 2034 3212 2086 qua:
3262 2018 3338 2071 di-

1755 2088 1858 2143 lexi
1905 2090 2084 2154 nituis,
2134 2103 2187 2146 et
2219 2094 2406 2152 levabo
2441 2115 2635 2154 manus
2665 2117 2811 2156 meas
2843 2103 2908 2157 ad
2946 2107 3196 2160 mandata
3225 2116 3336 2173 tua,

1755 2197 1873 2248 qua:
1916 2181 2099 2236 dilexi.
2142 2183 2374 2242 Secreta.
2428 2189 2829 2260 Sanctiﬁcetur,
2875 2212 3202 2268 quaesumus,
3235 2200 3334 2256 Do-

1752 2273 1897 2328 mine
1925 2274 2086 2344 Deus,
2121 2279 2278 2349 hujus
2323 2283 2612 2339 oblationis
2655 2303 2848 2344 munus
2886 2300 2975 2345 tua
3011 2305 3336 2363 cooperante

1753 2366 2041 2434 sapientia,
2071 2380 2126 2422 ut
2157 2373 2248 2426 tibi
2285 2375 2498 2444 placere
2535 2383 2705 2448 possit
2737 2384 2802 2436 ad
2829 2384 3064 2453 laudem,
3095 2392 3334 2446 ettnobis

1751 2455 2012 2522 prolicere
2041 2461 2108 2514 ad
2138 2462 2393 2519 salutem.
2430 2466 2552 2523 l’er.
2582 2470 2912 2528 Communia.
2951 2475 3196 2546 Domine,
3224 2499 3332 2535 nte-

1749 2549 2004 2604 morabor
2027 2549 2257 2619 justiti-.1:
2289 2567 2393 2611 tua:
2429 2559 2619 2625 solius,
2664 2563 2806 2619 Deus
2838 2566 3063 2623 docuisti
3095 2587 3180 2626 me
3207 2573 3320 2641 aju-

1749 2651 1967 2698 venlute
1998 2661 2139 2708 mea,
2172 2657 2224 2700 et
2254 2665 2422 2719 usque
2451 2653 2502 2705 in
2537 2665 2808 2711 senectam
2832 2667 2884 2713 et
2905 2661 3137 2730 senium,
3169 2665 3327 2730 Deus,

1747 2747 1816 2786 ne
1854 2735 2198 2807 derelinquas
2247 2757 2350 2796 me.
2398 2743 2848 2804 Postcommuuio.
2904 2752 3128 2811 lnl‘unde
3185 2774 3330 2828 quae-

1747 2840 1952 2888 sumus.
2009 2827 2237 2887 Domine
2293 2833 2454 2900 Deus,
2489 2853 2584 2905 per
2639 2839 2752 2895 haec
2795 2857 3160 2913 sacramenta,
3212 2866 3329 2920 qua-

1745 2919 2093 2988 sumpsimus.
2138 2931 2241 2976 ture
2271 2924 2448 2979 lumen
2491 2930 2740 2987 cordibus
2773 2937 2975 2992 nostris
3019 2919 3322 3010 sapientim,

1745 3013 1804 3058 ut
1855 3015 1910 3060 et
1951 3016 2004 3062 te
2061 3011 2328 3067 veraciter
2377 3031 2759 3086 agnoscamus,
2795 3033 2849 3078 et
2894 3025 3125 3083 lideliter
3177 3047 3325 3087 amo--

1743 3108 1881 3150 mus.
1920 3096 2040 3151 Per.

2100 3209 2245 3248 MISSA
2293 3213 2356 3250 DE
2402 3214 2705 3255 CHARITATE
2743 3221 2898 3259 FEBIA
2931 3223 3014 3262 1V.

1809 3300 2060 3359 Charitas
2096 3305 2188 3360 Dei
2221 3308 2412 3386 dili'usa
2445 3321 2524 3372 est
2558 3313 2607 3366 iu
2643 3317 2899 3373 cordibus
2927 3323 3128 3376 nostris
3149 3366 3164 3390 ,
3196 3326 3299 3382 alle

1739 3391 1973 3463 luia,per
1989 3396 2378 3457 inhabitanten
2410 3404 2670 3474 Spiritum
2687 3408 2803 3479 ejus
2819 3411 2868 3464 in
2885 3414 3058 3477 nobis,
3081 3417 3322 3485 alleluia,

1739 3484 1980 3544 alleluia.
2014 3489 2238 3545 Domine
2295 3493 2438 3550 Deus
2469 3497 2655 3552 salutis
2703 3516 2856 3555 meae.
2893 3500 3098 3560 Oratio.
3158 3509 3320 3579 Deus,

1733 3576 1825 3644 qui
1858 3577 2201 3649 diligentibus
2236 3593 2287 3637 te
2325 3585 2463 3641 bona
2520 3589 2805 3646 invisibilia
2852 3601 3189 3670 praeparasti,
3238 3603 3307 3656 in-

1733 3666 1896 3722 funde
1927 3672 2187 3729 cordibus
2226 3678 2428 3732 nostris
2477 3681 2550 3734 tui
2592 3685 2794 3739 amoris
2829 3666 3105 3756 allectum,
3155 3704 3213 3747 ut
3268 3703 3318 3750 te

1733 3759 1786 3814 in
1835 3765 2089 3832 omnibus
2120 3775 2175 3821 et
2222 3784 2386 3838 super
2432 3773 2612 3826 omnia
2656 3777 2962 3848 diligentes,
3003 3786 3316 3850 promissio-

1730 3867 1828 3907 nes
1860 3863 1998 3920 tuas,
2037 3873 2157 3924 qua:
2207 3876 2367 3915 onme
2409 3864 2734 3922 desiderium
2788 3883 3082 3950 superant.,.
3122 3892 3310 3936 conse-

1731 3959 1980 4013 quamur.
2029 3949 2216 4006 Lectio
2280 3955 2520 4023 epistolae
2567 3959 2708 4014 beati
2768 3961 2914 4018 Pauli
2965 3949 3194 4036 apostoli
3242 3974 3312 4028 ad

1725 4035 2056 4105 Corinthios.
2085 4042 2326 4110 Fratres,
2358 4048 2594 4104 charitas
2629 4054 2841 4122 patiens
2869 4050 2969 4122 eet,
3003 4068 3312 4133 etc.,usque

1726 4144 1999 4199 nunquam
2039 4135 2260 4189 excidit.
2318 4136 2605 4196 Graduale.
2653 4143 2893 4203 Ltetatns
2946 4164 3064 4204 smn
3118 4153 3170 4206 in
3220 4155 3307 4214 his

1723 4233 1843 4285 qua:
1891 4220 2032 4276 dicta
2087 4236 2214 4280 sunt
2268 4229 2420 4294 mihi,
2475 4232 2525 4285 in
2563 4234 2781 4290 domum
2835 4238 3044 4295 Domini
3084 4242 3303 4312 ibimus.

1723 4305 1844 4362 Fiat
1873 4324 1976 4378 pax
2011 4313 2062 4366 in
2113 4317 2313 4372 virtute
2352 4328 2463 4382 tua,
2495 4330 2547 4374 et
2593 4324 2921 4382 abundantia
2949 4331 3018 4403 “in
3055 4308 3308 4392 .turribus

1725 4397 1850 4451 tuis.
1890 4400 2133 4458 Alleluia.
2164 4408 2456 4475 Attenditc,
2487 4414 2676 4482 pepule
2711 4432 2882 4492 meus,
2911 4397 3080 4492 legem
3103 4417 3303 4493 meam,

1724 4486 1979 4544 inclinate
2006 4507 2190 4548 aurem
2219 4506 2453 4551 vestram
2487 4501 2540 4553 in
2568 4504 2730 4557 verba
2759 4489 2870 4561 oris
2899 4511 3025 4564 mei.
3066 4512 3303 4584 Sequen-

1643 4578 1795 4661 Dtia
1855 4582 2025 4636 sancti
2081 4582 2356 4655 Evangelii
2412 4592 2706 4648 secundum
2758 4594 3042 4654 Joannem.
3095 4602 3165 4657 ln-
3209 4605 3304 4659 illo

1722 4676 1983 4738 tempore,
2031 4672 2164 4727 dixit
2189 4672 2345 4731 Iesus
2366 4678 2641 4749 discipulis
2667 4685 2780 4740 suis
2816 4704 2826 4738 :
2866 4687 3067 4757 Filioli,
3123 4695 3300 4748 adlmc

1718 4762 2011 4829 modicum,
2048 4774 2178 4832 etc.,
2226 4785 2387 4839 usque
2417 4771 2485 4825 ad
2515 4772 2770 4830 invicem.
2803 4777 3163 4849 Oﬂertorium.
3199 4785 3301 4842 Be-

1717 4852 1962 4908 nedictus
1989 4872 2068 4920 es,
2099 4857 2346 4926 Domine,
2398 4862 2533 4917 doce
2565 4880 2650 4919 me
2699 4867 3115 4936 justilicationes
3155 4885 3295 4941 tuas.

1715 4940 1766 4994 in
1809 4942 1970 5000 labiis
2002 4948 2138 5004 meis
2164 4954 2534 5020 pronuntiavi.
2568 4957 2803 5014 Secreta.
2823 4961 2970 5018 Deus
2995 4966 3084 5032 qui
3109 4983 3206 5024 nos
3228 4973 3296 5023 ad

1714 5029 2002 5104 imaginem
2049 5046 2190 5095 tuam
2241 5048 2600 5102 sacramentis
2652 5064 2876 5106 revocas
2907 5059 3282 5128 etprazceptis,

1713 5124 1912 5192 perﬁce
1935 5145 2152 5197 gressus
2184 5142 2396 5190 nostros
2425 5138 2474 5188 in
2511 5140 2718 5194 semitis
2747 5143 2872 5205 tuis,
2909 5153 2966 5197 ut
2994 5124 3278 5206 charitatis
3318 5186 3324 5193 ς

1712 5215 1932 5285 dormio,
1969 5235 2131 5289 quam
2159 5221 2336 5277 fecisti
2364 5239 2394 5278 a
2420 5227 2575 5282 nobis
2609 5233 2848 5299 operari,
2882 5249 2978 5304 per
3009 5235 3124 5291 haec
3162 5254 3282 5308 quae

1709 5305 1986 5364 offerimus
2037 5313 2324 5377 sacriﬁcia,
2389 5319 2658 5375 veraciter
2715 5321 2886 5380 facias
2934 5329 3281 5397 apprehendi.

1706 5393 1830 5450 Per.
1862 5396 2193 5454 Communia.
2243 5401 2494 5472 Domine,
2541 5411 2884 5468 memorabor
2928 5393 3153 5483 justitia:
3184 5429 3287 5477 tua.I

1706 5486 1907 5553 solius;
1948 5489 2110 5557 Deus,
2148 5492 2378 5550 docuisti
2409 5512 2495 5551 me
2514 5513 2544 5551 a
2571 5498 2855 5569 juventute
2877 5520 3014 5568 mea,
3037 5517 3092 5562 et
3115 5499 3285 5582 usque

1706 5575 1760 5629 in
1782 5587 2053 5633 senectam
2084 5591 2140 5636 et
2163 5585 2394 5652 senium,
2427 5587 2585 5652 Deus,
2613 5606 2680 5645 ne
2702 5593 3040 5666 derelinquas
3067 5615 3173 5656 me.
3199 5603 3280 5654 Ad

1702 5671 2255 5734 postcommunionem.
2296 5675 2557 5746 Spiritum
2593 5681 2644 5734 in
2672 5684 2847 5750 nobis,
2894 5687 3138 5756 Domine,
3173 5672 3277 5747 ture

1701 5758 1985 5815 charitatis
2025 5763 2263 5831 infunde,
2299 5778 2532 5839 utquos
2575 5789 2681 5827 uno
2709 5790 2845 5843 pane
2891 5779 3096 5836 caelesti
3123 5786 3284 5841 satia-

1703 5849 1792 5918 Sti,
1865 5859 1956 5907 tua
1995 5852 2165 5913 facias
2213 5857 2416 5926 pietate
2459 5865 2774 5920 concordes.
2819 5866 2944 5923 Per.

2907 5977 2990 6036 30
