3846 6324
506 323 619 382 959

577 456 733 496 κιδελ
766 454 833 492 AD
860 451 1238 492 POSTULANDAM
1266 449 1506 489 GRATIAM
1535 450 1777 488 SPIEITUS
1806 447 2015 487 SANCTI.

580 531 787 587 Oratio.
840 527 978 594 Deus
1026 535 1238 595 patrum
1277 532 1584 579 nostrornnu
1613 524 1678 577 da
1729 523 1882 576 nobis
1916 520 2087 589 Spiri-

510 634 653 686 tum,
697 619 786 688 qui
832 616 1104 670 flammam
1167 615 1413 669 infundat
1474 617 1524 669 iuu
1575 615 1826 669 cordibus
1862 613 2084 666 nostris.

506 712 656 768 Psal.
688 709 998 765 Benedicite
1029 707 1208 761 omnia
1237 721 1419 776 opera.
1450 705 1646 759 Lectio.
1677 722 1730 758 nu
1770 705 1959 758 diebus
1986 702 2089 756 illis

506 804 638 860 dixit
668 802 922 858 Salomon
956 818 967 852 :
1002 800 1141 854 Deus
1170 809 1381 868 patruuun
1407 808 1735 862 nostrorum,
1771 805 1902 863 etc.,
1929 810 2090 865 usque

506 891 716 946 ancilla:
745 902 870 945 tute.
909 888 1198 943 Craduale.
1244 887 1496 957 Respice,
1552 887 1796 952 Domine,
1829 887 1880 939 in
1919 894 2087 939 testa-

507 993 748 1038 mentum
780 995 952 1046 tuum,
986 989 1036 1034 et
1056 980 1264 1034 animas
1287 995 1580 1049 pauperum
1613 989 1827 1032 tuuornm
1860 992 1925 1031 ne
1957 976 2088 1030 obli~

507 1071 733 1127 viscaris
785 1073 839 1125 in
916 1069 1104 1124 ﬁnem.
1177 1068 1443 1139 Exsurge,
1497 1068 1742 1134 Domine,
1791 1077 1844 1122 et
1905 1065 2090 1135 juudica

505 1178 724 1219 causam
739 1171 910 1226 tuam,
923 1175 1130 1216 memor
1143 1169 1259 1215 esto
1270 1160 1540 1230 opprobrii
1555 1173 1832 1214 servorum
1857 1166 2089 1210 tuorum.

505 1255 762 1311 Alleluia.
806 1253 1181 1318 Veni,sancte
1205 1251 1623 1322 Spiritus,reple
1662 1260 1874 1303 tuorum
1924 1249 2105 1302 corda-

507 1347 772 1412 fidelium,
803 1353 859 1400 et
905 1343 981 1398 tui
1038 1342 1240 1398 amoris
1294 1343 1471 1412 ignem
1504 1340 1755 1395 accende.
1797 1337 2091 1408 Sequeuutia

510 1439 684 1494 sancti
723 1435 997 1506 Evangelii
1041 1435 1338 1491 secuuudum
1380 1432 1713 1486 Mattluceunn.
1746 1430 1802 1484 ln
1835 1430 1926 1483 illo
1955 1437 2092 1482 leun—

510 1545 656 1592 pore.
677 1530 1012 1598 respondens
1030 1527 1286 1580 Domiuuuus
1299 1523 1456 1579 Jesus
1469 1524 1634 1578 dixit:
1653 1521 1944 1586 Conﬁteor,
1961 1529 2063 1574 etc.
2078 1560 2091 1584 ,

509 1640 668 1694 usque
696 1621 866 1676 Filius
900 1619 1159 1674 revelare.
1187 1617 1553 1687 Olfertorium.
1602 1613 1834 1668 iustitia:
1879 1611 2089 1666 Domini

509 1725 693 1782 rectae,
724 1712 1058 1767 lautiticantes
1089 1711 1275 1773 corda,
1303 1718 1358 1761 et
1400 1706 1669 1760 dulciores
1708 1721 1872 1774 super
1905 1703 2009 1757 mel
2038 1711 2090 1757 et

1809 317 1983 374 SEC.
2018 315 2086 371 XI
2129 314 2397 372 MONUM.
2440 315 2724 373 LITURG.
3651 317 3727 371 Si.

2120 436 2165 490 Λ
2196 437 2670 500 conupuunctuonem
2728 427 2907 483 cordis
2941 467 2956 491 ,
2993 426 3202 482 luctum
3242 435 3297 480 ct
3342 424 3555 480 ﬂumina
3596 426 3724 498 lacu;-

2195 537 2404 576 maruun
2434 521 2703 592 largiaris,
2736 531 3003 590 quatenus
3027 519 3306 574 cmlestem
3362 518 3415 571 in
3446 518 3610 572 Futuro
3635 534 3728 571 coa-

2192 612 2507 667 solationem
2545 626 2867 665 mereamur.
2901 610 3020 664 Per.

2616 715 2765 754 IISSA
2799 715 2898 752 PRO
2930 716 2960 752 Τ
2971 711 3351 752 BIBULATIOSE.

2264 789 2615 859 Omnipotens
2646 791 2970 860 sempiterno
3013 791 3155 842 D._~us
3202 829 3218 854 ,
3273 797 3585 840 nuutstormn
3630 804 3734 840 caa-

2193 883 2404 947 solatio,
2429 883 2788 938 laborantium
2820 883 3098 944 fortitudo,
3131 882 3451 951 perveniant
3478 881 3543 932 ad
3573 893 3618 932 te
3649 898 3738 950 pre-

2194 989 2285 1029 ces
2315 975 2381 1027 de
2409 989 2731 1043 quacunque
2773 973 3121 1028 tribulatione
3146 971 3502 1026 clamantium
3531 1012 3545 1034 ,
3575 984 3626 1022 ut
3649 989 3741 1024 oss..-

2197 1080 2293 1118 nes
2329 1065 2427 1118 sibi
2468 1063 2520 1118 in
2554 1065 2970 1119 necessitatibus
3019 1066 3136 1118 suis
3161 1061 3588 1117 misericordiauuu
3630 1075 3744 1115 tam

2197 1157 2469 1228 gaudeant
2499 1154 2738 1211 affuisse.
2781 1155 2904 1210 Per.
2940 1153 3175 1210 Secreta.
3211 1153 3323 1209 Has
3364 1153 3485 1216 tibi,
3539 1153 3745 1216 [lautia-3,

2196 1248 2402 1303 hostias
2429 1246 2706 1302 offerimus
2737 1263 2836 1318 pro
2865 1248 3037 1303 salute
3070 1256 3278 1310 uuostra,
3325 1255 3382 1301 et
3408 1261 3510 1315 pro
3539 1249 3749 1300 ouuuaibts

2198 1342 2459 1412 angustiis
2487 1341 2640 1396 nobis
2670 1342 3098 1406 imuniuuentibus,
3152 1351 3425 1410 quatenus
3477 1354 3635 1409 carpo
3660 1355 3686 1391 ι
3713 1349 3751 1392 ιι

2199 1431 2409 1484 animas
2445 1441 2661 1484 nostras
2690 1429 2926 1500 Spiritus
2955 1430 3136 1484 sancti
3166 1430 3347 1499 gratia
3374 1429 3606 1482 liberare
3625 1439 3754 1497 atque

2197 1521 2502 1576 illuminare
2528 1522 2791 1592 digneris.
2843 1521 2924 1574 Ad
2977 1529 3423 1576 communionem.
3488 1520 3563 1574 Da
3614 1524 3753 1584 mbas,

2196 1630 2526 1683 quresumns,
2559 1615 2624 1668 de
2655 1614 2999 1668 tribulatione
3028 1615 3295 1676 lmtitiam,
3325 1625 3384 1668 ut
3429 1617 3524 1685 qui
3567 1616 3649 1668 diu
3685 1631 3755 1684 βο

2197 1706 2437 1776 peccatis
2476 1706 2676 1760 nostris
2711 1706 3019 1777 afﬂigimur,
3050 1708 3524 1762 intercedentibus
3548 1710 3758 1761 erunibus

507 1808 688 1863 favum
718 1823 734 1873 ;
765 1821 891 1860 nam
928 1812 981 1858 et
1021 1817 1209 1857 servus
1258 1811 1383 1854 tuus
1414 1799 1650 1854 custodit
1698 1813 1812 1853 cas.
1851 1796 2086 1852 Secreta.
2123 1783 2165 1837 Β
2195 1797 2395 1851 sanctis
2426 1797 2550 1862 tuis,
2581 1798 2634 1852 in
2659 1806 2744 1850 tua
2783 1797 3152 1852 misericordia
3179 1797 3542 1866 respiremus.
3569 1795 3680 1851 Per.

510 1898 633 1952 llaec
658 1895 882 1960 oblatio,
915 1891 1141 1948 Domine
1180 1891 1340 1956 Deus,
1386 1889 1566 1944 cordis
1623 1889 1792 1942 nostri
1849 1887 2090 1941 maculas

506 1989 785 2055 emundet,
819 1995 878 2041 ut
903 1985 1076 2040 sancti
1111 1981 1514 2053 Spiritusdigna
1533 1979 2088 2036 elliciatuurluahitatio.

506 2079 631 2134 Per.
664 2076 999 2134 Cantmunia.
1050 2073 1279 2128 Gustatc
1307 2083 1357 2126 et
1396 2073 1570 2126 videte
1615 2071 1871 2139 quoniaun
1909 2068 2091 2122 suavis

507 2181 590 2230 est
625 2169 902 2233 Dominus,
939 2167 1132 2222 beatus
1159 2166 1258 2227 vir,
1291 2165 1383 2235 quui
1428 2171 1610 2234 sperat
1639 2163 1692 2216 in
1721 2177 1807 2216 eo.
1835 2162 1916 2213 Ad
1945 2176 2090 2213 coun-

505 2263 826 2317 nuunionem.
885 2258 1132 2314 Concede
1194 2273 1312 2321 nos,
1370 2269 1698 2325 quaesumus,
1750 2255 2091 2322 omnipotens

513 2352 676 2417 Deus,
725 2350 986 2419 Spiritum
1027 2355 1274 2403 sanctum
1324 2347 1464 2400 votis
1517 2343 1812 2414 promereri
1867 2343 2090 2408 sedulis,

509 2450 780 2512 quatenus
811 2442 928 2511 ejus
969 2438 1140 2508 gratia
1191 2436 1258 2491 ab
1291 2437 1544 2490 omuuibus
1591 2434 1882 2487 liberemur
1915 2440 2090 2486 tenta-

510 2531 832 2594 tionibus,et
863 2535 1204 2598 peccatoruun
1230 2536 1538 2579 nostrorum
1571 2522 1954 2594 indulgentiam
1983 2537 2092 2575 mc~

513 2637 733 2676 reamur
765 2621 1031 2689 accipere.
1080 2617 1203 2670 Per.

865 2727 1020 2766 FERIA
1062 2727 1109 2764 γι
1145 2727 1193 2764 IN
1222 2725 1470 2764 HONOREM
1501 2725 1545 2764 S.
1579 2723 1784 2762 CRUCIS.

548 2803 674 2862 ~Nos
685 2813 882 2870 autem,
898 2812 1025 2870 etc.,
1043 2813 1096 2856 ut
1114 2803 1164 2855 in
1178 2803 1554 2871 editir,usquea
1575 2797 1835 2853 (alleluia.
1851 2795 2095 2851 Alleluia.

505 2897 621 2954 Nos
631 2908 811 2953 autem
827 2897 1043 2968 gloriari
1058 2904 1270 2964 oportet
1294 2895 1345 2947 in
1375 2907 1536 2948 cruce
1550 2892 1760 2946 Domini
1784 2891 1954 2943 nostri
1966 2886 2093 2942 Jesu

511 2989 738 3045 Christi.
771 2987 1065 3058 Sequucntia
1104 2983 1276 3039 sancti
1318 2983 1598 3053 Evangelii
1633 2980 1926 3034 secundum
1963 2978 2095 3031 Mat-

509 3084 731 3137 thaeuun.
766 3081 820 3134 In
857 3079 948 3133 illo
973 3085 1238 3147 tenupore,
1270 3073 1560 3145 assumpsit
1583 3071 1762 3137 Jesuus,
1793 3080 1899 3125 etc.
1941 3067 2096 3122 Com-

507 3176 711 3229 munia.
760 3172 1091 3242 Redemptor
1120 3168 1302 3224 mundi
1339 3169 1492 3238 signo
1531 3166 1711 3220 crucis
1737 3165 1803 3218 ab
1823 3164 1969 3218 ounuui
1997 3177 2094 3216 nos

511 3266 846 3321 adversitate
885 3263 1129 3328 custodi,
1171 3262 1259 3331 qui
1309 3259 1526 3316 salvasti
1565 3257 1784 3312 Petrum
1840 3255 1892 3310 in
1933 3255 2092 3320 mari,

500 3359 769 3413 miserere
821 3357 998 3411 nobis.
1034 3351 1485 3408 l’aslcommunio.
1519 3348 1729 3405 Refecti
1777 3347 1899 3403 cibo
1937 3357 2095 3416 potu-

502 3465 614 3520 que
655 3448 893 3512 caelesti,
935 3462 1275 3518 quaesumus,
1313 3444 1656 3514 omnipotens
1705 3439 1880 3505 Deus,
1919 3449 1978 3494 uut
2028 3441 2096 3494 ab

509 3543 746 3596 hostium
776 3539 1036 3593 defeadas
1073 3537 1386 3603 formidine,
1424 3550 1560 3606 quos
1588 3533 1827 3605 pretioso
1873 3530 1993 3585 Filii
2020 3530 2096 3584 tui

510 3632 772 3702 sanguine
803 3631 1095 3685 redemisti.
1120 3628 1239 3682 "Per
1267 3630 1540 3682 eumdem.

645 3733 878 3773 SABBATO
925 3733 1168 3773 HISSA'IN
1212 3732 1458 3772 HONOREII
1501 3730 1718 3771 SANCTE
1766 3729 1969 3769 MARhE.

511 3885 515 3890 ἡ
567 3810 769 3878 'Salve,
788 3820 971 3867 sancta
995 3828 1210 3881 parens,
1229 3821 1332 3867 etc.
1357 3811 1516 3882 Virgo
1542 3812 1632 3865 Dei
1656 3810 1910 3882 genitrix,
1936 3823 2096 3878 quem

515 3907 660 3956 tatus
684 3915 787 3956 non
824 3902 966 3971 capit
997 3901 1166 3966 orbis,
1197 3901 1249 3953 in
1289 3909 1377 3954 tua
1420 3900 1701 3955 se-clausit
1740 3900 1944 3954 viscera
1990 3899 2099 3951 fac-

511 4002 604 4046 tus
639 3991 818 4047 homo.
871 3989 1076 4046 Oratio.
1117 3989 1368 4045 Concede
1395 4005 1511 4053 nos,
1537 4000 1644 4044 etc.
1687 3989 1936 4044 Alleluia.
1967 3989 2097 4043 Post

507 4092 729 4153 partum
779 4084 932 4154 virgo
987 4083 1240 4137 inviolata
1295 4083 1677 4152 permansisti,
1720 4081 1952 4135 alleluia.
1999 4081 2099 4134 Se-

509 4172 732 4240 quentia
773 4172 947 4227 sancti
988 4171 1267 4241 Evangelii
1310 4170 1605 4225 secuumluum
1645 4169 1872 4224 Lucam.
1913 4169 1981 4223 ‘ln
2008 4169 2099 4223 illo

502 4273 757 4333 tempore
788 4282 800 4318 :
846 4263 1140 4330 Extollens,
1175 4272 1282 4318 etc.

803 4357 868 4412 In
904 4359 1008 4412 alia
1040 4359 1199 4412 m’ssa
1227 4365 1422 4411 sancite
1447 4355 1633 4411 Mariae
1665 4357 1850 4410 oratio.

2598 1905 2749 1944 HISSA
2780 1903 2880 1944 PRO
2908 1903 3038 1943 ITEB
3067 1903 3394 1944 AGENTIBUS.

2266 1981 2716 2048 0ratio,Secreta
2757 1993 2805 2037 et
2859 1982 3293 2037 Portcommunio
3339 1981 3542 2035 credent
3589 1999 3689 2051 qu
3721 2000 3759 2032 us
3844 1991 3846 2000 '

2190 2075 2364 2128 editis.
2408 2075 2658 2128 Additur.
2720 2073 3204 2144 Prosperum'iter
3240 2071 3413 2128 faciat
3448 2072 3606 2127 nobis
3637 2073 3759 2128 Deus.

2191 2165 2410 2233 angelus
2443 2163 2652 2218 Donuuni
2703 2164 2875 2218 bonus
2917 2164 3210 2218 comitetur
3251 2164 3758 2225 nobiscum,etbeuz

2192 2258 2441 2327 disponat
2467 2257 2661 2311 itinera
2694 2267 2879 2311 nostra
2916 2257 3058 2311 Deus
3109 2265 3319 2311 noster.
3354 2255 3644 2325 Exsurgat.
3670 2255 3762 2310 Qa»

2194 2353 2292 2406 ria.
2325 2351 2670 2420 Prosperum.
2703 2349 2911 2404 Oratio.
2943 2350 3086 2405 Deuus
3117 2351 3208 2420 quui
3241 2349 3602 2420 diligentibus
3622 2358 3666 2402 te
3687 2351 3758 2402 IE-

2194 2443 2546 2498 sericordiam
2581 2453 2726 2496 tuam
2759 2439 2971 2509 semper
3003 2438 3276 2510 impendis
3305 2478 3322 2502 .
3352 2449 3410 2493 et
3447 2455 3478 2492 a
3505 2438 3754 2492 serviatu-
3844 2423 3846 2430 ’

2196 2533 2293 2586 buus
2331 2532 2422 2585 tibi
2457 2533 2507 2584 iuu
2535 2530 2679 2586 nulla
2709 2546 2767 2585 es
2795 2531 3015 2599 regione
3045 2529 3382 2599 longinquus
3408 2568 3427 2593 ,
3455 2528 3626 2598 dirige
3657 2529 3762 2579 vim
3844 2551 3846 2592 ς

2196 2627 2517 2682 faunulorunu
2543 2639 2751 2680 tuorunuu
2772 2627 2824 2681 in
2855 2626 3127 2680 voluntate
3152 2634 3269 2687 tua,
3302 2634 3362 2678 ut
3397 2635 3455 2680 te
3479 2634 3763 2693 prouectam.
3844 2677 3846 2694 Ι

2195 2725 2248 2771 te
2278 2718 2432 2782 duce,
2464 2717 2799 2787 pcrjuusuiuia:
2828 2715 3051 2771 semitas
3071 2717 3190 2776 sine
3207 2713 3524 2769 olfensione
3550 2714 3762 2784 gradian-

2198 2819 2304 2861 tur.
2340 2807 2460 2861 Per.

2268 2896 2452 2951 Lectio
2483 2895 2732 2952 Genesis.
2765 2896 2822 2951 ln
2867 2895 3057 2951 diebus
3078 2894 3185 2948 illis
3208 2892 3499 2963 profectus
3526 2904 3609 2949 est
3641 2893 3764 2948 Israel

2193 3007 2360 3059 usque
2391 3000 2770 3044 revertentem.

2268 3055 2508 3149 Angelus
2535 3080 2746 3134 Domini
2797 3080 2969 3134 bonuus
3018 3079 3321 3133 comitetur
3371 3080 3686 3138 vobiscum.
3726 3084 3766 3127 et
3844 3055 3846 3120 ἶ

2201 3173 2337 3228 bene
2362 3173 2610 3242 dieponat
2648 3171 2839 3226 itinera
2882 3179 3081 3225 vestra.
3125 3169 3472 3240 Prosperunu
3511 3172 3610 3224 iter
3638 3169 3765 3222 faciat

2200 3263 2352 3318 vobis
2391 3263 2531 3316 Deus
2581 3261 2852 3316 Salutaris
2908 3271 3111 3315 noster.
3165 3261 3434 3316 Alleluia.
3486 3261 3766 3329 Prospera-

2199 3355 2303 3410 iter
2331 3355 2493 3408 faciat
2519 3363 2760 3407 nostrum
2785 3353 2926 3407 Deuus
2952 3351 3222 3406 Salutaris
3254 3364 3470 3408 noster.
3502 3352 3724 3408 Alleluia.

2270 3445 2326 3499 ln
2360 3445 2452 3499 illo
2482 3454 2725 3514 tcunpore
2754 3444 2889 3498 dixit
2936 3443 3100 3498 Jesus
3133 3442 3432 3513 discipulis
3489 3445 3593 3497 suis
3628 3457 3762 3509 aqu

2199 3538 2270 3592 illi
2297 3538 2521 3593 civitati.
2555 3536 2922 3606 Offertorium.
2951 3536 3196 3606 Angelus
3250 3537 3476 3590 Domini
3510 3539 3668 3589 bonus
3693 3550 3768 3588 ce-

2199 3630 2419 3686 mitetur
2456 3630 2757 3694 vobiscum,
2795 3639 2850 3682 et
2899 3627 3034 3683 bene
3063 3628 3324 3697 disponat
3356 3630 3464 3683 iter
3512 3640 3724 3681 restrain
3749 3667 3761 3686 ,

2198 3720 2430 3774 aileluia.
2461 3718 2789 3774 Communia.
2824 3719 3274 3789 Sicutprurcessit
3293 3719 3524 3776 Tobiam
3555 3720 3757 3789 Rapta-.4

2199 3812 2551 3883 arehangelus
2601 3813 2670 3867 ad
2723 3812 3129 3882 prueparandam
3182 3813 3372 3878 viam,
3413 3813 3490 3867 ita
3508 3816 3761 3868 coronet-.3

2200 3905 2497 3969 vobiscum,
2530 3913 2585 3957 et
2610 3905 2746 3958 bene
2775 3904 3023 3973 disponat
3052 3903 3251 3956 itinera
3286 3912 3494 3958 vestra.
3529 3902 3765 3957 Postca-
3844 3917 3846 3973 ς

2199 3995 2397 4049 munia.
2440 3995 2647 4065 Dirige,
2676 4009 3002 4063 quaesumus,
3035 3989 3284 4058 Domine,
3303 3995 3444 4048 viam
3480 3995 3758 4048 famularem

2201 4098 2412 4143 tuuoruuuu
2455 4089 2508 4143 in
2542 4088 2820 4141 voluntate
2852 4098 2940 4142 tua
2975 4127 2990 4151 ,
3025 4101 3239 4154 nosque
3287 4087 3556 4156 propitius
3597 4102 3758 4138 enen

2200 4179 2580 4250 Suupplicanles,
2607 4193 2665 4232 ut
2690 4177 2924 4233 habeant
2955 4178 3056 4230 iter
3082 4190 3434 4247 puospcruum,
3464 4187 3518 4231 et
3547 4177 3600 4229 in
3629 4187 3756 4228 terra

2202 4271 2484 4326 directum.
2515 4269 2638 4324 Per.

2556 4378 2706 4417 NISSA
2729 4378 2829 4415 PRO
2864 4376 3208 4416 TENTATIONE
3230 4374 3442 4415 ωιυεις.

589 4448 752 4514 Deuus,
783 4450 873 4520 qui
907 4449 1118 4504 violata:
1147 4461 1351 4503 natura:
1383 4464 1477 4517 per
1506 4448 1764 4520 virginale
1800 4449 1963 4503 decus
1997 4449 2091 4503 ad-
2126 4482 2176 4542 Ι)
2275 4455 2402 4524 Ure,
2429 4464 2556 4521 etc.,
2591 4465 2646 4508 ut
2673 4457 2724 4508 in
2751 4455 2904 4508 editis
2932 4470 3092 4524 usyue
3115 4455 3186 4506 ad
3215 4465 3379 4506 totam
3407 4463 3672 4506 secreta.
3701 4451 3754 4498 At

515 4542 668 4595 bibes
699 4540 1044 4603 nuedieinaun,
1071 4541 1156 4595 fac
1175 4556 1274 4595 nos
1309 4541 1480 4595 beata:
1505 4539 1687 4595 Maria:
1714 4540 1949 4609 Virginis
1985 4556 2096 4610 pre-

516 4635 673 4690 cibus
697 4644 750 4687 et
779 4632 1104 4688 fermentum
1145 4643 1462 4703 conceptum
1504 4633 1788 4703 pravitatis
1840 4631 2097 4700 abjicere,

515 4737 569 4781 et
610 4726 662 4780 in
693 4726 948 4780 novitatis
979 4741 1225 4796 azymaun
1253 4725 1318 4779 de
1356 4733 1622 4780 vetuustate
1648 4725 1898 4778 transire.

922 4833 1073 4872 MISSA
1103 4831 1202 4870 PRO
1227 4831 1682 4871 CONGRECA’I‘IONE.

585 4909 797 4965 Oratio.
846 4908 1200 4979 Omnipotens
1233 4909 1560 4978 sempiterno
1595 4909 1733 4963 Deuus
1762 4947 1777 4972 ,
1830 4907 1920 4976 qui
1969 4905 2102 4961 facis

512 5005 784 5062 mirabilia
808 5003 979 5069 solus,
1008 5003 1284 5073 praetende
1311 5017 1471 5072 super
1500 5000 1730 5054 famulos
1754 5009 1900 5063 tuos,
1931 5008 1983 5053 et
2007 5013 2100 5054 suu-

516 5111 615 5168 per
653 5105 872 5151 cunctas
896 5094 1337 5165 congregationes
1373 5092 1479 5147 illis
1506 5092 1822 5146 commissas
1851 5093 2099 5161 spirituum

520 5186 708 5257 gratia:
745 5187 1016 5250 salutaris,
1048 5196 1103 5241 et
1135 5193 1192 5240 ut
1241 5185 1294 5238 in
1327 5185 1555 5239 veritate
1590 5183 1684 5236 tibi
1710 5183 2097 5251 complaceant,

521 5285 838 5346 perpetuum
868 5276 948 5328 eis
971 5291 1145 5330 rorem
1173 5285 1280 5330 tua:
1306 5273 1695 5334 benedictionis
1715 5273 1953 5328 infunde.
1981 5275 2100 5329 Per.

521 5363 734 5419 Secreta
772 5374 818 5416 et
847 5360 1154 5417 Communia
1183 5375 1336 5434 prout
1375 5364 1428 5418 in
1457 5365 1630 5417 editis.

565 5520 568 5522 γ
823 5470 971 5509 ιιιεει
1011 5471 1107 5511 Ρῐιο
1129 5471 1410 5511 ΡΕΤΙΤῙΟΝΕ
1436 5470 1813 5511 ιΛοιιγιιΜιυκ.
1833 5521 1835 5523 ι

595 5535 801 5601 Oratio.
831 5547 1206 5617 Omnipotens,
1237 5559 1369 5613 etc.,
1399 5558 1454 5601 ut
1486 5548 1538 5602 in
1569 5549 1744 5604 editis.

597 5637 1295 5710 Postcommunio.Corpore
1321 5652 1376 5694 et
1405 5641 1667 5711 sanguine
1696 5652 1806 5706 tuo,
1828 5641 2052 5697 Domine
2083 5683 2098 5708 ,

523 5729 731 5798 satiati,
781 5723 1090 5802 qtu’tesumus
1133 5737 1190 5783 ut
1240 5745 1338 5799 pro
1389 5717 1590 5786 nostris
1614 5733 1850 5802 peccatis
1895 5747 2106 5805 semper

2204 4545 2650 4601 Communionem.
2683 4547 2903 4601 nomine
2927 4546 3140 4614 adjutor
3163 4555 3221 4599 et
3250 4555 3549 4614 protector,
3602 4545 3758 4612 adium

2206 4654 2324 4703 nos,
2371 4647 2424 4693 et
2465 4637 2716 4692 relloreat
2769 4652 2897 4691 caro
2953 4647 3137 4690 nostra
3184 4639 3370 4707 vigore
3408 4637 3760 4707 pudicitiam

2207 4732 2575 4787 sanctiuuuoniae
2615 4731 2873 4792 novitate,
2900 4740 3248 4799 ere;.ta:uuque
3297 4731 3364 4783 de
3415 4746 3576 4783 manu
3609 4735 3758 4782 tam

2207 4825 2258 4878 iuu
2290 4822 2708 4879 resurrectionis
2759 4822 2954 4892 gaudio
2978 4823 3175 4891 jubeas
3212 4823 3618 4892 reprzesentari.
3667 4819 3758 4873 Pcz.

2461 4930 2610 4969 κιεδλ
2636 4928 2734 4968 PRO
2761 4928 3018 4967 ιωιωωιε
3055 4928 3529 4968 ΩΟΕῙΤΔΪΙΟΝΙΒΙΞΒ.

2276 5005 2648 5076 Omnipotens,
2672 5014 2801 5069 etc.,
2833 5015 2888 5057 ut
2920 5006 2973 5057 in
2997 5004 3170 5057 editis.
3211 5004 3453 5060 Secreta.
3511 5004 3616 5058 Per
3667 5004 3756 5055 lue-1

2205 5113 2534 5167 quutesuunuus,
2573 5095 2818 5158 Domine,
2861 5094 3383 5163 sacrificiuun,quuod
3438 5106 3538 5147 tua:
3594 5094 3756 5146 obtul-

2207 5203 2326 5244 nuuus
2358 5186 2647 5253 maiestati,
2701 5185 2770 5240 ab
2801 5185 3053 5239 ounnibus
3098 5183 3261 5237 corda
3323 5199 3508 5239 uuosura
3562 5183 3760 5238 enim;

2210 5278 2618 5334 tentationibus.
2651 5273 2773 5328 Per.

2694 5381 2845 5422 IISSA
2891 5381 2992 5419 PRO
3027 5380 3302 5419 PECCATIS.

2278 5457 2334 5513 Si
2363 5457 2674 5527 iniquitates
2700 5455 3094 5517 observaveris,
3122 5453 3364 5515 Domine,
3400 5453 3642 5512 Domine,
3667 5453 3759 5519 ,με

2207 5549 2540 5604 suustinebit?
2567 5547 2700 5615 Quia
2730 5546 2870 5615 apud
2897 5554 2947 5599 te
2977 5544 3288 5614 propitiatio
3339 5555 3448 5610 est,
3504 5545 3640 5597 Deus
3687 5556 3757 5588 m-

2208 5651 2334 5697 sler.
2361 5637 2507 5694 Psal.
2539 5639 2616 5693 De
2641 5636 2920 5708 profundis
2943 5635 3248 5690 clanuaviad
3275 5645 3348 5699 te,
3383 5635 3624 5688 Domine.
3653 5630 3756 5684 Or:-

2209 5737 2303 5788 tio.
2341 5732 2537 5804 Parce,
2559 5731 2806 5795 Domine,
2831 5743 2992 5801 parce.
3017 5727 3253 5798 peccatis
3279 5729 3564 5792 nostrisa
3594 5737 3752 5791 qual-
