3846 6324
78 385 197 445 sui

960 380 1304 440 EXCEBPT.
1338 377 1652 436 EX'CODD.
1690 373 1970 431 LITUllG.
1998 374 2522 432 FONTAVELLAN.

3258 358 3376 433 an.

80 503 182 556 vis
222 497 619 556 incessabiliter
657 499 1093 570 delinquentibus
1120 498 1373 553 continua
1405 510 1560 566 poena
1591 495 1683 548 de-
1717 501 1759 556 Α
1790 506 1909 561 οῳρ
1931 506 2516 560 munera,qu=csumus,
2543 491 2923 560 Domine,qt-i:c
2945 491 3039 544 tibi
3065 506 3161 559 pro
3177 490 3377 544 lantqu

79 592 317 657 bentur,
347 605 538 664 praesta
562 637 577 662 ,
608 611 944 667 quzcsumus,
974 605 1034 650 ut
1075 591 1217 666 quod
1265 596 1332 649 ad
1369 599 1685 664 perpetuum

80 696 344 739 meretur
373 688 620 752 exitium,
659 697 901 744 transeat
924 689 989 742 ad
1021 687 1376 742 correctionis
1401 684 1685 739 auxilium.

85 775 231 830 l’cr.
267 776 454 832 Lectio
481 778 735 849 Epistolte
779 779 921 836 beati
961 778 1110 834 Pauli
1143 778 1366 850 apostoli
1407 777 1474 830 ad
1494 776 1689 830 Corin-

87 867 273 923 thios.
309 864 547 933 Fratres,
589 864 950 936 condelector,
981 879 1114 935 ctc.,
1139 886 1300 939 usque
1321 866 1388 920 ad
1415 866 1688 921 Christum

77 957 390 1011 Dominum
461 968 730 1014 nostrum.
785 958 1074 1014 Graduale.
1136 960 1217 1013 Ab
1270 958 1500 1012 occultis
1555 957 1690 1011 meis

79 1049 304 1100 munda
347 1064 450 1114 me,
493 1047 740 1114 Domine,
777 1060 832 1104 et
860 1052 926 1104 ab
953 1051 1142 1105 alienis
1172 1064 1335 1120 parce
1366 1063 1525 1102 servo
1575 1056 1686 1102 tuo.

79 1136 149 1191 Si
191 1140 300 1194 mei
333 1157 436 1194 non
459 1139 658 1195 fuerint
690 1142 976 1205 dominati,
1010 1153 1135 1196 tunc
1163 1140 1538 1196 immaculatus
1572 1155 1688 1207 ero,

71 1237 144 1280 et
179 1231 517 1286 emuntlabor
542 1247 570 1285 a
596 1233 1064 1295 delictornaximo,
1101 1233 1347 1287 Alleluia.
1372 1231 1445 1286 De
1471 1231 1693 1302 profun-

79 1320 430 1375 tlisclamavi
450 1323 604 1390 adte,
629 1325 868 1391 Domine,
908 1326 1134 1379 Domine
1156 1324 1350 1379 exaudi
1393 1324 1692 1379 orationem

79 1427 308 1465 meam.
354 1411 516 1468 Fiant
546 1431 705 1470 aures
763 1427 866 1471 ture
911 1417 1249 1472 intendentes
1299 1417 1352 1471 in
1392 1416 1692 1472 oralionem

75 1502 242 1554 servi
279 1503 373 1556 tui.
409 1503 699 1572 Sequentia
733 1507 1516 1578 sanctiEvangeliisecundum
1549 1508 1692 1563 Mar-

75 1608 248 1647 cum.
289 1594 346 1647 lu
371 1593 460 1648 illo
493 1604 730 1664 tempore
759 1597 896 1652 dixit
921 1597 1079 1652 Jesus
1106 1598 1383 1668 discipulis
1407 1599 1554 1654 suis:
1585 1599 1694 1653 lla-

83 1684 235 1739 liete
266 1684 426 1739 fidem
447 1685 560 1750 Dei,
593 1704 756 1756 usque
781 1689 850 1741 ad
873 1699 1090 1758 peccata
1109 1702 1308 1746 vestra.
1336 1689 1692 1759 O/fertorium.

81 1773 362 1830 Miserere
392 1775 545 1839 mibi,
578 1788 632 1831 et
662 1780 955 1833 secundum
991 1796 1239 1850 magnam
1269 1781 1694 1837 misericordiam

1792 591 1882 636 tuo
1919 581 1985 635 de
2019 592 2107 635 tua
2137 581 2384 652 largitate
2414 581 2706 636 deferimus
2726 623 2741 648 ,
2791 592 2848 636 ut
2889 583 3002 637 lucc
3029 591 3376 637 sacrosancta

1795 673 2076 742 mysteria,
2101 673 2288 743 gratia:
2325 683 2430 726 tute
2467 683 2726 741 operante
2746 674 2975 736 virtute,
3009 682 3061 728 ct
3095 673 3377 742 prmseutis

1791 763 1916 815 vitae
1937 777 2060 816 cum
2093 761 2506 816 coiiversatione
2538 762 2896 826 sanctificent,
2945 772 2998 815 et
3058 763 3124 816 ad
3178 761 3374 831 gaudia

1787 863 1990 907 acterna
2028 853 2343 921 perducant.
2372 851 2492 906 Per.
2525 852 2850 905 Communia.
2883 852 3012 905 Dico
3044 850 3214 916 vobis,
3245 865 3376 920 gau.

1790 947 1936 1000 dium
1969 954 2052 1000 est
2067 960 2256 1000 coram
2277 945 2480 1014 angelis
2511 945 2604 999 Dei
2627 960 2790 1014 super
2817 961 2924 998 uno
2953 955 3236 1014 peccatore
3264 959 3381 1014 poi-.-

1791 1038 2075 1093 uitentiam
2105 1047 2318 1108 agente.
2353 1039 2434 1091 Ad
2464 1039 2899 1092 communionem.
2931 1038 3223 1093 Purilieent
3249 1053 3377 1105 nos,

1791 1130 2050 1198 Domine,
2084 1140 2170 1186 tua
2209 1139 2393 1187 sancta
2417 1173 2432 1198 ,
2461 1147 2581 1202 quae
2627 1133 2986 1202 sumpsimus,
3037 1144 3091 1188 et
3121 1133 3379 1188 famulum

1793 1231 1944 1277 tuum
1971 1223 2039 1277 ab
2074 1223 2220 1277 omni
2249 1223 2409 1292 culpa
2451 1223 2679 1278 liberum
2710 1237 2830 1278 esse
2867 1225 3139 1289 concede,
3191 1235 3249 1279 ttt
3288 1227 3381 1294 qui

1792 1315 2139 1370 conscientiae
2175 1331 2285 1371 sua:
2314 1326 2472 1370 reatu
2503 1315 3004 1386 constringitur,‘de
3032 1317 3272 1371 coalestis
3299 1333 3382 1370 re-

1795 1407 1953 1461 medii
1981 1407 2312 1478 plenitudine
2340 1407 2619 1477 glorietur.
2650 1406 2769 1460 Per.

2088 1514 2240 1552 MISSA
2273 1514 2374 1553 PRO
2407 1512 2702 1552 SEMETIPSO
2743 1508 3072 1552 SACERDOTE.

1868 1591 2197 1660 Suppliciter
2242 1601 2314 1658 te,
2345 1591 2586 1662 piissime
2616 1591 2780 1657 Deus,
2812 1588 2975 1648 Pater
3014 1594 3381 1663 omnipotens,

1795 1681 1886 1750 qui
1916 1696 1975 1736 es
2003 1692 2218 1736 creator
2250 1682 2490 1736 omnium
2518 1697 2720 1750 rerum,
2751 1691 3029 1754 deprecer,
3058 1695 3115 1738 ut
3143 1687 3270 1739 dum
3299 1702 3384 1739 me

1799 1772 2057 1826 famulum
2087 1783 2236 1827 tuum
2280 1789 2465 1828 coram
2501 1775 2890 1844 omnipotentia
2936 1777 3239 1846 majestatis
3278 1787 3385 1832 tua:

80 1875 254 1920 tuam
289 1867 405 1922 dele
453 1869 792 1938 iniquitatem
821 1887 1015 1945 meam.
1043 1869 1278 1925 Secreta.
1313 1870 1441 1927 Haec
1489 1863 1690 1936 hostia,
1724 1854 1739 1912 Ῑ

1803 1862 2042 1932 graviter
2092 1862 2384 1933 deliquisse
2433 1864 2735 1931 confiteor,
2787 1879 2885 1934 per
2928 1865 3384 1921 intercessionem

79 1957 356 2024 Domine,
383 1975 706 2030 quaesumus,
734 1963 1035 2019 Ecelesiam
1058 1972 1207 2018 tuam
1230 1966 1297 2020 ab
1320 1964 1546 2020 occultis
1577 1983 1698 2020 rea-

83 2051 252 2106 tibus
285 2067 498 2124 semper
523 2054 774 2123 expediat
799 2065 854 2109 et
877 2071 906 2108 a
959 2055 1262 2110 manifestis
1305 2056 1699 2110 convenienter

80 2155 392 2211 expurget.
426 2144 547 2199 Per.
593 2144 924 2201 Communia.
952 2148 1034 2202 Ab
1065 2147 1292 2202 oc'eultis
1324 2148 1460 2203 meis
1493 2147 1691 2202 munda

83 2250 212 2300 me,
257 2234 521 2302 Domine,
565 2246 620 2289 et
654 2239 722 2291 ab
771 2237 962 2293 alienis
1019 2253 1180 2309 parce
1229 2253 1386 2294 servo
1435 2249 1546 2294 tuo.
1616 2238 1698 2292 Ad

82 2322 555 2379 Communianem.
585 2327 783 2382 Praesta
837 2329 1014 2394 nobis,
1068 2339 1272 2383 aeterne
1323 2327 1592 2394 Salvator,
1639 2337 1701 2383 u‘t

86 2415 468 2485 percipientes
494 2417 596 2472 hoc
628 2435 856 2474 munere
884 2420 1098 2474 veniam
1128 2431 1476 2490 peccatorum
1501 2459 1516 2486 ,
1551 2419 1699 2474 dein-

86 2521 234 2576 ceps
266 2517 490 2578 peccata
519 2509 774 2565 vitemus.
802 2511 935 2566 Per.

388 2636 539 2676 HISSA
570 2637 670 2678 PRO
698 2639 1096 2680 TRIBULATIONE
1120 2640 1409 2681 ECGLESIE.

174 2712 325 2768 Deus
352 2724 508 2784 pater
537 2717 906 2786 orpbanorutn
952 2716 1230 2788 judexque
1257 2718 1569 2784 viduarum,
1613 2717 1695 2772 la-

91 2822 325 2872 crvmas
351 2807 607 2862 Ecclesiae
637 2817 742 2863 tua:
769 2810 1061 2864 miseratus
1115 2809 1336 2864 intende
1361 2850 1376 2875 ,
1441 2808 1698 2879 illamque

93 2908 199 2952 tua
229 2899 654 2954 misericorditer
687 2901 880 2970 eripiat
912 2899 1187 2969 maiestas,
1218 2917 1381 2971 quam
1411 2901 1556 2954 nulla
1591 2911 1701 2955 ter-

87 2986 505 3052 rena-defendit
538 3001 796 3061 potestas.
829 2992 949 3047 Per.
997 2991 1232 3047 Secreta.
1292 2991 1418 3047 llaec
1472 2993 1648 3047 hostia
1680 3034 1693 3055 ,

90 3079 359 3144 Dnrtrine,
393 3097 551 3150 quant
579 3098 676 3152 pro
717 3083 1012 3137 infideliqu
1045 3082 1186 3146 telis,
1213 3080 1492 3138 oderimus
1519 3125 1532 3146 ,
1599 3083 1693 3137 tibi

90 3170 183 3225 sit
209 3179 448 3242 accepta,
481 3182 538 3226 ut
564 3189 659 3242 per
692 3175 828 3241 haec,
871 3173 1013 3244 quod
1062 3176 1254 3228 devote
1291 3174 1566 3243 poscimus
1592 3217 1606 3240 ,
1647 3183 1698 3228 te

95 3262 400 3331 adiuvante
443 3282 857 3337 consequamur.
893 3269 1015 3324 Per.
1078 3267 1535 3325 Postcommunio.
1589 3269 1694 3323 De-

89 3352 310 3422 prime,
344 3369 667 3423 qmesumus,
685 3359 1048 3428 omnipotens,
1064 3359 1190 3429 jura
1221 3366 1570 3429 tyrannorum
1604 3359 1696 3413 tibi

93 3446 537 3514 adversantium,
571 3459 630 3503 ut
659 3450 867 3505 discant
894 3460 945 3506 te
976 3453 1091 3505 fore
1117 3459 1478 3521 protectorem
1512 3449 1698 3506 Eccle-

97 3537 208 3592 sia:
246 3549 346 3593 tuac
378 3549 466 3596 tuo
489 3542 736 3617 pretioso
760 3544 1019 3614 sanguine
1049 3543 1358 3614 redemptae.
1387 3543 1510 3598 Per.

565 3648 606 3685 Il
617 3648 724 3687 ISSA
751 3650 850 3689 ι’Βο
880 3650 1235 3691 SERENI'I'ATE.

181 3720 390 3775 Omtio.
423 3723 504 3778 Ad
538 3733 589 3778 te
632 3740 753 3791 nos,
790 3727 1034 3793 Domine,
1058 3737 1191 3792 ctc.,
1226 3728 1308 3781 Ad
1363 3726 1699 3782 Communia-

99 3828 250 3866 nent.
278 3811 433 3869 Plebs
468 3825 581 3880 tua,
639 3818 889 3880 Domine,
934 3819 1110 3889 capiat
1139 3834 1307 3874 sacrze
1359 3820 1698 3875 benedictio-

101 3902 579 3971 nisaugmentum,
605 3915 661 3959 et
684 3907 916 3976 cupiosis
943 3908 1328 3963 beneficiorum
1355 3908 1701 3964 tuorumsub-

93 3991 322 4046 levetur
350 3995 586 4060 auxiliis,
633 4013 750 4066 qua:
777 3999 940 4054 tantis
971 3999 1388 4055 intercessorum
1444 4001 1698 4070 depreca-

107 4084 356 4138 tionibus
399 4086 700 4156 adiuvatur.
736 4085 863 4144 Per.

528 4196 678 4236 )llSSA
721 4198 823 4238 PRO
851 4199 1284 4240 PGSNITENTIBCS.

183 4263 372 4323 Iustus
396 4283 476 4336 es,
508 4268 755 4337 Domine,
781 4283 859 4339 et,
881 4282 1084 4327 rectum
1110 4272 1371 4341 judicium
1393 4281 1540 4327 tuum
1569 4291 1583 4337 ;
1618 4273 1699 4330 fac

102 4371 240 4411 cum
270 4372 430 4414 servo
454 4369 545 4414 tuo
563 4363 858 4416 secundum
889 4363 1314 4418 misericordiam
1344 4372 1510 4418 tuam.
1547 4361 1694 4419 Psal.

106 4447 264 4502 Beati
304 4451 634 4506 immaculati
683 4453 736 4508 in
779 4457 887 4509 via.
924 4453 1131 4508 Oratio.
1163 4454 1327 4520 Deus,
1365 4457 1454 4524 qui
1500 4456 1699 4524 justifi-

1808 1956 1986 2008 beata:
2028 1953 2212 2008 Mariae
2242 1967 2457 2023 semper
2505 1955 2730 2024 virginis
2775 1965 2830 2010 et
2867 1955 3106 2010 euntium
3169 1965 3387 2011 sancto-

1807 2060 1927 2097 rnm
1958 2053 2196 2110 tuorum,
2241 2061 2457 2099 manutn
2501 2045 2890 2100 misericordiae
2921 2055 3027 2100 tua:
3059 2047 3188 2101 milii
3212 2049 3390 2116 porri~

1803 2151 1917 2205 gas,
1969 2147 2259 2204 quatenus,
2303 2139 2428 2190 dum
2479 2137 2621 2192 hanc
2672 2137 3003 2192 oblationem
3047 2149 3150 2194 tum
3200 2141 3388 2208 pietati

1801 2224 1990 2294 oﬂ‘ero,
2050 2228 2190 2297 quod
2242 2229 2491 2297 nequiter
2536 2230 2778 2296 admisi,
2823 2231 3250 2286 clementissime
3301 2247 3390 2284 me

1804 2316 2047 2386 digneris
2097 2319 2396 2375 absolvere.
2442 2318 2552 2375 Per
2598 2321 2902 2376 Dominum.
2955 2322 3192 2378 Secreta.
3246 2321 3388 2377 Deus

1803 2407 2210 2474 misericordim,
2267 2411 2406 2464 Deus
2456 2411 2692 2479 pietatis,
2732 2411 2874 2466 Deus
2924 2412 3269 2482 indulgentiae
3308 2414 3388 2467 iu-

1800 2500 1980 2568 dulge,
2012 2516 2216 2570 quieso,
2247 2510 2304 2555 et
2343 2501 2603 2556 miserere
2649 2503 2754 2557 mei
2787 2505 2928 2559 servi
2967 2506 3042 2559 tui
3088 2515 3141 2560 et
3182 2507 3389 2561 sacrifi-

1799 2593 1943 2646 cium
1998 2591 2140 2660 quod
2198 2591 2414 2662 pietatis
2451 2601 2564 2649 tute
2608 2594 2782 2663 gratia
2847 2595 3127 2651 humi-liter
3181 2595 3374 2662 offero,

1803 2680 2030 2750 benigne
2057 2679 2293 2749 digneris
2323 2682 2620 2752 suscipere.
2649 2691 2703 2738 et
2743 2691 2962 2752 peccata
3007 2701 3127 2756 «μυξη
3162 2685 3388 2743 labenti-

1795 2773 1903 2826 bus
1929 2771 2076 2825 vitiis
2105 2773 2378 2836 contraxi,
2411 2775 2719 2830 interventu
2755 2777 2926 2831 beatae
2955 2777 3138 2832 Mariae
3167 2794 3384 2850 semper

1804 2862 2046 2933 virginis,
2093 2871 2151 2918 et
2197 2864 2442 2918 omnium
2497 2875 2810 2924 sanctorum
2860 2877 3097 2933 tuorum,
3148 2870 3274 2938 pius
3323 2889 3390 2924 ac

1798 2955 2070 3025 propitius
2101 2963 2157 3010 et
2192 2956 2505 3012 misericors
2553 2958 2850 3029 indulgeas,
2899 2971 2953 3014 ct
2993 2960 3166 3015 locum
3209 2963 3389 3031 νωιιὶ-

1805 3049 1988 3103 tentia:
2024 3064 2086 3103 ac
2117 3048 2482 3120 laerymarum
2521 3048 2745 3106 ﬁumina
2785 3055 3048 3120 concede,
3078 3063 3142 3110 ut
3171 3057 3383 3110 veniam

1805 3163 2046 3203 meorum
2069 3165 2279 3206 merear
2307 3149 2547 3219 recipere
2575 3149 2916 3204 delictorum.
2936 3151 3044 3206 Per
3069 3151 3385 3207 Dominum.

1725 3217 1766 3273 (ἶ
1803 3238 2257 3296 l’ostcommunio.
2309 3241 2620 3297 Misericors
2668 3251 2724 3295 et
2779 3242 3067 3297 miserator
3115 3243 3382 3306 Domine,

1800 3334 1890 3402 qui
1932 3336 2206 3402 parcendo
2239 3341 2532 3398 sustentas,
2575 3341 2630 3387 et
2671 3333 2998 3403 ignoscendo
3044 3335 3381 3400 sanctilicas,

1801 3425 1866 3477 da
1884 3426 2012 3478 milii
2043 3441 2141 3495 per
2165 3427 2279 3482 haac
2309 3435 2516 3491 sancta,
2547 3440 2668 3494 qua:
2694 3427 2918 3495 sumpsi,
2944 3428 3381 3496 purificationem

1802 3517 1999 3573 mentis
2045 3527 2101 3572 et
2138 3518 2406 3587 corporis,
2439 3526 2494 3571 et
2541 3519 2932 3574 intercessione
2983 3521 3155 3574 beata:
3195 3519 3385 3576 Marize

1802 3625 2016 3680 semper
2054 3611 2310 3681 virginis,
2373 3621 2426 3664 et
2473 3612 2715 3666 omnium
2767 3623 3079 3668 sanctorum
3131 3624 3381 3671 tuorum.

1803 3717 2015 3757 merear
2044 3701 2436 3758 absolutionem
2464 3702 2762 3772 culparum.
2792 3703 2913 3758 Per.

1905 3803 1909 3806 ’
2014 3813 2138 3853 Αιιλ
2173 3815 2327 3856 mssa
2367 3813 2468 3854 mo
2501 3812 2794 3853 smmrrrso
2831 3804 3167 3857 sxcenoore?

1877 3887 2156 3945 lntroitus.
2196 3891 2360 3957 Deus,
2394 3892 2446 3945 in
2479 3891 2694 3946 nomine
2717 3900 2806 3945 tuo
2841 3893 3046 3947 salvum
3081 3895 3166 3950 me
3195 3894 3305 3963 fac,
3333 3909 3388 3950 ct

1804 3985 1857 4038 in
1908 3985 2108 4039 virtute
2152 3992 2239 4040 tua
2271 3985 2450 4055 judica
2499 3999 2605 4039 me.
2640 3983 2802 4048 Deus,
2857 3987 3050 4041 exaudi
3079 3989 3381 4046 orationem

1804 4095 2003 4134 meam.
2038 4077 2184 4134 Pral.
2233 4080 2469 4135 Auribus
2513 4081 2747 4150 percipe.
2781 4079 2989 4136 Oratio.
3029 4084 3386 4157 Omnipotens

1803 4173 2132 4242 sempiterno
2170 4173 2333 4236 Deus,
2366 4183 2494 4235 ctc.,
2538 4174 2718 4226 eadem
2753 4190 2871 4242 quae
2911 4177 2965 4228 in
3007 4177 3160 4232 editis
3191 4181 3382 4248 legitur

1803 4262 1858 4316 in
1905 4264 2404 4332 postcommnniane.
2462 4261 2655 4316 Lectio
2716 4261 2970 4331 Epistola:
3029 4265 3174 4321 beati
3232 4267 3382 4323 Pauli

1804 4355 2030 4422 apostoli
2080 4355 2147 4409 ad
2174 4353 2539 4409 Timotheum.
2592 4353 2945 4419 Cliarissime,
2997 4355 3168 4412 fidelis
3205 4371 3384 4413 sermo

1807 4465 1967 4519 usque
2012 4447 2212 4502 sarcula
2264 4447 2604 4502 saeculorum.
2659 4449 2856 4502 Amen.
2919 4445 3204 4504 Gradualc.
3275 4451 3385 4525 Ego

105 4553 211 4593 cas
247 4538 473 4607 impium
528 4552 582 4596 et
613 4558 716 4597 non
746 4544 830 4599 vis
858 4551 1085 4598 mortem
1138 4555 1503 4613 peccatorum,
1535 4544 1699 4612 majc-
1731 4555 1778 4613 ι)
1805 4539 1915 4593 dixi
1949 4553 1962 4592 :
1999 4538 2248 4604 Domine,
2290 4539 2551 4595 miserere
2596 4540 2723 4605 mei,
2757 4555 2890 4596 sana
2920 4541 3156 4597 animam
3186 4559 3383 4611 meam,

105 4639 311 4684 statem
357 4641 503 4686 tuam
538 4636 874 4705 suppliciter,
902 4637 1278 4706 deprecamur,
1328 4622 1392 4690 ut
1438 4635 1695 4691 fanmlum

109 4731 268 4774 tuum
298 4721 363 4775 de
395 4731 482 4776 tua
508 4725 878 4780 misericordia
911 4726 1271 4782 confidentem
1297 4766 1313 4792 ,
1345 4727 1550 4782 caelesti
1574 4744 1698 4797 pro-

109 4820 268 4879 tegas
303 4811 567 4881 benignus
595 4815 799 4870 auxilio
825 4855 840 4881 ,
873 4826 927 4870 et
953 4815 1168 4870 assidua
1190 4817 1526 4886 protectione
1570 4833 1700 4873 cou-

108 4916 320 4970 serves,
351 4914 410 4960 ut
435 4907 528 4960 tibi
567 4907 770 4980 jugiter
793 4909 1100 4974 famuletur,
1133 4919 1190 4966 et
1233 4911 1395 4966 nullis
1444 4913 1700 4967 tcntatio-

109 4995 278 5050 nibus
305 5013 335 5050 a
367 5005 419 5052 te
442 5010 742 5068 separetur.
767 5000 871 5056 Per
900 5004 1206 5058 Dominum.
1243 5001 1424 5057 Lectio
1446 5003 1700 5073 Epistula:

109 5089 256 5142 beati
279 5087 428 5145 Pauli
467 5093 692 5162 apostoli
724 5093 789 5148 ad
818 5095 1113 5152 Romanos.
1142 5096 1383 5160 Fratres,
1415 5096 1556 5150 sicut
1600 5111 1701 5166 per

109 5179 279 5232 unius
311 5181 564 5249 boi‘ninis,
592 5194 721 5248 ctc.,
751 5202 912 5257 usque
928 5186 1153 5242 Domino
1178 5196 1386 5242 nostro.
1408 5185 1696 5241 Gruduala.

108 5267 338 5323 Salvum
368 5269 451 5326 fac
478 5287 694 5328 servum
727 5284 905 5340 tuum,
937 5276 1164 5333 Domine
1197 5277 1338 5332 Deus
1367 5277 1699 5342 misericors.

107 5369 425 5429 sperantem
451 5363 505 5418 in
529 5375 600 5419 te.
617 5364 850 5422 Auribus
876 5369 1111 5439 percipe,
1127 5367 1373 5434 Domine,
1402 5370 1700 5425 orationem

110 5466 315 5515 meam,
357 5463 411 5508 et
441 5457 644 5514 clamor
674 5477 824 5516 meus
863 5463 935 5515 ad
986 5471 1037 5516 te
1087 5461 1380 5532 perveniat.
1409 5459 1699 5530 Sequentia

109 5543 296 5596 sancti
322 5544 592 5619 Evangelii
642 5552 933 5606 secundum
969 5551 1194 5607 Lucam.
1215 5552 1268 5606 In
1300 5551 1391 5605 illo
1419 5561 1695 5622 tempore:

109 5632 293 5688 Erant
339 5641 827 5711 appropinquantes
861 5683 875 5707 ,
934 5655 1066 5707 etc.,
1120 5660 1279 5714 usque
1332 5643 1700 5713 pmnitentiam

110 5735 336 5795 agente.
365 5727 722 5799 Oﬂ'erlorinm.
754 5733 830 5790 De
855 5735 1134 5804 profundis
1149 5735 1376 5789 clamavi
1410 5735 1475 5788 ad
1500 5746 1569 5798 te,
1596 5735 1700 5789 Do-

115 5808 293 5886 mine,
311 5820 546 5890 Domine,
570 5827 762 5879 exaudi
785 5827 1084 5881 orationem
1113 5842 1305 5881 meam.
1324 5825 1553 5881 Secreta.
1571 5825 1704 5881 Sus-

1803 4633 1928 4701 quia
1957 4631 2178 4700 peccavi
2213 4631 2328 4686 tibi.
2351 4630 2554 4687 Beatus
2575 4634 2666 4703 qui
2693 4633 2939 4704 intelligit
2967 4649 3133 4705 super
3153 4651 3381 4708 egenum

1808 4735 1862 4778 et
1891 4737 2209 4794 pauperem,
2243 4722 2298 4776 in
2345 4723 2431 4778 die
2464 4722 2603 4778 mala
2646 4723 2898 4779 liberabit
2932 4740 3054 4780 eum
3094 4725 3378 4781 Dominus.
3412 4722 3428 4798 ξ

1805 4815 2052 4869 Alleluia.
2097 4815 2346 4878 Domine,
2383 4816 2523 4871 Deus
2546 4815 2733 4871 salutis
2762 4831 2918 4881 mete,
2959 4818 3013 4872 in
3044 4819 3131 4874 die
3156 4817 3383 4873 clamavi

1803 4916 1860 4960 et
1895 4915 2052 4961 nocte
2082 4922 2267 4960 coram
2301 4917 2372 4962 te.
2416 4905 2710 4976 Sequentia
2764 4909 2935 4962 sancti
2982 4907 3258 4980 Evangelii
3295 4926 3384 4965 se-

1804 4999 2037 5052 cundum
2073 4997 2335 5054 Marcum.
2366 4998 2426 5052 In
2461 4998 2553 5053 illo
2586 5009 2828 5069 tempore
2861 5017 2874 5052 :
2909 4997 3067 5054 Venit
3109 5002 3174 5056 ad
3198 5000 3383 5056 Jesum

1802 5091 2078 5160 leprosus,
2103 5100 2235 5157 ctc.,
2286 5108 2448 5161 usque
2482 5091 2535 5146 in
2581 5091 2951 5147 testimonium
2997 5092 3124 5148 illis.
3156 5093 3387 5166 Oﬂcrto-

1803 5182 1960 5234 rium.
2019 5180 2288 5248 Domine,
2347 5181 2543 5236 exaudi
2601 5182 2902 5237 orationem
2966 5198 3184 5252 meatu,
3241 5187 3386 5240 etin

1803 5273 2062 5329 auxilium
2090 5289 2268 5330 meum
2300 5275 2527 5343 respice.
2571 5273 2983 5330 Confundantur
3007 5285 3064 5334 et
3095 5292 3385 5334 revereari-

1803 5375 1892 5421 tur
1943 5366 2149 5423 inimici
2202 5365 2328 5431 mei,
2377 5365 2470 5435 qui
2513 5376 2764 5436 quaerunt
2812 5357 3048 5423 animam
3104 5385 3280 5427 meam
3324 5383 3387 5428 ut

1805 5457 2052 5513 auferant
2081 5471 2223 5514 eam.
2251 5455 2482 5513 Secreta.
2506 5456 2749 5523 Placare,
2776 5473 3108 5526 quaesumus,
3134 5461 3384 5526 Domine.

1805 5551 2128 5607 humilitatis
2173 5566 2308 5607 mete
2335 5551 2607 5623 preCibus,
2659 5560 2714 5605 et
2755 5551 2844 5606 ubi
2896 5554 3042 5608 nulla
3084 5565 3379 5626 suppetunt

1805 5643 2057 5712 sitﬂragia
2095 5643 2432 5706 meritorum,
2469 5644 2573 5698 tuis
2622 5644 2754 5699 milii
2801 5660 3058 5702 succurre
3094 5645 3381 5715 prasidiis.

1808 5733 1926 5788 Per.
1956 5732 2287 5787 Communia.
2330 5733 2410 5787 Ab
2459 5734 2688 5790 occultis
2718 5737 2856 5791 meis
2884 5739 3081 5791 munda
3126 5752 3230 5800 me,
3262 5734 3384 5787 ὀο-

1809 5822 1972 5889 mine,
1997 5831 2049 5876 et
2079 5823 2146 5877 ab
2176 5822 2371 5894 alienis
2397 5839 2558 5892 parce
2596 5839 2753 5882 servo
2781 5836 2892 5881 tuo.
2924 5826 3378 5880 Postcommum'o.
