3846 6324
485 300 607 394 Μ’

1665 329 1836 387 διες.
1879 329 1946 386 XI
1987 329 2250 387 MONUM.
2288 331 2572 389 erunc.
3251 312 3260 318 ’
3635 331 3714 385 9n

485 429 846 500 Sumpsimus,
895 426 1139 490 Domine,
1185 424 1327 478 Deus
1377 423 1567 478 salutis
1619 434 1818 480 nostra:
1863 439 2050 479 sacra-
2085 428 2130 483 Α
2161 434 2328 490 tttam,
2369 436 2422 481 et
2467 426 2746 480 veritatem
2777 435 2919 480 tuam
2951 442 3046 498 per
3089 435 3330 482 noctem.
3367 425 3706 496 beanguim.

487 533 666 581 menta
707 523 945 578 cariestia
977 562 990 585 ,
1040 529 1278 589 praesta,
1341 533 1649 586 quaesumus
1676 560 1690 581 ,
1753 526 1812 572 ut
1875 533 2066 588 eorum.

483 614 823 686 participatio
853 613 983 666 mihi
1015 611 1217 665 famulo
1245 619 1335 665 tuo
1369 611 1435 665 ad
1470 619 1783 680 perpetuam
1814 610 2063 679 proﬁciat

483 707 732 761 salutem.
765 705 887 758 Per.

860 813 914 851 ΙΝ
953 813 1153 852 VlGlLlA
1195 810 1667 855 UNIUS.APOSTOL1-
1750 855 1755 858 _
1929 851 1935 870 ι

554 890 663 958 Ego
711 897 927 952 autem,
977 901 1084 942 etc.
1135 888 1341 942 Oratio.
1395 888 1567 953 Deus,
1622 887 1714 956 qui
1763 901 1863 941 nos
1914 884 2058 941 beati

479 979 708 1048 apostoli
743 979 815 1032 tui
871 977 940 1032 N.
995 978 1240 1032 natalitia
1271 977 1501 1048 gloriosa
1546 978 1738 1047 praeire
1781 977 2055 1040 concedis,

479 1071 655 1126 tribue
694 1070 868 1136 nobis,
901 1086 1235 1140 qutesumus,
1281 1071 1401 1140 ejus
1429 1085 1644 1139 semper
1689 1078 1742 1123 et
1780 1068 2057 1122 beneﬁciis

476 1162 804 1230 praeveniri,
854 1172 910 1216 et
967 1162 1305 1217 orationibus
1370 1161 1634 1229 adjuvari.
1689 1161 1810 1215 Per.
1866 1161 2054 1214 Lectio

476 1254 598 1308 libri
654 1254 964 1324 Sapientia}.
1020 1254 1216 1309 Beatus
1275 1254 1376 1318 vir,
1413 1264 1542 1320 etc.,
1604 1270 1764 1323 usque
1815 1252 2054 1307 Ecclesia

479 1353 812 1399 sanctorum.
851 1342 1121 1403 Graduale
1151 1355 1196 1398 et
1228 1363 1396 1406 versus
1423 1356 1478 1399 ut
1507 1346 1560 1398 in
1592 1346 1765 1398 editis.
1805 1345 2051 1413 Sequen-

478 1438 550 1490 tia
603 1437 772 1491 sancti
841 1437 1112 1506 Evangelii
1169 1439 1463 1492 secundum
1519 1438 1802 1493 Joannem.
1853 1439 1909 1492 lu
1963 1437 2053 1492 illo

479 1542 722 1601 tempore
748 1549 762 1585 :
791 1531 934 1584 Dixit
961 1530 1117 1585 Jesus
1140 1529 1417 1598 discipulis
1453 1530 1566 1583 suis
1591 1545 1605 1582 :
1639 1530 1748 1600 Ego
1779 1544 1898 1584 sum
1928 1530 2050 1584 vitis

479 1638 628 1687 vera,
656 1631 786 1684 etc.,
820 1638 980 1690 usque
1005 1620 1311 1690 impleatur.
1341 1616 1683 1686 O/ferlorittnt
1712 1629 1765 1672 ut
1796 1621 1847 1672 in
1874 1618 2046 1672 editis.

472 1713 712 1768 Secreta.
763 1710 1076 1772 Muneribus
1133 1710 1355 1774 nostris,
1425 1724 1756 1778 quaesumus,
1800 1711 2046 1777 Domine,

473 1801 617 1856 beati
645 1799 871 1869 apostoli
909 1801 980 1852 ιιιί
1105 1800 1239 1868 lcsta
1267 1801 1650 1870 pracvenimus,
1697 1799 1852 1867 cujus
1883 1802 2047 1855 meri-

473 1897 542 1951 tis
569 1912 668 1961 pro
692 1896 847 1952 nobis
873 1897 966 1951 tibi
993 1906 1145 1966 grata
1177 1897 1494 1950 reddantur.
1519 1881 1644 1950 Per.
1685 1895 1766 1948 Ad
1791 1906 2050 1964 postrem-

471 1989 792 2042 ntnnionent.
820 1986 1081 2055 Sumptis,
1107 1986 1353 2051 Domine,
1397 1987 1709 2042 coelestibus
1739 2003 2052 2042 sacramen-

474 2080 567 2142 tis,
608 2077 940 2146 majestalem
1002 2088 1148 2136 tuam
1194 2079 1504 2149 suppliciter
1552 2079 1926 2148 deprecamur,
1973 2089 2049 2146 ut,

471 2167 841 2222 intercedente
872 2170 1033 2223 beato
1061 2169 1305 2238 apostolo
1335 2178 1424 2224 tuo
1445 2168 1535 2234 Ν.,
1568 2170 1710 2238 quod
1743 2169 2048 2240 temporali-

473 2267 555 2312 ter
577 2259 835 2329 gerimus,
865 2260 931 2313 ad
963 2259 1130 2313 vitam
1163 2259 1440 2329 capiamus
1465 2268 1748 2314 aeternam.
1781 2261 1906 2315 Per.

605 2365 755 2404 IIISSA
795 2367 847 2405 IN
889 2367 1086 2406 NATALI
1126 2367 1471 2406 ηυιιηιοιιυκ
1507 2366 1916 2408 APOSTOLOBUM.

543 2442 730 2496 Intret.
767 2441 971 2495 Oratio.
1011 2443 1284 2506 Concede,
1328 2457 1660 2511 quaesumus,
1703 2444 2049 2511 omnipotens

472 2535 640 2598 Deus,
685 2545 744 2590 ut
786 2535 926 2589 sicut
970 2534 1338 2610 apostolorum
1373 2534 1486 2588 NN.
1522 2534 1755 2603 gloriosa
1803 2535 2046 2588 natalitia

469 2626 846 2696 praivenimus,
879 2626 958 2680 sic
980 2640 1044 2680 ac
1074 2634 1163 2682 tua
1194 2625 1842 2695 beneticia'promerenda
1874 2625 2047 2696 maje-

471 2727 666 2773 statetn
701 2727 849 2774 tuam
875 2733 974 2787 pro
1005 2719 1163 2774 nobis
1192 2716 1294 2787 ipsi
1325 2718 1679 2787 praeveniunt.
1711 2717 1834 2773 Per.
1862 2718 2049 2773 Lectio

469 2810 728 2880 Epistolae
768 2811 914 2865 beati
942 2809 1094 2866 Pauli
1125 2809 1354 2880 apostoli
1387 2811 1453 2866 ad
1492 2810 1774 2880 Ephesios.
1804 2809 2046 2876 Fratres,

470 2904 764 2972 unicuique
793 2912 1052 2970 vestrum,
1083 2913 1214 2969 etc.,
1257 2919 1418 2972 usque
1441 2903 1774 2973 plenitudine
1816 2903 2042 2958 Christi.

471 2993 765 3050 Gradualc.
815 2994 1061 3060 Vindice,
1095 2995 1342 3060 Domine,
1385 2997 1702 3066 sanguinem
1733 3006 2046 3050 sanctorum

2167 516 2278 584 Ego
2323 531 2439 570 sum
2473 517 2617 570 vilis.
2666 516 3007 587 Oﬂ'ertorium
3047 520 3255 590 require
3306 532 3468 572 retro.
3517 519 3711 573 δίαιτα.

2165 608 2397 676 Accepta
2430 609 2524 662 tibi
2557 609 2646 676 sit,
2673 611 2923 674 Domine,
2955 622 3152 666 nostra:
3187 612 3493 666 devotionis
3521 614 3714 669 oblatio.

2167 708 2222 752 ιιι
2253 701 2318 753 ad
2346 702 2519 755 sancti
2549 701 2609 754 N.
2645 703 2898 773 puriores
2934 720 3032 759 nos
3065 706 3444 769 l'aciatvenirc
3476 703 3715 758 festivus-

2166 799 2297 844 tctn.
2323 791 2447 846 Per.
2483 791 2813 848 Communia.
2861 794 3054 864 Magna
3097 806 3183 849 est
3227 797 3402 864 gloria
3440 796 3493 848 in
3525 796 3714 850 Salutari

2165 891 2274 935 tuo.
2342 883 2422 934 Ad
2477 886 3032 951 postcontmunionem.
3075 885 3282 939 Prmsta
3347 887 3547 946 nobis,
3602 885 3718 939 Deus

2161 982 2364 1028 mterne
2393 973 2640 1045 largitor,
2681 976 2798 1045 ejus
2824 979 3024 1048 ubique
3069 980 3157 1050 pia
3188 979 3405 1050 protegi
3433 979 3718 1040 devotione.

2160 1067 2313 1137 cujus
2363 1068 2607 1122 natalitia
2649 1086 2748 1139 per
2804 1071 2919 1125 haec
2968 1081 3179 1138 sancta,
3228 1087 3352 1140 qua:
3395 1071 3718 1140 sumpsimus,

2158 1159 2340 1214 votivo
2367 1160 2724 1229 prcevenimus
2759 1159 3038 1230 obsequio.
3066 1159 3190 1215 Per.

2438 1268 2589 1306 IIISSA
2630 1267 2681 1306 IN
2719 1268 2914 1308 NATALI
2955 1268 3111 1308 UNIUS
3159 1268 3456 1308 HABTYRIS.

2227 1342 2543 1409 Laetabitur,
2577 1354 2708 1409 etc.,
2739 1356 2792 1397 ut
2823 1346 2874 1398 in
2903 1345 3079 1398 editis.
3108 1343 3319 1398 Oratio.
3363 1342 3583 1397 Votivos
3619 1361 3720 1404 nos.

2157 1448 2488 1502 quaesumus,
2540 1435 2683 1488 beati
2734 1434 2796 1488 N.
2852 1435 3106 1506 martyris
3160 1436 3236 1488 tui
3286 1435 3488 1489 natalis
3529 1451 3723 1506 senin

2155 1526 2411 1593 excipiat,
2445 1526 2534 1594 qui
2576 1535 2629 1580 et
2669 1527 3070 1600 jucunditatem
3115 1526 3272 1580 nobis
3313 1543 3427 1581 sua:
3474 1526 3723 1596 gloriﬁca-

2157 1616 2320 1670 tionis
2367 1617 2651 1681 infundat,
2693 1628 2744 1670 et
2787 1618 2878 1671 tibi
2910 1634 3006 1671 nos
3049 1618 3242 1672 reddat
3288 1631 3566 1689 acceptos.
3617 1620 3722 1672 Per.

2153 1704 2340 1760 Lectio
2411 1707 2532 1762 libri
2601 1707 2914 1776 Sapientiae.
2984 1707 3200 1762 Justum
3265 1709 3497 1764 deduxit
3565 1711 3723 1763 Domi-

2159 1815 2279 1863 nus,
2335 1808 2463 1865 ctc.,
2506 1801 2666 1869 usque
2721 1801 2860 1855 Deus
2897 1809 3100 1854 noster.
3147 1800 3440 1855 Graduale.
3487 1801 3725 1868 Posuisti,

2158 1891 2429 1954 Domine,
2487 1905 2652 1959 super
2711 1901 2875 1959 caput
2927 1891 3043 1960 ejus
3119 1907 3380 1946 coronam
3446 1894 3517 1948 de
3574 1895 3728 1962 lapide

2155 1983 2411 2050 pretioso.
2466 1981 2806 2036 Desiderium
2862 1984 3056 2037 anima:
3093 1985 3211 2054 ejus
3256 1985 3500 2040 tribuisti
3551 1988 3631 2050 ei,
3682 1998 3728 2042 et

2156 2072 2430 2127 voluntate
2456 2073 2718 2128 labiorum
2747 2073 2865 2142 ejus
2892 2091 2995 2128 non
3025 2075 3290 2130 fraudasti
3314 2091 3465 2130 eum.
3493 2077 3724 2131 Alleluia.

2154 2163 2452 2218 Laetabitur
2475 2163 2657 2232 justus
2708 2166 2760 2220 in
2793 2166 3045 2235 Domino,
3085 2177 3140 2220 et
3192 2170 3444 2237 sperabit
3473 2171 3526 2223 in
3563 2187 3644 2234 eo,
3680 2181 3726 2224 ct

2153 2257 2520 2312 laudabuntur
2573 2273 2763 2313 omnes
2809 2261 2940 2314 reeti
2989 2261 3174 2314 corde.
3223 2261 3526 2330 Sequentia
3570 2265 3724 2318 sancti

2152 2335 2434 2418 Evangelii
2477 2349 2775 2402 secundum
2821 2348 3042 2403 Lucam.
3074 2349 3134 2404 lu
3166 2350 3259 2405 illo
3294 2361 3576 2422 tempore:
3600 2353 3726 2407 Dixit

2151 2439 2310 2495 Jesus
2336 2440 2614 2509 discipulis
2641 2440 2754 2494 suis
2781 2459 2792 2493 :
2821 2441 2875 2496 Si
2907 2442 3050 2510 quis,
3077 2453 3210 2510 etc.,
3247 2461 3412 2515 usque
3434 2461 3557 2500 esse
3581 2447 3727 2500 disci-

2151 2532 2327 2601 pulus.
2363 2533 2725 2602 Uﬁ‘crtorium,
2772 2545 2992 2598 secreta,
3040 2536 3343 2589 communio
3394 2546 3448 2592 et
3486 2548 3726 2606 posti-oat-

2155 2624 2354 2688 munio,
2388 2633 2440 2676 ut
2471 2628 2523 2677 in
2548 2625 2722 2677 editis.

2364 2730 2513 2770 MISSA
2555 2731 2711 2770 UNIUS
2749 2730 3017 2769 MARTYRIS
3055 2731 3161 2771 NON
3199 2733 3532 2774 PONTIFICIS.

2223 2805 2406 2860 Justus
2458 2823 2561 2861 non
2614 2808 3052 2874 conturbabitur,
3091 2810 3220 2879 quia
3257 2809 3525 2866 Dominus
3569 2812 3728 2864 firmat

2151 2914 2344 2953 manus
2385 2899 2523 2968 ejus,
2579 2908 2687 2954 tota
2742 2901 2828 2954 die
2880 2903 3171 2955 miseretur
3209 2913 3264 2956 et
3313 2905 3642 2967 commodat,
3683 2916 3729 2957 et

2152 3009 2332 3047 semen
2363 2992 2483 3060 ejus
2515 2993 2566 3045 in
2609 2993 2988 3047 benedictione
3046 2995 3172 3059 erit,
3217 2995 3269 3048 itt
3322 3004 3590 3049 aeternum
3622 3013 3729 3050 coa-

474 3097 712 3152 tuorum,
739 3089 830 3156 qui
868 3086 1077 3142 etfnsus
1103 3097 1209 3142 est.
1243 3086 1544 3143 Posuerunt
1576 3089 1823 3143 mortalia
1859 3103 2044 3143 servo—
2073 3121 2121 3186 ο
2153 3084 2477 3138 servabilur.
2519 3083 2663 3136 Ρδαιι
2698 3083 2818 3138 Noli
2864 3083 3129 3138 mmlllari-
3180 3083 3395 3140 θναιὲοο
3446 3086 3608 3151 Deus,
3650 3091 3726 3157 qui

470 3192 589 3231 rum
624 3186 839 3232 tuorum
883 3193 1037 3232 escas
1065 3178 1377 3233 volatilibus
1423 3179 1566 3245 eteli,
1596 3195 1788 3234 carnes
1831 3190 2047 3236 sancto-

469 3284 588 3323 rum
619 3279 830 3323 tuorum
875 3269 1063 3324 bestiis
1102 3279 1279 3325 terrm.
1319 3270 1609 3340 Sequentia
1651 3273 1822 3326 sancti
1872 3273 2047 3327 Evan-

465 3359 593 3432 gelii
623 3362 918 3416 secundum
948 3361 1285 3416 Matuta-unt.
1320 3362 1377 3416 1n
1407 3363 1499 3417 illo
1526 3373 1765 3434 tentpore
1801 3382 1814 3417 ε
1839 3365 2047 3419 Circui—

467 3455 561 3508 bat
611 3452 789 3519 Jesus,
854 3464 986 3517 etc.,
1055 3470 1216 3524 usque
1269 3454 1436 3525 gratis
1487 3455 1630 3508 date.
1681 3453 2043 3524 Oﬁ‘ertorium.

451 3547 828 3615 .Exsullabunt
857 3547 1032 3601 sancti
1065 3545 1117 3600 in
1162 3545 1350 3616 gloria,
1386 3545 1712 3600 laetabuntur
1759 3546 1811 3599 itt
1852 3545 2046 3600 cubili-

468 3640 570 3693 bus
620 3640 765 3704 suis,
821 3638 1180 3702 exaltationcs
1246 3636 1339 3690 Dei
1407 3639 1458 3691 in
1533 3636 1780 3690 faucibus
1835 3651 2043 3690 corum.

471 3728 706 3784 Secreta.
767 3729 1078 3784 Muneribus
1128 3730 1330 3786 nostris
1387 3729 1753 3802 apostolorum
1810 3738 2044 3794 tuorum,

469 3821 716 3884 Domine,
751 3819 885 3876 festa
929 3821 1205 3891 praeimus,
1237 3822 1515 3876 humiliter
1552 3821 1922 3894 implorantes,
1965 3829 2045 3886 ut,

469 3930 590 3982 qua:
637 3915 986 3968 conscientiae
1029 3925 1226 3984 nostrae
1275 3916 1685 3986 praepediuntur
1728 3914 2045 3980 obstaculis,

469 4005 680 4058 illorum
729 4007 936 4061 meritis
981 4007 1072 4060 tibi
1105 4018 1260 4078 grata
1290 4011 1602 4064 reddantur.
1637 4009 1759 4063 Per.
1799 4008 2049 4063 Cominu-

467 4100 572 4150 nio.
618 4097 892 4154 Justorum
943 4101 1138 4156 anima:
1185 4103 1236 4155 in
1293 4119 1454 4155 manu
1510 4102 1600 4155 Dei
1647 4111 1790 4164 sunt,
1836 4110 1891 4156 et
1938 4118 2045 4156 non

462 4198 647 4264 tanget
687 4188 805 4260 illos
875 4198 1202 4245 tormentum
1263 4190 1501 4262 malitia).
1561 4189 1674 4244 Visi
1729 4201 1856 4244 sunt
1915 4207 2043 4246 ocu-

370 4343 374 4348 _
465 4281 551 4347 lis,
591 4290 699 4336 etc.
743 4282 824 4334 Ad
878 4283 1434 4346 postcommnnionem.
1487 4283 1748 4354 Sumptis,
1798 4283 2042 4345 Domine,

464 4375 777 4429 toeleslibus
809 4374 1191 4448 sacramentis,
1228 4375 1564 4450 majestalem
1606 4384 1751 4429 tuam
1792 4375 2046 4445 supplici-

2155 3189 2254 3227 nns
2282 3173 2344 3226 N.
2377 3175 2630 3244 martyris
2659 3183 2711 3228 et
2741 3173 3133 3228 intercessione
3175 3174 3484 3246 l:etilicas,‘j,i
3510 3179 3726 3230 concede

2150 3266 2439 3336 prepitius,
2468 3277 2526 3320 ιιι
2559 3268 2648 3335 qui
2680 3265 2797 3334 ejus
2845 3266 3108 3322 beneficia
3139 3269 3444 3336 poscimus,
3472 3271 3611 3322 dono
3638 3279 3726 3322 tua

2152 3360 2340 3428 gratim
2383 3374 2799 3427 cmisequamur.
2845 3359 2968 3413 Per.
3021 3357 3210 3412 Lectio
3263 3359 3390 3413 libri
3422 3358 3724 3429 Sapientir.

2152 3449 2350 3503 Beatus
2401 3450 2513 3513 vir,
2580 3457 2727 3514 etc.,
2778 3465 2940 3520 usque
2992 3449 3134 3504 Deus
3189 3461 3400 3504 noster.
3462 3450 3724 3510 Posuisti.

2153 3541 2400 3594 Domine.
2429 3539 2786 3594 Desiderium.
2836 3539 3085 3595 Alleluia.
3128 3542 3390 3598 Posuisti.
3444 3545 3724 3614 Sequentia

2151 3633 2324 3686 sancti
2354 3632 2633 3700 Evangelii
2665 3633 2962 3687 secundum
2989 3633 3216 3689 Lucam.
3249 3635 3307 3690 In
3339 3636 3432 3691 illo
3465 3648 3724 3707 tempore:

2153 3727 2295 3780 Dixit
2325 3725 2586 3781 Dominus
2619 3726 2774 3782 Jesus
2821 3728 3098 3798 discipulis
3135 3731 3286 3785 suis:
3331 3730 3389 3786 Si
3450 3733 3574 3802 quis
3609 3733 3724 3792 vult.

2152 3837 2313 3890 usque
2378 3836 2602 3891 regnum
2659 3820 2773 3876 Dei.
2822 3821 3189 3892 Oﬂ'ertorium.
3242 3825 3297 3878 In
3353 3827 3560 3881 virtute
3626 3839 3723 3886 tua.

2151 3914 2412 3977 Domine,
2467 3913 2736 3967 laetabitur
2788 3913 2998 3980 justus,
3060 3925 3208 3980 etc.,
3269 3933 3435 3986 usque
3493 3919 3708 3973 Domine

2151 4004 2384 4058 Secreta.
2419 4002 2659 4068 Munera,
2698 4004 2939 4068 Domine,
2984 4003 3166 4058 oblata
3208 4009 3515 4074 sanctifica,
3565 4020 3624 4064 et
3659 4012 3726 4062 in-

2153 4096 2462 4150 tercedente
2494 4098 2651 4150 beato
2685 4095 2756 4147 Ν.
2815 4109 3055 4165 martyre
3103 4106 3215 4162 tuo,
3259 4114 3360 4152 nos
3425 4115 3524 4168 per
3563 4103 3672 4155 hac
3699 4119 3723 4151 ι

2149 4198 2499 4256 peccatorum
2529 4196 2836 4241 nostrorum
2869 4187 3095 4242 maculis
3120 4192 3380 4244 etnunda.
3424 4191 3550 4247 Per.
3583 4191 3723 4246 Can-

2148 4280 2348 4333 munio.
2399 4279 2588 4349 Magna
2627 4286 2710 4332 est
2735 4278 2904 4345 gloria
2939 4279 3054 4348 ejus
3084 4281 3139 4333 in
3187 4281 3439 4336 salutari.
3474 4285 3554 4336 Ad
3599 4296 3723 4351 pas;-

2151 4375 2587 4426 commnnionem.
2617 4368 2980 4439 Sumpsimus,
3003 4372 3254 4435 Domine.
3300 4376 3354 4428 iit
3386 4379 3557 4429 sancti
3596 4395 3720 4429 mar-

470 4477 551 4540 ter
583 4468 962 4537 deprecantur,
995 4476 1077 4530 ut,
1112 4466 1572 4522 intercedentibus
1620 4469 1794 4524 beatis
1827 4478 2039 4538 aposto-
2072 4467 2123 4526 Ι)
2153 4466 2284 4534 tyris
2318 4467 2393 4518 tui
2425 4465 2487 4519 N.
2529 4467 2872 4524 solemnitate
2911 4467 3154 4523 ctelcstia
3191 4479 3562 4528 sacramenta.
3599 4469 3720 4537 ejus.

464 4560 529 4612 lis
555 4559 664 4636 tuis
689 4557 829 4623 ΝΝ.,
879 4559 1018 4627 quod
1053 4557 1420 4627 temporaliter
1459 4559 1720 4637 gerimus,
1771 4561 1838 4614 ad
1880 4561 2044 4614 vitam

465 4652 740 4722 capiamus
765 4661 1045 4724 teternam.
1078 4649 1200 4704 Per.
1464 4723 1466 4725 _
1565 4718 1568 4720 Π

614 4757 761 4796 MISSA
805 4759 856 4815 ΙΝ
898 4757 1095 4796 ιἰοιιιΑ
1138 4756 1554 4805 υκιυεοωυερυε
1596 4759 1876 4799 νοιυειιιε.

533 4833 646 4901 Ego
694 4841 872 4887 autem
909 4833 1050 4886 sicut
1083 4831 1222 4886 oliva
1266 4830 1587 4908 fructiticavi
1639 4835 1690 4886 in
1736 4818 1896 4888 domo
1937 4834 2040 4902 Do-

461 4924 617 4988 mini,
662 4923 874 4999 speravi
911 4923 964 4976 in
1012 4923 1386 4979 misericordia
1434 4925 1527 4978 Dei
1571 4911 1699 4988 tnei,
1751 4933 1804 4978 et
1853 4938 2044 4992 exspe-

456 5015 622 5068 ctabo
673 5028 869 5092 nomen
943 5023 1135 5078 tuum,
1202 5015 1460 5092 quoniam
1525 5016 1750 5100 bonum
1786 5023 1870 5069 est
1920 5023 2043 5067 ante

456 5115 810 5173 conspectum
840 5114 1148 5159 sanctorum
1188 5114 1420 5159 luorutn.
1477 5103 1624 5160 I’sal.
1669 5105 1806 5172 Quid
1848 5105 2044 5174 gloria-

463 5194 576 5248 ris?
607 5191 810 5268 Oratio.
838 5196 1089 5250 Concede
1139 5197 1314 5262 nobis,
1340 5210 1671 5264 quaesumus,
1700 5196 2042 5263 omnipotens

464 5287 629 5349 Deus,
693 5297 972 5341 venturam
1024 5288 1170 5342 beati
1232 5288 1292 5342 Ν.
1350 5289 1748 5344 solemnitatem
1801 5303 2039 5357 congruo

459 5380 763 5449 praivenire
816 5383 1041 5448 honore,
1086 5397 1142 5440 et
1192 5385 1506 5459 venientem
1557 5383 1714 5453 digna
1763 5381 2041 5436 celebrare

465 5469 832 5548 veneratione.
865 5472 990 5525 Per.
1019 5472 1202 5529 Lectio
1236 5474 1355 5528 libri
1395 5474 1702 5542 Sapientiae.
1727 5473 2040 5528 Benedictio

464 5560 699 5626 Domini,
765 5570 894 5626 etc.,
942 5579 1103 5632 usque
1147 5581 1343 5619 corona
1389 5565 1592 5636 glorias.
1624 5563 1908 5618 Graduale.
1950 5563 2040 5617 Ju-

463 5663 585 5734 stus
615 5663 671 5705 ut
718 5653 890 5722 palma
932 5653 1162 5719 llorebit,
1217 5658 1357 5710 sicut
1391 5658 1585 5711 cedrus
1613 5657 1804 5711 Libani
1861 5656 2039 5709 multi-

463 5743 768 5811 plicabitur.
805 5744 885 5798 Ad
931 5746 1356 5801 anuuntiandam
1405 5764 1563 5804 ntaue
1610 5749 2034 5803 misericordiam

2151 4575 2480 4628 qtncsutnus,
2516 4561 2902 4616 intercessione
2940 4560 3212 4630 largiaris,
3260 4572 3318 4614 ιιι
3351 4562 3498 4630 quod
3526 4572 3716 4630 tempo-

2151 4652 2335 4706 raliter
2359 4649 2618 4722 get‘itttits,
2653 4656 2870 4709 aeternis
2895 4653 3104 4724 gaudiis
3134 4668 3561 4722 consequamur.
3601 4653 3714 4706 Per.

2347 4761 2497 4799 MISSA
2530 4762 2580 4798 ΙΝ
2609 4761 2801 4800 ΝΛτΑιι
2836 4758 3175 4799 ιιιυιιιιιοιιωι
3214 4759 3539 4798 NARTYRUI.

2219 4837 2550 4905 Sapientiam
2583 4846 2912 4900 sanctorum,
2946 4845 3049 4891 etc.
3095 4833 3244 4888 l'sal.
3282 4835 3552 4896 Gaudete,
3579 4835 3717 4903 justi.

2149 4928 2352 4982 Oratio.
2389 4928 2674 4982 Beatorutn
2708 4939 3007 4998 martyrum
3039 4938 3254 4980 tuorum
3293 4925 3358 4980 Ν.
3381 4926 3463 4980 Ν.
3494 4929 3716 4979 meum

2146 5021 2470 5081 veneranda.
2501 5036 2830 5089 qua-sumus,
2866 5019 3108 5080 Domine,
3146 5018 3389 5072 Ecclesia
3424 5029 3513 5071 tua
3541 5020 3716 5071 demta

2147 5111 2424 5180 suscipiat,
2457 5121 2510 5164 et
2545 5111 2637 5164 ﬁat
2679 5127 2885 5181 magum
2915 5110 3327 5179 glorilicationis
3357 5125 3542 5168 amore
3570 5111 3716 5161 deve-

2147 5205 2273 5256 tior.
2302 5203 2423 5256 Per.
2451 5201 2636 5256 Lectio
2665 5199 2782 5256 libri
2815 5201 3122 5271 Sapientiae.
3148 5201 3356 5271 Lingua
3381 5203 3712 5270 sapientiam,

2144 5303 2274 5356 etc.,
2305 5309 2465 5364 usque
2503 5309 2530 5345 a
2559 5293 2803 5346 Domino.
2839 5288 3127 5345 Graduale.
3163 5291 3524 5345 Exsultabunt
3553 5303 3710 5343 sancti

2144 5382 2196 5435 iit
2224 5382 2410 5449 gloria,
2443 5381 2773 5434 lmtabuntur
2811 5381 2863 5434 in
2905 5379 3171 5435 cubilibus
3205 5381 3339 5434 suis.
3371 5383 3594 5434 Caritate
3627 5378 3714 5429 Do-

2145 5472 2587 5526 minocanticum
2621 5488 2841 5538 novum,
2875 5470 2990 5525 latis
3021 5470 3138 5539 ejus
3166 5473 3218 5525 itt
3247 5472 3487 5526 Ecclesia
3513 5479 3712 5525 sancto-

2143 5580 2282 5618 rum.
2330 5563 2574 5618 Alleluia.
2628 5562 2814 5618 Sancti
2859 5564 2956 5631 ttti,
2994 5563 3242 5626 Domine,
3278 5561 3540 5617 ﬂorebunt
3582 5561 3710 5615 sicut

2143 5658 2336 5723 lilium,
2367 5667 2420 5710 et
2446 5656 2982 5711 sicntodor'halsami
3014 5666 3172 5710 erunt
3213 5667 3338 5709 ante
3370 5667 3439 5709 te.
3484 5655 3708 5722 Sequen-

2144 5749 2213 5801 tia
2257 5748 2428 5802 sancti
2480 5745 2753 5818 Evangelii
2804 5747 3094 5801 secundum
3153 5745 3478 5800 llatthteutn.
3525 5744 3581 5796 lu
3629 5743 3708 5793 tlte
