3846 6324
80 368 216 425 945

1009 326 1352 426 cxcsnrr.
1384 366 1476 422 ex
1507 365 1708 421 conn.
1736 360 2012 419 mune.
2042 361 2569 419 FUNTAVELLAN.

3261 367 3359 422 Μ(

82 495 354 553 tempore
383 502 395 536 :
427 483 626 537 Videas
655 483 832 550 Iesus,
861 493 990 549 etc.,
1021 503 1182 556 usque
1217 487 1268 540 in
1310 487 1482 541 caelis.
1516 482 1688 549 ΟίῙρν-
1719 482 1777 540 Λ
1799 487 1878 533 tes
1910 479 2120 532 meritis
2146 478 2316 548 ipsius
2342 489 2686 548 protegantur
2716 487 2770 532 et
2798 479 3063 552 precibus.
3093 480 3215 535 Per.
3250 484 3393 560 Epit

76 573 326 626 torium.
375 573 634 628 Mirabilis
670 575 830 638 Deus,
872 585 976 630 etc.
1025 576 1256 631 Secreta.
1301 578 1524 633 Munera
1568 578 1686 642 tibi,

76 661 357 731 Doriiine,
385 677 490 720 etc.
532 664 977 722 Poslcammunio.
1020 668 1265 740 Prolege.
1297 670 1544 732 Domine,
1578 669 1687 739 ple-

76 752 225 806 hem
270 765 442 819 tuam,
476 765 530 810 et
576 773 738 827 quam
785 759 838 812 in
885 769 1178 830 martyrum
1217 771 1428 814 tuorum
1472 761 1688 816 assidue

77 847 300 906 tribuis
358 849 646 905 festivitate
692 851 968 916 devotam,
1031 853 1122 908 tibi
1173 869 1386 923 semper
1433 855 1684 924 placitam

73 936 215 991 fieri
251 940 503 1006 precibus
529 942 1072 1009 concedejustorum.
1102 943 1224 1000 Per.
1281 1008 1283 1011 ι

275 1044 427 1084 ιιιεςιι
469 1046 590 1084 ΑιιΑ
631 1047 682 1084 IN
715 1048 910 1086 ΝΑτΑιι
942 1050 1172 1088 Ριυιιιωι
1209 1049 1521 1089 MARTYRUM.

157 1119 363 1185 Intret,
399 1132 501 1177 etc.
570 1124 773 1178 Oratio.
827 1127 987 1191 Deus,
1023 1127 1112 1197 qui
1165 1143 1280 1182 nos.
1334 1127 1518 1184 Lectio
1563 1128 1683 1182 libri

68 1207 417 1278 Sapientia}.
460 1212 667 1274 Reddet
695 1215 836 1269 Deus
877 1217 1182 1272 mercedem
1225 1217 1489 1286 laborum,
1525 1235 1683 1286 usque

71 1299 332 1364 nurnine
377 1301 516 1357 Deus
587 1315 791 1359 noster.
843 1307 960 1360 Alia
1010 1308 1170 1363 lectio
1212 1308 1466 1378 Epistulae
1537 1309 1682 1364 beati

67 1388 248 1443 Pauli
281 1393 506 1462 apostcli
536 1394 600 1447 ad
624 1395 898 1450 Hebrxeos.
927 1398 1166 1464 Fratres,
1191 1402 1362 1454 sancti
1389 1416 1483 1468 per
1500 1399 1676 1464 fidem,

69 1499 258 1550 usque
293 1484 517 1538 Domino
553 1497 758 1543 nostro.
801 1489 1050 1555 Vindice,
1087 1491 1331 1555 Domine,
1365 1493 1678 1562 sanguinem

66 1583 412 1629 sanctorum
446 1586 680 1646 tuorum,
707 1581 798 1650 qui
844 1581 1044 1636 effusus
1071 1593 1175 1637 est.
1213 1583 1514 1640 Posuerunt
1541 1603 1682 1641 mor-

68 1664 222 1716 talia
272 1681 551 1723 servorum
590 1680 799 1726 tuorum
840 1689 994 1728 escas
1033 1675 1340 1731 volatilibus
1377 1678 1519 1740 caeli,
1555 1693 1680 1751 car-

66 1768 188 1808 nes
229 1767 542 1811 sanctorum
583 1770 794 1814 tuorum
847 1763 1031 1818 bestiis
1062 1774 1239 1835 terrai,
1277 1767 1525 1822 Alleluia.
1559 1769 1679 1824 “33C

62 1854 169 1897 ρει
219 1861 349 1899 vera
413 1848 741 1914 fraternitas,
793 1869 912 1920 qua:
963 1857 1130 1910 vincit
1187 1859 1368 1912 mundi
1425 1859 1673 1931 crimina,

63 1936 370 1990 (llis-istum
423 1949 604 1994 secuta
637 1955 740 2006 est,
774 1945 968 2015 inclyta
1000 1958 1188 2002 tenens
1219 1952 1672 2028 rt-gnavctelestia.

67 2024 389 2092 Sequi-mia
425 2031 596 2084 sancti
639 2031 910 2101 Evangelii
951 2039 1245 2091 secundum
1282 2024 1499 2104 Lucam,
1538 2053 1592 2096 nl
1625 2045 1675 2097 in

60 2112 244 2166 editis
267 2115 321 2168 in
341 2117 508 2185 prium
533 2122 711 2174 missa.
739 2122 1414 2192 O/fertorium.L'etamini.
1442 2131 1672 2186 Secreta.

65 2197 337 2260 Munera.
372 2205 700 2264 Communia.
735 2213 1009 2269 Justorum
1051 2219 1264 2274 animm.
1313 2219 1677 2276 Postcomntu-

61 2296 196 2348 nfo.
232 2296 434 2353 Pl'ﬂ‘Slil
474 2303 647 2368 nobis,
686 2315 790 2359 etc.
867 2311 870 2316 ’

450 2410 598 2448 κιδελ
633 2413 682 2452 ΙΝ
719 2416 911 2455 ΝΑτΑιι
951 2417 1316 2459 CONFESSORIS.

154 2479 503 2548 Sacerdotes,
546 2498 648 2541 etc.
705 2489 906 2544 Oratio.
951 2493 1060 2558 Da,
1107 2511 1434 2563 qttaisutnus.
1489 2497 1672 2552 Lectio

62 2572 153 2640 13,-.
171 2575 344 2626 istolte
368 2578 545 2631 eadem
569 2598 685 2648 ante
711 2583 763 2636 in
787 2588 1048 2640 communi
1068 2587 1358 2641 doctorum.
1385 2587 1670 2646 Crat/uale.

66 2664 230 2718 lit-ce
276 2669 549 2724 sacerdos.
602 2672 845 2727 Alleluia.
878 2675 1058 2730 Inveni
1105 2679 1291 2732 David.
1335 2678 1670 2750 Erangelium

60 2759 332 2810 secundm
359 2760 549 2814 missa’.
587 2761 926 2833 Offertorium
958 2770 1137 2836 prima:
1176 2774 1348 2827 missa:
1389 2777 1667 2831 editurum.

61 2845 320 2902 Secreta.
369 2850 551 2908 Sacris
598 2858 888 2927 altaribus,
930 2861 1184 2932 Domine,
1237 2867 1444 2924 hostias
1487 2887 1671 2939 super-

61 2938 324 3004 pnsitas,
374 2958 712 3010 quaesumus,
770 2958 826 3002 ιιι
877 2961 1097 3008 sanctus
1149 2965 1269 3013 tuus
1316 2957 1379 3013 N.
1428 2938 1668 3028 pontifex

61 3038 251 3093 atque
291 3032 568 3088 confessor
620 3038 670 3090 in
717 3039 944 3094 salutem
991 3046 1143 3100 nobis
1183 3051 1466 3116 provenire
1503 3051 1669 3120 depo-

1791 569 1943 621 s'ola.
1993 569 2238 631 Fratres,
2286 571 2375 638 qui
2424 570 2701 638 gloriatur.
2761 573 3044 628 Cratluale.
3100 575 3362 662 Dilexisti.

1791 659 2036 713 Alleluia.
2087 658 2309 714 Dilfusa.
2350 658 2710 731 Evangelium.
2752 663 2958 719 Simile.
3003 658 3362 736 O/fertorium.

1789 749 2094 805 Offerenlur
2125 751 2252 820 regi.
2287 749 2516 806 Secreta.
2545 753 2678 808 Vota
2708 757 2886 825 populi
2916 757 3008 819 tui,
3037 775 3373 828 qua:sumus,.

1747 835 2032 905 'Domine,
2080 842 2401 910 propitiatus
2435 844 2668 907 intende.
2719 855 2775 901 et
2825 848 2978 918 cujus
3030 866 3126 905 nos
3176 853 3388 927 tribuis.

1787 930 2045 985 solemnia
2099 931 2402 1000 celebrare,
2460 932 2544 988 fac
2601 937 2834 1006 gaudere
2897 939 3182 1010 suffragiis.
3240 943 3370 1004 Per.

1696 1091 1700 1096 ~
1787 1019 2115 1077 Communia.
2147 1022 2393 1095 Quinque
2418 1027 2727 1096 prudentes.
2760 1027 3202 1089 Pastcommunio.
3229 1037 3366 1105 Sup-

1786 1113 1955 1184 plices
1993 1125 2045 1169 te
2095 1130 2375 1186 rogamus,
2426 1119 2768 1188 omnipotens
2819 1120 2988 1186 Deus,
3035 1132 3090 1177 nt
3134 1126 3363 1180 interve-

1787 1204 1966 1258 niente
2007 1205 2165 1259 beata
2205 1204 2269 1258 N.
2316 1218 2552 1278 martyre
2582 1218 2692 1275 tua,
2721 1219 2775 1265 et
2818 1222 2905 1266 tua
2950 1213 3001 1266 in
3043 1217 3194 1270 nobis
3226 1220 3360 1272 dona

1785 1294 2128 1364 multiplices,
2156 1305 2210 1350 et
2237 1306 2480 1367 tempora
2512 1309 2695 1356 nostra
2717 1303 2991 1372 disponas.
3023 1305 3142 1360 Per.

2197 1403 2320 1442 ALIA
2356 1405 2503 1445 HISSA
2535 1408 2600 1446 DE
2630 1408 2948 1451 VIRGINIDUS.

1853 1472 2126 1539 Introitus,
2168 1480 2399 1547 psalmus
2430 1489 2479 1534 et
2515 1483 2704 1546 oratio,
2733 1495 2787 1535 ut
2828 1485 2878 1536 in
2916 1485 3067 1539 editis
3107 1488 3161 1540 in
3195 1489 3364 1558 prima

1784 1569 1937 1631 unius
2004 1553 2240 1638 virginis.
2301 1570 2484 1626 Lectio
2539 1573 2660 1628 libri
2724 1573 3030 1646 Sapientia}.
3090 1578 3364 1649 Sapientia

1785 1657 1951 1710 vincit
2004 1658 2296 1724 malitiam,
2353 1679 2514 1732 usque
2563 1663 2842 1734 disciplina
2899 1665 3014 1719 Dei.
3076 1665 3362 1724 Graduale.

1783 1745 1973 1816 Specie
2004 1758 2112 1803 tua.
2149 1751 2392 1806 Alleluia.
2425 1753 2468 1809 Ο
2501 1769 2658 1822 quam
2705 1755 2926 1824 pulchra
2969 1768 3046 1811 est
3087 1771 3234 1814 casta
3275 1777 3365 1832 ge-

1713 1823 1754 1880 Β
1784 1841 1988 1895 neratio
2027 1855 2147 1894 cum
2181 1844 2447 1897 claritate.
2487 1844 2824 1915 Evangelimn
2867 1858 2919 1900 ut
2949 1849 3000 1901 in
3028 1850 3178 1904 editis
3208 1855 3363 1906 unius

1780 1933 2024 2000 martyris
2091 1950 2192 1987 non
2259 1935 2494 2004 virginis.
2548 1937 2916 2006 Offerlorium.
2951 1940 3096 1995 Filia:
3151 1958 3358 2015 regum.

1779 2019 2010 2087 Secreta,
2055 2029 2349 2080 communio
2393 2037 2439 2079 et
2481 2032 2915 2098 postcommunio,
2949 2048 2999 2085 ut
3033 2033 3085 2087 in
3127 2035 3277 2088 editis
3308 2037 3362 2090 in

1777 2116 2004 2167 secunda
2032 2117 2188 2170 unius
2220 2118 2448 2186 virginis.

2187 2225 2334 2262 MISSA
2367 2227 2419 2263 IN
2454 2228 2538 2265 DIE
2572 2228 2956 2270 DEPOSITIONIS.

1849 2297 2120 2368 Rogamus
2165 2312 2247 2369 te,
2299 2303 2522 2358 Domine
2565 2305 2704 2360 Deus
2753 2316 2956 2370 uoster,
3003 2317 3059 2362 ut
3096 2312 3390 2378 suscipias

1777 2390 2010 2442 animam
2056 2391 2214 2459 hujus
2262 2395 2522 2457 defuncti,
2559 2412 2655 2465 pro
2699 2413 2804 2466 quo
2845 2401 3157 2468 sanguinem
3208 2412 3356 2456 tuum

1779 2477 1978 2531 fndis-ti.
2021 2479 2342 2548 Recordare,
2392 2483 2633 2548 Domine,
2683 2489 2804 2554 quia
2853 2489 3024 2557 pulvis
3068 2507 3270 2556 sumus,
3304 2503 3358 2549 et

1776 2569 1936 2624 homo
1981 2572 2120 2627 sicut
2169 2572 2370 2639 femun,
2403 2585 2456 2630 ct
2507 2576 2604 2631 flos
2641 2579 2774 2649 agri.
2826 2577 2972 2633 Psal.
3018 2581 3084 2636 Et
3123 2583 3263 2638 sicut
3303 2587 3356 2652 in

1773 2661 1941 2714 Adam
1991 2679 2179 2718 omnes
2225 2667 2543 2727 moriuntur.
2583 2668 2654 2722 ita
2704 2678 2757 2724 et
2806 2671 2857 2724 in
2903 2671 3119 2728 Christo
3167 2690 3360 2730 ornncs

1774 2754 2206 2810 viviﬁcabuntur.
2236 2756 2439 2812 Oratio.
2476 2761 2634 2824 Deus,
2661 2761 2746 2816 cui
2775 2765 3048 2833 proprium
3081 2776 3161 2819 cst
3189 2767 3351 2821 mise-

1775 2846 1909 2911 reri,
1959 2857 2064 2902 etc.
2105 2848 2290 2904 Lectio
2333 2851 2585 2920 Epistolte
2635 2853 2772 2908 beati
2819 2855 2969 2909 Pauli
3013 2859 3238 2926 apostoli
3286 2861 3351 2914 ad

1773 2940 2299 2999 Thessalonicenses.
2325 2946 2649 3013 Fratres,de
2672 2951 3001 3020 temporibus
3025 2961 3079 3007 et
3107 2971 3351 3010 momen-

1775 3032 1862 3099 tis,
1888 3042 1994 3088 etc.
2024 3051 2184 3106 usque
2216 3047 2459 3094 mortuus
2487 3048 2570 3092 est
2597 3055 2695 3109 pro
2722 3042 2896 3096 nobis.
2925 3042 3211 3099 Gradualc.
3249 3046 3352 3124 Qui9

60 3127 222 3170 seat.
277 3119 584 3179 Communia
643 3124 886 3185 secunda:
948 3135 1138 3190 missw.
1215 3125 1780 3224 Pastcommunio.cl

1772 3125 2034 3181 Lazarum
2073 3129 2405 3185 resuscitasti
2449 3146 2481 3185 a
2526 3143 2877 3189 monumento
2907 3135 3153 3201 fetidum,
3187 3146 3239 3189 tu
3269 3119 3354 3207 ei,

62 3209 236 3262 Beati
271 3213 596 3270 confessoris
628 3220 700 3272 tui
730 3219 816 3285 N.,
850 3222 1091 3290 Domine,
1117 3227 1385 3297 suffragiis
1409 3246 1666 3289 exoratus

61 3313 340 3370 percepta
373 3311 697 3364 sacramenti
733 3315 802 3365 tui
841 3331 938 3369 nos
971 3319 1165 3374 virtute
1193 3321 1440 3378 defende.
1471 3325 1593 3380 Per.

57 3410 229 3448 MISSA
282 3411 380 3451 PBO
417 3415 724 3459 IUNIORIBUS
768 3422 1213 3477 CONFESSORIBUS,
1258 3432 1344 3478 QUI
1391 3433 1492 3472 NON
1532 3436 1667 3476 SUN'I'

717 3492 1044 3534 PONTIFICES.

147 3557 429 3626 Introitttr,
457 3574 503 3617 et
545 3569 715 3621 oratio
765 3570 830 3622 de
878 3577 1141 3628 communi
1182 3578 1448 3634 abbatum.
1481 3581 1664 3639 Lectio

54 3650 201 3704 libri
255 3651 567 3722 Sapientiae.
615 3658 924 3717 Benedictio
953 3665 1185 3734 Dotnini,
1240 3687 1400 3740 usque
1452 3674 1657 3740 gloriae.

51 3741 366 3799 Craduale.
415 3747 488 3803 Os
531 3751 684 3819 jusd,
735 3771 896 3823 usque
949 3772 1168 3826 gressus
1231 3761 1366 3829 ejus.
1411 3765 1659 3824 Alleluia.

51 3836 312 3890 Amavit.
349 3838 707 3912 Erangelium.
754 3847 998 3916 Vigilatc.
1049 3852 1408 3921 Oﬂ'ertarium.
1444 3857 1664 3913 Deside-

56 3929 241 3981 riutn.
272 3929 499 3985 Secreta.
537 3935 751 3991 llostias
784 3941 896 4004 tibi,
931 3942 1172 4008 Domine,
1207 3963 1303 4015 pro
1333 3965 1661 4006 commemo-

53 4019 289 4074 ratione
327 4027 497 4078 sancti
540 4026 605 4080 N.
640 4029 969 4086 confessoris
1008 4036 1082 4088 tui
1113 4036 1410 4106 offerimus,
1437 4057 1594 4112 quem
1627 4061 1655 4098 a

54 4111 148 4164 tui
166 4114 412 4195 corporis
429 4118 632 4178 unitate
651 4120 793 4174 nulla
815 4127 1040 4179 tentatio
1054 4132 1344 4197 separavit.
1364 4111 1482 4186 Per.
1505 4134 1656 4189 Com-

51 4205 739 4271 muniaetpostcommunia
763 4232 826 4269 ea:
839 4216 1056 4273 editisin
1080 4227 1341 4278 communi
1359 4227 1649 4283 doctorum.

418 4317 566 4356 MISSA
608 4320 660 4358 IN
697 4322 892 4362 NATALI
923 4325 1290 4369 CONFESSOBIS.

136 4389 363 4444 Statuit.
400 4390 544 4447 I‘sal.
580 4395 979 4456 Misericordias
1009 4412 1126 4458 tuas
1151 4405 1200 4458 in
1224 4416 1507 4471 aeternum,
1541 4421 1645 4464 etc.

1773 3218 2014 3286 Domine,
2052 3222 2192 3276 dona
2237 3224 2475 3293 requiem
2519 3234 2573 3279 ct
2618 3226 2791 3281 locum
2839 3211 3186 3298 indulgentia:
3247 3229 3356 3294 Ῐιρτ

1769 3311 1948 3378 quiem
1990 3321 2246 3366 aeternam
2295 3316 2431 3378 dona
2477 3316 2550 3378 ei,
2584 3316 2829 3383 Domine,
2861 3328 2915 3372 et
2957 3318 3049 3373 lux.
3089 3309 3350 3390 perpetua

1770 3404 1948 3457 luceat
1995 3403 2066 3457 ei.
2122 3403 2361 3459 Tractus.
2412 3407 2664 3471 Absolve,
2697 3409 2939 3471 Domine,
2966 3421 3069 3464 etc.
3103 3410 3348 3480 Sequen-

1770 3492 1840 3544 tia
1870 3494 2039 3548 sancti
2070 3494 2342 3564 Evangelii
2375 3497 2670 3550 secundum
2699 3494 2978 3551 Joannem.
3013 3498 3066 3551 ln
3098 3499 3184 3552 illo
3216 3510 3346 3553 tem-

1766 3597 1897 3650 pore
1929 3601 1940 3636 :
1979 3585 2120 3640 Dixit
2157 3585 2313 3640 Jesns
2352 3587 2631 3657 discipulis
2661 3588 2793 3643 suis.
2832 3587 3000 3650 Nemo
3040 3599 3216 3658 potest
3259 3607 3347 3646 ve-

1767 3674 1903 3740 nire,
1932 3690 2092 3743 usque
2118 3692 2215 3745 pro
2240 3679 2419 3731 mundi
2461 3679 2588 3731 vita.
2628 3677 2996 3749 Offertorium.
3028 3681 3341 3747 Subvenite,

1764 3766 1935 3819 sancti
1980 3765 2094 3820 Dei.
2137 3759 2738 3838 Secretarl’ropitiare,
2789 3772 3031 3828 Domine.
3061 3771 3338 3844 Pra'fatio.

1763 3853 1990 3909 Aiterne
2019 3855 2178 3921 Deus,
2211 3859 2300 3927 qui
2329 3859 2661 3930 benignitate
2700 3863 2932 3927 gratuita
2969 3867 3344 3932 peccatoribus

1765 3946 1996 4016 largiens
2056 3950 2302 4013 vtuiiam,
2359 3953 2673 4021 prteparasti
2735 3954 2961 4009 mortuis
3023 3956 3216 4018 vitam,
3273 3974 3342 4012 ne

1761 4038 1960 4091 diutius
1988 4042 2251 4096 severitas
2281 4051 2484 4097 teneret
2519 4043 2569 4096 in
2600 4058 2780 4112 pte-na,
2810 4061 2943 4113 quos
2971 4047 3337 4102 misericordia

1758 4127 2038 4185 liberasset
2067 4148 2128 4185 ex
2163 4133 2338 4202 culpa.
2371 4134 2488 4188 Tibi
2514 4151 2643 4206 ergo
2671 4139 2936 4206 supplices
2962 4153 3147 4206 preces
3171 4138 3340 4208 omni:

1756 4219 1950 4288 ditnus,
1982 4225 2072 4278 tibi
2106 4225 2284 4279 famuli
2319 4227 2392 4280 tni
2420 4243 2618 4297 corpus
2644 4237 2698 4282 et
2725 4232 2957 4283 animam
2988 4233 3335 4287 commenda~

1756 4327 1897 4374 mtts,
1931 4322 1989 4366 ut
2027 4325 2272 4384 receptus
2323 4316 2463 4370 inter
2497 4319 2711 4387 agmina
2758 4321 3058 4387 beatorum,
3093 4322 3202 4377 loca
3239 4340 3338 4400 ne-_

1755 4405 1891 4458 sciat
1916 4405 2267 4460 infernorum.
2295 4407 2433 4460 Nihil
2467 4409 2538 4462 illi
2566 4421 2775 4478 noceat,
2806 4411 3052 4476 Domine,
3075 4414 3334 4484 quidquid

49 4481 277 4534 Oratio.
310 4481 530 4538 Adesto,
566 4485 804 4554 Ερὶδῑοια
836 4501 889 4544 ιιι
929 4493 983 4546 in
1025 4494 1177 4547 editis
1209 4497 1260 4548 ἱη
1289 4499 1456 4566 prima
1489 4501 1647 4554 missa
1684 4505 1724 4558 D
1753 4495 2058 4548 attrahente
2106 4497 2283 4551 carnis
2339 4497 2630 4568 fragilitate
2687 4503 2988 4566 commisit,
3045 4514 3138 4556 aut
3192 4506 3334 4573 tlthtl

45 4571 380 4640 confessoris
418 4577 699 4644 pontiﬁcis.
744 4581 1235 4640 CradualeJnvcni
1280 4589 1464 4644 David.
1511 4593 1650 4646 Alle-

48 4664 196 4717 luia.
241 4664 484 4729 Domine,
520 4669 755 4742 quinque
800 4675 1017 4728 talenta.
1064 4675 1424 4747 Evangelium.
1480 4665 1648 4738 Homo

41 4773 306 4828 peregre.
349 4758 708 4828 O/Tertorium.
763 4762 996 4820 Veritas.
1047 4767 1278 4823 Secreta.
1326 4773 1487 4829 Donis
1533 4789 1646 4829 ca:-

47 4848 287 4899 lt-stilms
325 4847 412 4914 da,
451 4865 778 4918 qutesnmus,
823 4853 1064 4924 Domine,
1112 4858 1278 4914 libera
1324 4879 1420 4917 nos
1472 4878 1647 4926 mente

42 4942 341 5006 inservire,
372 4952 424 4996 et
467 4960 710 5014 munera,
741 4963 858 5016 qua:
898 4948 1204 5014 deferimus,
1254 4953 1646 5014 interveniente

43 5032 219 5084 beato
252 5029 312 5082 N.
345 5032 653 5091 confessore
695 5046 805 5105 tuo,
845 5038 1106 5092 medelam
1159 5041 1312 5095 nobis
1354 5054 1645 5110 operentur

39 5132 104 5174 et
159 5120 409 5190 gloriam.
462 5124 582 5179 Per.
627 5126 958 5181 Communia.
1001 5128 1244 5193 Domine,
1286 5133 1523 5201 quinque
1569 5144 1644 5188 la-

41 5215 223 5266 lcnta.
252 5212 697 5273 Postcommunio.
727 5219 934 5288 Repleti
962 5221 1214 5275 alimonia
1247 5225 1474 5287 caelesti,
1499 5240 1645 5294 qun-

43 5321 274 5370 suntus,
318 5306 571 5375 Domine,
615 5319 702 5374 ut,
741 5311 1106 5366 intercedente
1148 5312 1308 5366 beato
1337 5312 1399 5367 Ν.
1434 5314 1642 5368 confes-

39 5414 180 5452 sore
213 5406 326 5462 tuo,
356 5399 742 5455 misericordiaz
775 5411 875 5458 tua:
903 5403 1128 5474 gratiam
1160 5406 1413 5474 consequi
1444 5422 1642 5461 merea-

39 5504 198 5544 mur.
231 5487 352 5542 Per.

456 5598 605 5637 MISSA
652 5601 704 5638 IN
749 5581 943 5639 NATALI
990 5601 1243 5642 VIBGINIS.

121 5673 429 5742 Loquebar.
466 5673 670 5730 Oratio.
702 5675 919 5742 Praesta,
947 5693 1274 5756 quaesumus,
1298 5679 1637 5751 omnipotens

35 5769 216 5836 Deus,
248 5775 306 5820 ιιι
337 5767 503 5823 beattc
534 5768 595 5823 Ν.
630 5771 883 5841 martyris
924 5781 1024 5825 tute
1053 5771 1310 5826 solemnia
1351 5772 1632 5829 recenset);

1759 4586 2008 4639 humana:
2037 4586 2346 4655 cupiditatis
2379 4593 2767 4646 consuetudine
2798 4604 3156 4663 prtegravatus
3186 4609 3328 4658 actu,

1753 4677 1916 4729 verbo
1950 4676 2030 4729 vel
2067 4677 2393 4745 cogitatione
2431 4683 2692 4748 peccavit,
2724 4684 2815 4736 scd
2857 4697 3074 4746 secutus
3107 4685 3328 4756 vestigia

1751 4767 2048 4821 Salvatoris
2082 4770 2318 4837 potiatur
2351 4771 2558 4824 infinita
2604 4773 2908 4834 dulcedine,
2948 4784 3000 4827 et
3044 4779 3333 4851 prtcscntia

1751 4858 1994 4912 veritatis
2026 4859 2448 4928 redemptionem
2479 4877 2692 4930 quoque
2720 4863 2961 4931 corporis
2987 4863 3067 4917 sui
3097 4879 3329 4936 comatos

1750 4952 1891 5004 nitus
1935 4951 2257 5005 liducialitcr
2295 4963 2632 5022 exspectare,
2669 4954 2927 5022 quidquid
2962 4953 3144 5006 habuit
3176 4956 3325 5024 prius

1748 5043 1800 5095 in
1829 5045 1949 5104 lide,
1979 5054 2344 5112 consequatur
2370 5046 2421 5098 in
2455 5063 2695 5099 mutu-re.
2731 5045 2830 5100 Per
2853 5047 3123 5101 Christum
3152 5047 3326 5116 [ὶιιιιιὶτ

1747 5151 1872 5187 ιιιιιιι
1906 5146 2168 5190 nostrum.
2219 5137 2546 5201 Communia,
2575 5150 2626 5191 ut
2673 5143 2724 5191 in
2759 5139 2932 5193 editis.
2967 5139 3326 5211 Postremum-

1747 5227 1851 5291 nia,
1883 5239 1935 5279 ut
1975 5230 2026 5280 in
2059 5229 2142 5280 die
2173 5229 2358 5282 obitus.

2143 5333 2260 5369 ALIA
2299 5334 2443 5371 .‘IISSA
2485 5334 2579 5370 PIN)
2615 5335 2926 5375 DEFL’NCTIS.

1817 5410 2098 5478 Requiem,
2122 5421 2222 5463 etc.
2251 5411 2453 5464 Oratio.
2479 5411 2695 5476 Adesto,
2725 5415 2965 5483 Domine,
2991 5401 3317 5491 quaesumus,

1745 5501 2023 5554 animabus
2053 5500 2372 5556 famulorum
2407 5502 2838 5575 famularumque
2868 5516 3320 5582 tuarutn,qnibns

1743 5594 1795 5646 in
1838 5593 2187 5660 depositionis
2231 5608 2340 5650 sua:
2390 5595 2474 5648 die
2519 5594 2747 5652 cilicium
2789 5593 3318 5680 commemorationis

1743 5685 2124 5754 impendimus,
2151 5694 2207 5738 ut
2231 5685 2272 5737 si
2301 5703 2404 5755 qua
2434 5687 2512 5741 eis
2535 5689 2808 5746 saecularis
2848 5695 3051 5749 macula
3086 5697 3314 5767 inluesil,

1741 5790 1830 5835 aut
1863 5783 2045 5837 vilium
2076 5785 2345 5840 mundiale
2377 5788 2578 5854 infecit,
2605 5790 2742 5847 done
2777 5802 2876 5846 tua‘
2897 5794 3112 5859 pictatis
3138 5796 3312 5849 indul-
