3846 6324
109 255 237 315 939

1017 254 1357 311 EXCERPT.
1391 255 1483 310 nx
1520 254 1720 310 CODD.
1765 254 2039 310 LITUBD.
2084 256 2608 310 I‘UNIAVELLAN.

3283 260 3393 318 950

116 373 469 432 tetcetleute,
509 370 568 423 in
621 378 877 438 perpetua
918 383 1038 423 cum
1076 369 1325 424 omnibus
1370 367 1570 423 sanctis
1607 367 1712 422 tuis
1742 346 1782 402 Α
1814 365 2185 421 remissionem
2239 376 2558 421 cunctorum
2623 366 2800 421 tribue
2849 377 3214 438 peccatorum.
3267 372 3391 428 Per.

117 467 252 520 luce
282 465 550 517 tutentur.
581 460 703 514 Per.

115 598 284 637 IIISSA
331 597 432 635 PRO
467 594 535 632 EO
571 593 659 639 QUI
710 589 1036 629 PREVENTUS
1096 589 1276 628 IORTE
1325 587 1711 627 PGNITENTIAI

413 662 668 704 ACCIPEBE
705 660 923 718 VOLDIT,
963 659 1033 699 ET
1071 658 1172 698 NON
1211 659 1427 698 POTUIT.

201 743 416 797 Oratio.
475 739 832 808 (‘ltnuipotens
881 736 1212 805 sempiterno
1258 736 1420 796 Deus,
1474 735 1526 788 in
1564 735 1714 805 cujus

110 831 375 886 humana
401 829 643 884 conditio
681 833 948 896 potestate
994 823 1271 886 consistit.
1303 824 1514 878 animas
1539 823 1713 880 famu-

111 921 301 975 lorum
338 919 769 984 famularumque
803 924 1018 969 tuarum
1061 914 1130 968 ab
1173 914 1453 976 omnibus,
1503 929 1713 982 quasu-

111 1027 284 1075 mus,
331 1008 550 1063 absolve
597 1006 877 1076 peccatis,
939 1011 994 1058 ct
1053 1004 1382 1074 ptenitentiae
1435 1003 1666 1059 fructtnn
1694 1048 1708 1071 ,

109 1117 288 1169 quem
348 1100 590 1153 voluntas
623 1112 811 1153 eorum
853 1095 1098 1165 optavit,
1155 1094 1413 1166 praeventi
1467 1095 1710 1150 mortali-

113 1201 237 1246 tate
274 1207 381 1245 non
441 1189 688 1260 perdant.
732 1188 852 1242 Per.
907 1185 1148 1241 Secreta.
1194 1186 1532 1241 Statisfaciat
1589 1188 1708 1252 tibi,

112 1283 378 1346 Domine,
431 1296 532 1351 pro
583 1280 865 1334 animabus
911 1277 1234 1333 famulorum
1284 1276 1710 1348 famularumque

110 1384 343 1428 tuarum
370 1371 621 1427 sacrificii
651 1371 940 1440 przesentis
991 1368 1194 1423 oblatio
1219 1408 1232 1434 ,
1276 1376 1334 1422 ut
1364 1378 1708 1438 peccatorum

107 1465 375 1528 veniam,
424 1479 585 1532 quam
625 1463 1025 1532 quaesiverunt,
1076 1462 1388 1524 inveniant,
1453 1469 1509 1515 et
1566 1462 1711 1531 quod

105 1557 301 1611 ofﬁcio
363 1555 556 1622 linguae
609 1554 829 1623 implere
878 1569 981 1608 non
1034 1562 1345 1623 potuerunt,
1396 1553 1713 1608 desiderata:

105 1647 464 1716 paenitentiae
494 1645 932 1716 compensatione
955 1644 1276 1714 percipiant.
1305 1643 1430 1698 Per.
1456 1644 1538 1698 Ad
1572 1660 1712 1697 com-

102 1739 447 1794 m—unionem.
482 1737 658 1802 Deus,
709 1752 738 1790 a
768 1752 874 1806 quo
900 1745 1150 1806 speratur
1184 1736 1403 1790 humani
1441 1737 1706 1791 commodi

101 1841 287 1882 omne
317 1828 459 1898 quod
495 1828 693 1882 bonum
725 1835 837 1891 cst,
872 1828 1069 1891 tribue,
1097 1841 1197 1895 per
1227 1827 1340 1880 lucc
1371 1837 1561 1882 sancta
1592 1842 1710 1896 qua:

102 1919 475 1989 sumpsimus,
508 1927 586 1982 ut,
618 1918 759 1973 sicut
789 1917 1076 1972 animabus
1121 1915 1444 1970 famulorum
1486 1916 1712 1972 famula-

103 2021 357 2074 rumque
390 2016 604 2060 tuarum
645 2006 977 2078 paenitentia:
1013 2004 1247 2059 fructum
1289 2006 1426 2061 velle
1472 2006 1706 2073 donasti,

99 2098 202 2151 sic
242 2097 630 2166 indulgentiam
665 2097 872 2151 tribuas
899 2097 1190 2150 miseratus
1220 2105 1481 2165 optatam.
1511 2096 1635 2152 Per.

666 2205 817 2244 MISSA
856 2204 1169 2243 GENERALlS.

196 2281 403 2338 Oratio.
428 2282 751 2337 Sanctormu
782 2291 993 2337 tuorum
1025 2281 1532 2342 intercessionibus,
1562 2297 1710 2352 quat.-

101 2391 340 2434 sumus,
369 2375 614 2439 Domine,
646 2373 818 2443 gratia
865 2381 954 2427 tua
987 2389 1086 2428 nos
1120 2384 1370 2445 protege.
1404 2383 1459 2427 ct
1496 2372 1709 2427 famulis

101 2471 188 2515 ct-
207 2461 516 2516 iamulabus
543 2462 687 2526 tuis‘,
734 2478 962 2531 quorum
993 2463 1562 2519 commemorationem
1595 2463 1709 2532 agi-

109 2569 274 2617 mus,
308 2560 362 2606 et
391 2566 620 2622 quorum
651 2542 1024 2622 eleemosyuas
1062 2552 1384 2621 recepimus,
1419 2567 1514 2606 seu
1543 2552 1706 2607 etiam

104 2645 194 2699 iis
215 2644 312 2713 qui
343 2645 498 2697 nobis
532 2645 896 2698 familiaritate
925 2644 1007 2698 vel
1037 2644 1510 2714 consanguinitate
1531 2643 1707 2712 juncti

103 2743 284 2796 sunt,
321 2734 748 2788 misericordiam
782 2743 927 2788 tuam
963 2734 1161 2803 ubique
1206 2734 1507 2803 praetende,
1553 2743 1612 2789 ut
1641 2732 1710 2788 ab

105 2825 624 2897 impugnatiouibus
657 2824 864 2881 defensi
913 2835 1002 2880 tua
1035 2825 1388 2896 opitulatione
1413 2825 1708 2890 salventur,

105 2931 178 2972 et
221 2918 437 2972 animas
471 2915 795 2971 famulorum
847 2917 1279 2986 famularumque
1313 2927 1558 2979 tuarum,
1592 2933 1710 2971 om-

1743 1688 1791 1745 Β

1991 470 2138 509 ιίιεεΑ
2173 471 2441 511 εοιιιίιιιηιε
2479 471 2713 513 νιγοιιυιι
2751 473 2822 513 ΕΤ
2862 473 3212 515 Μοιιτυοιωιι.

1886 547 2090 602 Oratio.
2111 545 2314 600 Pietate
2339 555 2446 610 tua,
2462 562 2787 617 quaesumus,
2807 547 3048 612 Domine,
3078 559 3400 605 nostrorum.

1814 638 1961 692 solve
2018 636 2519 691 vincula-omnium
2551 638 2887 700 delictorum,
2917 649 2972 694 et
3025 642 3394 698 intercedente

1814 732 1969 787 beata
2009 741 2064 784 et
2107 731 2337 802 gloriosa
2365 746 2578 800 semper
2606 733 2822 803 Virgine
2854 734 2960 788 Dei’
2981 735 3242 805 genitrice
3276 737 3389 791 Ma-

1816 821 1915 884 ria,
1967 835 2087 874 cum
2138 819 2388 874 omnibus
2425 821 2629 876 sanctis
2675 823 2800 885 tuis,
2842 823 3098 878 domuum
3139 825 3392 895 apostolic

1814 928 1959 976 cum,
1982 909 2283 980 pontifices,
2312 911 2519 981 priores
2541 920 2594 963 et
2614 912 2837 968 abbatcs
2859 923 3095 980 nostros,
3119 924 3169 970 et
3203 931 3392 972 omnes

1813 1003 2256 1071 congregatioues
2303 1001 2406 1055 illis
2461 1003 2800 1067 commissas,
2853 1018 3007 1073 reges
3031 1012 3088 1058 et
3119 1005 3392 1077 principes

1814 1101 2046 1151 nostros.
2074 1103 2127 1148 ct
2151 1107 2362 1148 omnem
2392 1091 2644 1162 pupulum
2674 1091 3068 1158 Christianum,
3097 1104 3151 1148 et
3175 1111 3273 1150 nos
3305 1097 3389 1150 fa-

1815 1185 1985 1238 mulos
2038 1194 2157 1239 tuos
2199 1194 2363 1252 atque
2410 1183 2524 1237 loca
2569 1191 2750 1236 nostra
2806 1183 2858 1235 in
2909 1183 3055 1237 omni
3107 1185 3392 1240 sanctitate

1813 1278 2041 1340 custodi,
2068 1292 2363 1345 omnesque
2411 1275 2900 1344 consanguinitate,
2931 1274 3187 1330 alllnitate
3228 1285 3392 1346 atque

1813 1370 2179 1424 familiaritate
2207 1369 2362 1423 nobis
2384 1368 2701 1436 conjunctos
2727 1381 2754 1420 a
2778 1366 2923 1420 vitiis
2955 1382 3139 1436 purga,
3181 1367 3396 1421 virtuti-

1812 1461 1912 1515 bus
1944 1460 2170 1526 illustra,
2219 1474 2405 1528 pacem
2429 1466 2483 1512 et
2527 1457 2753 1512 salutem
2803 1456 2955 1511 nobis
2984 1456 3181 1523 tribue,
3213 1456 3394 1510 hostes

1813 1553 2051 1609 visibiles
2096 1560 2150 1606 et
2196 1550 2496 1606 invisibiles
2550 1563 2784 1613 remove,
2845 1547 3083 1601 carnalia
3129 1547 3394 1602 desideria

1815 1645 2032 1714 repelle.
2067 1659 2248 1699 aerem
2280 1641 2548 1698 salubrem
2579 1639 2816 1710 indulge,
2867 1656 2894 1693 a
2945 1639 3082 1693 mala
3114 1649 3167 1691 et
3195 1639 3397 1709 impro-

1813 1736 1925 1789 visa
1983 1743 2156 1789 morte
2209 1748 2306 1788 nos
2355 1732 2524 1801 eripe,
2581 1726 3044 1784 iuimicisnostris
3073 1729 3408 1784 cbaritatcm-

1813 1827 2026 1897 largire,
2082 1835 2137 1880 et
2164 1825 2415 1879 omnibus
2467 1821 2710 1876 fidelibus
2746 1821 2880 1875 vivis
2922 1829 2978 1875 et
3026 1821 3294 1875 defunctis
3341 1822 3395 1875 in

1814 1928 1958 1972 terra
2019 1916 2312 1970 viventium
2385 1915 2550 1968 vitam
2625 1921 2882 1968 aeternam
2953 1913 3210 1967 concede.
3269 1911 3390 1967 Per.

1813 2009 2043 2064 Secreta.
2092 2007 2255 2071 Deus,
2281 2006 2372 2076 qui
2405 2003 2698 2074 singularis
2727 2004 2971 2071 corporis
3014 2002 3197 2056 hostia
3231 2002 3408 2058 totius

1813 2100 1994 2152 mutuli
2028 2097 2231 2152 solvisti
2261 2097 2478 2162 delicta,
2507 2095 2609 2150 hac
2631 2093 2906 2150 oblatione
2935 2093 3177 2164 placatus
3208 2108 3396 2147 maeu-

1812 2189 1891 2243 las
1911 2189 2173 2245 scelerum
2205 2199 2515 2244 nostrorum
2551 2188 2821 2254 absterge,
2870 2192 2926 2240 et
2968 2185 3208 2239 omnium
3238 2182 3395 2239 Chri-

1811 2263 2109 2336 sxianorum
2157 2279 2393 2334 fidelium
2426 2277 2668 2332 vivorum
2709 2285 2763 2331 et
2803 2283 3140 2330 mortuorum
3175 2282 3395 2345 peccata

1811 2371 2045 2437 dimitte,
2093 2372 2278 2441 eisque
2322 2369 2543 2440 praemia
2592 2377 2792 2423 aeterna
2837 2367 3095 2432 concede,
3150 2365 3397 2420 Salvator

1811 2463 2014 2518 mundi.
2057 2462 2136 2515 Ad
2165 2461 2604 2515 communionem.
2638 2458 2888 2529 Sumpta,
2919 2472 3250 2527 qtuesnmns,
3284 2454 3394 2509 Do-

1813 2555 1978 2615 mine,
2009 2553 2248 2609 caelestia
2272 2561 2609 2606 sacramenta
2640 2550 2820 2603 omnia
2846 2547 3074 2602 crimina
3098 2552 3284 2599 nostra
3305 2543 3398 2599 de-

1813 2652 2048 2714 tergant,
2081 2655 2403 2710 omnemque
2424 2640 2755 2710 pravitatem
2777 2646 2832 2692 et
2877 2636 3270 2694 infirmitatem,
3299 2648 3397 2690 seu

1811 2737 1974 2792 etiam
2026 2736 2293 2791 bosticam
2324 2733 2553 2796 rabiem,
2579 2738 2740 2801 atque
2766 2730 3102 2784 snbitaneam
3143 2735 3396 2793 mortem,

1811 2827 2020 2885 meritis
2049 2829 2222 2884 beatae
2265 2824 2448 2880 Maria:
2489 2838 2700 2894 semper
2745 2822 3005 2891 Virginis,
3047 2828 3101 2873 et
3152 2819 3398 2873 omnium

1813 2931 2125 2977 sanctorum
2157 2928 2390 2981 tuorum,
2417 2932 2447 2970 a
2477 2916 2632 2980 nobis
2663 2914 2846 2985 procul
2881 2912 3165 2984 repellant,
3195 2919 3250 2966 et
3277 2925 3396 2964 om-

108 3009 281 3064 ηῖιηιι
303 3007 556 3063 Videlicet
582 3007 816 3063 “denum
838 3008 1237 3064 CthOIiCOfﬂm
1259 3008 1708 3073 οηιιοάοιοτυῐῐιο
1738 3027 1782 3088 C
1815 3015 1972 3070 uibus
1996 3012 2242 3067 ﬁdelibus
2263 3012 2398 3065 vivis
2441 3017 2494 3063 et
2536 3007 2806 3063 defunctis
2829 3005 3038 3076 prosint
3065 3004 3131 3058 ad
3161 3002 3394 3066 veniam,

106 3115 356 3171 quorum
377 3102 948 3156 commemorationem
978 3102 1213 3173 agimus,
1247 3110 1302 3156 et
1325 3117 1555 3171 quorum
1582 3116 1710 3157 cor-

107 3209 260 3262 pora
305 3193 355 3247 in
391 3194 496 3248 boc
532 3203 588 3247 et
631 3194 684 3247 in
723 3194 936 3248 cunctis
978 3195 1306 3249 ctemeteriis
1347 3194 1587 3249 fidelium
1617 3210 1706 3251 re-

109 3286 451 3354 quiescunt,
474 3295 529 3338 et
561 3299 788 3353 quorum
834 3286 1048 3338 t-omiua
1076 3301 1238 3354 super
1259 3294 1506 3339 sauctmu
1540 3286 1710 3341 altare

111 3387 280 3428 tuum
319 3376 518 3445 scripta
575 3375 764 3432 adesse
815 3375 1101 3441 videntur,
1147 3375 1441 3432 electurum
1495 3388 1708 3432 tuorum

106 3464 350 3535 iungere
393 3465 633 3536 digneris
694 3468 993 3522 consortio.
1059 3467 1186 3522 Per.
1238 3465 1470 3522 Secreta.
1522 3467 1711 3537 Propi-

118 3555 289 3620 tiare,
347 3553 595 3622 Domine,
651 3556 1139 3626 supplicationibus
1200 3556 1443 3620 nostris,
1496 3565 1547 3610 et
1615 3556 1711 3612 bas

114 3643 450 3711 oblationes,
485 3660 620 3712 quas
652 3660 750 3714 pro
782 3647 1154 3702 incolumitate
1182 3644 1504 3701 famulorum
1538 3648 1711 3704 famu-

113 3735 408 3804 larumque
447 3746 696 3804 tuarum,
737 3746 791 3793 et
822 3755 920 3808 pro
965 3739 1250 3794 animabus
1297 3739 1540 3796 omnium
1581 3741 1711 3796 lide-

111 3829 256 3880 lium
291 3826 669 3882 defunctorum
686 3829 1129 3894 ortltodoxorum,
1153 3839 1209 3885 et
1236 3846 1462 3899 quorum
1494 3833 1709 3887 nomina

115 3936 289 3992 super
318 3933 566 3978 sanctqu
595 3924 766 3978 altare
803 3934 948 3980 tuum
979 3927 1180 3994 scripta
1216 3927 1406 3982 adesse
1439 3927 1710 3990 videntur.

113 4013 328 4066 nomini
362 4021 454 4067 tuo
489 4014 924 4078 consecrandus,
964 4015 1294 4081 deferimus,
1327 4017 1594 4088 benignus
1626 4035 1712 4074 as-

117 4116 304 4168 sume,
333 4111 388 4154 ut
426 4102 678 4157 sacrificii
708 4103 991 4170 pt'azsentis
1025 4104 1227 4158 oblatio
1263 4105 1329 4159 ad
1369 4106 1710 4177 refrigerium

119 4195 436 4248 animarum
489 4210 676 4248 corum
717 4203 768 4249 te
800 4196 1094 4250 miserante
1125 4199 1427 4266 proveniat.
1468 4198 1591 4253 Per.
1631 4202 1710 4254 Ad

119 4285 568 4343 communionem.
606 4285 864 4341 Puritlcet
896 4302 1025 4354 nos,
1068 4303 1410 4358 qumsumus,
1463 4291 1708 4357 Domine,

1815 3121 1914 3174 pro
1949 3120 2202 3175 quorum,
2255 3113 2593 3172 quartumque
2649 3098 2744 3154 tibi
2797 3108 2923 3153 sunt
2970 3096 3147 3153 oblata
3199 3094 3390 3151 salute.

1813 3197 1935 3252 Per.

2204 3303 2354 3344 MISSA
2393 3303 2493 3342 PRO
2523 3301 3003 3342 BENEFACTORIBUS.

1887 3381 2088 3436 Oratio.
2142 3381 2300 3442 Deus,
2359 3379 2450 3449 qui
2513 3377 2798 3433 charitatis
2847 3376 2986 3441 dona
3040 3389 3135 3442 per
3168 3373 3395 3442 gratiam

1814 3472 1988 3527 sancti
2021 3471 2255 3540 Spiritus
2293 3481 2504 3524 tuorum
2549 3467 2804 3523 cordibus
2853 3455 3090 3519 fidelium
3127 3461 3393 3527 infudisti,

1814 3564 1880 3618 da
1923 3560 2133 3616 famulis
2155 3573 2209 3616 et
2239 3558 2537 3613 famulabus
2567 3558 2694 3623 tuis,
2727 3557 2793 3612 de
2820 3557 3018 3626 quibus
3039 3557 3410 3627 deprecamur.

1816 3664 1960 3708 tuam
1985 3652 2351 3716 clementiam,
2383 3650 2608 3706 salutem
2651 3649 2848 3705 mentis
2876 3655 2930 3704 et
2957 3648 3223 3718 corporis,
3256 3656 3309 3701 ul
3346 3656 3399 3700 te

1815 3755 1931 3799 tota
1963 3745 2162 3800 virtute
2190 3743 2435 3813 diligant,
2471 3753 2526 3798 et
2573 3757 2693 3812 quae
2741 3742 2834 3796 tibi
2867 3749 2994 3795 sunt
3036 3740 3254 3809 placita,
3285 3748 3396 3794 tota

1815 3835 2100 3890 dilectione
2129 3834 2429 3904 perficiant.
2468 3833 2586 3887 Per.
2617 3831 2848 3887 Secreta.
2877 3832 3154 3894 Miserere,
3184 3845 3399 3902 qumsu-

1814 3941 1954 3991 mus,
1991 3926 2233 3990 Domine,
2267 3923 2479 3979 famulis
2498 3933 2554 3979 et
2585 3923 2888 3978 famulaltus
2925 3924 3049 3985 tuis,
3080 3938 3178 3993 pro
3202 3923 3398 3993 quibus

1813 4020 1917 4074 ltoc
1965 4019 2288 4074 sacrificium
2340 4017 2512 4072 laudis
2551 4026 2654 4070 tuae
2700 4015 2978 4070 offerimus
3018 4013 3307 4085 maiestati,
3339 4021 3399 4068 ut

1814 4125 1909 4179 per
1971 4111 2085 4164 haec
2150 4120 2340 4166 sancta
2407 4125 2656 4180 superum
2706 4109 3098 4164 benedictionis
3163 4106 3397 4178 gratiam

1814 4201 2112 4268 obtineant,
2141 4209 2196 4256 et
2222 4202 2445 4272 gloriam
2475 4211 2692 4256 atterunt
2720 4198 3069 4255 beatitudinis
3083 4198 3395 4267 acquirunt.

1815 4290 1936 4349 Per.
1988 4293 2068 4346 Ad
2115 4294 2548 4347 communionem.
2604 4291 2792 4346 Divina
2826 4290 3057 4345 libantes
3112 4287 3394 4359 mysteria,

119 4374 292 4426 divini
331 4374 654 4430 sacramenti
692 4377 998 4446 perceptio,
1041 4387 1096 4432 et
1137 4377 1372 4448 gloriosa
1396 4390 1710 4435 sanctorum
1745 4369 1789 4423 Ῐ)
1817 4399 2144 4451 quzesumus,
2199 4382 2444 4450 Domine,
2483 4393 2542 4436 ut
2593 4383 2706 4437 Ιιειιε
2745 4380 2999 4435 salutaria
3056 4385 3404 4434 sacramenta

121 4473 345 4520 tuarum
378 4468 578 4534 oratio,
603 4477 658 4521 et
683 4469 968 4524 animabus
991 4468 1317 4526 famulorum
1355 4473 1710 4528 famularum-

117 4571 229 4624 que
278 4564 519 4623 tuarum,
585 4574 812 4628 quorum
863 4563 1440 4617 commemorationem
1473 4564 1705 4634 agimus,

116 4667 2110 4709 Ἦ

1818 4472 1921 4525 iilis
1951 4471 2234 4540 proficiant
2269 4475 2336 4527 ad
2367 4473 2777 4542 prosperitatem
2808 4482 2860 4526 ct
2889 4485 3098 4541 pacem,
3131 4486 3228 4539 pro
3257 4484 3394 4540 quo-

1818 4580 1938 4618 rum
1976 4565 2261 4619 dilectione
2301 4581 2362 4620 ea
2390 4575 2493 4620 tua:
2515 4565 2805 4621 obtulimus
2833 4562 3124 4632 majestati.
3163 4561 3284 4617 Per.

2115 4682 3399 4717 =W

1539 4818 2079 4972 INCIPIT

222 5015 548 5073 OFFICIUM
584 5017 937 5072 BREVIARU
969 5017 1344 5074 SECUNDUM
1385 5015 1694 5073 OllDlNEM
1725 5014 1934 5069 EREMI
1968 5014 2270 5071 SANCTAE
2303 5016 2560 5075 CRUCIS
2597 5015 2845 5074 FONTIS
2874 5018 3285 5078 ΑνΕιιΑΝιε.

190 5212 470 5267 Doutiuica
521 5215 696 5284 prima
743 5215 1038 5269 Adventus.
1084 5216 1162 5268 Ad
1197 5232 1427 5284 vesperae
1465 5215 1700 5272 Sabbato

111 5303 313 5359 certio':
342 5304 478 5360 Ecce
492 5307 608 5360 dies
623 5308 863 5368 veniunt,
888 5315 1017 5368 etc.,
1044 5324 1206 5378 usque
1238 5308 1289 5362 in
1324 5317 1485 5362 terra.
1513 5309 1566 5376 ιῆ.
1588 5309 1705 5365 Mis-

109 5411 214 5451 sus
241 5405 323 5449 est
345 5394 580 5450 Gabriel.
610 5397 661 5465 ᾓ.
697 5397 854 5451 Dabit
885 5399 956 5452 ei.
986 5397 1245 5466 Hymnus,
1273 5407 1403 5463 etc.,
1438 5416 1599 5470 usque
1634 5402 1704 5455 ad

109 5497 288 5541 tatam
311 5490 618 5555 orationem,
646 5500 699 5543 ut
731 5490 788 5543 in
809 5490 982 5544 editis.
1024 5488 1122 5543 llic
1151 5490 1424 5545 dimittitur
1453 5509 1610 5564 usque
1637 5495 1705 5547 ad

113 5585 362 5629 octavam
397 5574 706 5645 Epiphania:
750 5579 1037 5647 antiphona
1090 5579 1155 5632 de
1203 5578 1388 5644 Cruce,
1436 5593 1481 5634 et
1510 5582 1704 5635 dicitur

115 5668 232 5724 Iure
263 5666 545 5734 antipltona
575 5668 736 5722 beam
775 5667 964 5723 Maria?
991 5686 1010 5722 :
1039 5668 1233 5724 Missus
1261 5681 1342 5725 est
1369 5671 1583 5726 Gabriel
1611 5690 1706 5727 an-

115 5753 273 5826 gelus
303 5755 369 5808 ad
417 5753 642 5812 Mariam
685 5758 947 5829 virginem
981 5761 1356 5830 dcsponsatatn
1401 5760 1614 5826 Joseplt.
1650 5763 1701 5820 i'.

1810 5215 2009 5270 Diffusa
2041 5223 2124 5270 est
2153 5214 2345 5284 gratia.
2385 5215 2438 5273 tit.
2469 5214 2778 5285 Propterea.
2815 5217 3017 5272 Oratio.
3044 5217 3184 5274 Deus
3209 5221 3298 5290 qui
3327 5222 3396 5276 de

1809 5307 2006 5370 beattc,
2033 5314 2138 5359 etc.
2171 5304 2566 5359 Invitatorium.
2609 5305 2748 5361 Ecce
2797 5307 2974 5363 veniet
3003 5323 3120 5373 rex,
3140 5325 3396 5365 occurra-

1811 5413 1932 5452 mus
1966 5398 2176 5451 obriam
2203 5395 2472 5452 Salvatori
2502 5408 2706 5454 nostro.
2734 5398 3001 5456 Lectiones
3029 5419 3205 5457 omnes
3233 5403 3394 5474 hujus

1812 5490 2054 5543 breviarii
2103 5490 2252 5544 mira:
2295 5500 2418 5543 sunt
2459 5490 2741 5546 brevitatis.
2803 5492 3044 5558 Quatuor
3095 5495 3251 5564 primi
3296 5511 3394 5550 no-

1810 5581 1983 5634 cturni
2037 5581 2197 5649 hujus
2238 5579 2523 5634 Dominica:
2573 5585 3011 5650 comprehendunt
3059 5589 3284 5656 primam
3343 5593 3394 5642 et

1811 5672 2090 5726 secundum
2140 5683 2346 5727 nostra:
2397 5690 2561 5744 usque
2602 5676 2671 5728 ad
2700 5692 3023 5747 responsant.
3053 5678 3207 5744 Quod
3236 5693 3394 5748 argu-

1812 5771 1984 5822 mento
2007 5774 2079 5818 est
2103 5764 2239 5820 hunc
2276 5764 2508 5820 codicem
2541 5765 2791 5838 scriptum
2816 5780 3042 5839 tempore
3083 5785 3183 5839 quo
3211 5755 3394 5827 metut-
