3846 6324
484 229 587 284 961

481 349 612 394 sttca
648 340 930 408 disciplina
958 338 1230 394 exsulabat
1265 356 1296 392 a
1324 347 1499 394 nostro
1549 343 1864 396 monasterio
1893 359 2060 412 quon-
2091 378 2139 438 Λ

482 432 603 484 dam
629 432 979 486 sanctissimo.

557 523 610 590 ἢ.
656 521 916 586 Primum,
964 522 1248 576 secundum
1305 533 1351 576 et
1380 524 1588 576 tertium
1621 525 1776 592 primi
1823 525 2063 578 nocturni

479 615 684 674 eadem,
733 629 849 682 quae
881 613 933 665 in
959 612 1109 667 editis
1140 613 1348 666 nostris.
1383 612 1642 678 Quartum
1676 629 1694 664 :
1726 615 1864 680 Ave,
1897 614 2060 668 Maria

476 703 648 772 gratia
679 702 856 771 plena,
887 719 1048 773 usque
1079 704 1214 758 dixit
1242 705 1312 757 ei.

546 795 600 860 ιῆ.
636 793 876 848 Primum
906 797 1120 848 secundi
1169 798 1410 850 nocturni
1462 807 1538 852 est
1579 799 1865 851 secundant
1902 799 2064 854 edito-

477 900 616 936 rum.
649 884 951 953 Secundum
983 903 1100 939 vero
1123 900 1140 936 :
1166 887 1360 942 Audite
1384 889 1605 942 verbum
1624 890 2062 954 Domini,omnes

476 981 682 1040 gentes.
733 984 865 1040 ete.,
916 991 1078 1046 usque
1105 977 1354 1032 clamate.
1387 978 1641 1040 Tertium.
1688 981 1826 1035 Ecce
1876 980 2055 1053 Virgo,

472 1073 602 1131 etc.,
633 1082 794 1136 usque
827 1067 877 1121 in
901 1079 1181 1122 :eteruum.
1212 1069 1470 1134 Quartum
1497 1089 1514 1125 :
1544 1072 1718 1126 Alieni
1751 1088 1854 1127 non
1888 1083 2060 1129 trans.

474 1157 647 1223 ibunt,
689 1177 848 1230 usque
873 1172 926 1215 et
954 1164 1248 1216 condenso.

545 1250 761 1321 Reliqua
795 1254 1120 1321 responsoria
1146 1253 1251 1306 alia
1286 1256 1442 1309 etiam
1471 1265 1590 1310 sunt
1633 1275 1664 1311 a
1709 1260 1920 1323 nostris,
1943 1274 2062 1328 qua:

473 1355 577 1392 non
603 1341 926 1407 referuntur,
952 1358 1014 1394 ne
1040 1343 1193 1395 nimis
1217 1355 1508 1398 concrescat
1535 1347 1790 1401 volumen.
1817 1349 1940 1402 Post
1971 1364 2064 1402 an-

472 1429 742 1497 tiphonam
771 1431 839 1483 ad
870 1431 1192 1487 Benedictus
1221 1434 1462 1500 habetur,
1487 1438 1770 1507 antiphona
1810 1438 2056 1509 Virginis.

471 1521 606 1584 Ave,
636 1520 826 1586 Maria,
853 1523 1024 1591 gratia
1059 1524 1234 1593 plena,
1265 1527 1524 1581 Dominus
1554 1537 1750 1592 tcemu,
1779 1530 2065 1599 benedicta,

473 1621 527 1666 tu
558 1613 609 1666 in
640 1615 981 1680 mulieribus,
1010 1616 1244 1671 alleluia.
1278 1620 1331 1686 ᾖ.
1382 1619 1606 1674 Ὼίῐΐυεξι.
1650 1620 1857 1688 Ora/io,
1891 1624 2056 1691 Deus,

469 1706 559 1773 qui
587 1705 652 1758 de
680 1707 850 1760 heatce
874 1706 1077 1761 Marian

538 1798 620 1849 Ad
647 1799 893 1866 primam,
927 1801 1232 1869 antiphona.
1265 1802 1510 1858 Alleluia.
1541 1803 1652 1859 Ista
1688 1804 1837 1859 lectio
1861 1808 2054 1863 dicitur

467 1889 707 1942 erunibus
746 1889 926 1943 diebus
955 1890 1241 1948 Dominicis
1281 1905 1326 1947 et
1353 1896 1547 1963 festiuis
1595 1915 1755 1966 usque
1792 1901 1860 1952 ad
1894 1901 2054 1955 Nati-

465 1983 696 2047 eitatem,
717 1994 763 2036 et
786 2002 817 2037 a
843 1985 1237 2056 Scptuagesima
1266 2005 1425 2054 usque
1455 1991 1523 2042 ad
1551 1988 2048 2062 Pasclta.:Dontine,

464 2072 724 2128 miserere
751 2077 938 2138 nostri,
972 2086 1076 2130 etc.

536 2164 618 2216 Ad
642 2175 842 2219 sextam
875 2184 894 2220 :
920 2167 1294 2228 Conscientias
1324 2179 1553 2234 nostras,
1583 2183 1694 2228 etc.
1733 2175 1813 2229 Ad
1837 2193 2052 2242 nonam,

463 2255 651 2308 oratio.
689 2255 964 2326 Propitius
1007 2268 1146 2320 esto,
1182 2258 1424 2327 Domine,
1448 2264 1699 2317 oumibus
1726 2276 2049 2334 exspectan-

465 2346 609 2402 tibus
638 2355 690 2401 te
717 2349 767 2402 in
821 2351 1068 2415 veritate,
1113 2362 1170 2406 ut
1218 2354 1268 2406 in
1297 2356 1530 2409 adventu
1561 2355 1679 2410 Filii
1715 2357 1788 2411 tui
1837 2359 2049 2414 Domini

464 2440 633 2492 nostri
681 2439 894 2507 placitis
925 2443 1019 2497 tibi
1065 2446 1276 2500 aclibus
1306 2457 1714 2515 prazsentemur.
1760 2449 1883 2505 Per.
1935 2450 2052 2506 Cte-

460 2536 573 2581 tera
603 2529 744 2598 infra
774 2531 1152 2587 hebdomadam
1188 2547 1309 2589 sunt
1354 2537 1486 2590 ritus
1535 2555 1565 2590 a
1617 2549 1794 2594 nostra
1840 2541 2048 2608 diversi,

459 2636 578 2688 quia
606 2621 817 2690 longum
843 2635 972 2678 esset
993 2629 1298 2682 exscribere.

531 2709 808 2767 Dominica
830 2717 1446 2774 secundainvitatoriam.
1479 2721 1718 2790 Surgite,
1745 2723 2050 2795 vigilemus,

460 2803 665 2868 venite,
709 2806 1026 2872 adoremus,
1080 2811 1204 2879 quia
1259 2813 1537 2868 nescimus
1574 2815 1786 2879 horam,
1834 2815 2056 2884 quando

461 2895 639 2950 veniet
665 2897 948 2954 Dominus.

530 2987 900 3044 Inuitutoriuin
924 2993 1090 3046 tertiae
1108 2992 1411 3048 Dominicte.
1429 2995 1569 3052 Ecce
1584 2997 1762 3052 veniet
1780 2999 1913 3062 Rex,
1939 3007 2043 3054 etc.

532 3079 752 3145 Quarta:
801 3092 976 3135 autem
1023 3083 1404 3142 invitatoriam.
1443 3087 1584 3143 Ecce
1615 3089 1833 3141 advenit
1879 3089 2047 3158 pleni-
2075 3062 2118 3122 C

459 3169 592 3224 tudo
616 3173 871 3242 temporis
901 3174 953 3227 in
975 3189 1084 3244 quo
1111 3177 1256 3231 misit
1280 3177 1422 3233 Deus
1443 3178 1636 3232 Filium
1669 3194 1824 3233 suum
1856 3189 2043 3234 natum

461 3263 789 3335 deVirgine,
827 3265 1030 3320 factum
1061 3268 1162 3322 sub
1186 3268 1323 3339 lege.

797 3372 851 3410 IN
884 3372 1081 3412 \‘lGILIA
1113 3373 1462 3415 NATIVITATIS
1496 3376 1701 3416 DOSIINI.

523 3447 875 3518 Antiphona’,
907 3458 962 3502 ut
1003 3451 1056 3504 in
1093 3451 1244 3505 editis
1276 3469 1294 3516 ;
1339 3451 1529 3522 psalmi
1586 3470 1704 3507 vero
1734 3469 1752 3506 :
1787 3452 2042 3518 Laudate,

454 3541 628 3608 pueri.
683 3540 782 3606 Qui
837 3541 1138 3597 conﬁdunt.
1198 3543 1256 3598 ln
1308 3547 1696 3600 convertendo.
1753 3545 2041 3600 Memento.

453 3630 649 3684 Lectio.
703 3629 932 3701 Propter
1002 3634 1104 3689 hoc
1162 3635 1298 3690 sciet
1354 3636 1580 3705 pupulas
1638 3652 1790 3690 meus
1848 3651 2042 3690 nomen

455 3737 635 3776 laeum
666 3723 718 3776 in
749 3723 834 3778 die
868 3724 978 3790 illa,
1014 3728 1140 3794 quia
1173 3743 1272 3795 ego
1304 3730 1435 3798 ipse,
1479 3730 1570 3800 qui
1613 3729 1896 3797 loquebar,
1917 3742 2044 3793 ecce

453 3815 666 3868 adsum.
696 3815 753 3882 ti}.
781 3814 1019 3872 Verbum
1057 3835 1185 3875 caro
1216 3820 1417 3875 factum
1449 3831 1550 3886 est,
1611 3832 1662 3876 et
1699 3821 1963 3875 habitavit
1988 3821 2041 3874 in

452 3906 628 3961 nobis.
666 3901 743 3960 Et
764 3905 995 3962 vidimus
1025 3909 1246 3979 gloriam
1293 3910 1430 3977 ejus,
1459 3911 1686 3980 gloriam
1709 3912 1865 3978 quasi
1911 3910 2043 3966 Uni-

451 4000 618 4068 geniti
669 4018 700 4054 a
749 4001 930 4065 Patre,
983 4001 1198 4070 plenum
1244 4003 1430 4072 gratia:
1477 4014 1530 4056 et
1582 4003 1845 4056 veritatis.
1898 4002 1951 4069 φ.
1983 4002 2038 4055 lu

448 4090 719 4161 principio
745 4100 864 4146 erat
895 4090 1152 4156 Verbum,
1183 4101 1238 4146 et
1271 4091 1505 4146 Verbum
1534 4101 1652 4145 erat
1681 4092 1822 4160 apud
1849 4093 2037 4146 Deum.

448 4183 519 4238 Et
549 4184 690 4240 Deus
717 4195 837 4242 erat
877 4185 1134 4240 Verbum.
1163 4184 1230 4240 Et
1263 4185 1516 4240 vidimus.
1547 4183 1751 4240 Gloria.

1106 4298 1368 4370 Hymnus.

696 4392 840 4447 Deus
873 4391 1182 4460 redemptor
1203 4392 1467 4462 gentium,

624 4483 861 4539 Ostende
889 4492 1103 4553 partum
1138 4485 1380 4554 Virginis

624 4576 851 4630 Miretur
878 4589 1038 4630 omne
1074 4577 1350 4644 sweulum,

621 4671 769 4727 Talis
794 4671 950 4728 decet
979 4681 1166 4743 partus
1196 4674 1492 4730 Dominum.

697 4765 814 4821 Non
847 4783 924 4821 ex.
938 4768 1080 4822 virili
1123 4769 1328 4826 semine

618 4858 725 4914 Sed
754 4859 982 4930 mystico
1009 4863 1321 4930 spiramine.

620 4949 859 5004 Verbum
889 4950 980 5004 Dei
1011 4950 1209 5005 iactant
1243 4969 1372 5008 caro

614 5041 954 5112 Fructusque
976 5045 1180 5099 ventris
1206 5044 1406 5101 ﬂoruit.

689 5133 857 5188 Alvus
889 5136 1140 5190 tumescit
1169 5137 1428 5208 Virginis,

618 5225 924 5281 (“austrum
946 5226 1184 5293 pudoris.
1205 5241 1523 5299 permanet,

623 5317 830 5372 Vexilla
854 5332 1113 5374 Virtutum
1146 5323 1368 5386 micant,

624 5404 883 5460 Versatur
911 5408 963 5462 in
997 5408 1191 5479 templo
1227 5411 1384 5465 Deus.

688 5496 990 5554 Procedens
1010 5501 1076 5554 de
1101 5501 1337 5558 thalamo
1365 5519 1498 5570 suo,

618 5585 846 5644 Pudoris
883 5590 1006 5644 aula
1036 5593 1203 5660 regia,

618 5678 858 5738 Geminte
882 5682 1032 5754 gigas
1068 5683 1397 5739 substantiae-

1673 227 1847 286 SEC.
1877 229 1947 285 X'l
1989 229 2258 286 NONUM.
2299 229 2582 287 LITURG'.

2339 341 2544 396 Alacris
2576 351 2634 396 ut
2654 349 2836 396 currat
2857 342 3021 398 viam.

2416 433 2674 502 Egressus
2695 433 2811 502 ejus
2835 448 2865 486 a
2894 431 3081 497 Patre,

2341 523 2638 594 Regressus
2663 525 2779 595 ejus
2805 527 2871 579 ad
2908 524 3147 588 Patrem,

2340 616 2615 671 Excursus
2641 632 2810 686 usque
2838 618 2903 671 ad
2929 617 3162 682 inferos,

2341 707 2615 761 Recursus
2643 709 2710 762 ad
2742 709 2922 762 sedem
2943 708 3058 762 Dei.

2411 799 2657 868 tEqualis
2677 810 2885 854 aeterno
2920 800 3068 854 Patri

2345 890 2536 946 Carnis
2559 880 2758 962 trapazo
2786 894 3079 963 attingere,

2343 981 2559 1036 lnﬁrma
2586 983 2754 1037 nostri
2787 985 3034 1053 corporis

2349 1070 2555 1126 Virtute
2578 1071 2798 1127 ﬁrmans
2825 1075 3050 1144 perpeti.

2409 1164 2657 1234 Prresepe
2682 1151 2802 1236 jam
2823 1166 2988 1236 fulget
3016 1177 3194 1232 tuum,

2344 1239 2654 1324 numenque
2677 1271 2776 1311 nos
2805 1257 2977 1326 spirat
3000 1274 3222 1323 novum,

2341 1335 2492 1411 Quod
2517 1346 2659 1400 nulla
2691 1361 2790 1401 nos
2822 1347 3128 1417 interpolet,

2339 1439 2575 1510 Fideque
2594 1439 2707 1511 jugi
2733 1440 2927 1495 luceat.

2410 1531 2553 1586 Laus
2576 1532 2769 1596 honor,
2802 1541 2917 1587 etc.

2231 1648 2286 1711 γ.
2319 1642 2518 1698 Tecum
2535 1642 2856 1713 principium
2887 1643 2938 1696 in
2959 1643 3043 1697 die
3067 1641 3284 1696 virtutis
3309 1651 3433 1696 tum.
3455 1645 3722 1710 Antiphone

2083 1718 2138 1776 Br
2160 1734 2229 1788 ad
2257 1735 2632 1805 Magnilicatet
2670 1737 2840 1788 oratio
2874 1745 2927 1786 ut
2959 1735 3010 1786 in
3036 1735 3211 1788 editis.
3240 1735 3320 1787 Ad
3350 1737 3592 1800 honorent
3616 1753 3718 1787 sue-

2157 1837 2252 1881 cttc
2289 1827 2478 1881 Maria:
2507 1827 2816 1897 antiphona.
2842 1827 2980 1881 Ecce
3003 1826 3172 1880 Maria
3201 1827 3408 1896 genuit,
3440 1839 3573 1890 etc..,
3595 1845 3722 1891 usque

2154 1919 2358 1982 mundi,
2389 1934 2508 1970 cum
2534 1917 2767 1971 alleluia.
2806 1917 2932 1971 Post
2984 1919 3163 1988 ﬁnitas
3194 1919 3382 1970 laudes
3414 1935 3624 1985 sequens
3653 1936 3718 1968 rs-

2155 2012 2337 2064 brica:
2367 2008 2497 2060 Hrcc
2528 2009 2813 2075 antiphona
2842 2009 3054 2061 dicatur
3080 2008 3150 2061 ad
3189 2007 3376 2060 laudes
3409 2008 3480 2058 ad
3507 2007 3719 2059 honora-

2156 2110 2349 2154 sancta:
2405 2096 2596 2150 Maria:
2653 2115 2814 2166 usque
2843 2098 2911 2150 ad
2954 2109 3195 2151 octavam
3237 2093 3572 2164 Epiphania.
3600 2097 3722 2147 Arni-

2144 2177 2346 2264 .phona.
2405 2192 2572 2262 Virgo
2635 2193 2802 2246 verbo
2858 2191 3144 2259 concepit,
3224 2191 3381 2258 virgo
3437 2189 3719 2258 permansit.

2154 2287 2317 2355 Virgo
2344 2285 2553 2355 peperit
2599 2283 2800 2352 Regem
2834 2283 3077 2337 omnium
3113 2295 3326 2350 regum.
3363 2277 3495 2331 Post
3525 2293 3720 2342 "stram

2153 2376 2256 2429 diei
2285 2374 2590 2428 Nativitatis
2619 2373 2828 2428 Domini
2852 2373 2963 2426 lucc
2985 2373 3265 2428 habentur.
3305 2368 3442 2422 lltrc
3475 2370 3722 2436 ηιειὶιεόρεδι

2153 2468 2348 2520 dicitur
2376 2484 2536 2538 usque
2562 2467 2633 2519 ad
2663 2475 2896 2519 octavam
2928 2464 3261 2533 Epiphanite.
3289 2461 3556 2516 Nesciens
3590 2460 3724 2518 latr!

2153 2559 2319 2627 Virgo
2359 2559 2532 2612 virum
2562 2558 2773 2628 peperit
2801 2557 2921 2610 sine
2956 2555 3161 2610 dolore.
3215 2554 3566 2609 Salvatorem
3589 2567 3726 2604 srm-

2151 2650 2325 2705 lorum
2355 2652 2528 2720 ipsum
2573 2665 2753 2714 regem
2801 2649 3119 2716 angelorum
3171 2647 3289 2703 sola
3319 2648 3478 2708 virgo
3527 2643 3728 2698 lactalnt

2151 2743 2318 2798 ubere
2343 2745 2408 2798 de
2443 2743 2582 2798 coelo
2609 2741 2786 2812 pleno.

2622 2849 2677 2888 IN
2715 2849 2910 2889 VIGILIA
2951 2848 3271 2886 EPIPBANIJE.

2223 2925 2372 2980 Inter
2399 2925 2667 2995 praecipua
2703 2940 2822 2994 qua:
2851 2933 3119 2993 ponuntur
3155 2923 3211 2974 in
3247 2921 3417 2991 ofﬁcio
3444 2919 3602 2988 hujus
3637 2918 3726 2970 diei

2151 3017 2262 3071 huic
2311 3025 2454 3071 sunt.
2511 3017 2593 3069 Ad
2648 3014 2958 3086 Magniﬁcat
3000 3013 3316 3082 antiphona.
3337 3010 3559 3066 Christo
3585 3010 3724 3061 datus

2149 3120 2233 3166 est
2281 3111 2616 3180 principatus
2657 3121 2711 3163 et
2764 3110 2941 3163 honor
2992 3106 3175 3173 regni;
3248 3105 3434 3159 omnis
3489 3102 3716 3172 populus,

2149 3203 2321 3257 tribus
2349 3211 2401 3255 et
2431 3202 2624 3271 lingua:
2650 3201 2892 3255 servient
2918 3201 2966 3254 ei
3000 3200 3052 3253 in
3079 3207 3373 3253 mtermuu.
3402 3196 3641 3250 Alleluia.

2219 3292 2424 3345 Oratio.
2477 3291 2651 3345 Corda
2694 3300 2900 3354 nostra,
2947 3304 3283 3358 quiesumus,
3338 3286 3586 3347 Domine,
3612 3299 3722 3336 ven-

2150 3394 2282 3437 tura:
2305 3382 2616 3437 festivitatis
2644 3381 2898 3451 splendor
2927 3381 3212 3443 illuxninet,
3243 3393 3354 3447 quo
3378 3377 3563 3433 mundi
3592 3374 3728 3440 hujus

2147 3475 2385 3529 tenebris
2419 3490 2611 3529 carere
2644 3473 2941 3536 valeamus,
2974 3481 3027 3528 et
3061 3471 3352 3539 pervenire
3402 3474 3474 3524 ad
3519 3468 3724 3539 patrias:

2145 3569 2407 3624 claritatis
2431 3579 2680 3624 aeternae.
2702 3567 2806 3622 Per
2841 3568 3112 3622 eumdem.
3285 3623 3290 3631 κ

2218 3658 2285 3712 In
2335 3660 2419 3713 die
2458 3661 2568 3729 ipso
2626 3658 2938 3729 Epiphania:
2993 3658 3061 3711 ad
3115 3665 3323 3710 sextam
3373 3656 3588 3720 ponitur
3631 3653 3724 3704 lia

2146 3753 2340 3805 oratio.

2216 3842 2359 3896 Deus
2386 3840 2718 3896 illuminator
2739 3839 2980 3897 omnium
3013 3840 3279 3910 gentium,
3306 3839 3374 3893 da
3399 3838 3606 3909 populis
3631 3838 3728 3890 tuis

2143 3945 2401 4006 perpetua
2429 3951 2560 4005 pace
2585 3934 2856 4004 gaudere,
2895 3942 2950 3987 et
3005 3933 3134 3986 illud
3166 3932 3351 3986 lumen
3402 3931 3721 4002 splendidum

2144 4027 2365 4082 infunde
2390 4029 2644 4083 cordibus
2673 4027 2893 4090 nostris,
2919 4027 3060 4095 quod
3089 4027 3251 4079 trium
3283 4039 3566 4095 magorum
3593 4036 3722 4076 men-

2145 4120 2287 4174 tibus
2319 4119 2597 4190 aSpirasti.
2637 4118 2741 4173 Per
2771 4117 3055 4172 Dominum
3098 4125 3371 4172 nostrum.

2211 4211 2296 4264 Ad
2335 4227 2527 4264 nonam
2561 4211 2757 4266 oratio.
2789 4209 2950 4272 Deus,
2980 4211 3068 4276 qui
3097 4209 3246 4261 hunc
3275 4207 3421 4260 diem
3454 4203 3722 4261 electionis

2143 4303 2384 4374 gentium
2425 4301 2681 4372 primitus
2728 4299 3084 4362 consecrasti,
3136 4307 3190 4352 et
3241 4313 3342 4368 per
3390 4298 3611 4351 luminis
3655 4296 3724 4348 tui

2072 4424 2115 4478 ἢ
2143 4395 2352 4449 stellam
2386 4394 2730 4448 manifestum
2764 4402 2818 4448 te
2844 4392 2999 4446 nobis
3024 4392 3336 4453 ostendisti,
3365 4392 3561 4452 tribue,
3586 4405 3718 4478 ηεξ

2141 4495 2346 4546 sumus,
2377 4489 2437 4534 ut
2459 4496 2596 4534 nova
2623 4479 2886 4535 calorum
2918 4477 3184 4532 mirabilis
3203 4476 3429 4531 claritas
3459 4478 3512 4530 in
3533 4477 3718 4530 nostris

2141 4585 2353 4640 semper
2383 4572 2611 4626 oriatur.

2211 4662 2320 4717 Pro
2360 4664 2598 4717 oratione
2627 4662 2841 4716 secundi
2872 4661 3115 4714 nocturni
3164 4661 3308 4729 infra
3359 4671 3592 4714 actarum
3633 4659 3714 4709 lic-

2139 4754 2288 4808 betur
2313 4773 2530 4825 sequens
2572 4757 2764 4809 oratio.

2207 4846 2432 4911 Prmsta,
2458 4860 2783 4915 qumsumus,
2799 4843 3143 4912 omnipotens
3166 4841 3330 4903 Deus,
3349 4853 3406 4894 ut
3432 4842 3473 4896 S
3493 4841 3712 4894 .lratoris

2137 4939 2320 4993 mundi
2372 4937 2525 4992 stella
2576 4937 2712 4990 duce
2756 4934 3098 4989 manifestata
3144 4935 3407 4987 nativitas
3461 4934 3710 4987 mentibus

2135 5028 2333 5081 nostris
2361 5026 2630 5081 reveletur
2654 5039 2870 5095 semper
2890 5033 2946 5079 et
2973 5033 3201 5078 crescat.
3235 5023 3344 5077 Per
3370 5024 3638 5078 eumdem.

2297 5155 2549 5194 DOMINICA
2592 5154 2750 5192 PRIMA
2791 5154 2922 5193 POST
2954 5153 3205 5192 OCTAVA!
3246 5153 3563 5191 ΕΡῙΡΕΑΝΙΞ.

2205 5231 2332 5286 Post
2361 5233 2656 5295 lectionem,
2684 5242 2808 5295 etc.,
2844 5247 3007 5300 usque
3036 5231 3105 5282 ad
3140 5229 3434 5298 symbolum
3464 5227 3704 5296 apostola-

2135 5341 2249 5378 rum
2287 5324 2550 5387 inclusive,
2597 5333 2650 5376 ut
2701 5325 2754 5376 in
2789 5324 2944 5376 editis
2973 5324 3084 5375 lucc
3137 5333 3466 5392 sequuntur:
3490 5321 3706 5377 Conﬁte-

2132 5415 2263 5469 mini
2289 5415 2533 5479 Domino,
2550 5414 2803 5482 quoniam
2828 5414 3018 5468 bonus.
3038 5413 3090 5480 ἦ.
3106 5411 3376 5480 Quoniam
3396 5415 3445 5468 in
3465 5413 3707 5492 sarculum.

2131 5508 2503 5562 misericordia
2539 5507 2678 5577 ejus.

2202 5592 2492 5670 Confessio.
2530 5599 2805 5655 Conﬁteor
2852 5599 2964 5655 Deo
3015 5608 3071 5654 et
3113 5599 3369 5654 omnibus
3415 5597 3609 5653 sanctis
3646 5603 3692 5644 et

2129 5693 2302 5760 vobis,
2325 5693 2570 5766 _Patres,
2617 5709 2732 5748 mea
2777 5693 2956 5762 culpa,
2992 5693 3117 5761 quia
3151 5692 3564 5765 peccavi_uimis
3607 5699 3692 5756 per
