3846 6324
15 308 125 361 9ὸὸ

896 289 1235 357 EXCEBPT.
1270 298 1359 352 ex
1400 298 1602 353 CODD.
1649 297 1928 354 LITURC.
1954 298 2481 357 FONTAVELIAN.

3199 305 3302 361 9355

17 412 344 483 superbiam
391 412 444 467 in
493 410 853 480 cogitatione,
903 413 1265 481 suggestione,
1320 426 1612 474 consensu,
1648 417 1691 471 Α
1726 413 1868 476 Fiat,
1901 414 2148 479 Domine,
2198 417 2566 470 misericordia
2619 426 2706 470 tua
2765 432 2928 487 super
2986 432 3102 472 nos.
3151 418 3304 474 Sicut

17 506 210 560 verbis
261 514 318 559 et
363 518 546 574 opere.
594 504 862 572 Deprecor
915 518 1028 564 vos,
1076 510 1249 568 orate,
1288 518 1385 573 pro
1425 502 1621 557 misero

19 609 341 670 peccatore.
509 599 511 601 ’

99 691 403 742 Absolutio.
435 689 756 745 Misereatur
789 689 948 743 vestri
991 690 1332 758 omnipotens
1366 691 1525 755 Deus,
1569 699 1624 744 et

25 782 278 834 dimittat
315 781 467 834 vobis
493 783 670 834 omnia
704 791 924 850 peccata
959 791 1132 835 vestra
1170 782 1464 849 praeterita,
1494 797 1624 850 prai-

35 873 204 925 ~cntia
239 881 296 925 et
332 871 740 938 fntura,liberet
764 888 856 926 vos
887 874 951 926 ab
981 873 1124 927 omni
1161 874 1318 933 malo,
1341 856 1624 927 conservet

26 973 89 1018 et
114 965 403 1018 conﬁrmet
430 975 483 1018 et
513 967 831 1020 corroboret
871 981 968 1018 vos
1008 966 1059 1018 in
1107 966 1251 1019 omni
1275 981 1438 1034 opere
1460 968 1618 1031 bono,

27 1066 90 1109 et
120 1058 391 1125 perducat
435 1072 530 1112 vos
562 1058 628 1112 ad
668 1058 834 1113 vitam
867 1067 1146 1111 aeternam.
1180 1057 1370 1111 Amen.

107 1149 435 1217 Capitnlum.
475 1150 741 1205 Converte
774 1167 893 1215 nos,
940 1151 1081 1205 Deus
1125 1149 1380 1204 salutaris
1418 1156 1618 1203 noster.

29 1241 106 1294 Et
144 1253 332 1296 averte
359 1243 494 1297 iram
529 1251 673 1296 tuam
706 1257 734 1296 a
769 1242 944 1296 nobis.
980 1243 1230 1312 Dignare,
1262 1241 1505 1304 Domine,
1538 1241 1622 1294 die

33 1336 161 1389 isto.
202 1334 332 1388 Sine
371 1343 599 1404 peccato
629 1349 727 1389 nos
757 1335 1049 1389 custodire.
1071 1334 1212 1397 Fiet,
1241 1333 1487 1397 Domine,
1517 1333 1620 1384 mi-

31 1427 334 1482 sericordia
382 1437 465 1481 tua
499 1442 662 1496 super
694 1441 810 1481 nos.
858 1426 1011 1481 Sicut
1061 1426 1398 1495 speravimus
1449 1425 1498 1478 in
1546 1433 1617 1478 te.

33 1520 364 1579 Sacerdotes
415 1524 489 1577 tui
542 1523 836 1577 induantur
877 1523 1165 1594 justitiam.
1209 1523 1274 1577 Et
1314 1523 1484 1575 sancti
1544 1524 1617 1575 tui

25 1616 324 1669 exsultent.
356 1615 504 1669 Mitte
533 1617 630 1679 eis,
667 1615 906 1675 Domine.
939 1615 1194 1670 auxilium
1220 1614 1284 1669 de
1315 1626 1522 1672 sancto.
1558 1614 1622 1667 Et

24 1707 93 1760 de
155 1707 288 1762 Sion
343 1719 490 1762 tuere
539 1723 653 1763 eos.
724 1707 983 1775 Domine,
1055 1707 1248 1762 exaudi
1318 1707 1617 1759 orationem

1723 503 2061 570 speravimus
2114 507 2165 557 in
2221 513 2292 557 te.
2334 503 2655 558 Sacerdotes
2702 506 2774 560 tui
2820 505 3113 560 induantur
3141 507 3302 577 justi-

1726 594 1876 647 tiam.
1914 595 2166 649 Etsancti
2201 596 2272 648 tui
2309 586 2774 653 esSttltentJl’littc
2804 599 2905 663 eis,
2935 598 3183 660 Domine,
3212 617 3305 653 au-

1724 687 1910 740 xilium
1962 688 2028 740 de
2078 698 2289 742 sancto.
2339 689 2402 742 Et
2431 690 2497 744 de
2545 691 2675 744 Sion
2718 702 2865 745 tuere
2910 708 3022 748 eos.
3060 693 3304 757 Domine,

1723 779 1916 833 exaudi
1971 781 2270 834 orationem
2329 797 2524 834 meam.
2578 783 2641 837 Et
2697 783 2904 838 clamor
2950 801 3099 840 meus
3140 788 3204 839 ad
3255 789 3308 840 le'

1725 872 1924 925 veniat.
1978 871 2126 925 Psal.
2186 873 2464 927 Miserere.
2515 873 2839 942 Capitulnm.
2893 877 3116 931 Domine
3163 879 3311 932 Deus‘

1723 964 2009 1027 virtutum,
2066 973 2322 1018 converte
2369 981 2486 1019 nos.
2545 964 2776 1019 Ostende.
2806 967 2994 1022 faciem
3033 978 3203 1028 tuam,
3251 976 3307 1022 et

1724 1055 1852 1109 salvi
1884 1057 2106 1109 erimus.
2148 1057 2404 1109 Dominus
2438 1058 2738 1110 vobiscum.
2789 1058 2853 1111 Et
2887 1075 3029 1112 cum.

1795 1148 1997 1203 Oratio.
2043 1151 2303 1206 Matutina
2355 1152 2656 1221 supplicum
2706 1163 2857 1220 vota,
2904 1153 3149 1215 Domine,
3184 1170 3308 1223 pro-

1724 1244 1887 1313 pitius
1922 1244 2150 1303 intuere,
2190 1253 2242 1297 et
2273 1245 2481 1299 occulta
2516 1245 2693 1298 cordis
2740 1247 2906 1300 nostri
2938 1249 3172 1300 remedio
3203 1255 3306 1300 tua:

1723 1337 1955 1390 clariIiCa
1975 1337 2209 1406 pictatis,
2237 1348 2292 1389 ιιι
2323 1337 2588 1392 desideria
2618 1339 2902 1393 tenebrosa
2930 1356 3034 1391 non
3067 1349 3303 1404 teneant,

1722 1443 1856 1496 quos
1904 1427 1992 1480 lux
2036 1427 2274 1482 caelestis
2316 1429 2504 1497 gratim
2549 1430 2818 1499 reparavit
2863 1429 3020 1484 Jesns
3063 1429 3310 1484 Christus

1719 1520 1910 1587 Filius,
1941 1529 2045 1574 etc.

1793 1611 2064 1681 Su/fragia
2098 1623 2423 1675 sanctorum,
2464 1631 2581 1682 qua:
2625 1615 2876 1667 dicuntur
2910 1615 3051 1667 οηιηὶ
3084 1624 3311 1683 tempore

1724 1704 1948 1770 exceptis
2005 1703 2150 1772 festis
2219 1703 2528 1758 Nativitatis
2582 1703 2815 1767 Domini,
2875 1704 3310 1771 Resurrectionis,

17 1815 238 1854 meam.
278 1800 344 1855 Et
392 1801 598 1854 clamor
634 1816 787 1854 meus
820 1799 884 1853 ad
939 1810 988 1854 te
1044 1800 1243 1854 veniat.
1292 1795 1616 1867 Symbolum.
1654 1769 1694 1822 Β
1725 1796 2074 1860 Ascensionis,
2111 1807 2157 1849 et
2207 1794 2534 1850 Pentecostes
2572 1808 2619 1849 et
2653 1797 2847 1850 octavis
2903 1813 3107 1850 earnm.
3158 1785 3318 1849 Anti:

9 1891 354 1962 Quicunque
395 1891 507 1945 vult
554 1892 735 1947 salvus
780 1907 921 1947 esse.
974 1891 1296 1960 Capitulum.
1330 1891 1619 1944 Benedicat

16 1997 128 2035 nos
159 1983 324 2045 Deus,
365 1983 505 2037 Deus
532 1991 735 2045 noster,
770 1983 1053 2036 benedicat
1087 1997 1181 2035 nos
1212 1981 1376 2043 Deus,
1424 1993 1478 2036 et
1510 1998 1621 2035 me-

21 2083 188 2128 tuant
215 2089 338 2128 eum
378 2089 569 2128 omnes
610 2075 744 2128 ﬁnes
775 2083 954 2128 terrm.
1005 2072 1264 2127 Dominus
1317 2072 1616 2126 vobiscum.

18 2167 89 2221 Et
138 2182 266 2221 cum
304 2167 493 2235 spiritu
533 2175 642 2219 tuo.
701 2164 886 2220 Oratio
917 2165 1095 2218 eadem
1135 2182 1252 2234 qum
1304 2165 1521 2218 habetur
1567 2163 1620 2217 iu

16 2260 182 2311 editis
209 2259 266 2311 in
295 2257 426 2325 festo
455 2257 750 2310 Trinitatis.

96 2349 232 2403 Post
260 2349 526 2403 lectionem
548 2365 566 2403 :
587 2349 784 2403 Sancta
809 2349 995 2411 Maria,
1022 2349 1210 2416 legitur
1236 2349 1346 2401 lta'c
1377 2347 1618 2402 rubrica:

18 2440 264 2495 Privatis
299 2442 478 2495 diebus
511 2442 718 2494 dicatur
748 2442 832 2494 hic
862 2451 940 2494 ter
971 2456 990 2493 :
1017 2441 1160 2495 Deus
1203 2441 1253 2494 in
1292 2438 1617 2507 adjutoriunt

15 2549 210 2589 meum
245 2533 480 2598 intende,
525 2549 642 2586 cum
672 2531 871 2588 Gloria.

94 2624 181 2678 Ad
223 2625 613 2693 completorium
658 2625 858 2686 onmia,
914 2635 968 2677 ut
1008 2625 1058 2677 in
1101 2623 1274 2688 editis,
1311 2639 1472 2688 usque
1524 2621 1616 2691 qui

17 2715 158 2771 fecit
188 2716 385 2770 caelum
431 2724 484 2768 et
531 2724 756 2769 terram.
783 2714 1106 2785 Capitulmn.
1136 2714 1480 2769 Conliletnini
1515 2714 1618 2768 Do-

17 2808 175 2862 mino
212 2807 465 2877 quoniam
501 2808 692 2861 bonus.
734 2805 997 2872 Quoniam
1039 2807 1090 2859 in
1127 2807 1379 2860 saeculum
1410 2801 1636 2858 miseri-'

18 2898 214 2955 cordia
236 2897 369 2967 ejus.
395 2895 668 2967 Confessio
695 2905 742 2951 et
776 2895 1035 2950 absolutio
1061 2907 1111 2949 ut
1145 2913 1324 2966 supra.
1353 2882 1633 2951 Converte”

17 3007 130 3045 νιος
181 2991 342 3053 Deus,
395 2997 523 3052 etc.,
585 3005 747 3059 usque
798 2989 868 3042 ad
919 2989 1230 3059 symbolum.
1291 2986 1638 3055 Capitulum.’

1721 1886 1897 1953 pltoua
1931 1885 1995 1938 de
2032 1903 2202 1939 cruce.
2235 1886 2341 1940 Nos
2369 1894 2545 1940 autem
2578 1887 2796 1956 gloriari
2829 1895 3040 1956 oportet
3072 1887 3123 1940 in
3147 1902 3310 1941 cruce

1724 1977 1933 2030 Domini
1977 1976 2143 2030 nostri
2187 1975 2313 2030 Jcsu
2348 1976 2573 2030 Christi.
2609 1976 2801 2030 Omnis
2833 1985 2995 2037 terra,
3027 1985 3133 2031 etc.

1795 2067 2000 2122 Oratio.
2059 2065 2260 2120 Adesto
2309 2067 2486 2132 nobis,
2541 2081 2884 2135 quaesumus,
2950 2066 3201 2130 Domine,
3257 2074 3312 2121 ct

1722 2177 1856 2230 quos
1890 2170 2090 2215 sancttc
2131 2161 2310 2215 crucis
2347 2160 2514 2231 laetari
2548 2159 2681 2213 facis
2729 2161 2957 2224 honore,
3004 2159 3121 2230 cjus
3177 2175 3311 2230 quo-

1724 2267 1830 2322 que
1862 2253 2138 2322 perpetuis
2175 2251 2402 2306 tlefende
2436 2251 2709 2304 subsidiis.
2748 2249 2870 2304 Per.

1792 2343 2091 2411 Antiphonti
2168 2343 2231 2396 tle
2287 2343 2436 2396 beata
2502 2341 2698 2395 Maria.
2772 2341 2944 2394 Mater
2990 2349 3043 2395 et
3088 2341 3311 2408 innupta

1727 2435 1880 2504 virgo
1913 2434 2144 2504 gloriosa
2165 2476 2180 2500 ,
2227 2433 2434 2504 Regina
2465 2433 2672 2494 mutuli,
2716 2433 2991 2486 intercede
3027 2448 3124 2502 pro
3153 2435 3314 2487 nobis

1721 2527 1786 2578 ad
1834 2524 2115 2578 Dominum
2164 2525 2329 2579 Deum
2377 2535 2641 2580 nostrum.
2688 2524 2911 2589 Dill'usa,
2970 2534 3076 2578 etc.
3125 2523 3312 2580 Oratio

1726 2616 2097 2670 Famulorum.
2433 2688 2435 2690 η
2703 2632 2708 2636 ’

1795 2695 2089 2776 Antiphone
2112 2709 2174 2761 de
2196 2718 2374 2762 sancto
2402 2706 2669 2760 Micltaeli.
2701 2706 2925 2760 Michael
2959 2706 3307 2777 archangele,

1721 2803 1841 2856 veni
1881 2802 1934 2856 in
1985 2801 2312 2869 adjutorinm
2362 2801 2545 2871 populi
2594 2800 2708 2854 Dei.
2764 2798 2820 2853 ln
2867 2809 3154 2867 conspectu
3209 2815 3309 2852 an-

1719 2893 1980 2965 gelorum.
2013 2892 2217 2947 Oratio.
2255 2893 2395 2946 Deus
2421 2891 2510 2959 qui
2547 2892 2684 2946 miro
2726 2892 2936 2944 ordine.

1792 2982 2091 3050 Antiphone
2124 2982 2187 3035 de
2217 2990 2399 3035 sancto
2428 2979 2731 3033 Benedicto.
2776 2978 2897 3032 Fuit
2929 2978 3012 3031 vir
3054 2977 3176 3030 vitae
3221 2992 3315 3031 ve-

16 3082 355 3137 Benedictus
394 3095 474 3145 cs,
516 3079 739 3133 Domine
782 3087 996 3148 patrum
1043 3086 1369 3133 nostrorum.
1407 3078 1472 3132 Et
1504 3077 1618 3131 lau-
1646 3113 1686 3170 α
1722 3072 1978 3126 nerabilis
2003 3071 2173 3141 gratia
2193 3070 2516 3124 Benedictus
2546 3077 2601 3122 et
2634 3069 2872 3123 nomine.
2905 3065 3147 3135 Osjusti.
3180 3064 3314 3119 Ora-

17 3170 229 3225 dabilis
258 3180 311 3224 et
344 3168 608 3238 gloriosus
642 3168 694 3222 in
727 3169 942 3224 saecula.
983 3169 1373 3225 Benedicamus
1400 3167 1616 3223 Patrem

14 3271 74 3316 et
107 3258 306 3312 Filium
336 3274 456 3313 cum
486 3268 674 3314 sancto
707 3259 930 3331 Spiritu.
975 3259 1284 3316 Laudemus
1335 3269 1388 3315 et
1432 3275 1620 3330 super-

17 3352 326 3407 exaltemus
354 3365 475 3406 eum
528 3351 578 3406 in
629 3353 844 3407 saecula.
891 3353 1214 3407 Benedictus
1251 3369 1310 3408 es
1344 3355 1395 3408 in
1439 3353 1620 3408 firma-

18 3451 216 3498 mento
255 3443 397 3497 cmli.
448 3443 516 3497 Et
560 3442 845 3498 laudabilis
888 3453 943 3498 et
985 3444 1252 3515 gloriosus
1293 3444 1346 3497 in
1401 3445 1614 3499 saecula.

41 3533 325 3589 tenedicat
356 3549 455 3589 nos
507 3535 850 3604 omnipotens
899 3533 1060 3589 Deus.
1113 3535 1308 3590 Amen.
1363 3535 1615 3605 Dignare,

23 3626 278 3690 Domine,
328 3637 485 3682 nocte
527 3627 648 3681 ista.
705 3625 834 3681 Sine
894 3636 1118 3695 peccato
1173 3642 1270 3681 nos
1326 3629 1615 3682 custodire.

21 3719 174 3782 Fiat,
231 3718 482 3783 Domine,
529 3717 900 3772 misericordia
939 3727 1028 3771 tua
1085 3733 1248 3788 super
1298 3735 1416 3772 nos.
1469 3718 1621 3773 Sient

21 3810 372 3880 speravimus
433 3809 487 3862 in
535 3817 607 3863 te.
659 3809 984 3864 Sacerdotes
1018 3809 1092 3863 tui
1129 3812 1421 3865 induantur
1457 3811 1618 3880 justi-

22 3904 184 3956 tiam.
220 3901 283 3955 Et
314 3901 486 3955 sancti
543 3901 617 3954 tui
682 3900 972 3956 exsultent.
1035 3901 1185 3956 Mitte
1229 3903 1330 3966 eis,
1369 3903 1617 3968 Domine,

26 3993 294 4049 auxilium
328 3993 396 4046 de
424 4002 634 4048 sancto.
667 3991 731 4045 Et
761 3993 826 4047 de
873 3993 1003 4045 Sion
1045 4002 1194 4048 tuere
1222 4007 1333 4046 eos.
1370 3995 1618 4061 Domine,

23 4086 225 4142 exaudi
258 4085 562 4139 orationem
601 4099 797 4139 meam.
842 4083 908 4137 Et
949 4084 1153 4139 clamor
1178 4101 1329 4141 meus
1358 4087 1424 4140 ad
1457 4095 1505 4141 te
1530 4103 1621 4141 ve-

23 4179 165 4232 niat.
222 4177 446 4232 Domine
495 4177 636 4231 Dens
695 4176 997 4240 virtutum,
1057 4189 1312 4233 converte
1372 4195 1488 4234 nos.
1555 4180 1622 4234 Et

28 4269 256 4325 ostende
284 4268 474 4323 faciem
513 4277 692 4336 tuam,
733 4278 787 4324 et
819 4270 950 4325 salvi
989 4271 1218 4325 erimus.

105 4361 308 4415 Oratio.
343 4359 533 4426 Visita,
563 4369 695 4427 etc.,
716 4373 989 4431 postquam
1021 4373 1306 4434 sequuntur
1335 4363 1455 4416 alim
1477 4363 1616 4416 dum.

1722 3168 1814 3221 tio.
1846 3165 2189 3220 Intercessio.

1790 3258 2092 3327 Antiphone
2126 3258 2190 3310 de
2212 3266 2392 3310 sancta
2437 3254 2644 3309 Joanne
2679 3254 2939 3324 Baptista.
2973 3254 3117 3308 lnter
3155 3263 3325 3306 natos

1719 3353 2008 3408 mulierum
2055 3367 2161 3404 non
2195 3350 2431 3403 surrexit
2462 3346 2635 3414 major
2662 3346 2870 3401 Joanne
2905 3345 3164 3414 Baptista.
3210 3343 3313 3398 Ju-

1721 3456 1837 3501 stus
1872 3454 1932 3499 ut
1973 3441 2415 3514 palma.~0ratio.
2451 3441 2596 3494 Beati
2637 3440 2864 3494 Joannis
2902 3439 3154 3507 Baptistm
3192 3453 3314 3503 nos,

1721 3552 2051 3607 quaesumus,
2122 3533 2389 3595 Domine,
2442 3532 2702 3600 prteelara
2758 3531 3052 3584 comitetur
3111 3533 3313 3594 oratio,

1721 3642 1881 3695 quem
1916 3634 2207 3680 venturum
2246 3637 2366 3677 esse
2395 3620 2662 3690 przcdixit,
2717 3628 2900 3686 poscat
2935 3617 3318 3690 nobisfavere

1721 3719 1990 3788 placatum
2023 3716 2298 3772 Christum
2329 3713 2613 3766 Dominum
2651 3720 2917 3766 nostrum.

1791 3811 2110 3879 Antiphone.
2156 3809 2374 3876 Petrus,
2404 3815 2509 3861 etc.
2566 3805 2774 3859 Oratio.
2826 3805 3053 3867 Pra-sta,
3100 3819 3309 3874 quaesu-

1721 3915 1862 3962 mus,
1905 3901 2248 3968 omnipotens
2279 3899 2442 3963 Deus,
2475 3908 2531 3950 ut
2562 3897 2718 3949 nullis
2748 3912 2843 3952 nos
2875 3897 3163 3964 permittas
3189 3911 3314 3966 pcr-

1726 3986 2119 4048 tnrbat’ionibus
2169 3992 2402 4056 concuti,
2446 4007 2582 4062 quos
2633 3991 2684 4044 in
2748 3991 3055 4060 apostolica:
3095 3989 3314 4045 confes-

1723 4084 1891 4139 sionis
1922 4093 2073 4152 petra
2105 4083 2364 4138 solidasti.
2401 4083 2524 4137 Per.

1793 4175 2088 4242 Antiphona
2120 4183 2166 4227 et
2194 4175 2359 4227 oratio
2399 4175 2462 4227 de
2495 4191 2638 4237 pace,
2675 4184 2726 4226 ut
2773 4175 2823 4226 in
2859 4173 3032 4225 editis.

1794 4266 2092 4334 Antiphonti
2146 4264 2210 4317 de
2259 4264 2499 4317 erunibus
2557 4266 2774 4316 sanctis.
2835 4261 2974 4314 Justi
3033 4259 3315 4329 fulgebunt

1724 4359 1863 4412 sicut
1905 4357 1984 4411 sol
2014 4357 2066 4410 in
2100 4371 2266 4427 regno
2306 4356 2484 4410 Patris
2511 4356 2640 4419 mei,
2672 4356 2801 4409 dicit
2836 4354 3112 4407 Dominus.
3144 4351 3312 4404 Mira-

98 4450 1700 4521 l‘llumina,quatsumns,Domine,tenelirasuostras,ett‘o-D
1727 4448 1848 4502 bilis
1881 4447 2040 4500 Deus.
2086 4447 2143 4499 ln
2195 4447 2394 4500 sanctis
2425 4445 2560 4514 ejus.
2617 4445 2826 4499 Oratio.
2874 4445 3030 4507 Deus,
3079 4443 3170 4511 qui
3215 4456 3324 4495 nos

27 4542 137 4596 tius
153 4539 564 4595 noctisinsidias
578 4549 670 4595 tuo
693 4559 719 4595 a
739 4543 892 4597 "Obls
919 4543 1114 4612 repelle
1129 4545 1619 4613 prepitiusanxilia.

100 4631 318 4684 Veritas
349 4641 461 4696 tua,
508 4648 843 4703 qmesumus,
889 4634 1131 4695 Domine,
1168 4649 1381 4704 semper
1409 4643 1624 4689 maneat

30 4722 83 4776 in
127 4722 390 4778 cordibus
424 4725 644 4787 nostris,
679 4734 733 4780 et
779 4741 874 4793 per
912 4727 1168 4781 virtutem
1206 4737 1406 4781 sanctte
1443 4727 1623 4782 crucis

24 4813 214 4870 omnis
241 4811 449 4870 falsitas
479 4816 682 4870 inimici
721 4817 1051 4872 destruatur.
1087 4818 1210 4872 Per.
1251 4837 1253 4840 ‘

99 4905 237 4961 Post
270 4903 476 4960 Laudes
514 4907 661 4976 ferire
701 4911 946 4962 secundae
975 4919 1088 4978 post
1115 4910 1337 4978 primam
1387 4907 1622 4963 Domini-

17 5017 144 5056 cam
194 4997 555 5064 supradictam
601 4999 848 5068 leguntur
886 5001 1027 5068 infra
1067 5001 1282 5067 scripta.
1321 5001 1449 5054 11αέ
1479 5003 1620 5070 capi-

17 5094 138 5147 tula
172 5090 421 5141 dicantur
449 5091 590 5143 omni
616 5099 844 5157 tempore
873 5093 1053 5146 diebus
1081 5085 1356 5162 ferialibus
1395 5093 1464 5146 ad
1505 5093 1620 5146 lau-

10 5189 138 5248 des,
186 5179 257 5233 ad
299 5182 525 5247 tertiam,
559 5192 607 5235 et
643 5185 712 5236 ad
742 5199 1029 5254 vesperum,
1063 5202 1180 5239 cum
1210 5185 1467 5240 Miserere
1490 5187 1616 5249 mei,

12 5277 196 5331 Deus.
241 5270 322 5324 Ad
355 5271 568 5341 vigilias,
609 5289 726 5326 vero
767 5275 836 5327 ad
865 5283 1088 5339 sextam,
1133 5284 1182 5328 et
1213 5292 1404 5328 nonam
1433 5276 1619 5328 dicun-

13 5379 116 5419 tur
153 5363 270 5414 sine
296 5360 554 5417 Miserere
584 5363 713 5427 mei,
743 5363 902 5419 Deus.
935 5364 1098 5435 Hyrie
1128 5363 1354 5429 eleison,
1382 5365 1614 5430 Christe,

7 5456 259 5518 eleison,
307 5453 470 5523 Kyrie
522 5454 746 5510 eleisoa.
809 5457 969 5512 Pater
997 5464 1199 5511 noster.
1248 5456 1312 5510 Et
1367 5473 1435 5511 ne
1486 5472 1610 5510 nos.

8 5544 361 5618 capitulum.
395 5547 507 5619 Ego
537 5547 646 5603 dixi
676 5567 688 5602 :
716 5548 962 5613 Domine,
998 5551 1256 5604 miserere
1299 5550 1424 5605 mei.
1473 5550 1614 5604 Sana

7 5643 271 5700 animam
311 5656 521 5710 meam,
564 5643 688 5713 quia
719 5645 935 5712 peccavi
985 5645 1099 5698 tibi.
1126 5643 1474 5708 Convertere,
1513 5644 1617 5698 Do-

8 5734 196 5799 mine,
222 5731 634 5802 aliquantulum.
663 5732 727 5789 Et
753 5733 1049 5791 deprecare
1080 5750 1242 5805 super
1265 5751 1452 5791 servos
1476 5747 1612 5791 tuos.

1725 4539 1978 4593 concedis
2017 4537 2188 4592 beatae
2231 4537 2413 4591 Maria:
2455 4553 2672 4606 semper
2709 4537 2956 4606 virginis,
2985 4542 3039 4588 et
3067 4533 3325 4589 omnium

1724 4635 2038 4681 sanctorum
2093 4635 2306 4680 tuorum
2368 4627 2942 4681 commemorationem
3009 4637 3204 4692 agere,
3245 4623 3326 4677 da.

1723 4719 1877 4774 nobis
1933 4720 1985 4773 in
2044 4727 2243 4774 {eterna
2295 4719 2632 4774 beatitudine
2683 4720 2749 4774 de
2800 4732 2987 4772 eorum
3051 4715 3324 4770 societate-

1722 4816 1978 4883 gauderc.
2022 4811 2144 4865 Per.

1795 4904 1875 4955 Ad
1914 4905 2121 4958 tertiam
2151 4905 2368 4973 ponitur
2399 4920 2616 4973 sequens
2650 4903 2838 4955 oratio.
2869 4901 3097 4971 Porrige
3133 4901 3324 4955 dexte-

1723 5009 1837 5048 ram
1875 5004 2043 5055 tuam,
2080 5011 2410 5065 quaesumus,
2460 4995 2706 5058 Domine,
2755 4994 2894 5062 plebi
2953 5004 3055 5046 tute
3099 4992 3325 5045 miseri-a

1721 5087 1957 5141 cordiam
1982 5087 2274 5156 postulanti
2310 5091 2588 5157 pcr'qnam
2623 5095 2678 5139 et
2707 5101 2924 5139 errores
2952 5085 3183 5138 declinet
3214 5083 3311 5136 lut-

1721 5193 1941 5239 mauos,
2009 5188 2064 5230 et
2123 5178 2318 5231 so!atia
2368 5178 2496 5231 vita:
2543 5176 2869 5230 immortalis
2925 5176 3190 5244 accipiat,
3257 5183 3308 5229 et

1720 5269 2049 5337 sempiterna
2081 5268 2274 5336 gaudia
2307 5268 2750 5338 comprehendat.
2788 5268 2909 5320 Per.

1791 5361 1871 5414 Ad
1913 5370 2111 5414 sextam
2147 5362 2334 5416 oratio.
2365 5361 2574 5414 Exaudi
2603 5376 2722 5422 nos,
2751 5359 2891 5412 Deus
2912 5359 3166 5412 salutaris
3194 5375 3311 5412 nos-

1720 5467 1821 5519 ter,
1851 5465 1904 5509 et
1937 5455 2053 5508 dies
2087 5463 2309 5508 nostros
2350 5454 2401 5508 in
2439 5463 2528 5508 tua
2588 5468 2720 5524 pace
2766 5453 3009 5523 dispone,
3041 5461 3098 5506 ut
3125 5468 3153 5506 a
3184 5440 3331 5507 cun--

1719 5549 1819 5604 etis
1858 5547 2356 5616 perturbationibus
2394 5548 2600 5602 liberati
2648 5547 2940 5616 tranquilla
2985 5547 3078 5600 tibi
3138 5544 3285 5600 servi

1721 5649 1836 5695 tute
1871 5639 2212 5692 famulemur.
2243 5639 2366 5693 Per.

1794 5733 1873 5784 Ad
1943 5748 2134 5786 nonam
2195 5732 2382 5786 oratio.
2457 5733 2570 5796 Da,
2641 5748 2992 5796 qumsumus,
3063 5729 3309 5792 Domine,

2641 5748 2945 5801 ιίιιίῐιδιιιιιιιε
2980 5773 2992 5796 7
