3846 6324
519 239 624 296 955

1729 251 1899 310 S.~EC.
1947 255 2014 310 Xl
2054 257 2320 314 MONUM.
2355 260 2629 321 LITURG.

3665 299 3744 356 ΗΞ

518 353 718 425 populo
751 364 842 410 tuo
876 353 1136 426 Spiritum
1173 358 1414 415 veritatis
1453 370 1505 416 et
1537 365 1704 433 pauiu
1743 378 1800 421 ut
1831 377 1881 422 te
1909 379 1962 422 et
1991 380 2096 424 tota
2129 375 2175 430 Α
2206 373 2426 428 Domine
2469 379 2556 446 qui
2589 393 2843 448 passurus
2889 380 3156 436 advenisti
3196 391 3421 453 propter
3443 399 3556 440 nos.
3582 386 3641 439 Et
3665 407 3742 442 re.

519 457 700 503 mente
723 460 1034 516 cognatcat,
1065 460 1120 506 ct
1147 469 1264 521 qua?
1289 453 1382 507 tibi
1410 465 1535 509 sunt
1557 457 1773 526 placita,
1802 469 1911 515 toto
1941 463 2102 519 corde

519 546 778 591 sectetur.

599 632 670 683 4d
701 648 936 699 uesper-as
970 635 1158 686 oratio.
1190 633 1430 700 Oriatur,
1473 639 1714 704 Domine,
1755 646 2102 700 nascentibus

519 721 772 786 tenebris,
800 712 993 776 aurora
1019 725 1241 792 iustitiae
1271 728 1318 780 ia
1353 731 1606 785 cordibus
1631 735 1850 800 nostris,
1889 747 1945 788 ut
1976 753 2099 802 eer-

517 822 640 866 aeto
705 814 790 866 die
837 816 1153 883 suppliciter
1202 819 1408 886 gratias
1455 832 1695 890 agentes,
1747 825 1906 879 etiam
1948 844 2102 884 mane

517 905 805 974 dignanter
837 908 1094 976 respicias
1123 918 1242 963 vota
1278 911 1568 970 solventes.
1601 917 1723 971 Per.

588 997 906 1066 Supradicta
928 1001 1187 1069 stt/Tragia
1218 1003 1286 1055 ad
1313 1004 1494 1059 laudes
1526 1008 1790 1063 dicuntur.
1819 1015 1899 1066 Ad
1929 1031 2100 1084 vespe-

517 1103 631 1139 rum
677 1099 851 1141 autent
894 1090 1142 1143 dicuntur
1195 1096 1458 1162 sequentia
1511 1103 1653 1152 enini
1726 1113 1954 1171 tempore
1993 1117 2099 1159 tam

515 1180 697 1233 diebus
731 1181 1005 1247 ferialibus
1035 1201 1193 1252 quam
1226 1185 1438 1252 festivis.

586 1271 904 1339 Antiphonti.
946 1272 1107 1328 Salva
1145 1292 1264 1340 nos,
1295 1278 1508 1333 Christe
1550 1282 1819 1350 Salvator,
1863 1302 1959 1352 per
1987 1289 2095 1343 vir-

516 1371 685 1416 tutem
716 1375 915 1420 sauclm
943 1369 1139 1422 crucis.
1187 1370 1284 1436 Qui
1338 1373 1552 1428 salvasti
1593 1376 1808 1432 i‘etrum
1842 1380 1891 1433 iu
1935 1382 2092 1444 ntari,

516 1455 777 1510 miserere
838 1459 1013 1512 nobis.
1076 1459 1266 1517 Omnis
1336 1475 1498 1519 terra.
1565 1467 1768 1526 Oratio.
1834 1473 2095 1544 Perpetua

516 1562 635 1610 nos,
669 1557 772 1601 etc.
1130 1558 1138 1566 '

585 1639 902 1709 Antiphone.
934 1641 1129 1698 Sancta
1160 1645 1324 1700 Maria
1360 1648 1451 1702 Dei
1489 1651 1664 1720 Virgo,
1697 1670 1909 1724 semper
1937 1658 2099 1712 inter-

2205 467 2302 518 teri
2357 469 2704 535 respondeant
2749 472 2963 543 :Kyrie
3017 473 3243 530 eleison.
3304 475 3519 531 Christe
3556 478 3743 544 civisne,

2205 557 2448 615 Domine.
2473 559 2541 614 Et
2571 561 2670 616 illi.
2698 563 2797 630 Qui
2824 566 3137 634 prophetica
3161 569 3460 636 promisisti
3482 589 3494 620 :
3514 586 3604 624 ero
3631 589 3744 628 mors

2204 654 2317 713 tua,
2339 663 2371 701 ο
2393 665 2558 705 mors.
2587 651 2652 704 Et
2669 657 2842 708 cteteri
2859 672 2877 709 :
2898 655 3059 726 Kyrie
3079 657 3306 719 eleisou,
3321 658 3536 714 Christe
3556 662 3742 720 eleison.

2203 737 2449 806 Domine,
2477 744 2750 800 miserere.
2785 746 2848 800 Et
2876 747 2952 801 illi
2980 763 2998 800 :
3029 747 3152 804 Vita
3188 751 3240 803 in
3271 750 3418 820 ligno
3452 753 3684 813 ηιοι-ἰιεπ.
3707 769 3748 808 et

2204 847 2348 885 mors
2393 849 2565 888 morte
2620 850 2936 894 evacuatur.
2987 839 3055 894 Et
3107 843 3521 913 cwteri:Kyrie
3559 846 3749 906 eleisna.

2203 922 2418 978 Christe
2443 926 2672 992 eleisou,
2723 930 2966 986 Domine.
2997 932 3065 986 Et
3091 933 3172 988 illi
3203 952 3223 989 :
3252 934 3505 990 Christus
3533 938 3752 992 Domina:

2206 1011 2380 1069 lactus
2428 1026 2510 1072 est
2570 1020 2828 1074 obedieus
2884 1038 3051 1092 usque
3094 1025 3163 1078 ad
3191 1035 3447 1080 mortem.
3479 1024 3545 1079 Et
3565 1032 3752 1082 ceteri:

2203 1103 2425 1158 Mortem
2454 1116 2631 1161 autem
2665 1111 2860 1165 crucis.
2893 1112 3052 1166 Pater
3087 1124 3293 1169 noster.
3323 1116 3642 1184 Capitulum.
3668 1119 3752 1182 5:3

2202 1195 2308 1249 dixi
2339 1215 2350 1250 :
2388 1198 2796 1259 Domiue,sana.
2822 1203 3174 1269 Convertere,
3202 1207 3455 1263 Domine.
3494 1208 3560 1262 Et
3588 1211 3754 1279 deputes

2201 1301 2344 1340 care.
2375 1288 2513 1352 Fiat,
2565 1291 2804 1347 Dmniue.
2839 1295 2987 1348 Sicut
3020 1299 3363 1364 speravimus
3389 1299 3445 1352 in
3477 1308 3548 1352 te.
3579 1299 3746 1354 Sacer-

2200 1378 2375 1434 dotes.
2430 1381 2495 1434 Et
2539 1384 2734 1437 sancti.
2794 1384 2943 1440 Mitte
2987 1387 3090 1448 eis,
3123 1389 3374 1444 Domine.
3429 1390 3497 1444 Et
3538 1391 3603 1445 de
3630 1391 3754 1448 Sion.

2199 1468 2446 1535 Domine,
2473 1473 2687 1526 exaudi.
2717 1475 2781 1527 Et.
2817 1474 3040 1530 clamor.
3075 1475 3224 1531 Psal.
3256 1478 3538 1534 Miserere.
3574 1480 3756 1550 Capita-

2201 1561 2325 1615 tum.
2363 1562 2590 1635 Domine
2624 1566 2764 1621 Deus
2797 1568 3156 1625 virtutum.Et
3185 1576 3434 1637 ostende,
3467 1577 3576 1628 sine
3608 1576 3756 1628 D”l:‘:i-

2199 1668 2300 1706 nus
2350 1655 2646 1708 vobiscum.
2700 1657 2807 1711 Sed
2852 1659 2945 1711 sub
2999 1661 3207 1715 silentio
3268 1663 3489 1716 dicitur.
3544 1664 3752 1719 Oremus.

512 1730 644 1786 cede
667 1747 761 1799 pro
789 1731 942 1786 uobis
969 1735 1034 1788 ad
1069 1737 1350 1793 Dominum
1380 1741 1545 1795 Deum
1577 1756 1838 1800 nostrum.
1871 1749 2091 1806 Ditl‘asa.
2127 1741 2169 1794 Β
2199 1740 2444 1810 Respice.
2480 1758 2808 1812 quaesumus,
2836 1747 3080 1804 Domine-

515 1817 721 1872 Oratio.
783 1821 1048 1889 Concede,
1103 1827 1416 1884 misericors
1473 1833 1635 1898 Deus,
1690 1836 1962 1907 fragilitati
2003 1858 2098 1894 uo-

513 1915 656 1973 strze,
688 1918 793 1966 etc.

583 2002 900 2072 Autiphona.
937 2004 1183 2072 Michael,
1223 2019 1330 2064 etc.
1365 2011 1568 2068 Oratio.
1626 2018 1948 2087 Perpetuum
1996 2040 2094 2076 uo-

511 2093 614 2158 his,
663 2095 908 2158 Domine,
966 2108 1068 2153 tua:
1118 2101 1483 2160 miserationis
1531 2119 1723 2175 priests
1772 2113 2090 2181 subsidium,

510 2184 703 2251 quibus
741 2194 793 2239 et
828 2188 1068 2258 angelica
1101 2194 1398 2262 praestitisti
1439 2199 1690 2270 sulTragia
1742 2218 1844 2257 non
1883 2204 2091 2261 deesse.

509 2275 632 2332 Per.
695 2307 698 2310 —

583 2371 864 2440 Suﬂ'ragia
893 2374 952 2428 S.
986 2375 1048 2429 Ρ.
1083 2376 1368 2445 Benedicti,
1399 2393 1452 2435 ut
1482 2385 1534 2436 in
1569 2386 1740 2440 editis.

583 2450 881 2532 Antiphone
921 2479 966 2520 et
1013 2470 1294 2526 versiculus
1334 2491 1430 2539 pro
1481 2488 1660 2530 sancto
1701 2478 1908 2534 Joanne
1947 2481 2090 2552 Bap-

509 2553 658 2617 tista,
693 2566 746 2607 ut
782 2559 833 2609 in
871 2558 1135 2615 laudibus.

581 2644 785 2700 Oratio.
838 2647 1188 2718 (huuipoteus
1237 2657 1564 2725 scmpilerue
1596 2661 1756 2729 Deus,
1799 2663 1862 2716 da
1914 2665 2091 2720 cordi-

507 2733 607 2788 bus
654 2735 799 2791 illam
858 2748 1066 2794 tuarum
1121 2746 1500 2804 rectitudiuem
1533 2754 1873 2820 semitarum,
1929 2773 2088 2825 quam

504 2826 697 2882 beatus
742 2828 976 2886 Joannes
1007 2833 1243 2904 Baptista
1289 2839 1339 2894 iu
1381 2841 1594 2899 deserto
1643 2861 1747 2902 vox
1804 2848 2090 2905 clamantis

506 2921 738 2976 edocuit.
785 2923 905 2978 Per.

578 3015 896 3084 Antiphona.
931 3017 1162 3073 Gloriosi
1197 3023 1490 3093 principes.
1525 3027 1729 3083 Oratio.
1764 3031 2089 3100 Apostolicis

506 3121 626 3166 nos,
655 3124 983 3177 qutesumus,
1039 3112 1285 3179 Domine,
1335 3117 1614 3174 beatorum
1657 3122 1798 3177 Petri
1848 3137 1902 3178 et
1935 3127 2084 3182 Pauli

414 3250 424 3260 ,
506 3199 690 3254 attolle
723 3203 1006 3269 przesidiis,
1043 3217 1096 3259 ut
1125 3218 1329 3276 quanto
1358 3210 1662 3280 fragiliores
1699 3233 1905 3284 sumus,
1941 3230 2089 3276 tanto

505 3289 855 3347 validioribus
898 3297 1115 3352 auxiliis
1149 3298 1450 3356 foveamur.
1485 3303 1607 3359 Per.

573 3385 873 3452 Antiphoaa
907 3406 1000 3456 pro
1035 3408 1182 3457 pace,
1217 3405 1272 3446 ut
1303 3396 1352 3446 in
1391 3394 1651 3452 laudibus.

573 3477 890 3544 Antiphona.
941 3480 1123 3536 Sancti
1162 3485 1251 3538 Dei
1298 3503 1508 3544 omnes.
1540 3505 1700 3545 orare
1748 3500 1800 3546 et
1855 3493 2088 3550 interce-

500 3565 629 3619 dere
657 3568 948 3636 dignemini
996 3587 1091 3639 pro
1142 3584 1323 3628 nostra
1355 3579 1706 3650 omniumque
1741 3582 1934 3636 salute.
1971 3584 2086 3639 Lae-

501 3658 689 3712 tamiui
750 3660 803 3712 in
853 3662 1100 3716 Domino.
1149 3663 1352 3720 Oratio.
1404 3668 1758 3739 Omnipotens
1793 3672 1953 3736 Deus,
1993 3690 2088 3729 nos

501 3745 735 3803 famulos
766 3758 885 3804 tuos
911 3753 1128 3808 dextera
1161 3760 1412 3824 potentim
1445 3770 1546 3813 tua:
1577 3777 1604 3814 a
1636 3765 1848 3818 cunctis
1871 3762 2088 3836 protege

499 3838 777 3906 periculis,
809 3851 883 3907 et,
932 3844 1086 3898 beata
1127 3846 1289 3901 Maria
1333 3868 1546 3920 semper
1587 3855 1808 3924 Virgine
1855 3858 2076 3913 interce-

501 3928 662 3984 dente
704 3946 824 3985 cum
867 3936 1115 3990 omnibus
1154 3942 1355 3996 sanctis
1399 3945 1528 4007 tuis,
1572 3944 1655 4000 l'ac
1693 3963 1790 4002 nos
1838 3951 2086 4016 pra'scuti

501 4021 737 4090 gaudere
766 4027 1124 4094 prosperitate
1161 4039 1214 4083 et
1262 4041 1483 4088 (eterna.
1517 4035 1620 4090 Per
1653 4039 1958 4094 Dominum.

802 4131 957 4185 rents
999 4134 1208 4181 ausura
1252 4137 1303 4174 IN
1343 4123 1536 4178 citem-1
1574 4143 1788 4181 JEJUNII.

579 4201 681 4256 Pro
733 4205 1090 4264 benedictione
1129 4213 1362 4266 cinerum
1416 4215 1606 4285 legitur
1654 4228 1857 4273 tantum
1919 4226 2085 4278 oratio

499 4295 666 4359 Deus,
697 4299 787 4362 qui
823 4315 928 4354 non
965 4312 1216 4371 mortem,
1245 4313 1350 4360 etc.
1382 4306 1574 4362 Postea
1595 4311 1831 4377 sequisur
1857 4313 1966 4367 hare
1993 4333 2084 4370 ru-

2117 3083 2160 3143 C

2272 1832 2373 1886 Hu’
2404 1852 2580 1903 preces
2611 1837 2896 1890 recitantur
2922 1849 3034 1907 post
3069 1843 3302 1903 tertiam,
3327 1859 3570 1911 νίφεται
3593 1856 3639 1895 tt
3661 1845 3755 1894 las.

2198 1924 2288 1977 des
2321 1926 2479 1979 trium
2502 1926 2705 1980 dierum
2743 1929 3085 1984 hebdomada:
3119 1934 3366 2000 majoris,
3399 1933 3756 2003 videlicetfm't

2196 2017 2398 2082 quinta,
2425 2016 2477 2070 in
2505 2015 2814 2085 Parasreve,
2836 2029 2882 2073 et
2914 2022 2966 2074 in
2991 2019 3226 2076 Sabbato
3257 2035 3466 2077 sancto.
3499 2023 3622 2078 Post
3647 2030 3760 2078 aeti-

2195 2107 2423 2176 phonam
2475 2110 2543 2162 ad
2590 2107 2911 2167 Benedictus
2955 2113 3178 2166 laudum
3223 2117 3452 2169 Sabbati
3480 2119 3754 2171 sant-tilia

2195 2198 2452 2252 habentur
2479 2215 2497 2252 :
2531 2200 2634 2254 Hic
2673 2203 2886 2256 dicatur
2909 2221 2928 2257 :
2964 2204 3130 2275 Kyrie
3163 2206 3391 2270 eleison,
3425 2220 3478 2261 et
3518 2222 3755 2272 τέτηκα

2197 2289 2479 2356 capitulum
2523 2306 2568 2345 et
2625 2294 2816 2359 oratio,
2851 2308 2903 2346 ut
2959 2296 3012 2349 in
3058 2296 3308 2352 laudibus
3362 2316 3522 2353 cacat?
3554 2301 3752 2352 Delia.

2198 2375 2382 2431 Prima
2412 2397 2549 2445 vero,
2577 2383 2752 2448 tertia,
2798 2395 2942 2438 sexta
2965 2396 3012 2438 et
3041 2403 3180 2440 nona
3203 2389 3339 2441 sicut
3371 2390 3556 2442 eadem
3584 2391 3680 2443 die.
3709 2392 3757 2442 In

2194 2468 2294 2521 hac
2320 2470 2403 2522 die
2432 2481 2554 2525 ante
2579 2474 2762 2526 horam
2805 2476 3010 2528 tertiam
3041 2477 3506 2547 discooperiantur
3534 2498 3700 2534 crum
3721 2495 3754 2532 rt

2195 2561 2407 2625 tabulw,
2433 2578 2551 2633 qum
2573 2581 2666 2633 per
2693 2574 2853 2619 lotam
2900 2565 3206 2622 Passionem
3233 2570 3450 2639 fuerant
3481 2572 3673 2626 relate.
3705 2573 3754 2625 Et

2194 2651 2332 2705 inter
2358 2655 2587 2719 tertiam,
2633 2665 2680 2709 et
2724 2667 2925 2724 sextam
2951 2659 3138 2712 harant
3171 2662 3342 2714 altare
3371 2663 3658 2731 honoriﬁce
3682 2681 3756 2716 (z-

2193 2753 2428 2797 ornetur.
2459 2745 2540 2798 Ad
2563 2763 2826 2816 vesperum
2857 2749 3172 2818 antiphona,
3212 2763 3260 2806 et
3283 2754 3488 2807 dicitur
3510 2757 3619 2808 hec
3639 2759 3757 2808 nti-

2191 2834 2368 2903 phona
2405 2837 2474 2889 ad
2513 2855 2778 2908 vesperum
2814 2857 2908 2910 per
2946 2851 3108 2896 totout
3132 2844 3519 2900 hebdomadam
3550 2852 3756 2917 laquei:

2190 2925 2487 2982 sabbatum.
2515 2928 2820 2985 Cruciﬁxus
2845 2935 3077 2987 surrexit
3115 2936 3271 2990 tertia
3304 2938 3392 2992 die
3417 2939 3486 2992 de
3513 2939 3756 3007 sepulcro,

2193 3015 2436 3083 alleluia,
2494 3019 2727 3076 alleluia.
2765 3021 2913 3077 Psal.
2960 3024 3224 3089 Laudate.
3255 3030 3431 3097 pueri.
3466 3028 3612 3084 Psal.
3641 3030 3756 3084 Lm:-

2193 3107 2345 3172 date,
2371 3126 2561 3166 omnes
2584 3123 2790 3183 gentes.
2819 3115 2970 3168 Psal.
2997 3118 3136 3174 Ecce
3157 3135 3325 3190 quam
3355 3121 3553 3176 bonum
3580 3127 3592 3177 Ξ
3627 3124 3756 3178 Ρεςὶ.

2191 3198 2396 3267 Lauda,
2424 3202 2745 3260 Jerusalem.
2780 3207 2976 3262 Lectio.
3033 3209 3086 3264 Si
3120 3215 3562 3268 eousurresistis.
3588 3217 3642 3281 εξ.
3667 3219 3758 3268 An-

2190 3295 2342 3363 gelus
2400 3297 2634 3354 Domini.
2689 3301 2744 3369 Ῡ.
2803 3300 2986 3357 Iesum
3049 3305 3315 3374 (litieritis.
3375 3306 3638 3375 Hymnus.
3688 3312 3754 3360 ,Η

2191 3401 2423 3442 comam.
2466 3391 2519 3459 in
2555 3391 2758 3447 Pascha
2807 3404 2988 3448 nostra
3044 3395 3359 3452 immolatus
3400 3409 3487 3453 est
3507 3399 3753 3454 Christus.

2194 3476 2275 3528 Ad
2301 3477 2613 3547 Maguiﬁcat
2634 3483 2943 3553 antiphona.
2975 3484 3216 3556 Vespere
3239 3498 3442 3542 autem.

2263 3567 2471 3624 Oratio.
2519 3571 2662 3625 Deus
2723 3573 2814 3644 qui
2875 3575 3015 3630 hanc
3082 3579 3514 3633 sacratissimam
3565 3588 3756 3634 noctem

2192 3661 2362 3731 gloria
2404 3664 2698 3720 Dominica:
2754 3671 3173 3726 resurrectionis
3212 3672 3476 3738 illustres,
3514 3689 3752 3728 conserva

2193 3753 2244 3806 in
2300 3770 2436 3808 nova
2489 3755 2708 3811 familia:
2746 3767 2851 3813 tute
2874 3762 3130 3832 progenie
3160 3763 3474 3832 adoptionis
3503 3764 3751 3833 spiritum,

2189 3846 2278 3914 qui
2331 3847 2548 3914 dedisti,
2602 3861 2660 3903 ut
2705 3866 2933 3920 corpore
2981 3862 3034 3907 et
3084 3866 3265 3908 mente
3315 3858 3556 3910 renovati
3587 3872 3752 3925 pars:

2195 3938 2287 3991 tibi
2325 3940 2616 3994 exhibeant
2646 3943 2982 3998 servitutem.
3009 3944 3113 3998 Per
3143 3948 3413 4000 eumdem.

2258 4028 2556 4098 Antiphona
2578 4031 2642 4084 de
2663 4049 2816 4086 cruce
2843 4051 3002 4102 usque
3028 4035 3096 4086 ad
3134 4045 3388 4089 octavam.
3439 4035 3748 4090 Gracilian

2189 4117 2242 4173 in
2276 4135 2440 4176 carne
2471 4121 2774 4188 laudemus,
2815 4127 2868 4178 et
2899 4124 3167 4192 sepultqu
3201 4138 3422 4195 propter
3443 4142 3538 4181 nos
3561 4127 3746 4196 gloriﬁ-

2187 4226 2391 4267 cemus.
2459 4215 2853 4286 Resurgeutem
2902 4218 2968 4270 de
2999 4229 3195 4284 morte,
3232 4219 3430 4282 \‘euitc,
3463 4221 3748 4280 adoremus,

2187 4303 2426 4369 alleluia,
2459 4305 2697 4372 alleluia,
2723 4308 2958 4362 alleluia.

497 4386 663 4442 brica.
699 4389 843 4445 Tunc
875 4408 1224 4463 aspergantur
1253 4416 1390 4468 aqua
1433 4412 1637 4469 sancta,
1689 4405 1950 4460 incensari
1981 4426 2081 4462 non

2260 4393 2560 4464 Antiphona
2587 4409 2784 4452 sanrtte
2822 4398 3012 4453 Maria’
3039 4417 3201 4471 usque
3223 4402 3274 4455 in
3305 4413 3539 4456 octavam
3577 4403 3744 4456 Ρινειιν-

495 4476 695 4531 debent.
741 4480 864 4534 Mea:
905 4487 1150 4538 sacerdos
1177 4487 1392 4557 incipiat
1431 4508 1620 4559 ponere
1662 4495 1887 4548 cinerem
1921 4516 2082 4565 supra

495 4569 818 4638 singulorum
849 4573 1072 4642 fratrum
1105 4579 1276 4646 capita
1307 4581 1358 4633 in
1384 4582 1592 4635 modum
1615 4587 1785 4638 crucis
1816 4587 2036 4643 dicendo
2061 4604 2080 4642 :

496 4661 824 4729 Recordare,
869 4668 1056 4728 homo,
1103 4679 1208 4724 etc.
1262 4669 1332 4724 Et
1374 4673 1462 4726 ille
1499 4677 1586 4744 qui
1635 4678 1840 4744 accipit,
1893 4681 2081 4735 dicat:

496 4753 668 4821 Huius
699 4757 901 4813 cineris
948 4761 1186 4828 aspersio
1231 4762 1303 4816 sit
1339 4763 1491 4830 mihi,
1533 4764 1775 4832 Domine,
1807 4769 1872 4823 ad
1905 4786 2080 4826 tenne-

493 4843 641 4897 dium
668 4847 928 4902 salutare.

568 4932 693 4988 I’ost
755 4935 937 4990 laudes
999 4937 1145 5007 ferite
1192 4954 1394 5010 quarta?
1451 4947 1666 5014 majoris
1746 4951 2083 5006 hebdomadis:

491 5022 748 5077 habentur
775 5029 1064 5095 sequentia.
1093 5029 1193 5083 llic
1219 5033 1623 5103 exstinguuntur
1644 5039 1821 5092 omnia
1851 5039 2075 5095 Iuntina.

497 5115 579 5167 Ad
612 5114 934 5173 Benedictus
960 5121 1264 5189 antiphona.
1289 5124 1557 5179 Traditor.
1596 5126 1691 5180 "is
1715 5131 1868 5184 dictis
1891 5133 2081 5185 vadunt

491 5207 595 5256 duo
620 5216 741 5261 ante
771 5210 958 5286 altare,
985 5220 1032 5264 et
1060 5211 1235 5266 dicant
1257 5231 1447 5270 sonora
1474 5235 1632 5276 voce:
1672 5219 1834 5291 Kyrie
1857 5221 2080 5290 eleison,

492 5295 709 5352 Christe
735 5300 958 5357 eleisou.
1009 5303 1260 5371 Domine,
1297 5309 1575 5364 miserere.
1625 5310 1693 5364 Et
1736 5313 1981 5368 similiter
2004 5331 2084 5368 re-

492 5390 781 5444 spondeant
819 5400 993 5448 ca'teri
1024 5396 1117 5448 alii
1150 5414 1166 5456 ,'
1197 5406 1244 5450 et
1270 5401 1357 5469 qui
1381 5411 1503 5454 sunt
1534 5412 1653 5454 ante
1679 5403 1847 5458 altare
1868 5405 2080 5458 dicant:

493 5479 744 5535 Christus
775 5483 912 5536 Deus
945 5484 1119 5540 factus
1143 5496 1225 5541 est
1259 5489 1517 5544 obedieus
1545 5506 1711 5558 usque
1739 5493 1804 5547 ad
1829 5504 2076 5548 mortem.

495 5571 686 5624 Caneri
731 5574 1076 5642 respondeant
1103 5593 1121 5630 :
1160 5577 1323 5646 Kyrie
1351 5578 1572 5642 eleisou,
1609 5579 1823 5636 Christe
1856 5583 2078 5649 eleison,

493 5662 744 5734 Domine,
797 5666 1070 5723 miserere.
1132 5670 1194 5724 Et
1227 5671 1303 5724 illi
1335 5682 1454 5727 ante
1495 5665 1662 5728 altare
1689 5675 1868 5730 dicant
1905 5695 1922 5731 :
1957 5675 2079 5732 Jcsu

2186 4497 2373 4540 costes.
2405 4487 2607 4558 Regina
2637 4490 2784 4544 caeli.
2817 4490 3015 4546 Dill‘usa
3046 4504 3148 4546 est.
3175 4493 3483 4562 Pr0pterea.

2260 4574 2468 4633 Oratio.
2519 4580 2684 4646 Deus,
2741 4581 2833 4652 qui
2883 4583 3098 4636 violata:
3144 4597 3351 4638 natura!
3382 4601 3478 4655 per
3511 4585 3742 4655 rirgiazi-r

2186 4669 2357 4725 decus
2411 4672 2636 4727 adhibes
2685 4675 3038 4740 medicinam,
3090 4674 3175 4729 fac
3228 4692 3325 4730 uos
3366 4677 3533 4730 beata
3584 4676 3738 4728 Mm:

2186 4779 2400 4833 semper
2449 4765 2678 4835 virginis
2737 4766 2988 4835 precibus
3037 4778 3091 4822 et
3144 4769 3740 4835 fermentumconocptc

2189 4856 2476 4924 pravitatis
2524 4857 2739 4926 penitus
2780 4857 3032 4925 abjicere,
3083 4869 3138 4914 et
3178 4860 3231 4913 iu
3283 4861 3539 4914 novitatis
3577 4875 3740 4928 aqua

2185 4949 2252 5004 de
2285 4957 2553 5003 vetustate
2599 4949 2844 5004 transire.
2871 4949 2996 5004 Per.

2594 5055 2846 5095 DOﬂINlCA
2889 5056 3358 5096 RESURRECTIONJS.

2257 5125 2526 5196 Incipiunt
2553 5127 2745 5198 vigilia:
2777 5146 2918 5184 more
2971 5132 3370 5195 canonicoram,
3396 5133 3586 5185 scilicet
3609 5148 3626 5182 :
3654 5133 3736 5185 Ba-

2185 5215 2352 5278 miue,
2381 5215 2522 5270 labia
2545 5233 2662 5272 mea
2693 5220 2924 5287 aperics.

2259 5307 2339 5361 Ad
2364 5319 2566 5362 sextam
2596 5312 2754 5380 hujus
2777 5313 2881 5365 diei
2908 5312 3130 5366 habetur
3155 5330 3371 5382 sequens
3406 5315 3592 5367 oratio.
3617 5312 3738 5366 Prt-

2185 5407 2293 5464 sta,
2339 5417 2672 5471 quaisumus,
2728 5403 3071 5472 omnipotens
3104 5405 3268 5467 Deus,
3299 5413 3355 5456 ut
3394 5406 3483 5471 qui
3525 5420 3734 5458 resurre-

2186 5493 2382 5546 ctionis
2442 5493 2737 5548 Dominicre
2763 5494 3022 5548 solemnia
3080 5496 3330 5562 colimus,
3357 5498 3642 5566 ereptionis
3662 5510 3734 5550 ao-

2187 5595 2313 5642 stra:
2334 5585 2610 5654 suscipere
2637 5584 2875 5639 hetitiam
2909 5602 3236 5642 mereamur.
3267 5588 3385 5642 Per.

2259 5677 2338 5731 Ad
2375 5676 2695 5762 llla‘guilicat
2723 5679 3033 5748 antiphona.
3070 5679 3194 5736 Post
3225 5683 3522 5752 passionem
3547 5676 3734 5736 Tatuini
