3846 6324
67 352 192 408 957

69 464 277 518 factus
312 469 398 518 est
427 467 745 523 conventus,
801 459 926 523 quia
957 470 1168 516 nonest
1193 461 1465 515 inventum
1491 474 1686 528 corpus

71 555 132 608 in
199 561 603 617 monumento,
657 551 794 621 lapis
824 551 1077 605 sustinuit
1131 560 1445 620 perpetuam
1499 548 1684 614 vitam,

71 652 521 697 nnmuurentum
565 641 797 695 reddidit
831 640 1108 695 caelestem
1154 638 1523 708 margaritam,
1551 636 1682 691 alle-

71 733 218 787 luia.

153 822 278 875 Per
343 834 508 877 totum
564 822 788 892 ofﬁcium
836 821 900 874 de
926 820 1174 890 Tempore
1204 818 1334 874 nihil
1356 818 1611 884 reperitur
1632 817 1686 870 in

69 921 273 974 codice
343 919 795 974 animadversione
849 917 1110 987 dignum,
1163 925 1508 985 praeterquam
1547 911 1684 981 quod

70 1010 333 1077 officium
387 1010 451 1063 de
500 1007 754 1062 Trinitate
800 1009 1016 1078 ponitur
1051 1016 1164 1076 post
1201 1005 1530 1059 Dominicam
1556 1017 1686 1056 xxrv

70 1098 468 1154 Pentecostes.

353 1207 404 1244 IN
443 1207 635 1246 NATALI
675 1205 868 1247 SANC'I'I
906 1204 1128 1244 ΔΝῺΒΕίΕ
1166 1201 1443 1241 Αῐιοςτοιι.

151 1278 572 1333 Inritatorium.
585 1279 858 1335 Christum
877 1294 1056 1349 regem
1073 1278 1360 1332 adoremus
1379 1273 1684 1340 Dominum,

64 1373 165 1437 qui
198 1371 484 1441 martyrio
504 1373 682 1426 crucis
701 1371 916 1426 beatum
943 1369 1262 1442 glorificavit
1287 1365 1606 1440 apostolum.

548 1460 786 1531 Hymnus
813 1461 881 1514 ad
910 1461 1244 1526 matutinum.

425 1553 651 1607 Andrete
682 1551 878 1606 festum
911 1552 1125 1614 colitur,

429 1642 542 1696 Lux
572 1641 718 1697 clara
751 1641 854 1712 piis
881 1642 1078 1707 oritur,

423 1732 527 1787 Per
558 1747 716 1804 quem
747 1733 998 1788 tenebras
1023 1734 1279 1790 deserunt

428 1824 507 1877 Ad
539 1839 726 1879 verum
752 1824 932 1879 lumen
959 1826 1212 1896 redeunt,

510 1914 697 1985 Egteas
727 1915 782 1968 in
805 1915 1105 1985 apostolum

425 2004 611 2060 Minaci
643 2005 854 2061 frendet
875 2007 1087 2074 spiritu,

427 2095 528 2148 Per
553 2111 715 2164 quem
756 2097 974 2152 Achaia:
999 2099 1251 2170 populum

427 2184 607 2240 Cernit
632 2185 710 2240 ire
741 2196 862 2255 post
895 2187 1203 2242 Dominum.

494 2272 679 2329 Nescit
715 2274 889 2329 minas
921 2290 1234 2344 pavescere,

431 2362 626 2434 Nequit
652 2367 934 2420 tormentis
957 2367 1148 2423 cedere

424 2452 779 2507 Flammantis
804 2455 966 2508 ardor
996 2455 1120 2510 lidci

424 2542 538 2597 Non
563 2545 727 2600 sentit
750 2545 856 2598 vim
885 2546 1148 2615 supplicii.

494 2631 681 2688 Crucis
709 2634 920 2689 vinctus
949 2637 1190 2704 patibulo

425 2724 602 2780 Laetus
627 2727 898 2797 pendebat
924 2728 1107 2783 biduo.

425 2817 480 2872 In
511 2817 625 2888 ipsa
667 2831 840 2876 morte
867 2820 1076 2892 positus

431 2911 566 2967 Viue
593 2922 776 2968 manat
805 2913 1100 2985 eloquium.

496 3002 640 3058 Luce
663 3004 878 3075 delapsa
905 3008 1117 3064 ctelitus

424 3094 663 3164 Repente
686 3097 1161 3165 circumfunditur,

423 3185 521 3252 Qui
551 3185 627 3239 sic
652 3187 803 3242 obire
827 3190 1041 3252 meruit,

425 3277 584 3334 Lucis
613 3282 900 3335 Auctorem
935 3283 1106 3350 petiit.

497 3372 580 3425 Sit
606 3373 750 3426 Patri
777 3373 893 3426 laus
924 3374 1186 3444 ingenito,

428 3463 510 3518 Sit
539 3464 708 3519 Decus
739 3465 1044 3536 Uuigenito,

427 3555 507 3608 Sit
539 3557 820 3625 utriusque
854 3558 1012 3626 parili

426 3647 677 3718 Majestas
699 3663 905 3703 summa
935 3648 1159 3703 ﬂamini.
1191 3648 1365 3706 Amen

580 3737 822 3808 Hymnus
858 3746 924 3794 ad
955 3758 1212 3809 vesperas.

497 3829 754 3898 Captatur
778 3830 905 3884 olim
931 3831 1182 3900 piscium,

425 3920 540 3975 Iam
570 3937 712 3976 nunc
741 3922 976 3991 piscator
998 3923 1274 3978 hominum

429 4013 559 4066 Tuis
582 4012 826 4068 Andreas
858 4014 1060 4068 retibus

431 4102 607 4155 Mundi
636 4117 734 4157 nos
763 4118 888 4171 rape
911 4102 1162 4158 fluctibus

491 4181 794 4250 Germanus
825 4195 967 4249 Petri
996 4211 1222 4265 corpore

432 4286 537 4341 Nec
566 4287 754 4341 mortis
781 4288 962 4357 dispar
984 4289 1170 4342 ordine

428 4379 574 4444 Quos
603 4395 707 4433 una
731 4395 856 4432 caro
879 4381 1062 4447 genuit

433 4473 575 4526 Crux
607 4473 746 4527 cmlo
778 4473 973 4526 fratres
997 4472 1183 4526 edidit.

501 4561 546 4617 Ο
573 4577 794 4632 germen
826 4578 948 4616 vere
980 4561 1156 4615 nobile

436 4653 480 4708 0
507 4669 602 4723 par
629 4669 826 4708 corona
855 4653 1038 4722 gloria:

435 4744 687 4799 Ecclesia:
716 4745 904 4798 Patres
927 4743 996 4812 pii

432 4834 620 4888 Crucis
646 4842 771 4888 sunt
797 4848 949 4903 teque
981 4833 1095 4887 filii.

500 4925 580 4978 Ad
603 4923 786 4979 Jesum
817 4924 968 4978 fratri
1001 4924 1248 4994 praevius,

431 5016 600 5072 Iudex
625 5016 746 5069 vitae
766 5026 1019 5070 strenuus

432 5111 498 5164 Et
526 5109 681 5164 nobis
711 5117 828 5163 esto
858 5108 1071 5163 miseris

434 5199 582 5254 Beati
612 5200 716 5253 dux
744 5198 977 5253 itineris.

504 5290 584 5344 Sit
616 5289 760 5343 Patri
796 5289 912 5343 laus
943 5289 1199 5358 ingenito,
1232 5298 1338 5342 etc.

300 5397 352 5436 IN
393 5395 592 5434 δΑτΑιι
627 5395 812 5434 ελκετι
856 5394 1101 5433 AMBROSII
1141 5391 1503 5432 CONFESSORIS.

923 346 1264 404 EXCERPT.
1307 345 1398 401 EX
1438 343 1636 402 CODD.
1672 345 1950 404 LITIIRG.
1989 345 2513 404 FON'I‘AV'ELLAN.

185 5472 393 5527 Oratio.
437 5473 790 5540 Omnipotens
829 5471 1159 5538 sempiterne
1191 5468 1350 5531 Deus,
1383 5468 1472 5536 qui
1507 5481 1603 5536 per
1627 5455 1690 5520 os

105 5565 261 5620 beati
297 5563 566 5632 pontificis
598 5563 865 5616 Ambrosii
897 5563 1231 5630 eloquiorutu
1288 5573 1498 5615 tuorum
1534 5560 1690 5614 nobis

107 5656 296 5710 abdita
323 5655 601 5718 reserasti,
627 5654 868 5708 concede
913 5653 1070 5728 nobis
1101 5668 1286 5707 aurem
1319 5652 1551 5722 pectoris
1573 5649 1688 5719 ejus

111 5746 525 5801 accontntodare
555 5743 834 5812 doctrinis,
863 5752 919 5795 ut
954 5742 1021 5797 ad
1055 5740 1200 5794 illam
1228 5739 1340 5808 ejus
1387 5743 1688 5796 interventu

3254 354 3365 409 958

1715 463 1758 517 Α
1789 463 2073 531 pervenire
2120 462 2354 530 patriam
2391 475 2714 525 mereamur,
2738 475 2900 529 quam
2924 460 3034 531 ipse
3067 463 3190 518 totis
3217 466 3362 520 desi-

1789 553 1957 608 deriis
1983 553 2272 608 anhelavit.
2303 551 2426 607 Per.

2178 659 2232 698 IN
2269 659 2465 698 NATALI
2503 659 2688 698 SANC'I‘I
2730 659 2963 698 ZENONIS.

1858 734 2062 788 Oratio.
2089 734 2250 797 Deus,
2283 734 2372 802 qui
2405 733 2549 787 hunc
2571 735 2710 788 diem
2737 733 3098 788 venerabilem
3133 734 3184 787 in
3216 733 3354 787 beati

1789 825 2021 878 Zenonis
2073 824 2400 880 confessoris
2449 823 2522 877 tui
2576 833 2737 892 atque
2765 823 3034 892 pontificis
3074 824 3357 878 devotione

1787 915 2061 971 celebrare
2091 917 2360 982 concedis,
2386 931 2644 970 conserva
2670 916 2721 968 in
2755 917 2906 969 nobis
2931 915 3354 970 misericordiam

1786 1015 1956 1072 tuam,
1987 1017 2040 1062 et
2072 1009 2323 1076 precibus
2351 1007 2549 1062 nostris
2575 1007 2694 1075 pius
2720 1015 2766 1060 et
2802 1006 3036 1060 clemens
3063 1009 3248 1060 adesse
3271 1006 3356 1061 di—

1787 1115 1973 1170 gnaro,
2023 1109 2081 1154 ut
2107 1101 2244 1154 sicut
2272 1099 2430 1154 beato
2462 1097 2664 1152 Zenoni
2699 1098 2967 1151 sacerdoti
2999 1099 3225 1168 gratiam
3259 1101 3356 1151 tri-

1785 1190 1968 1254 buisti,
2001 1191 2074 1244 ita
2101 1198 2156 1245 et
2187 1189 2341 1244 nobis
2368 1188 2550 1256 largiri
2581 1189 2820 1258 digneris
2868 1188 2993 1242 Per.

2242 1298 2298 1338 IN
2336 1297 2530 1336 NA'I‘ALI
2556 1297 2739 1335 SANCTI
2768 1296 2904 1335 εγω.

1856 1373 2057 1428 Oratio.
2109 1359 2390 1444 Deus,'qui
2431 1388 2488 1427 es
2517 1383 2727 1426 tuorum
2759 1371 3054 1426 antistitum
3095 1371 3359 1441 potentis—

1783 1465 1954 1523 simus
1998 1467 2308 1527 illustratur,
2350 1465 2547 1529 tribue,
2591 1478 2918 1533 qumsumns,
2951 1472 3025 1526 ut,
3057 1462 3354 1517 beatissimi

1783 1558 2075 1614 sacerdotis
2100 1567 2149 1612 et
2179 1556 2505 1613 confessoris
2531 1555 2604 1609 tui
2630 1554 2750 1625 Syri
2779 1555 3072 1624 magnificis
3102 1553 3360 1623 exemplis

1783 1647 2101 1712 informati,
2145 1645 2324 1701 smculi
2391 1644 2548 1713 hujus
2598 1643 2881 1714 caliginem
2939 1643 3054 1697 sine
3117 1643 3358 1714 periculo

1784 1749 2138 1796 transeamus.
2169 1739 2288 1793 Per.

1971 1846 2024 1883 ΙΝ
2050 1843 2454 1884 PCRIFICATIONE
2486 1844 2669 1883 REATE
2713 1844 2891 1881 “ADL-ﬁ
2924 1844 3171 1883 Vincile.

1855 1922 1934 1975 Ad
1998 1920 2299 1990 Vesperum.
2371 1922 2687 1990 Antiphone.
2746 1919 2944 1974 Tecum
3016 1919 3356 1989 principium.

1786 2010 1939 2066 Psaf.
1996 2015 2138 2068 Dixit
2191 2013 2467 2067 Dominus.
2528 2013 2845 2083 Antiphone.
2895 2013 3356 2082 Redemptioneut.

1784 2102 1931 2158 Psal.
1982 2103 2308 2160 Confitebor.
2363 2105 2682 2174 Antiphonti.
2734 2105 2992 2158 Exmtutn
3057 2113 3156 2159 est.
3214 2103 3362 2158 Psal.

1783 2194 1980 2250 Beatus
2005 2195 2106 2248 vir.
2139 2195 2456 2262 Antiphona.
2488 2194 2565 2249 De
2603 2193 2800 2248 fructu.
2830 2192 2974 2247 Psal.
3003 2193 3288 2247 Memento.

1857 2285 2062 2341 Oratio.
2111 2287 2318 2341 Perfice
2364 2286 2416 2341 in
2466 2287 2659 2349 nobis,
2716 2300 3061 2354 quarsumus,
3114 2285 3360 2347 Domine,

1784 2379 2010 2448 gratiam
2044 2391 2186 2433 luam
2221 2395 2378 2448 quam
2399 2377 2530 2446 justi
2561 2377 2831 2433 Simeonis
2862 2377 3114 2446 implesti,
3140 2387 3200 2431 ut
3223 2378 3366 2432 sicut

1786 2469 1875 2523 ille
1921 2479 2146 2524 mortem
2196 2486 2297 2523 non
2330 2470 2499 2536 vidit,
2533 2469 2843 2538 priusquam
2884 2467 3156 2522 Christqu
3188 2469 3366 2522 Domi-

1788 2576 1911 2614 num
1943 2560 2124 2614 videre
2155 2569 2473 2625 mereretur,
2503 2561 2578 2614 ita
2615 2570 2668 2616 et
2715 2575 2811 2613 nos
2841 2560 3003 2612 vitam
3028 2543 3365 2612 obtineannis

1785 2659 2065 2703 aeternam.
2105 2649 2227 2702 Per.
2361 2655 2363 2658 ’

1858 2739 1986 2792 Post
2040 2740 2248 2793 tertiam
2304 2739 2461 2809 hujus
2507 2738 2611 2792 diei
2662 2737 2906 2807 fegnntur
2955 2738 3218 2808 sequentia
3274 2753 3366 2805 pro

1787 2831 2136 2885 benedictione
2197 2830 2557 2885 candelarurn.
2627 2827 2752 2884 Post
2823 2830 2934 2884 lucc
2999 2828 3374 2882 benedicuntur

1787 2919 2046 2984 tandem,
2085 2929 2132 2974 et
2187 2921 2325 2973 dicat
2378 2919 2620 2974 sacerdos
2665 2935 2855 2974 sonora
2916 2934 3079 2972 voce:
3113 2917 3369 2972 Dominus

1785 3010 2082 3065 vobiscum.
2115 3011 2350 3075 Exaudi,
2380 3019 2483 3065 etc.

1863 3099 2069 3156 Oratio.
2125 3101 2477 3172 Omnipotens
2530 3103 2854 3172 sempiterno
2905 3101 3083 3166 Dens,
3134 3100 3226 3168 qui
3276 3113 3370 3166 per

1791 3191 2025 3246 Verbum
2079 3202 2250 3257 tuum,
2303 3192 2482 3247 lumen
2541 3193 2790 3248 videlicet
2837 3208 3046 3255 verum,
3103 3190 3368 3245 illuminas

1785 3301 2000 3341 omnem
2032 3287 2305 3341 hominem
2344 3285 2644 3340 venientem
2687 3287 2739 3339 in
2780 3287 2923 3340 hunc
2955 3286 3232 3346 mundum,
3269 3293 3370 3335 tua:

1784 3375 2112 3432 visitationis
2166 3378 2336 3446 gratia
2401 3377 2911 3448 inexstinguihiliter
2957 3376 3120 3430 corda
3185 3385 3367 3429 nostra

1784 3470 2070 3538 perlustra,
2103 3480 2156 3524 et
2185 3472 2280 3524 has
2310 3470 2564 3524 candelas
2597 3468 2925 3522 luci‘vtsihili
2960 3477 3112 3537 aptas
3150 3467 3355 3522 caelesti

1793 3561 2167 3616 benedictione
2188 3561 2229 3632 -ι-
2262 3563 2556 3624 sanctifiea,
2583 3569 2638 3614 ut
2661 3561 2728 3614 ob
2754 3561 3107 3614 reverentiam
3134 3572 3369 3628 praesen-

1796 3653 1867 3707 tis
1895 3653 2251 3708 solemnitatis
2280 3661 2331 3709 et
2364 3653 2677 3707 memoriam
2718 3651 2891 3705 beata:
2934 3649 3116 3704 Maria:
3160 3663 3372 3718 semper

1790 3743 2018 3813 virginis
2047 3745 2239 3800 Filium
2283 3761 2346 3798 ac
2388 3745 2671 3799 Dominum
2710 3759 2862 3796 suum
2893 3751 3168 3796 auctorem
3195 3749 3250 3795 et
3277 3741 3372 3793 ob-

1789 3847 2120 3894 servatorem
2160 3837 2294 3908 legis
2335 3837 2385 3891 in
2420 3835 2616 3905 templo
2661 3834 2934 3891 oderentis
2958 3849 2986 3887 a
3023 3832 3238 3886 fatnulis
3269 3831 3372 3887 tuis

1787 3933 1981 3987 oblatte
2017 3930 2217 3986 fuerint
2253 3945 2315 3984 ac
2357 3929 2559 3983 nomini
2592 3937 2682 3982 tuo
2714 3929 2903 3982 devote
2934 3925 3212 3986 detiicatm,
3241 3924 3371 3979 olfe-

1786 4033 1972 4079 rentes
2001 4039 2094 4079 eas
2129 4031 2233 4076 ture
2262 4021 2654 4077 benedictionis
2693 4033 2908 4088 semper
2935 4017 3242 4087 possideant
3269 4015 3371 4071 cla‘

1795 4118 2032 4169 ritatem.
2058 4115 2160 4169 Per
2188 4113 2462 4168 eumdem.

1864 4207 1979 4260 Alia
2035 4207 2222 4260 oratio.
2272 4204 2626 4273 Omnipotens
2675 4199 3000 4270 sempiterna
3063 4199 3226 4260 Deus,
3279 4196 3370 4265 qui

1791 4299 2051 4354 hodierna
2085 4298 2194 4361 die,
2228 4306 2282 4348 ut
2312 4296 2366 4348 in
2390 4295 2560 4347 editis.

1859 4391 1978 4444 Alia
2008 4389 2197 4441 oratio.
2223 4387 2453 4441 Benedic
2481 4386 2542 4455 οἳ,
2565 4384 2791 4438 Domine
2817 4381 2942 4438 Jesu
2967 4380 3201 4442 Christe,
3232 4379 3370 4432 hanc

1719 4477 1767 4535 D
1795 4488 2099 4534 creaturam
2127 4493 2265 4533 certe
2309 4475 2789 4546 supplicationibus
2825 4473 3044 4536 nostris,
3079 4480 3134 4523 et
3158 4470 3370 4524 infunde

1793 4572 1841 4626 ci
1885 4586 1980 4640 per
2013 4569 2189 4625 crucis
2231 4577 2432 4623 sancta)
2456 4567 2572 4621 'tu:e
2604 4566 2853 4619 virtutem
2886 4560 3309 4617 benedictionem
3333 4559 3380 4627 τ

1794 4662 2092 4725 ctelestem,
2125 4668 2182 4714 ut
2221 4659 2309 4728 qui
2345 4674 2462 4712 eam
2510 4657 2572 4710 ad
2623 4654 2953 4726 repellendas
2999 4652 3247 4707 tenebras
3276 4650 3348 4704 hu

1798 4767 1958 4806 mano
1993 4751 2176 4823 generi
2229 4749 2483 4812 tribuisti,
2527 4749 2707 4801 taliter
2735 4744 3008 4815 signaculo
3055 4742 3234 4797 crucis
3271 4751 3370 4794 tute

1797 4842 2168 4898 fortitudinem
2196 4849 2248 4896 ct
2292 4839 2722 4895 benedictionem
2771 4836 3018 4904 accipiat,
3070 4843 3125 4887 ut
3178 4833 3230 4887 in
3259 4833 3367 4900 qui-

1793 4933 2108 5002 buscunque
2135 4931 2266 4986 locis
2293 4944 2520 4984 accensa
2571 4929 2685 4981 sive
2713 4926 2883 4996 posita
2923 4924 3106 4989 fuerit,
3138 4921 3368 4976 discedat

1793 5035 1849 5081 et
1895 5022 2277 5079 contremiscat
2332 5018 2576 5074 diabolus
2603 5058 2616 5079 ,
2661 5025 2716 5070 et
2765 5015 2931 5085 fugiat
2977 5012 3206 5082 pavidus
3251 5027 3372 5066 cum

1792 5115 2044 5170 omnibus
2075 5111 2337 5167 ministris
2377 5105 2490 5165 suis
2535 5109 2602 5163 de
2647 5106 3068 5162 habitationibus
3118 5103 3370 5184 illis,.nec

1793 5211 2084 5275 prtesumat
2112 5201 2342 5271 amplius
2375 5199 2674 5268 inquietare
2697 5196 2778 5249 vel
2817 5195 3040 5248 illudere
3076 5191 3372 5246 servientes

1793 5295 1923 5350 Deo.
1967 5294 2196 5349 Proinde
2225 5291 2515 5360 supplices,
2550 5300 2619 5352 te,
2667 5301 2998 5356 qnmsumus,
3029 5285 3271 5348 Domine,
3316 5292 3370 5336 ut

1793 5385 2014 5440 emittas
2061 5392 2306 5439 sanctum
2357 5381 2604 5448 angelum
2662 5387 2808 5432 tuum
2860 5377 3224 5447 Raphaelem,
3282 5375 3371 5444 qui

1791 5474 1987 5528 evulsit
2017 5483 2068 5527 et
2097 5471 2319 5540 repulsit
2348 5485 2377 5523 a
2409 5469 2541 5524 Sara
2571 5478 2626 5522 et
2651 5467 2816 5521 Tobia
2850 5467 3147 5520 daemonem
3183 5465 3368 5518 morti-

1796 5563 1967 5616 ferum
1996 5559 2368 5621 infestantem,
2419 5566 2477 5611 ut
2525 5565 2772 5610 conterat
2816 5554 2963 5609 illum
3000 5563 3054 5608 et
3079 5555 3265 5624 perdat
3309 5554 3368 5607 de

1791 5654 2002 5708 eunetis
2033 5650 2457 5707 habitationibus
2511 5647 2798 5702 colentium
2846 5645 3151 5709 Dominum,
3185 5645 3250 5697 de
3282 5643 3345 5696 ba

1793 5745 1984 5810 silit-is,
2016 5744 2080 5798 de
2113 5742 2382 5806 domibus,
2407 5739 2472 5794 de
2499 5738 2728 5807 angulis,
2759 5737 2825 5793 de
2849 5736 3030 5799 lectis,
3056 5736 3120 5790 de
3149 5733 3348 5788 refecto

1711 3143 1753 3199 C
