  <div class='ocr_page' id='page_1' title='image "/cluster/home/n/w/nwhite01/storage/ocr_20150623/151/hvd.32044015473796/485.png"; bbox 0 0 3846 6324; ppageno 0'>
   <div class='ocr_carea' id='block_1_1' title="bbox 534 193 676 286">
    <p class='ocr_par' dir='ltr' id='par_1_1' title="bbox 534 193 676 286">
     <span class='ocr_line' id='line_1_1' title="bbox 534 193 676 286; baseline 0.007 -30"><span class='ocrx_word' id='word_1_1' title='bbox 534 193 645 257; x_wconf 78' lang='lat'><strong>&#39;939</strong></span> <span class='ocrx_word' id='word_1_2' title='bbox 669 277 676 286; x_wconf 22' lang='grc' dir='ltr'>κ</span> 
     </span>
    </p>
   </div>
   <div class='ocr_carea' id='block_1_2' title="bbox 541 311 2202 381">
    <p class='ocr_par' dir='ltr' id='par_1_2' title="bbox 541 311 2202 381">
     <span class='ocr_line' id='line_1_2' title="bbox 541 311 2202 381; baseline 0.003 -15"><span class='ocrx_word' id='word_1_3' title='bbox 541 314 661 375; x_wconf 88' lang='lat' dir='ltr'><strong>riis,</strong></span> <span class='ocrx_word' id='word_1_4' title='bbox 700 320 755 367; x_wconf 89' lang='lat' dir='ltr'><strong>et</strong></span> <span class='ocrx_word' id='word_1_5' title='bbox 794 311 860 368; x_wconf 82' lang='lat' dir='ltr'><strong>de</strong></span> <span class='ocrx_word' id='word_1_6' title='bbox 904 312 1169 366; x_wconf 75' lang='lat' dir='ltr'><strong>universis</strong></span> <span class='ocrx_word' id='word_1_7' title='bbox 1218 311 1352 367; x_wconf 85' lang='lat' dir='ltr'><strong>locis</strong></span> <span class='ocrx_word' id='word_1_8' title='bbox 1379 312 1430 366; x_wconf 89' lang='lat' dir='ltr'><strong>in</strong></span> <span class='ocrx_word' id='word_1_9' title='bbox 1461 313 1656 381; x_wconf 88' lang='lat' dir='ltr'><strong>quibus</strong></span> <span class='ocrx_word' id='word_1_10' title='bbox 1704 315 1813 369; x_wconf 88' lang='lat' dir='ltr'><strong>Deo</strong></span> <span class='ocrx_word' id='word_1_11' title='bbox 1865 315 2125 371; x_wconf 81' lang='lat' dir='ltr'><strong>famulau-</strong></span> <span class='ocrx_word' id='word_1_12' title='bbox 2157 325 2202 379; x_wconf 73' lang='grc' dir='ltr'>Α</span> 
     </span>
    </p>
   </div>
   <div class='ocr_carea' id='block_1_3' title="bbox 542 409 2122 477">
    <p class='ocr_par' dir='ltr' id='par_1_3' title="bbox 542 409 2122 477">
     <span class='ocr_line' id='line_1_3' title="bbox 542 409 2122 477; baseline 0.001 -16"><span class='ocrx_word' id='word_1_13' title='bbox 542 418 625 463; x_wconf 88' lang='lat' dir='ltr'><strong>tes</strong></span> <span class='ocrx_word' id='word_1_14' title='bbox 655 409 920 472; x_wconf 83' lang='lat' dir='ltr'><strong>habitant,</strong></span> <span class='ocrx_word' id='word_1_15' title='bbox 957 409 1316 476; x_wconf 66' lang='lat' dir='ltr'><strong>requiescunt,</strong></span> <span class='ocrx_word' id='word_1_16' title='bbox 1369 410 1670 469; x_wconf 86' lang='lat' dir='ltr'><strong>dormiunt,</strong></span> <span class='ocrx_word' id='word_1_17' title='bbox 1718 409 1988 477; x_wconf 71' lang='lat' dir='ltr'><strong>vigilant,</strong></span> <span class='ocrx_word' id='word_1_18' title='bbox 2016 426 2122 462; x_wconf 87' lang='lat' dir='ltr'><strong>am-</strong></span> 
     </span>
    </p>
   </div>
   <div class='ocr_carea' id='block_1_4' title="bbox 535 501 2121 572">
    <p class='ocr_par' dir='ltr' id='par_1_4' title="bbox 535 501 2121 572">
     <span class='ocr_line' id='line_1_4' title="bbox 535 501 2121 572; baseline 0.001 -17"><span class='ocrx_word' id='word_1_19' title='bbox 535 501 729 556; x_wconf 85' lang='lat' dir='ltr'><strong>bulant</strong></span> <span class='ocrx_word' id='word_1_20' title='bbox 772 511 824 554; x_wconf 91' lang='lat' dir='ltr'><strong>et</strong></span> <span class='ocrx_word' id='word_1_21' title='bbox 871 502 1193 556; x_wconf 85' lang='lat' dir='ltr'><strong>consistunt.</strong></span> <span class='ocrx_word' id='word_1_22' title='bbox 1246 501 1354 556; x_wconf 85' lang='lat' dir='ltr'><strong>Nec</strong></span> <span class='ocrx_word' id='word_1_23' title='bbox 1400 502 1577 556; x_wconf 84' lang='lat' dir='ltr'><strong>valeat</strong></span> <span class='ocrx_word' id='word_1_24' title='bbox 1617 501 1855 572; x_wconf 82' lang='lat' dir='ltr'><strong>amplius</strong></span> <span class='ocrx_word' id='word_1_25' title='bbox 1912 503 2121 571; x_wconf 86' lang='lat' dir='ltr'><strong>inquie-</strong></span> 
     </span>
    </p>
   </div>
   <div class='ocr_carea' id='block_1_5' title="bbox 540 592 2124 663">
    <p class='ocr_par' dir='ltr' id='par_1_5' title="bbox 540 592 2124 663">
     <span class='ocr_line' id='line_1_5' title="bbox 540 592 2124 663; baseline 0.001 -17"><span class='ocrx_word' id='word_1_26' title='bbox 540 602 677 655; x_wconf 89' lang='lat' dir='ltr'><strong>tare,</strong></span> <span class='ocrx_word' id='word_1_27' title='bbox 711 592 790 646; x_wconf 90' lang='lat' dir='ltr'><strong>vel</strong></span> <span class='ocrx_word' id='word_1_28' title='bbox 823 594 1049 660; x_wconf 81' lang='lat' dir='ltr'><strong>pavores</strong></span> <span class='ocrx_word' id='word_1_29' title='bbox 1087 593 1378 648; x_wconf 87' lang='lat' dir='ltr'><strong>immittere</strong></span> <span class='ocrx_word' id='word_1_30' title='bbox 1413 610 1575 663; x_wconf 83' lang='lat' dir='ltr'><strong>super</strong></span> <span class='ocrx_word' id='word_1_31' title='bbox 1621 594 1736 648; x_wconf 85' lang='lat' dir='ltr'><strong>illos</strong></span> <span class='ocrx_word' id='word_1_32' title='bbox 1785 610 1919 660; x_wconf 90' lang='lat' dir='ltr'><strong>quos</strong></span> <span class='ocrx_word' id='word_1_33' title='bbox 1952 595 2124 649; x_wconf 85' lang='lat' dir='ltr'><strong>sancti</strong></span> 
     </span>
    </p>
   </div>
   <div class='ocr_carea' id='block_1_6' title="bbox 540 681 2126 738">
    <p class='ocr_par' dir='ltr' id='par_1_6' title="bbox 540 681 2126 738">
     <span class='ocr_line' id='line_1_6' title="bbox 540 681 2126 738; baseline 0.001 -2"><span class='ocrx_word' id='word_1_34' title='bbox 540 681 851 736; x_wconf 78' lang='lat' dir='ltr'><strong>chrismatis</strong></span> <span class='ocrx_word' id='word_1_35' title='bbox 886 683 958 736; x_wconf 91' lang='lat' dir='ltr'><strong>tui</strong></span> <span class='ocrx_word' id='word_1_36' title='bbox 1005 684 1259 738; x_wconf 90' lang='lat' dir='ltr'><strong>unctione</strong></span> <span class='ocrx_word' id='word_1_37' title='bbox 1300 684 1472 738; x_wconf 90' lang='lat' dir='ltr'><strong>fecisti</strong></span> <span class='ocrx_word' id='word_1_38' title='bbox 1507 699 1626 738; x_wconf 88' lang='lat' dir='ltr'><strong>esse</strong></span> <span class='ocrx_word' id='word_1_39' title='bbox 1669 684 1922 737; x_wconf 78' lang='lat' dir='ltr'><strong>munitos.</strong></span> <span class='ocrx_word' id='word_1_40' title='bbox 1958 683 2126 737; x_wconf 73' lang='lat' dir='ltr'><strong>Bene-</strong></span> 
     </span>
    </p>
   </div>
   <div class='ocr_carea' id='block_1_7' title="bbox 535 773 2141 845">
    <p class='ocr_par' dir='ltr' id='par_1_7' title="bbox 535 773 2141 845">
     <span class='ocr_line' id='line_1_7' title="bbox 535 773 2141 845; baseline 0.001 -19"><span class='ocrx_word' id='word_1_41' title='bbox 535 774 656 829; x_wconf 90' lang='lat' dir='ltr'><strong>dico</strong></span> <span class='ocrx_word' id='word_1_42' title='bbox 687 773 727 845; x_wconf 49' lang='grc' dir='ltr'><strong>ἦ·</strong></span> <span class='ocrx_word' id='word_1_43' title='bbox 765 784 836 839; x_wconf 87' lang='lat' dir='ltr'><strong>te,</strong></span> <span class='ocrx_word' id='word_1_44' title='bbox 871 791 1014 839; x_wconf 87' lang='lat' dir='ltr'><strong>cera,</strong></span> <span class='ocrx_word' id='word_1_45' title='bbox 1047 777 1098 829; x_wconf 91' lang='lat' dir='ltr'><strong>in</strong></span> <span class='ocrx_word' id='word_1_46' title='bbox 1129 777 1345 831; x_wconf 84' lang='lat' dir='ltr'><strong>nomine</strong></span> <span class='ocrx_word' id='word_1_47' title='bbox 1376 777 1584 830; x_wconf 83' lang='lat' dir='ltr'><strong>Domini</strong></span> <span class='ocrx_word' id='word_1_48' title='bbox 1620 777 1784 829; x_wconf 86' lang='lat' dir='ltr'><strong>nostri</strong></span> <span class='ocrx_word' id='word_1_49' title='bbox 1812 774 1936 830; x_wconf 81' lang='lat' dir='ltr'><strong>Jesu</strong></span> <span class='ocrx_word' id='word_1_50' title='bbox 1969 775 2141 829; x_wconf 77' lang='lat' dir='ltr'><strong>Cliri-&#39;</strong></span> 
     </span>
    </p>
   </div>
   <div class='ocr_carea' id='block_1_8' title="bbox 534 866 2121 929">
    <p class='ocr_par' dir='ltr' id='par_1_8' title="bbox 534 866 2121 929">
     <span class='ocr_line' id='line_1_8' title="bbox 534 866 2121 929; baseline 0.002 -11"><span class='ocrx_word' id='word_1_51' title='bbox 534 867 602 918; x_wconf 88' lang='lat' dir='ltr'><strong>sti</strong></span> <span class='ocrx_word' id='word_1_52' title='bbox 635 874 688 918; x_wconf 90' lang='lat' dir='ltr'><strong>et</strong></span> <span class='ocrx_word' id='word_1_53' title='bbox 728 875 926 920; x_wconf 58' lang='lat' dir='ltr'><strong>sancte</strong></span> <span class='ocrx_word' id='word_1_54' title='bbox 960 866 1260 929; x_wconf 74' lang='lat' dir='ltr'><strong>Trinitatis,</strong></span> <span class='ocrx_word' id='word_1_55' title='bbox 1293 877 1349 920; x_wconf 92' lang='lat' dir='ltr'><strong>ut</strong></span> <span class='ocrx_word' id='word_1_56' title='bbox 1387 871 1461 922; x_wconf 90' lang='lat' dir='ltr'><strong>sis</strong></span> <span class='ocrx_word' id='word_1_57' title='bbox 1502 868 1881 921; x_wconf 80' lang='lat' dir='ltr'><strong>exterunn-tlio</strong></span> <span class='ocrx_word' id='word_1_58' title='bbox 1921 867 2121 921; x_wconf 84' lang='lat' dir='ltr'><strong>diaboli</strong></span> 
     </span>
    </p>
   </div>
   <div class='ocr_carea' id='block_1_9' title="bbox 531 957 2138 1025">
    <p class='ocr_par' dir='ltr' id='par_1_9' title="bbox 531 957 2138 1025">
     <span class='ocr_line' id='line_1_9' title="bbox 531 957 2138 1025; baseline 0.001 -15"><span class='ocrx_word' id='word_1_59' title='bbox 531 965 583 1010; x_wconf 88' lang='lat' dir='ltr'><strong>et</strong></span> <span class='ocrx_word' id='word_1_60' title='bbox 615 958 850 1010; x_wconf 85' lang='lat' dir='ltr'><strong>omnium</strong></span> <span class='ocrx_word' id='word_1_61' title='bbox 882 959 1345 1012; x_wconf 88' lang='lat' dir='ltr'><strong>contubernalium</strong></span> <span class='ocrx_word' id='word_1_62' title='bbox 1371 959 1506 1025; x_wconf 74' lang='lat' dir='ltr'><strong>ejus.</strong></span> <span class='ocrx_word' id='word_1_63' title='bbox 1537 959 1639 1012; x_wconf 83' lang='lat' dir='ltr'><strong>Per</strong></span> <span class='ocrx_word' id='word_1_64' title='bbox 1664 957 1910 1012; x_wconf 86' lang='lat' dir='ltr'><strong>eumdem</strong></span> <span class='ocrx_word' id='word_1_65' title='bbox 1944 959 2138 1012; x_wconf 79' lang='lat' dir='ltr'><strong>Domi-&#39;</strong></span> 
     </span>
    </p>
   </div>
   <div class='ocr_carea' id='block_1_10' title="bbox 535 1049 1561 1119">
    <p class='ocr_par' dir='ltr' id='par_1_10' title="bbox 535 1049 1561 1119">
     <span class='ocr_line' id='line_1_10' title="bbox 535 1049 1561 1119; baseline 0 -17"><span class='ocrx_word' id='word_1_66' title='bbox 535 1065 664 1102; x_wconf 89' lang='lat' dir='ltr'><strong>num</strong></span> <span class='ocrx_word' id='word_1_67' title='bbox 697 1060 966 1115; x_wconf 84' lang='lat' dir='ltr'><strong>nostrum,</strong></span> <span class='ocrx_word' id='word_1_68' title='bbox 995 1051 1086 1119; x_wconf 92' lang='lat' dir='ltr'><strong>qui</strong></span> <span class='ocrx_word' id='word_1_69' title='bbox 1113 1049 1318 1104; x_wconf 86' lang='lat' dir='ltr'><strong>vivitet</strong></span> <span class='ocrx_word' id='word_1_70' title='bbox 1357 1059 1561 1116; x_wconf 81' lang='lat' dir='ltr'><strong>regnat.</strong></span> 
     </span>
    </p>
   </div>
   <div class='ocr_carea' id='block_1_11' title="bbox 608 1138 2120 1210">
    <p class='ocr_par' dir='ltr' id='par_1_11' title="bbox 608 1138 2120 1210">
     <span class='ocr_line' id='line_1_11' title="bbox 608 1138 2120 1210; baseline 0.002 -18"><span class='ocrx_word' id='word_1_71' title='bbox 608 1138 754 1192; x_wconf 80' lang='lat' dir='ltr'><strong>Tum:</strong></span> <span class='ocrx_word' id='word_1_72' title='bbox 798 1150 1145 1210; x_wconf 62' lang='lat' dir='ltr'><strong>aspergantur</strong></span> <span class='ocrx_word' id='word_1_73' title='bbox 1185 1158 1319 1210; x_wconf 84' lang='lat' dir='ltr'><strong>aqua</strong></span> <span class='ocrx_word' id='word_1_74' title='bbox 1364 1143 1626 1194; x_wconf 74' lang='lat' dir='ltr'><strong>benedicta</strong></span> <span class='ocrx_word' id='word_1_75' title='bbox 1675 1151 1721 1194; x_wconf 84' lang='lat' dir='ltr'><strong>et</strong></span> <span class='ocrx_word' id='word_1_76' title='bbox 1767 1143 2120 1203; x_wconf 82' lang='lat' dir='ltr'><strong>incensentur,</strong></span> 
     </span>
    </p>
   </div>
   <div class='ocr_carea' id='block_1_12' title="bbox 531 1233 2118 1303">
    <p class='ocr_par' dir='ltr' id='par_1_12' title="bbox 531 1233 2118 1303">
     <span class='ocr_line' id='line_1_12' title="bbox 531 1233 2118 1303; baseline 0.004 -20"><span class='ocrx_word' id='word_1_77' title='bbox 531 1242 578 1284; x_wconf 74' lang='lat' dir='ltr'><strong>et</strong></span> <span class='ocrx_word' id='word_1_78' title='bbox 631 1233 937 1286; x_wconf 81' lang='lat' dir='ltr'><strong>decantetur</strong></span> <span class='ocrx_word' id='word_1_79' title='bbox 983 1235 1266 1303; x_wconf 85' lang='lat' dir='ltr'><strong>antipltona</strong></span> <span class='ocrx_word' id='word_1_80' title='bbox 1301 1251 1319 1288; x_wconf 90' lang='lat'><strong><em>:</em></strong></span> <span class='ocrx_word' id='word_1_81' title='bbox 1369 1235 1572 1290; x_wconf 82' lang='lat' dir='ltr'><strong>Lumen</strong></span> <span class='ocrx_word' id='word_1_82' title='bbox 1621 1236 1685 1288; x_wconf 87' lang='lat' dir='ltr'><strong>ad</strong></span> <span class='ocrx_word' id='word_1_83' title='bbox 1737 1237 2118 1292; x_wconf 85' lang='lat' dir='ltr'><strong>revelationem</strong></span> 
     </span>
    </p>
   </div>
   <div class='ocr_carea' id='block_1_13' title="bbox 531 1324 2119 1398">
    <p class='ocr_par' dir='ltr' id='par_1_13' title="bbox 531 1324 2119 1398">
     <span class='ocr_line' id='line_1_13' title="bbox 531 1324 2119 1398; baseline 0.005 -22"><span class='ocrx_word' id='word_1_84' title='bbox 531 1324 796 1392; x_wconf 82' lang='lat' dir='ltr'><strong>gentium,</strong></span> <span class='ocrx_word' id='word_1_85' title='bbox 826 1334 956 1384; x_wconf 88' lang='lat' dir='ltr'><strong>etc..</strong></span> <span class='ocrx_word' id='word_1_86' title='bbox 988 1337 1195 1397; x_wconf 78' lang='lat' dir='ltr'><strong>excepto</strong></span> <span class='ocrx_word' id='word_1_87' title='bbox 1226 1329 1426 1381; x_wconf 80' lang='lat' dir='ltr'><strong>cantico</strong></span> <span class='ocrx_word' id='word_1_88' title='bbox 1455 1341 1472 1378; x_wconf 88' lang='lat'><strong><em>:</em></strong></span> <span class='ocrx_word' id='word_1_89' title='bbox 1505 1327 1653 1383; x_wconf 78' lang='lat' dir='ltr'><strong>Nunc</strong></span> <span class='ocrx_word' id='word_1_90' title='bbox 1689 1329 1934 1393; x_wconf 81' lang='lat' dir='ltr'><strong>dimittis,</strong></span> <span class='ocrx_word' id='word_1_91' title='bbox 1967 1329 2119 1398; x_wconf 80' lang='lat' dir='ltr'><strong>cujus</strong></span> 
     </span>
    </p>
   </div>
   <div class='ocr_carea' id='block_1_14' title="bbox 532 1412 1456 1472">
    <p class='ocr_par' dir='ltr' id='par_1_14' title="bbox 532 1412 1456 1472">
     <span class='ocr_line' id='line_1_14' title="bbox 532 1412 1456 1472; baseline 0.003 -7"><span class='ocrx_word' id='word_1_92' title='bbox 532 1412 646 1467; x_wconf 84' lang='lat' dir='ltr'><strong>loco</strong></span> <span class='ocrx_word' id='word_1_93' title='bbox 682 1415 876 1468; x_wconf 81' lang='lat' dir='ltr'><strong>dicitur</strong></span> <span class='ocrx_word' id='word_1_94' title='bbox 899 1432 918 1469; x_wconf 90' lang='lat'><strong><em>:</em></strong></span> <span class='ocrx_word' id='word_1_95' title='bbox 948 1415 1086 1472; x_wconf 91' lang='lat' dir='ltr'><strong>Deus</strong></span> <span class='ocrx_word' id='word_1_96' title='bbox 1123 1419 1456 1472; x_wconf 85' lang='lat' dir='ltr'><strong>misereatur.</strong></span> 
     </span>
    </p>
   </div>
   <div class='ocr_carea' id='block_1_15' title="bbox 605 1505 2112 1582">
    <p class='ocr_par' dir='ltr' id='par_1_15' title="bbox 605 1505 2112 1582">
     <span class='ocr_line' id='line_1_15' title="bbox 605 1505 2112 1582; baseline 0.005 -22"><span class='ocrx_word' id='word_1_97' title='bbox 605 1505 789 1562; x_wconf 89' lang='lat' dir='ltr'><strong>Oratio</strong></span> <span class='ocrx_word' id='word_1_98' title='bbox 816 1510 884 1563; x_wconf 87' lang='lat' dir='ltr'><strong>ad</strong></span> <span class='ocrx_word' id='word_1_99' title='bbox 913 1522 1132 1565; x_wconf 77' lang='lat' dir='ltr'><strong>sextam.</strong></span> <span class='ocrx_word' id='word_1_100' title='bbox 1174 1512 1350 1567; x_wconf 72' lang='lat' dir='ltr'><strong>Bealze</strong></span> <span class='ocrx_word' id='word_1_101' title='bbox 1399 1511 1580 1565; x_wconf 62' lang='lat' dir='ltr'><strong>Mat-ite</strong></span> <span class='ocrx_word' id='word_1_102' title='bbox 1627 1528 1841 1582; x_wconf 81' lang='lat' dir='ltr'><strong>semper</strong></span> <span class='ocrx_word' id='word_1_103' title='bbox 1870 1514 2112 1580; x_wconf 77' lang='lat' dir='ltr'><strong>virginis,</strong></span> 
     </span>
    </p>
   </div>
   <div class='ocr_carea' id='block_1_16' title="bbox 533 1601 2116 1675">
    <p class='ocr_par' dir='ltr' id='par_1_16' title="bbox 533 1601 2116 1675">
     <span class='ocr_line' id='line_1_16' title="bbox 533 1601 2116 1675; baseline 0.005 -25"><span class='ocrx_word' id='word_1_104' title='bbox 533 1614 861 1667; x_wconf 76' lang='lat' dir='ltr'><strong>qutesumus,</strong></span> <span class='ocrx_word' id='word_1_105' title='bbox 897 1601 1139 1666; x_wconf 86' lang='lat' dir='ltr'><strong>Domine,</strong></span> <span class='ocrx_word' id='word_1_106' title='bbox 1191 1603 1330 1657; x_wconf 84' lang='lat' dir='ltr'><strong>adsit</strong></span> <span class='ocrx_word' id='word_1_107' title='bbox 1378 1605 1533 1659; x_wconf 82' lang='lat' dir='ltr'><strong>nobis</strong></span> <span class='ocrx_word' id='word_1_108' title='bbox 1581 1606 1779 1675; x_wconf 86' lang='lat' dir='ltr'><strong>ubique</strong></span> <span class='ocrx_word' id='word_1_109' title='bbox 1825 1605 2018 1664; x_wconf 80' lang='lat' dir='ltr'><strong>Oratio.</strong></span> <span class='ocrx_word' id='word_1_110' title='bbox 2062 1613 2116 1658; x_wconf 87' lang='lat' dir='ltr'><strong>et</strong></span> 
     </span>
    </p>
   </div>
   <div class='ocr_carea' id='block_1_17' title="bbox 532 1687 2195 1765">
    <p class='ocr_par' dir='ltr' id='par_1_17' title="bbox 532 1687 2195 1765">
     <span class='ocr_line' id='line_1_17' title="bbox 532 1687 2195 1765; baseline 0.003 -22"><span class='ocrx_word' id='word_1_111' title='bbox 532 1707 693 1760; x_wconf 89' lang='lat' dir='ltr'><strong>quam</strong></span> <span class='ocrx_word' id='word_1_112' title='bbox 727 1693 918 1747; x_wconf 88' lang='lat' dir='ltr'><strong>devoto</strong></span> <span class='ocrx_word' id='word_1_113' title='bbox 962 1693 1111 1764; x_wconf 81' lang='lat' dir='ltr'><strong>plebs</strong></span> <span class='ocrx_word' id='word_1_114' title='bbox 1149 1703 1238 1748; x_wconf 86' lang='lat' dir='ltr'><strong>tua</strong></span> <span class='ocrx_word' id='word_1_115' title='bbox 1279 1707 1572 1750; x_wconf 84' lang='lat' dir='ltr'><strong>veneratur</strong></span> <span class='ocrx_word' id='word_1_116' title='bbox 1598 1696 1880 1765; x_wconf 88' lang='lat' dir='ltr'><strong>obsequio,</strong></span> <span class='ocrx_word' id='word_1_117' title='bbox 1929 1694 2117 1750; x_wconf 86' lang='lat' dir='ltr'><strong>sullra-</strong></span> <span class='ocrx_word' id='word_1_118' title='bbox 2151 1687 2195 1741; x_wconf 79' lang='grc' dir='ltr'><strong>Β</strong></span> 
     </span>
    </p>
   </div>
   <div class='ocr_carea' id='block_1_18' title="bbox 530 1781 1646 1856">
    <p class='ocr_par' dir='ltr' id='par_1_18' title="bbox 530 1781 1646 1856">
     <span class='ocr_line' id='line_1_18' title="bbox 530 1781 1646 1856; baseline 0.004 -23"><span class='ocrx_word' id='word_1_119' title='bbox 530 1782 646 1851; x_wconf 73' lang='lat' dir='ltr'><strong>gari</strong></span> <span class='ocrx_word' id='word_1_120' title='bbox 675 1781 775 1836; x_wconf 88' lang='lat' dir='ltr'><strong>sibi</strong></span> <span class='ocrx_word' id='word_1_121' title='bbox 817 1784 904 1853; x_wconf 90' lang='lat' dir='ltr'><strong>pio</strong></span> <span class='ocrx_word' id='word_1_122' title='bbox 934 1785 1246 1856; x_wconf 80' lang='lat' dir='ltr'><strong>experiatur</strong></span> <span class='ocrx_word' id='word_1_123' title='bbox 1276 1787 1498 1840; x_wconf 81' lang='lat' dir='ltr'><strong>auxilio.</strong></span> <span class='ocrx_word' id='word_1_124' title='bbox 1528 1786 1646 1840; x_wconf 88' lang='lat' dir='ltr'><strong>Per.</strong></span> 
     </span>
    </p>
   </div>
   <div class='ocr_carea' id='block_1_19' title="bbox 601 1871 2118 1946">
    <p class='ocr_par' dir='ltr' id='par_1_19' title="bbox 601 1871 2118 1946">
     <span class='ocr_line' id='line_1_19' title="bbox 601 1871 2118 1946; baseline 0.003 -19"><span class='ocrx_word' id='word_1_125' title='bbox 601 1871 788 1928; x_wconf 84' lang='lat' dir='ltr'><strong>Oratio</strong></span> <span class='ocrx_word' id='word_1_126' title='bbox 835 1876 904 1928; x_wconf 83' lang='lat' dir='ltr'><strong>ad</strong></span> <span class='ocrx_word' id='word_1_127' title='bbox 948 1893 1161 1930; x_wconf 84' lang='lat' dir='ltr'><strong>nonam.</strong></span> <span class='ocrx_word' id='word_1_128' title='bbox 1219 1877 1448 1946; x_wconf 84' lang='lat' dir='ltr'><strong>Adjnvet</strong></span> <span class='ocrx_word' id='word_1_129' title='bbox 1496 1893 1614 1943; x_wconf 85' lang='lat' dir='ltr'><strong>nos,</strong></span> <span class='ocrx_word' id='word_1_130' title='bbox 1650 1893 1976 1946; x_wconf 68' lang='lat' dir='ltr'><strong>quaesumus,</strong></span> <span class='ocrx_word' id='word_1_131' title='bbox 2012 1875 2118 1932; x_wconf 88' lang='lat' dir='ltr'><strong>Do-</strong></span> 
     </span>
    </p>
   </div>
   <div class='ocr_carea' id='block_1_20' title="bbox 529 1964 2117 2038">
    <p class='ocr_par' dir='ltr' id='par_1_20' title="bbox 529 1964 2117 2038">
     <span class='ocr_line' id='line_1_20' title="bbox 529 1964 2117 2038; baseline 0.003 -20"><span class='ocrx_word' id='word_1_132' title='bbox 529 1964 698 2030; x_wconf 91' lang='lat' dir='ltr'><strong>mine,</strong></span> <span class='ocrx_word' id='word_1_133' title='bbox 724 1977 928 2021; x_wconf 69' lang='lat' dir='ltr'><strong>sanctre</strong></span> <span class='ocrx_word' id='word_1_134' title='bbox 959 1967 1139 2021; x_wconf 85' lang='lat' dir='ltr'><strong>Mariae</strong></span> <span class='ocrx_word' id='word_1_135' title='bbox 1182 1984 1392 2037; x_wconf 87' lang='lat' dir='ltr'><strong>semper</strong></span> <span class='ocrx_word' id='word_1_136' title='bbox 1424 1970 1646 2038; x_wconf 78' lang='lat' dir='ltr'><strong>virginis</strong></span> <span class='ocrx_word' id='word_1_137' title='bbox 1683 1970 1998 2024; x_wconf 90' lang='lat' dir='ltr'><strong>intercessio</strong></span> <span class='ocrx_word' id='word_1_138' title='bbox 2026 1985 2117 2022; x_wconf 79' lang='lat' dir='ltr'><strong>ve-</strong></span> 
     </span>
    </p>
   </div>
   <div class='ocr_carea' id='block_1_21' title="bbox 529 2061 2112 2130">
    <p class='ocr_par' dir='ltr' id='par_1_21' title="bbox 529 2061 2112 2130">
     <span class='ocr_line' id='line_1_21' title="bbox 529 2061 2112 2130; baseline 0.001 -16"><span class='ocrx_word' id='word_1_139' title='bbox 529 2062 792 2124; x_wconf 85' lang='lat' dir='ltr'><strong>neranda,</strong></span> <span class='ocrx_word' id='word_1_140' title='bbox 820 2069 872 2114; x_wconf 88' lang='lat' dir='ltr'><strong>et</strong></span> <span class='ocrx_word' id='word_1_141' title='bbox 923 2075 952 2114; x_wconf 85' lang='lat' dir='ltr'><strong>a</strong></span> <span class='ocrx_word' id='word_1_142' title='bbox 997 2062 1340 2130; x_wconf 88' lang='lat' dir='ltr'><strong>peccatorum</strong></span> <span class='ocrx_word' id='word_1_143' title='bbox 1373 2061 1600 2116; x_wconf 87' lang='lat' dir='ltr'><strong>vinculis</strong></span> <span class='ocrx_word' id='word_1_144' title='bbox 1627 2063 1910 2117; x_wconf 84' lang='lat' dir='ltr'><strong>absolutos</strong></span> <span class='ocrx_word' id='word_1_145' title='bbox 1941 2062 2005 2116; x_wconf 55' lang='lat' dir='ltr'><strong>in&#39;</strong></span> <span class='ocrx_word' id='word_1_146' title='bbox 2026 2071 2112 2115; x_wconf 90' lang='lat' dir='ltr'><strong>tua</strong></span> 
     </span>
    </p>
   </div>
   <div class='ocr_carea' id='block_1_22' title="bbox 528 2153 1296 2224">
    <p class='ocr_par' dir='ltr' id='par_1_22' title="bbox 528 2153 1296 2224">
     <span class='ocr_line' id='line_1_22' title="bbox 528 2153 1296 2224; baseline 0.001 -18"><span class='ocrx_word' id='word_1_147' title='bbox 528 2153 686 2207; x_wconf 87' lang='lat' dir='ltr'><strong>faciat</strong></span> <span class='ocrx_word' id='word_1_148' title='bbox 723 2168 852 2222; x_wconf 89' lang='lat' dir='ltr'><strong>pace</strong></span> <span class='ocrx_word' id='word_1_149' title='bbox 888 2154 1140 2224; x_wconf 65' lang='lat' dir='ltr'><strong>gaudere.</strong></span> <span class='ocrx_word' id='word_1_150' title='bbox 1175 2154 1296 2209; x_wconf 84' lang='lat' dir='ltr'><strong>Per.</strong></span> 
     </span>
    </p>
   </div>
   <div class='ocr_carea' id='block_1_23' title="bbox 607 2243 2030 2302">
    <p class='ocr_par' dir='ltr' id='par_1_23' title="bbox 607 2243 2030 2302">
     <span class='ocr_line' id='line_1_23' title="bbox 607 2243 2030 2302; baseline -0.001 -6"><span class='ocrx_word' id='word_1_151' title='bbox 607 2260 658 2297; x_wconf 83' lang='lat' dir='ltr'><strong>IN</strong></span> <span class='ocrx_word' id='word_1_152' title='bbox 698 2243 890 2299; x_wconf 21' lang='lat' dir='ltr'><strong>NATALII</strong></span> <span class='ocrx_word' id='word_1_153' title='bbox 932 2262 1115 2301; x_wconf 71' lang='lat' dir='ltr'><strong>SANCTI</strong></span> <span class='ocrx_word' id='word_1_154' title='bbox 1154 2263 1319 2301; x_wconf 70' lang='lat' dir='ltr'><strong>BLASII</strong></span> <span class='ocrx_word' id='word_1_155' title='bbox 1360 2263 1591 2302; x_wconf 77' lang='lat' dir='ltr'><strong>EPISCOPI</strong></span> <span class='ocrx_word' id='word_1_156' title='bbox 1633 2262 1701 2299; x_wconf 80' lang='grc' dir='ltr'><strong>ΕΤ</strong></span> <span class='ocrx_word' id='word_1_157' title='bbox 1744 2259 2030 2299; x_wconf 61' lang='grc' dir='ltr'><strong>Μλῐιτγῐιιε.</strong></span> 
     </span>
    </p>
   </div>
   <div class='ocr_carea' id='block_1_24' title="bbox 600 2332 2110 2406">
    <p class='ocr_par' dir='ltr' id='par_1_24' title="bbox 600 2332 2110 2406">
     <span class='ocr_line' id='line_1_24' title="bbox 600 2332 2110 2406; baseline 0.001 -20"><span class='ocrx_word' id='word_1_158' title='bbox 600 2332 808 2386; x_wconf 79' lang='lat' dir='ltr'><strong>Oratio.</strong></span> <span class='ocrx_word' id='word_1_159' title='bbox 839 2335 1108 2404; x_wconf 87' lang='lat' dir='ltr'><strong>Detts,qui</strong></span> <span class='ocrx_word' id='word_1_160' title='bbox 1133 2336 1348 2391; x_wconf 85' lang='lat' dir='ltr'><strong>beatum</strong></span> <span class='ocrx_word' id='word_1_161' title='bbox 1381 2337 1617 2391; x_wconf 86' lang='lat' dir='ltr'><strong>Blasium</strong></span> <span class='ocrx_word' id='word_1_162' title='bbox 1643 2346 1930 2406; x_wconf 82' lang='lat' dir='ltr'><strong>martyrem</strong></span> <span class='ocrx_word' id='word_1_163' title='bbox 1964 2345 2110 2388; x_wconf 89' lang='lat' dir='ltr'><strong>tuum</strong></span> 
     </span>
    </p>
   </div>
   <div class='ocr_carea' id='block_1_25' title="bbox 527 2427 2112 2500">
    <p class='ocr_par' dir='ltr' id='par_1_25' title="bbox 527 2427 2112 2500">
     <span class='ocr_line' id='line_1_25' title="bbox 527 2427 2112 2500; baseline 0.003 -22"><span class='ocrx_word' id='word_1_164' title='bbox 527 2436 690 2495; x_wconf 77' lang='lat' dir='ltr'><strong>atque</strong></span> <span class='ocrx_word' id='word_1_165' title='bbox 712 2427 1021 2496; x_wconf 78' lang='lat' dir='ltr'><strong>pontificem</strong></span> <span class='ocrx_word' id='word_1_166' title='bbox 1051 2431 1396 2500; x_wconf 84' lang='lat' dir='ltr'><strong>pontiﬁcatus</strong></span> <span class='ocrx_word' id='word_1_167' title='bbox 1437 2431 1612 2485; x_wconf 84' lang='lat' dir='ltr'><strong>ollicio</strong></span> <span class='ocrx_word' id='word_1_168' title='bbox 1650 2441 1703 2483; x_wconf 83' lang='lat' dir='ltr'><strong>et</strong></span> <span class='ocrx_word' id='word_1_169' title='bbox 1735 2430 1855 2484; x_wconf 93' lang='lat' dir='ltr'><strong>ﬁdei</strong></span> <span class='ocrx_word' id='word_1_170' title='bbox 1888 2443 2112 2482; x_wconf 89' lang='lat' dir='ltr'><strong>munere</strong></span> 
     </span>
    </p>
   </div>
   <div class='ocr_carea' id='block_1_26' title="bbox 527 2516 2108 2590">
    <p class='ocr_par' dir='ltr' id='par_1_26' title="bbox 527 2516 2108 2590">
     <span class='ocr_line' id='line_1_26' title="bbox 527 2516 2108 2590; baseline 0.001 -20"><span class='ocrx_word' id='word_1_171' title='bbox 527 2516 846 2577; x_wconf 88' lang='lat' dir='ltr'><strong>sublimasti.</strong></span> <span class='ocrx_word' id='word_1_172' title='bbox 883 2521 1054 2574; x_wconf 83' lang='lat' dir='ltr'><strong>tribue</strong></span> <span class='ocrx_word' id='word_1_173' title='bbox 1080 2521 1406 2590; x_wconf 82' lang='lat' dir='ltr'><strong>supplicibus</strong></span> <span class='ocrx_word' id='word_1_174' title='bbox 1447 2521 1572 2589; x_wconf 71' lang='lat' dir='ltr'><strong>tuis,</strong></span> <span class='ocrx_word' id='word_1_175' title='bbox 1600 2531 1656 2575; x_wconf 90' lang='lat' dir='ltr'><strong>ut</strong></span> <span class='ocrx_word' id='word_1_176' title='bbox 1684 2519 1939 2589; x_wconf 80' lang='lat' dir='ltr'><strong>quidquid</strong></span> <span class='ocrx_word' id='word_1_177' title='bbox 1981 2533 2108 2587; x_wconf 90' lang='lat' dir='ltr'><strong>pec-</strong></span> 
     </span>
    </p>
   </div>
   <div class='ocr_carea' id='block_1_27' title="bbox 525 2608 2111 2682">
    <p class='ocr_par' dir='ltr' id='par_1_27' title="bbox 525 2608 2111 2682">
     <span class='ocr_line' id='line_1_27' title="bbox 525 2608 2111 2682; baseline 0.002 -21"><span class='ocrx_word' id='word_1_178' title='bbox 525 2608 631 2661; x_wconf 86' lang='lat' dir='ltr'><strong>eati</strong></span> <span class='ocrx_word' id='word_1_179' title='bbox 663 2610 981 2678; x_wconf 81' lang='lat' dir='ltr'><strong>contagione</strong></span> <span class='ocrx_word' id='word_1_180' title='bbox 1013 2621 1347 2670; x_wconf 80' lang='lat' dir='ltr'><strong>contractum</strong></span> <span class='ocrx_word' id='word_1_181' title='bbox 1380 2622 1462 2667; x_wconf 87' lang='lat' dir='ltr'><strong>est</strong></span> <span class='ocrx_word' id='word_1_182' title='bbox 1489 2615 1540 2667; x_wconf 92' lang='lat' dir='ltr'><strong>in</strong></span> <span class='ocrx_word' id='word_1_183' title='bbox 1573 2615 1748 2679; x_wconf 89' lang='lat' dir='ltr'><strong>nobis,</strong></span> <span class='ocrx_word' id='word_1_184' title='bbox 1787 2615 1900 2682; x_wconf 88' lang='lat' dir='ltr'><strong>ipso</strong></span> <span class='ocrx_word' id='word_1_185' title='bbox 1945 2612 2111 2665; x_wconf 83' lang='lat' dir='ltr'><strong>inter-</strong></span> 
     </span>
    </p>
   </div>
   <div class='ocr_carea' id='block_1_28' title="bbox 524 2698 1182 2759">
    <p class='ocr_par' dir='ltr' id='par_1_28' title="bbox 524 2698 1182 2759">
     <span class='ocr_line' id='line_1_28' title="bbox 524 2698 1182 2759; baseline 0.015 -10"><span class='ocrx_word' id='word_1_186' title='bbox 524 2698 748 2755; x_wconf 80' lang='lat' dir='ltr'><strong>cedente</strong></span> <span class='ocrx_word' id='word_1_187' title='bbox 771 2701 1030 2756; x_wconf 84' lang='lat' dir='ltr'><strong>solvatur.</strong></span> <span class='ocrx_word' id='word_1_188' title='bbox 1061 2705 1182 2759; x_wconf 89' lang='lat' dir='ltr'><strong>Per.</strong></span> 
     </span>
    </p>
   </div>
   <div class='ocr_carea' id='block_1_29' title="bbox 503 2782 2065 2854">
    <p class='ocr_par' dir='ltr' id='par_1_29' title="bbox 503 2782 2065 2854">
     <span class='ocr_line' id='line_1_29' title="bbox 503 2782 2065 2854; baseline 0.004 -11"><span class='ocrx_word' id='word_1_189' title='bbox 503 2825 508 2830; x_wconf 88' lang='lat'><strong>-</strong></span> <span class='ocrx_word' id='word_1_190' title='bbox 561 2806 615 2844; x_wconf 67' lang='lat' dir='ltr'><strong>IN</strong></span> <span class='ocrx_word' id='word_1_191' title='bbox 654 2808 847 2847; x_wconf 75' lang='lat' dir='ltr'><strong>NATALI</strong></span> <span class='ocrx_word' id='word_1_192' title='bbox 888 2809 1076 2851; x_wconf 70' lang='lat' dir='ltr'><strong>SANCTI</strong></span> <span class='ocrx_word' id='word_1_193' title='bbox 1117 2813 1364 2854; x_wconf 74' lang='lat' dir='ltr'><strong>GREGORH</strong></span> <span class='ocrx_word' id='word_1_194' title='bbox 1405 2782 1550 2854; x_wconf 59' lang='lat' dir='ltr'><strong>l’i-U‘:E</strong></span> <span class='ocrx_word' id='word_1_195' title='bbox 1595 2816 1664 2853; x_wconf 82' lang='lat' dir='ltr'><strong>ET</strong></span> <span class='ocrx_word' id='word_1_196' title='bbox 1701 2811 2065 2852; x_wconf 66' lang='lat' dir='ltr'><strong>CONI’ESSORIS.</strong></span> 
     </span>
    </p>
   </div>
   <div class='ocr_carea' id='block_1_30' title="bbox 596 2882 2105 2961">
    <p class='ocr_par' dir='ltr' id='par_1_30' title="bbox 596 2882 2105 2961">
     <span class='ocr_line' id='line_1_30' title="bbox 596 2882 2105 2961; baseline 0.005 -25"><span class='ocrx_word' id='word_1_197' title='bbox 596 2882 800 2940; x_wconf 78' lang='lat' dir='ltr'><strong>Oratio.</strong></span> <span class='ocrx_word' id='word_1_198' title='bbox 838 2887 996 2954; x_wconf 85' lang='lat' dir='ltr'><strong>Deus,</strong></span> <span class='ocrx_word' id='word_1_199' title='bbox 1025 2891 1114 2958; x_wconf 91' lang='lat' dir='ltr'><strong>qui</strong></span> <span class='ocrx_word' id='word_1_200' title='bbox 1165 2908 1259 2961; x_wconf 87' lang='lat' dir='ltr'><strong>per</strong></span> <span class='ocrx_word' id='word_1_201' title='bbox 1289 2893 1506 2957; x_wconf 82' lang='lat' dir='ltr'><strong>beatum</strong></span> <span class='ocrx_word' id='word_1_202' title='bbox 1549 2892 1865 2961; x_wconf 83' lang='lat' dir='ltr'><strong>Gregorium</strong></span> <span class='ocrx_word' id='word_1_203' title='bbox 1897 2889 2105 2946; x_wconf 81' lang='lat' dir='ltr'><strong>confes-</strong></span> 
     </span>
    </p>
   </div>
   <div class='ocr_carea' id='block_1_31' title="bbox 520 2980 2106 3051">
    <p class='ocr_par' dir='ltr' id='par_1_31' title="bbox 520 2980 2106 3051">
     <span class='ocr_line' id='line_1_31' title="bbox 520 2980 2106 3051; baseline 0.006 -26"><span class='ocrx_word' id='word_1_204' title='bbox 520 2987 700 3027; x_wconf 86' lang='lat' dir='ltr'><strong>sorem</strong></span> <span class='ocrx_word' id='word_1_205' title='bbox 730 2981 878 3030; x_wconf 90' lang='lat' dir='ltr'><strong>tuum</strong></span> <span class='ocrx_word' id='word_1_206' title='bbox 911 2987 1074 3048; x_wconf 89' lang='lat' dir='ltr'><strong>atque</strong></span> <span class='ocrx_word' id='word_1_207' title='bbox 1116 2983 1424 3051; x_wconf 84' lang='lat' dir='ltr'><strong>pontiﬁcem</strong></span> <span class='ocrx_word' id='word_1_208' title='bbox 1454 2983 1690 3040; x_wconf 77' lang='lat' dir='ltr'><strong>caelestis</strong></span> <span class='ocrx_word' id='word_1_209' title='bbox 1721 2982 1918 3051; x_wconf 88' lang='lat' dir='ltr'><strong>eloquii</strong></span> <span class='ocrx_word' id='word_1_210' title='bbox 1949 2980 2106 3035; x_wconf 91' lang='lat' dir='ltr'><strong>nobis</strong></span> 
     </span>
    </p>
   </div>
   <div class='ocr_carea' id='block_1_32' title="bbox 518 3062 2107 3140">
    <p class='ocr_par' dir='ltr' id='par_1_32' title="bbox 518 3062 2107 3140">
     <span class='ocr_line' id='line_1_32' title="bbox 518 3062 2107 3140; baseline 0.008 -25"><span class='ocrx_word' id='word_1_211' title='bbox 518 3062 854 3122; x_wconf 86' lang='lat' dir='ltr'><strong>dulcedinem</strong></span> <span class='ocrx_word' id='word_1_212' title='bbox 899 3071 1214 3139; x_wconf 76' lang='lat' dir='ltr'><strong>propitiasti,</strong></span> <span class='ocrx_word' id='word_1_213' title='bbox 1250 3073 1464 3129; x_wconf 73' lang='lat' dir='ltr'><strong>familiae</strong></span> <span class='ocrx_word' id='word_1_214' title='bbox 1510 3083 1615 3129; x_wconf 77' lang='lat' dir='ltr'><strong>tua:</strong></span> <span class='ocrx_word' id='word_1_215' title='bbox 1649 3073 1884 3128; x_wconf 87' lang='lat' dir='ltr'><strong>concede</strong></span> <span class='ocrx_word' id='word_1_216' title='bbox 1925 3072 2107 3140; x_wconf 83' lang='lat' dir='ltr'><strong>propi-</strong></span> 
     </span>
    </p>
   </div>
   <div class='ocr_carea' id='block_1_33' title="bbox 521 3155 2105 3237">
    <p class='ocr_par' dir='ltr' id='par_1_33' title="bbox 521 3155 2105 3237">
     <span class='ocr_line' id='line_1_33' title="bbox 521 3155 2105 3237; baseline 0.009 -30"><span class='ocrx_word' id='word_1_217' title='bbox 521 3155 630 3211; x_wconf 88' lang='lat' dir='ltr'><strong>tius</strong></span> <span class='ocrx_word' id='word_1_218' title='bbox 662 3168 717 3212; x_wconf 88' lang='lat' dir='ltr'><strong>et</strong></span> <span class='ocrx_word' id='word_1_219' title='bbox 746 3175 965 3219; x_wconf 89' lang='lat' dir='ltr'><strong>servare</strong></span> <span class='ocrx_word' id='word_1_220' title='bbox 1012 3164 1152 3232; x_wconf 89' lang='lat' dir='ltr'><strong>quod</strong></span> <span class='ocrx_word' id='word_1_221' title='bbox 1200 3166 1402 3231; x_wconf 87' lang='lat' dir='ltr'><strong>docuit,</strong></span> <span class='ocrx_word' id='word_1_222' title='bbox 1446 3176 1500 3222; x_wconf 90' lang='lat' dir='ltr'><strong>et</strong></span> <span class='ocrx_word' id='word_1_223' title='bbox 1547 3165 1800 3237; x_wconf 87' lang='lat' dir='ltr'><strong>subsequi</strong></span> <span class='ocrx_word' id='word_1_224' title='bbox 1832 3179 1939 3234; x_wconf 92' lang='lat' dir='ltr'><strong>quo</strong></span> <span class='ocrx_word' id='word_1_225' title='bbox 1980 3178 2105 3235; x_wconf 84' lang='lat' dir='ltr'><strong>pro-</strong></span> 
     </span>
    </p>
   </div>
   <div class='ocr_carea' id='block_1_34' title="bbox 517 3249 703 3306">
    <p class='ocr_par' dir='ltr' id='par_1_34' title="bbox 517 3249 703 3306">
     <span class='ocr_line' id='line_1_34' title="bbox 517 3249 703 3306; baseline 0.011 -3"><span class='ocrx_word' id='word_1_226' title='bbox 517 3249 703 3306; x_wconf 82' lang='lat' dir='ltr'><strong>cessit.</strong></span> 
     </span>
    </p>
   </div>
   <div class='ocr_carea' id='block_1_35' title="bbox 878 3364 1746 3410">
    <p class='ocr_par' dir='ltr' id='par_1_35' title="bbox 878 3364 1746 3410">
     <span class='ocr_line' id='line_1_35' title="bbox 878 3364 1746 3410; baseline 0.008 -9"><span class='ocrx_word' id='word_1_227' title='bbox 878 3364 930 3402; x_wconf 74' lang='lat' dir='ltr'><strong>lN</strong></span> <span class='ocrx_word' id='word_1_228' title='bbox 980 3367 1174 3406; x_wconf 69' lang='lat' dir='ltr'><strong>NATAL!</strong></span> <span class='ocrx_word' id='word_1_229' title='bbox 1216 3369 1400 3408; x_wconf 74' lang='lat' dir='ltr'><strong>SANCTI</strong></span> <span class='ocrx_word' id='word_1_230' title='bbox 1445 3369 1746 3410; x_wconf 72' lang='lat' dir='ltr'><strong>DENEDICTL</strong></span> 
     </span>
    </p>
   </div>
   <div class='ocr_carea' id='block_1_36' title="bbox 1181 3444 1433 3514">
    <p class='ocr_par' dir='ltr' id='par_1_36' title="bbox 1181 3444 1433 3514">
     <span class='ocr_line' id='line_1_36' title="bbox 1181 3444 1433 3514; baseline 0.004 -16"><span class='ocrx_word' id='word_1_231' title='bbox 1181 3444 1433 3514; x_wconf 83' lang='lat' dir='ltr'><strong>Hymnus.</strong></span> 
     </span>
    </p>
   </div>
   <div class='ocr_carea' id='block_1_37' title="bbox 943 3536 1716 3608">
    <p class='ocr_par' dir='ltr' id='par_1_37' title="bbox 943 3536 1716 3608">
     <span class='ocr_line' id='line_1_37' title="bbox 943 3536 1716 3608; baseline 0.005 -18"><span class='ocrx_word' id='word_1_232' title='bbox 943 3536 1164 3591; x_wconf 85' lang='lat' dir='ltr'><strong>Gemma</strong></span> <span class='ocrx_word' id='word_1_233' title='bbox 1195 3538 1432 3594; x_wconf 74' lang='lat' dir='ltr'><strong>cmlestis</strong></span> <span class='ocrx_word' id='word_1_234' title='bbox 1459 3542 1716 3608; x_wconf 85' lang='lat' dir='ltr'><strong>pretiosa,</strong></span> 
     </span>
    </p>
   </div>
   <div class='ocr_carea' id='block_1_38' title="bbox 877 3626 1564 3702">
    <p class='ocr_par' dir='ltr' id='par_1_38' title="bbox 877 3626 1564 3702">
     <span class='ocr_line' id='line_1_38' title="bbox 877 3626 1564 3702; baseline 0.012 -23"><span class='ocrx_word' id='word_1_235' title='bbox 877 3626 1038 3695; x_wconf 74' lang='lat' dir='ltr'><strong>Regis</strong></span> <span class='ocrx_word' id='word_1_236' title='bbox 1067 3648 1252 3684; x_wconf 83' lang='lat' dir='ltr'><strong>norma</strong></span> <span class='ocrx_word' id='word_1_237' title='bbox 1279 3633 1564 3702; x_wconf 80' lang='lat' dir='ltr'><strong>justorum,</strong></span> 
     </span>
    </p>
   </div>
   <div class='ocr_carea' id='block_1_39' title="bbox 879 3718 1416 3789">
    <p class='ocr_par' dir='ltr' id='par_1_39' title="bbox 879 3718 1416 3789">
     <span class='ocr_line' id='line_1_39' title="bbox 879 3718 1416 3789; baseline 0.009 -18"><span class='ocrx_word' id='word_1_238' title='bbox 879 3718 976 3772; x_wconf 83' lang='lat' dir='ltr'><strong>Via</strong></span> <span class='ocrx_word' id='word_1_239' title='bbox 1009 3725 1416 3789; x_wconf 70' lang='lat' dir='ltr'><strong>monachorum,</strong></span> 
     </span>
    </p>
   </div>
   <div class='ocr_carea' id='block_1_40' title="bbox 875 3808 1363 3871">
    <p class='ocr_par' dir='ltr' id='par_1_40' title="bbox 875 3808 1363 3871">
     <span class='ocr_line' id='line_1_40' title="bbox 875 3808 1363 3871; baseline 0.014 -8"><span class='ocrx_word' id='word_1_240' title='bbox 875 3808 979 3866; x_wconf 76' lang='lat' dir='ltr'><strong>Nos</strong></span> <span class='ocrx_word' id='word_1_241' title='bbox 1011 3814 1079 3868; x_wconf 87' lang='lat' dir='ltr'><strong>ab</strong></span> <span class='ocrx_word' id='word_1_242' title='bbox 1104 3815 1363 3871; x_wconf 85' lang='lat' dir='ltr'><strong>immtnuli</strong></span> 
     </span>
    </p>
   </div>
   <div class='ocr_carea' id='block_1_41' title="bbox 875 3902 1386 3971">
    <p class='ocr_par' dir='ltr' id='par_1_41' title="bbox 875 3902 1386 3971">
     <span class='ocr_line' id='line_1_41' title="bbox 875 3902 1386 3971; baseline 0.02 -16"><span class='ocrx_word' id='word_1_243' title='bbox 875 3902 1175 3971; x_wconf 77' lang='lat' dir='ltr'><strong>Benedicto,</strong></span> <span class='ocrx_word' id='word_1_244' title='bbox 1207 3910 1386 3965; x_wconf 87' lang='lat' dir='ltr'><strong>mundi</strong></span> 
     </span>
    </p>
   </div>
   <div class='ocr_carea' id='block_1_42' title="bbox 873 3995 1343 4055">
    <p class='ocr_par' dir='ltr' id='par_1_42' title="bbox 873 3995 1343 4055">
     <span class='ocr_line' id='line_1_42' title="bbox 873 3995 1343 4055; baseline 0.013 -6"><span class='ocrx_word' id='word_1_245' title='bbox 873 3995 1142 4052; x_wconf 87' lang='lat' dir='ltr'><strong>Subtrahe</strong></span> <span class='ocrx_word' id='word_1_246' title='bbox 1170 4015 1343 4055; x_wconf 76' lang='lat' dir='ltr'><strong>emno.</strong></span> 
     </span>
    </p>
   </div>
   <div class='ocr_carea' id='block_1_43' title="bbox 951 4086 1531 4159">
    <p class='ocr_par' dir='ltr' id='par_1_43' title="bbox 951 4086 1531 4159">
     <span class='ocr_line' id='line_1_43' title="bbox 951 4086 1531 4159; baseline 0.012 -19"><span class='ocrx_word' id='word_1_247' title='bbox 951 4086 1020 4141; x_wconf 76' lang='grc' dir='ltr'><strong>[ιι</strong></span> <span class='ocrx_word' id='word_1_248' title='bbox 1054 4089 1223 4143; x_wconf 86' lang='lat' dir='ltr'><strong>solum</strong></span> <span class='ocrx_word' id='word_1_249' title='bbox 1252 4107 1531 4159; x_wconf 85' lang='lat' dir='ltr'><strong>spernens,</strong></span> 
     </span>
    </p>
   </div>
   <div class='ocr_carea' id='block_1_44' title="bbox 874 4177 1448 4251">
    <p class='ocr_par' dir='ltr' id='par_1_44' title="bbox 874 4177 1448 4251">
     <span class='ocr_line' id='line_1_44' title="bbox 874 4177 1448 4251; baseline 0.01 -20"><span class='ocrx_word' id='word_1_250' title='bbox 874 4177 982 4232; x_wconf 83' lang='lat' dir='ltr'><strong>Cor</strong></span> <span class='ocrx_word' id='word_1_251' title='bbox 1012 4179 1060 4232; x_wconf 91' lang='lat' dir='ltr'><strong>in</strong></span> <span class='ocrx_word' id='word_1_252' title='bbox 1091 4189 1233 4234; x_wconf 88' lang='lat' dir='ltr'><strong>astra</strong></span> <span class='ocrx_word' id='word_1_253' title='bbox 1262 4183 1448 4251; x_wconf 80' lang='lat' dir='ltr'><strong>ﬁgens,</strong></span> 
     </span>
    </p>
   </div>
   <div class='ocr_carea' id='block_1_45' title="bbox 870 4269 1302 4342">
    <p class='ocr_par' dir='ltr' id='par_1_45' title="bbox 870 4269 1302 4342">
     <span class='ocr_line' id='line_1_45' title="bbox 870 4269 1302 4342; baseline 0.007 -15"><span class='ocrx_word' id='word_1_254' title='bbox 870 4269 1028 4342; x_wconf 84' lang='lat' dir='ltr'><strong>Cogis</strong></span> <span class='ocrx_word' id='word_1_255' title='bbox 1058 4274 1302 4330; x_wconf 66' lang='lat' dir='ltr'><strong>hmredes</strong></span> 
     </span>
    </p>
   </div>
   <div class='ocr_carea' id='block_1_46' title="bbox 869 4362 1316 4434">
    <p class='ocr_par' dir='ltr' id='par_1_46' title="bbox 869 4362 1316 4434">
     <span class='ocr_line' id='line_1_46' title="bbox 869 4362 1316 4434; baseline 0.013 -18"><span class='ocrx_word' id='word_1_256' title='bbox 869 4362 1011 4418; x_wconf 80' lang='lat' dir='ltr'><strong>Fieri</strong></span> <span class='ocrx_word' id='word_1_257' title='bbox 1043 4375 1316 4434; x_wconf 85' lang='lat' dir='ltr'><strong>parentes,</strong></span> 
     </span>
    </p>
   </div>
   <div class='ocr_carea' id='block_1_47' title="bbox 869 4457 1338 4528">
    <p class='ocr_par' dir='ltr' id='par_1_47' title="bbox 869 4457 1338 4528">
     <span class='ocr_line' id='line_1_47' title="bbox 869 4457 1338 4528; baseline 0.009 -18"><span class='ocrx_word' id='word_1_258' title='bbox 869 4457 975 4512; x_wconf 79' lang='lat' dir='ltr'><strong>Vas</strong></span> <span class='ocrx_word' id='word_1_259' title='bbox 1005 4457 1114 4512; x_wconf 89' lang='lat' dir='ltr'><strong>Deo</strong></span> <span class='ocrx_word' id='word_1_260' title='bbox 1141 4460 1338 4528; x_wconf 84' lang='lat' dir='ltr'><strong>plenun</strong></span> 
     </span>
    </p>
   </div>
   <div class='ocr_carea' id='block_1_48' title="bbox 873 4549 1409 4620">
    <p class='ocr_par' dir='ltr' id='par_1_48' title="bbox 873 4549 1409 4620">
     <span class='ocr_line' id='line_1_48' title="bbox 873 4549 1409 4620; baseline 0.004 -16"><span class='ocrx_word' id='word_1_261' title='bbox 873 4549 1148 4620; x_wconf 78' lang='lat' dir='ltr'><strong>Reparare</strong></span> <span class='ocrx_word' id='word_1_262' title='bbox 1178 4552 1409 4606; x_wconf 89' lang='lat' dir='ltr'><strong>fructum</strong></span> 
     </span>
    </p>
   </div>
   <div class='ocr_carea' id='block_1_49' title="bbox 865 4642 1237 4698">
    <p class='ocr_par' dir='ltr' id='par_1_49' title="bbox 865 4642 1237 4698">
     <span class='ocr_line' id='line_1_49' title="bbox 865 4642 1237 4698; baseline 0.005 -2"><span class='ocrx_word' id='word_1_263' title='bbox 865 4642 1237 4698; x_wconf 85' lang='lat' dir='ltr'><strong>Promeruisti.</strong></span> 
     </span>
    </p>
   </div>
   <div class='ocr_carea' id='block_1_50' title="bbox 955 4734 1496 4806">
    <p class='ocr_par' dir='ltr' id='par_1_50' title="bbox 955 4734 1496 4806">
     <span class='ocr_line' id='line_1_50' title="bbox 955 4734 1496 4806; baseline 0.004 -19"><span class='ocrx_word' id='word_1_264' title='bbox 955 4734 1179 4806; x_wconf 78' lang='lat' dir='ltr'><strong>Magnus</strong></span> <span class='ocrx_word' id='word_1_265' title='bbox 1211 4736 1264 4790; x_wconf 89' lang='lat' dir='ltr'><strong>in</strong></span> <span class='ocrx_word' id='word_1_266' title='bbox 1295 4735 1496 4805; x_wconf 80' lang='lat' dir='ltr'><strong>parvis,</strong></span> 
     </span>
    </p>
   </div>
   <div class='ocr_carea' id='block_1_51' title="bbox 868 4826 1392 4884">
    <p class='ocr_par' dir='ltr' id='par_1_51' title="bbox 868 4826 1392 4884">
     <span class='ocr_line' id='line_1_51' title="bbox 868 4826 1392 4884; baseline 0.008 -5"><span class='ocrx_word' id='word_1_267' title='bbox 868 4826 1104 4881; x_wconf 86' lang='lat' dir='ltr'><strong>Eremita</strong></span> <span class='ocrx_word' id='word_1_268' title='bbox 1134 4828 1392 4884; x_wconf 85' lang='lat' dir='ltr'><strong>imberbis</strong></span> 
     </span>
    </p>
   </div>
   <div class='ocr_carea' id='block_1_52' title="bbox 867 4917 1306 4986">
    <p class='ocr_par' dir='ltr' id='par_1_52' title="bbox 867 4917 1306 4986">
     <span class='ocr_line' id='line_1_52' title="bbox 867 4917 1306 4986; baseline 0.009 -17"><span class='ocrx_word' id='word_1_269' title='bbox 867 4917 1044 4974; x_wconf 67' lang='lat' dir='ltr'><strong>Vincis</strong></span> <span class='ocrx_word' id='word_1_270' title='bbox 1067 4928 1306 4986; x_wconf 70' lang='lat' dir='ltr'><strong>mtatcm,</strong></span> 
     </span>
    </p>
   </div>
   <div class='ocr_carea' id='block_1_53' title="bbox 865 5009 1364 5080">
    <p class='ocr_par' dir='ltr' id='par_1_53' title="bbox 865 5009 1364 5080">
     <span class='ocr_line' id='line_1_53' title="bbox 865 5009 1364 5080; baseline 0.014 -20"><span class='ocrx_word' id='word_1_271' title='bbox 865 5009 1102 5080; x_wconf 81' lang='lat' dir='ltr'><strong>Superas</strong></span> <span class='ocrx_word' id='word_1_272' title='bbox 1133 5012 1364 5068; x_wconf 86' lang='lat' dir='ltr'><strong>laboretr</strong></span> 
     </span>
    </p>
   </div>
   <div class='ocr_carea' id='block_1_54' title="bbox 867 5103 1380 5176">
    <p class='ocr_par' dir='ltr' id='par_1_54' title="bbox 867 5103 1380 5176">
     <span class='ocr_line' id='line_1_54' title="bbox 867 5103 1380 5176; baseline 0.014 -20"><span class='ocrx_word' id='word_1_273' title='bbox 867 5103 1026 5159; x_wconf 83' lang='lat' dir='ltr'><strong>Arcto</strong></span> <span class='ocrx_word' id='word_1_274' title='bbox 1065 5106 1328 5162; x_wconf 78' lang='lat' dir='ltr'><strong>districta:</strong></span> <span class='ocrx_word' id='word_1_275' title='bbox 1371 5166 1380 5176; x_wconf 82' lang='lat'>_</span> 
     </span>
    </p>
   </div>
   <div class='ocr_carea' id='block_1_55' title="bbox 866 5195 1341 5256">
    <p class='ocr_par' dir='ltr' id='par_1_55' title="bbox 866 5195 1341 5256">
     <span class='ocr_line' id='line_1_55' title="bbox 866 5195 1341 5256; baseline 0.015 -7"><span class='ocrx_word' id='word_1_276' title='bbox 866 5195 1188 5252; x_wconf 77' lang='lat' dir='ltr'><strong>Rudimenta</strong></span> <span class='ocrx_word' id='word_1_277' title='bbox 1217 5201 1341 5256; x_wconf 58' lang='lat' dir='ltr'><strong>vitae</strong></span> 
     </span>
    </p>
   </div>
   <div class='ocr_carea' id='block_1_56' title="bbox 867 5285 1366 5355">
    <p class='ocr_par' dir='ltr' id='par_1_56' title="bbox 867 5285 1366 5355">
     <span class='ocr_line' id='line_1_56' title="bbox 867 5285 1366 5355; baseline 0.008 -16"><span class='ocrx_word' id='word_1_278' title='bbox 867 5285 1125 5342; x_wconf 74' lang='lat' dir='ltr'><strong>Fervitlus</strong></span> <span class='ocrx_word' id='word_1_279' title='bbox 1158 5289 1366 5355; x_wconf 89' lang='lat' dir='ltr'><strong>imples.</strong></span> 
     </span>
    </p>
   </div>
   <div class='ocr_carea' id='block_1_57' title="bbox 936 5376 1402 5446">
    <p class='ocr_par' dir='ltr' id='par_1_57' title="bbox 936 5376 1402 5446">
     <span class='ocr_line' id='line_1_57' title="bbox 936 5376 1402 5446; baseline 0.015 -19"><span class='ocrx_word' id='word_1_280' title='bbox 936 5376 1128 5446; x_wconf 84' lang='lat' dir='ltr'><strong>Strage</strong></span> <span class='ocrx_word' id='word_1_281' title='bbox 1153 5393 1402 5434; x_wconf 79' lang='lat' dir='ltr'><strong>saxorum</strong></span> 
     </span>
    </p>
   </div>
   <div class='ocr_carea' id='block_1_58' title="bbox 873 5464 1465 5538">
    <p class='ocr_par' dir='ltr' id='par_1_58' title="bbox 873 5464 1465 5538">
     <span class='ocr_line' id='line_1_58' title="bbox 873 5464 1465 5538; baseline 0.014 -22"><span class='ocrx_word' id='word_1_282' title='bbox 873 5464 1102 5518; x_wconf 76' lang='lat' dir='ltr'><strong>Puerum</strong></span> <span class='ocrx_word' id='word_1_283' title='bbox 1133 5480 1465 5538; x_wconf 83' lang='lat' dir='ltr'><strong>peremptum</strong></span> 
     </span>
    </p>
   </div>
   <div class='ocr_carea' id='block_1_59' title="bbox 877 5554 1303 5620">
    <p class='ocr_par' dir='ltr' id='par_1_59' title="bbox 877 5554 1303 5620">
     <span class='ocr_line' id='line_1_59' title="bbox 877 5554 1303 5620; baseline 0.007 -13"><span class='ocrx_word' id='word_1_284' title='bbox 877 5554 992 5609; x_wconf 80' lang='lat' dir='ltr'><strong>Mox</strong></span> <span class='ocrx_word' id='word_1_285' title='bbox 1023 5565 1080 5608; x_wconf 90' lang='lat' dir='ltr'><strong>ut</strong></span> <span class='ocrx_word' id='word_1_286' title='bbox 1118 5560 1303 5620; x_wconf 88' lang='lat' dir='ltr'><strong>orasti,</strong></span> 
     </span>
    </p>
   </div>
   <div class='ocr_carea' id='block_1_60' title="bbox 872 5647 1376 5714">
    <p class='ocr_par' dir='ltr' id='par_1_60' title="bbox 872 5647 1376 5714">
     <span class='ocr_line' id='line_1_60' title="bbox 872 5647 1376 5714; baseline 0.012 -13"><span class='ocrx_word' id='word_1_287' title='bbox 872 5647 1067 5706; x_wconf 82' lang='lat' dir='ltr'><strong>Preces</strong></span> <span class='ocrx_word' id='word_1_288' title='bbox 1091 5649 1376 5714; x_wconf 79' lang='lat' dir='ltr'><strong>suscitasti,</strong></span> 
     </span>
    </p>
   </div>
   <div class='ocr_carea' id='block_1_61' title="bbox 1725 200 3702 264">
    <p class='ocr_par' dir='ltr' id='par_1_61' title="bbox 1725 200 3702 264">
     <span class='ocr_line' id='line_1_61' title="bbox 1725 200 3702 264; baseline 0.004 -7"><span class='ocrx_word' id='word_1_289' title='bbox 1725 201 1899 258; x_wconf 68' lang='lat' dir='ltr'><strong>SrEC.</strong></span> <span class='ocrx_word' id='word_1_290' title='bbox 1947 201 2013 257; x_wconf 79' lang='lat' dir='ltr'><strong>XI</strong></span> <span class='ocrx_word' id='word_1_291' title='bbox 2055 201 2323 258; x_wconf 74' lang='lat' dir='ltr'><strong>MONUM.</strong></span> <span class='ocrx_word' id='word_1_292' title='bbox 2368 200 2642 258; x_wconf 79' lang='lat' dir='ltr'><strong>Lll&#39;l‘RG.</strong></span> <span class='ocrx_word' id='word_1_293' title='bbox 3644 207 3702 264; x_wconf 55' lang='grc' dir='ltr'>Ὦ</span> 
     </span>
    </p>
   </div>
   <div class='ocr_carea' id='block_1_62' title="bbox 2587 311 3021 383">
    <p class='ocr_par' dir='ltr' id='par_1_62' title="bbox 2587 311 3021 383">
     <span class='ocr_line' id='line_1_62' title="bbox 2587 311 3021 383; baseline -0.007 -16"><span class='ocrx_word' id='word_1_294' title='bbox 2587 311 2824 383; x_wconf 88' lang='lat' dir='ltr'><strong>Spiritus</strong></span> <span class='ocrx_word' id='word_1_295' title='bbox 2849 312 3021 378; x_wconf 87' lang='lat' dir='ltr'><strong>carni,</strong></span> 
     </span>
    </p>
   </div>
   <div class='ocr_carea' id='block_1_63' title="bbox 2585 406 2971 460">
    <p class='ocr_par' dir='ltr' id='par_1_63' title="bbox 2585 406 2971 460">
     <span class='ocr_line' id='line_1_63' title="bbox 2585 406 2971 460; baseline -0.005 0"><span class='ocrx_word' id='word_1_296' title='bbox 2585 406 2726 460; x_wconf 82' lang='lat' dir='ltr'><strong>Caro</strong></span> <span class='ocrx_word' id='word_1_297' title='bbox 2755 406 2971 459; x_wconf 86' lang='lat' dir='ltr'><strong>sanitati</strong></span> 
     </span>
    </p>
   </div>
   <div class='ocr_carea' id='block_1_64' title="bbox 2597 498 3063 568">
    <p class='ocr_par' dir='ltr' id='par_1_64' title="bbox 2597 498 3063 568">
     <span class='ocr_line' id='line_1_64' title="bbox 2597 498 3063 568; baseline -0.004 -16"><span class='ocrx_word' id='word_1_298' title='bbox 2597 498 2859 552; x_wconf 86' lang='lat' dir='ltr'><strong>Redditur</strong></span> <span class='ocrx_word' id='word_1_299' title='bbox 2891 513 3063 568; x_wconf 68' lang='lat' dir='ltr'><strong>aeque.</strong></span> 
     </span>
    </p>
   </div>
   <div class='ocr_carea' id='block_1_65' title="bbox 2651 590 3158 646">
    <p class='ocr_par' dir='ltr' id='par_1_65' title="bbox 2651 590 3158 646">
     <span class='ocr_line' id='line_1_65' title="bbox 2651 590 3158 646; baseline -0.002 -1"><span class='ocrx_word' id='word_1_300' title='bbox 2651 590 2780 646; x_wconf 78' lang='lat' dir='ltr'><strong>Jttre</strong></span> <span class='ocrx_word' id='word_1_301' title='bbox 2811 591 2910 645; x_wconf 81' lang='lat' dir='ltr'><strong>sub</strong></span> <span class='ocrx_word' id='word_1_302' title='bbox 2952 591 3158 644; x_wconf 67' lang='lat' dir='ltr'><strong>blanda!</strong></span> 
     </span>
    </p>
   </div>
   <div class='ocr_carea' id='block_1_66' title="bbox 2588 681 3076 752">
    <p class='ocr_par' dir='ltr' id='par_1_66' title="bbox 2588 681 3076 752">
     <span class='ocr_line' id='line_1_66' title="bbox 2588 681 3076 752; baseline -0.002 -16"><span class='ocrx_word' id='word_1_303' title='bbox 2588 681 2781 752; x_wconf 87' lang='lat' dir='ltr'><strong>Specie</strong></span> <span class='ocrx_word' id='word_1_304' title='bbox 2810 681 3076 736; x_wconf 78' lang='lat' dir='ltr'><strong>columba:</strong></span> 
     </span>
    </p>
   </div>
   <div class='ocr_carea' id='block_1_67' title="bbox 2583 773 2999 828">
    <p class='ocr_par' dir='ltr' id='par_1_67' title="bbox 2583 773 2999 828">
     <span class='ocr_line' id='line_1_67' title="bbox 2583 773 2999 828; baseline -0.007 0"><span class='ocrx_word' id='word_1_305' title='bbox 2583 773 2830 828; x_wconf 80' lang='lat' dir='ltr'><strong>Nesciam</strong></span> <span class='ocrx_word' id='word_1_306' title='bbox 2862 773 2999 826; x_wconf 84' lang='lat' dir='ltr'><strong>fellis</strong></span> 
     </span>
    </p>
   </div>
   <div class='ocr_carea' id='block_1_68' title="bbox 2582 865 3067 919">
    <p class='ocr_par' dir='ltr' id='par_1_68' title="bbox 2582 865 3067 919">
     <span class='ocr_line' id='line_1_68' title="bbox 2582 865 3067 919; baseline -0.002 0"><span class='ocrx_word' id='word_1_307' title='bbox 2582 865 2832 919; x_wconf 74' lang='lat' dir='ltr'><strong>Animam</strong></span> <span class='ocrx_word' id='word_1_308' title='bbox 2863 865 3067 919; x_wconf 89' lang='lat' dir='ltr'><strong>sororis</strong></span> 
     </span>
    </p>
   </div>
   <div class='ocr_carea' id='block_1_69' title="bbox 2584 955 3035 1011">
    <p class='ocr_par' dir='ltr' id='par_1_69' title="bbox 2584 955 3035 1011">
     <span class='ocr_line' id='line_1_69' title="bbox 2584 955 3035 1011; baseline -0.004 0"><span class='ocrx_word' id='word_1_309' title='bbox 2584 955 2713 1011; x_wconf 90' lang='lat' dir='ltr'><strong>Sum</strong></span> <span class='ocrx_word' id='word_1_310' title='bbox 2723 970 2805 1008; x_wconf 91' lang='lat' dir='ltr'><strong>ma</strong></span> <span class='ocrx_word' id='word_1_311' title='bbox 2837 955 3035 1009; x_wconf 85' lang='lat' dir='ltr'><strong>stellati</strong></span> 
     </span>
    </p>
   </div>
   <div class='ocr_carea' id='block_1_70' title="bbox 2580 1047 3025 1102">
    <p class='ocr_par' dir='ltr' id='par_1_70' title="bbox 2580 1047 3025 1102">
     <span class='ocr_line' id='line_1_70' title="bbox 2580 1047 3025 1102; baseline -0.002 0"><span class='ocrx_word' id='word_1_312' title='bbox 2580 1047 2870 1102; x_wconf 87' lang='lat' dir='ltr'><strong>Penetrare</strong></span> <span class='ocrx_word' id='word_1_313' title='bbox 2901 1047 3025 1101; x_wconf 70' lang='lat' dir='ltr'><strong>coeli</strong></span> 
     </span>
    </p>
   </div>
   <div class='ocr_carea' id='block_1_71' title="bbox 2581 1126 3061 1195">
    <p class='ocr_par' dir='ltr' id='par_1_71' title="bbox 2581 1126 3061 1195">
     <span class='ocr_line' id='line_1_71' title="bbox 2581 1126 3061 1195; baseline -0.002 0"><span class='ocrx_word' id='word_1_314' title='bbox 2581 1126 2826 1195; x_wconf 83' lang='lat' dir='ltr'><strong>Culmina</strong></span> <span class='ocrx_word' id='word_1_315' title='bbox 2864 1141 3061 1195; x_wconf 86' lang='lat' dir='ltr'><strong>cernis.</strong></span> 
     </span>
    </p>
   </div>
   <div class='ocr_carea' id='block_1_72' title="bbox 2655 1232 3152 1303">
    <p class='ocr_par' dir='ltr' id='par_1_72' title="bbox 2655 1232 3152 1303">
     <span class='ocr_line' id='line_1_72' title="bbox 2655 1232 3152 1303; baseline 0.002 -19"><span class='ocrx_word' id='word_1_316' title='bbox 2655 1232 2771 1303; x_wconf 86' lang='lat' dir='ltr'><strong>Ipse</strong></span> <span class='ocrx_word' id='word_1_317' title='bbox 2797 1242 2917 1302; x_wconf 89' lang='lat' dir='ltr'><strong>post</strong></span> <span class='ocrx_word' id='word_1_318' title='bbox 2946 1232 3026 1287; x_wconf 91' lang='lat' dir='ltr'><strong>cla</strong></span> <span class='ocrx_word' id='word_1_319' title='bbox 3036 1248 3152 1286; x_wconf 78' lang='lat' dir='ltr'><strong>run;</strong></span> 
     </span>
    </p>
   </div>
   <div class='ocr_carea' id='block_1_73' title="bbox 2578 1307 3220 1394">
    <p class='ocr_par' dir='ltr' id='par_1_73' title="bbox 2578 1307 3220 1394">
     <span class='ocr_line' id='line_1_73' title="bbox 2578 1307 3220 1394; baseline -0.002 -17"><span class='ocrx_word' id='word_1_320' title='bbox 2578 1323 2842 1379; x_wconf 79' lang='lat' dir='ltr'><strong>Referens</strong></span> <span class='ocrx_word' id='word_1_321' title='bbox 2882 1307 3220 1394; x_wconf 69' lang='lat' dir='ltr'><strong>trimnphutn</strong></span> 
     </span>
    </p>
   </div>
   <div class='ocr_carea' id='block_1_74' title="bbox 2577 1413 2967 1470">
    <p class='ocr_par' dir='ltr' id='par_1_74' title="bbox 2577 1413 2967 1470">
     <span class='ocr_line' id='line_1_74' title="bbox 2577 1413 2967 1470; baseline -0.003 -1"><span class='ocrx_word' id='word_1_322' title='bbox 2577 1414 2731 1470; x_wconf 85' lang='lat' dir='ltr'><strong>Celsa</strong></span> <span class='ocrx_word' id='word_1_323' title='bbox 2755 1413 2967 1468; x_wconf 85' lang='lat' dir='ltr'><strong>devicto</strong></span> 
     </span>
    </p>
   </div>
   <div class='ocr_carea' id='block_1_75' title="bbox 2576 1507 3144 1571">
    <p class='ocr_par' dir='ltr' id='par_1_75' title="bbox 2576 1507 3144 1571">
     <span class='ocr_line' id='line_1_75' title="bbox 2576 1507 3144 1571; baseline -0.004 -9"><span class='ocrx_word' id='word_1_324' title='bbox 2576 1507 2719 1562; x_wconf 85' lang='lat' dir='ltr'><strong>Petis</strong></span> <span class='ocrx_word' id='word_1_325' title='bbox 2745 1516 2889 1561; x_wconf 90' lang='lat' dir='ltr'><strong>astra</strong></span> <span class='ocrx_word' id='word_1_326' title='bbox 2921 1507 3144 1571; x_wconf 90' lang='lat' dir='ltr'><strong>mundo,</strong></span> 
     </span>
    </p>
   </div>
   <div class='ocr_carea' id='block_1_76' title="bbox 2573 1599 3106 1654">
    <p class='ocr_par' dir='ltr' id='par_1_76' title="bbox 2573 1599 3106 1654">
     <span class='ocr_line' id='line_1_76' title="bbox 2573 1599 3106 1654; baseline -0.002 0"><span class='ocrx_word' id='word_1_327' title='bbox 2573 1599 2719 1654; x_wconf 90' lang='lat' dir='ltr'><strong>Luce</strong></span> <span class='ocrx_word' id='word_1_328' title='bbox 2742 1599 3106 1653; x_wconf 82' lang='lat' dir='ltr'><strong>flammantem</strong></span> 
     </span>
    </p>
   </div>
   <div class='ocr_carea' id='block_1_77' title="bbox 2576 1689 3068 1746">
    <p class='ocr_par' dir='ltr' id='par_1_77' title="bbox 2576 1689 3068 1746">
     <span class='ocr_line' id='line_1_77' title="bbox 2576 1689 3068 1746; baseline -0.004 -2"><span class='ocrx_word' id='word_1_329' title='bbox 2576 1691 2841 1746; x_wconf 80' lang='lat' dir='ltr'><strong>Radiante</strong></span> <span class='ocrx_word' id='word_1_330' title='bbox 2882 1689 3068 1745; x_wconf 81' lang='lat' dir='ltr'><strong>callem</strong></span> 
     </span>
    </p>
   </div>
   <div class='ocr_carea' id='block_1_78' title="bbox 2574 1783 3036 1838">
    <p class='ocr_par' dir='ltr' id='par_1_78' title="bbox 2574 1783 3036 1838">
     <span class='ocr_line' id='line_1_78' title="bbox 2574 1783 3036 1838; baseline -0.006 0"><span class='ocrx_word' id='word_1_331' title='bbox 2574 1783 2738 1838; x_wconf 86' lang='lat' dir='ltr'><strong>Pallia</strong></span> <span class='ocrx_word' id='word_1_332' title='bbox 2769 1793 3036 1838; x_wconf 90' lang='lat' dir='ltr'><strong>sternunt.</strong></span> 
     </span>
    </p>
   </div>
   <div class='ocr_carea' id='block_1_79' title="bbox 2647 1876 3184 1938">
    <p class='ocr_par' dir='ltr' id='par_1_79' title="bbox 2647 1876 3184 1938">
     <span class='ocr_line' id='line_1_79' title="bbox 2647 1876 3184 1938; baseline -0.007 -6"><span class='ocrx_word' id='word_1_333' title='bbox 2647 1877 2791 1932; x_wconf 89' lang='lat' dir='ltr'><strong>Laus</strong></span> <span class='ocrx_word' id='word_1_334' title='bbox 2820 1878 2992 1932; x_wconf 88' lang='lat' dir='ltr'><strong>honor</strong></span> <span class='ocrx_word' id='word_1_335' title='bbox 3014 1876 3184 1938; x_wconf 87' lang='lat' dir='ltr'><strong>Patri,</strong></span> 
     </span>
    </p>
   </div>
   <div class='ocr_carea' id='block_1_80' title="bbox 2571 1970 3026 2042">
    <p class='ocr_par' dir='ltr' id='par_1_80' title="bbox 2571 1970 3026 2042">
     <span class='ocr_line' id='line_1_80' title="bbox 2571 1970 3026 2042; baseline -0.011 -15"><span class='ocrx_word' id='word_1_336' title='bbox 2571 1972 2845 2042; x_wconf 82' lang='lat' dir='ltr'><strong>Parilique</strong></span> <span class='ocrx_word' id='word_1_337' title='bbox 2886 1970 3026 2026; x_wconf 87' lang='lat' dir='ltr'><strong>Proli</strong></span> 
     </span>
    </p>
   </div>
   <div class='ocr_carea' id='block_1_81' title="bbox 2575 2064 3003 2132">
    <p class='ocr_par' dir='ltr' id='par_1_81' title="bbox 2575 2064 3003 2132">
     <span class='ocr_line' id='line_1_81' title="bbox 2575 2064 3003 2132; baseline -0.007 -12"><span class='ocrx_word' id='word_1_338' title='bbox 2575 2064 2691 2121; x_wconf 90' lang='lat' dir='ltr'><strong>Una</strong></span> <span class='ocrx_word' id='word_1_339' title='bbox 2727 2064 3003 2132; x_wconf 84' lang='lat' dir='ltr'><strong>majestas,</strong></span> 
     </span>
    </p>
   </div>
   <div class='ocr_carea' id='block_1_82' title="bbox 2574 2150 3066 2224">
    <p class='ocr_par' dir='ltr' id='par_1_82' title="bbox 2574 2150 3066 2224">
     <span class='ocr_line' id='line_1_82' title="bbox 2574 2150 3066 2224; baseline -0.006 -13"><span class='ocrx_word' id='word_1_340' title='bbox 2574 2150 2775 2211; x_wconf 84' lang='lat' dir='ltr'><strong>Eadem</strong></span> <span class='ocrx_word' id='word_1_341' title='bbox 2811 2165 3066 2224; x_wconf 84' lang='lat' dir='ltr'><strong>potestas,</strong></span> 
     </span>
    </p>
   </div>
   <div class='ocr_carea' id='block_1_83' title="bbox 2573 2249 3186 2317">
    <p class='ocr_par' dir='ltr' id='par_1_83' title="bbox 2573 2249 3186 2317">
     <span class='ocr_line' id='line_1_83' title="bbox 2573 2249 3186 2317; baseline -0.007 -14"><span class='ocrx_word' id='word_1_342' title='bbox 2573 2249 2705 2303; x_wconf 80' lang='lat' dir='ltr'><strong>Cum</strong></span> <span class='ocrx_word' id='word_1_343' title='bbox 2737 2249 2935 2317; x_wconf 90' lang='lat' dir='ltr'><strong>quibus</strong></span> <span class='ocrx_word' id='word_1_344' title='bbox 2966 2255 3186 2301; x_wconf 91' lang='lat' dir='ltr'><strong>sanctus</strong></span> 
     </span>
    </p>
   </div>
   <div class='ocr_carea' id='block_1_84' title="bbox 2573 2339 3218 2410">
    <p class='ocr_par' dir='ltr' id='par_1_84' title="bbox 2573 2339 3218 2410">
     <span class='ocr_line' id='line_1_84' title="bbox 2573 2339 3218 2410; baseline -0.011 -13"><span class='ocrx_word' id='word_1_345' title='bbox 2573 2342 2746 2397; x_wconf 89' lang='lat' dir='ltr'><strong>Simul</strong></span> <span class='ocrx_word' id='word_1_346' title='bbox 2781 2339 2970 2410; x_wconf 86' lang='lat' dir='ltr'><strong>implet</strong></span> <span class='ocrx_word' id='word_1_347' title='bbox 2997 2354 3218 2393; x_wconf 88' lang='lat' dir='ltr'><strong>omnem</strong></span> 
     </span>
    </p>
   </div>
   <div class='ocr_carea' id='block_1_85' title="bbox 2575 2429 3292 2504">
    <p class='ocr_par' dir='ltr' id='par_1_85' title="bbox 2575 2429 3292 2504">
     <span class='ocr_line' id='line_1_85' title="bbox 2575 2429 3292 2504; baseline -0.01 -17"><span class='ocrx_word' id='word_1_348' title='bbox 2575 2431 2810 2504; x_wconf 89' lang='lat' dir='ltr'><strong>Spiritus</strong></span> <span class='ocrx_word' id='word_1_349' title='bbox 2836 2431 3046 2486; x_wconf 75' lang='lat' dir='ltr'><strong>urbem.</strong></span> <span class='ocrx_word' id='word_1_350' title='bbox 3091 2429 3292 2484; x_wconf 80' lang='lat' dir='ltr'><strong>Amen.</strong></span> 
     </span>
    </p>
   </div>
   <div class='ocr_carea' id='block_1_86' title="bbox 2288 2517 3698 2596">
    <p class='ocr_par' dir='ltr' id='par_1_86' title="bbox 2288 2517 3698 2596">
     <span class='ocr_line' id='line_1_86' title="bbox 2288 2517 3698 2596; baseline -0.008 -18"><span class='ocrx_word' id='word_1_351' title='bbox 2288 2524 2481 2596; x_wconf 78' lang='lat' dir='ltr'><strong>Ilymni</strong></span> <span class='ocrx_word' id='word_1_352' title='bbox 2526 2525 2595 2578; x_wconf 81' lang='lat' dir='ltr'><strong>ad</strong></span> <span class='ocrx_word' id='word_1_353' title='bbox 2636 2534 2948 2578; x_wconf 84' lang='lat' dir='ltr'><strong>nocturnum</strong></span> <span class='ocrx_word' id='word_1_354' title='bbox 2999 2532 3047 2576; x_wconf 81' lang='lat' dir='ltr'><strong>et</strong></span> <span class='ocrx_word' id='word_1_355' title='bbox 3093 2520 3166 2574; x_wconf 85' lang='lat' dir='ltr'><strong>ad</strong></span> <span class='ocrx_word' id='word_1_356' title='bbox 3208 2519 3392 2573; x_wconf 83' lang='lat' dir='ltr'><strong>laudes</strong></span> <span class='ocrx_word' id='word_1_357' title='bbox 3429 2518 3558 2572; x_wconf 77' lang='lat' dir='ltr'><strong>iidem</strong></span> <span class='ocrx_word' id='word_1_358' title='bbox 3582 2517 3641 2586; x_wconf 74' lang='lat' dir='ltr'><strong>qui</strong></span> <span class='ocrx_word' id='word_1_359' title='bbox 3669 2519 3698 2567; x_wconf 76' lang='grc' dir='ltr'><em>ἐι</em></span> 
     </span>
    </p>
   </div>
   <div class='ocr_carea' id='block_1_87' title="bbox 2213 2615 3044 2689">
    <p class='ocr_par' dir='ltr' id='par_1_87' title="bbox 2213 2615 3044 2689">
     <span class='ocr_line' id='line_1_87' title="bbox 2213 2615 3044 2689; baseline -0.005 -17"><span class='ocrx_word' id='word_1_360' title='bbox 2213 2619 2377 2689; x_wconf 72' lang='lat' dir='ltr'><strong>oﬂicio</strong></span> <span class='ocrx_word' id='word_1_361' title='bbox 2401 2635 2558 2687; x_wconf 81' lang='lat' dir='ltr'><strong>parvo</strong></span> <span class='ocrx_word' id='word_1_362' title='bbox 2591 2618 2726 2672; x_wconf 82' lang='lat' dir='ltr'><strong>beati</strong></span> <span class='ocrx_word' id='word_1_363' title='bbox 2750 2615 2926 2670; x_wconf 83' lang='lat' dir='ltr'><strong>Bened</strong></span> <span class='ocrx_word' id='word_1_364' title='bbox 2935 2616 3044 2669; x_wconf 86' lang='lat' dir='ltr'><strong>icti.</strong></span> 
     </span>
    </p>
   </div>
   <div class='ocr_carea' id='block_1_88' title="bbox 2285 2702 3698 2780">
    <p class='ocr_par' dir='ltr' id='par_1_88' title="bbox 2285 2702 3698 2780">
     <span class='ocr_line' id='line_1_88' title="bbox 2285 2702 3698 2780; baseline -0.011 -15"><span class='ocrx_word' id='word_1_365' title='bbox 2285 2709 2490 2765; x_wconf 87' lang='lat' dir='ltr'><strong>Oratio.</strong></span> <span class='ocrx_word' id='word_1_366' title='bbox 2544 2709 2898 2780; x_wconf 83' lang='lat' dir='ltr'><strong>Omnipotens</strong></span> <span class='ocrx_word' id='word_1_367' title='bbox 2943 2707 3282 2776; x_wconf 87' lang='lat' dir='ltr'><strong>scmpiterne</strong></span> <span class='ocrx_word' id='word_1_368' title='bbox 3337 2704 3503 2766; x_wconf 87' lang='lat' dir='ltr'><strong>Deus,</strong></span> <span class='ocrx_word' id='word_1_369' title='bbox 3543 2702 3610 2771; x_wconf 88' lang='lat' dir='ltr'><strong>qui</strong></span> <span class='ocrx_word' id='word_1_370' title='bbox 3642 2714 3698 2767; x_wconf 72' lang='lat' dir='ltr'><strong>per</strong></span> 
     </span>
    </p>
   </div>
   <div class='ocr_carea' id='block_1_89' title="bbox 2211 2792 3696 2868">
    <p class='ocr_par' dir='ltr' id='par_1_89' title="bbox 2211 2792 3696 2868">
     <span class='ocr_line' id='line_1_89' title="bbox 2211 2792 3696 2868; baseline -0.007 -15"><span class='ocrx_word' id='word_1_371' title='bbox 2211 2800 2440 2868; x_wconf 79' lang='lat' dir='ltr'><strong>gloriosa</strong></span> <span class='ocrx_word' id='word_1_372' title='bbox 2476 2801 2615 2854; x_wconf 88' lang='lat' dir='ltr'><strong>beati</strong></span> <span class='ocrx_word' id='word_1_373' title='bbox 2651 2799 2925 2855; x_wconf 89' lang='lat' dir='ltr'><strong>Benedicti</strong></span> <span class='ocrx_word' id='word_1_374' title='bbox 2953 2797 3167 2856; x_wconf 84' lang='lat' dir='ltr'><strong>abbatis</strong></span> <span class='ocrx_word' id='word_1_375' title='bbox 3205 2795 3449 2865; x_wconf 81' lang='lat' dir='ltr'><strong>exempla</strong></span> <span class='ocrx_word' id='word_1_376' title='bbox 3475 2792 3696 2848; x_wconf 73' lang='lat' dir='ltr'><strong>humilitatis</strong></span> 
     </span>
    </p>
   </div>
   <div class='ocr_carea' id='block_1_90' title="bbox 2212 2888 3696 2962">
    <p class='ocr_par' dir='ltr' id='par_1_90' title="bbox 2212 2888 3696 2962">
     <span class='ocr_line' id='line_1_90' title="bbox 2212 2888 3696 2962; baseline -0.01 -16"><span class='ocrx_word' id='word_1_377' title='bbox 2212 2891 2532 2962; x_wconf 86' lang='lat' dir='ltr'><strong>triumphale</strong></span> <span class='ocrx_word' id='word_1_378' title='bbox 2576 2892 2731 2946; x_wconf 90' lang='lat' dir='ltr'><strong>nobis</strong></span> <span class='ocrx_word' id='word_1_379' title='bbox 2776 2891 2878 2947; x_wconf 92' lang='lat' dir='ltr'><strong>iter</strong></span> <span class='ocrx_word' id='word_1_380' title='bbox 2907 2889 3221 2952; x_wconf 83' lang='lat' dir='ltr'><strong>ostendisti,</strong></span> <span class='ocrx_word' id='word_1_381' title='bbox 3258 2888 3349 2950; x_wconf 88' lang='lat' dir='ltr'><strong>da,</strong></span> <span class='ocrx_word' id='word_1_382' title='bbox 3391 2897 3647 2956; x_wconf 66' lang='lat' dir='ltr'><strong>quaesumus.</strong></span> <span class='ocrx_word' id='word_1_383' title='bbox 3666 2891 3696 2932; x_wconf 85' lang='lat' dir='ltr'><strong>ut</strong></span> 
     </span>
    </p>
   </div>
   <div class='ocr_carea' id='block_1_91' title="bbox 2209 2977 3692 3053">
    <p class='ocr_par' dir='ltr' id='par_1_91' title="bbox 2209 2977 3692 3053">
     <span class='ocr_line' id='line_1_91' title="bbox 2209 2977 3692 3053; baseline -0.006 -20"><span class='ocrx_word' id='word_1_384' title='bbox 2209 2982 2351 3036; x_wconf 88' lang='lat' dir='ltr'><strong>viam</strong></span> <span class='ocrx_word' id='word_1_385' title='bbox 2374 2982 2469 3037; x_wconf 87' lang='lat' dir='ltr'><strong>tibi</strong></span> <span class='ocrx_word' id='word_1_386' title='bbox 2509 2983 2718 3053; x_wconf 76' lang='lat' dir='ltr'><strong>placita:</strong></span> <span class='ocrx_word' id='word_1_387' title='bbox 2760 2983 3110 3046; x_wconf 76' lang='lat' dir='ltr'><strong>obedientizn,</strong></span> <span class='ocrx_word' id='word_1_388' title='bbox 3138 2996 3237 3052; x_wconf 90' lang='lat' dir='ltr'><strong>per</strong></span> <span class='ocrx_word' id='word_1_389' title='bbox 3269 2995 3425 3049; x_wconf 89' lang='lat' dir='ltr'><strong>quam</strong></span> <span class='ocrx_word' id='word_1_390' title='bbox 3453 2977 3525 3030; x_wconf 88' lang='lat' dir='ltr'><strong>ille</strong></span> <span class='ocrx_word' id='word_1_391' title='bbox 3548 2990 3692 3028; x_wconf 71' lang='lat' dir='ltr'><strong>venera-</strong></span> 
     </span>
    </p>
   </div>
   <div class='ocr_carea' id='block_1_92' title="bbox 2210 3062 3694 3139">
    <p class='ocr_par' dir='ltr' id='par_1_92' title="bbox 2210 3062 3694 3139">
     <span class='ocr_line' id='line_1_92' title="bbox 2210 3062 3694 3139; baseline 0.004 -13"><span class='ocrx_word' id='word_1_392' title='bbox 2210 3073 2334 3127; x_wconf 89' lang='lat' dir='ltr'><strong>bilis</strong></span> <span class='ocrx_word' id='word_1_393' title='bbox 2373 3071 2538 3128; x_wconf 83' lang='lat' dir='ltr'><strong>Pater</strong></span> <span class='ocrx_word' id='word_1_394' title='bbox 2561 3073 2760 3129; x_wconf 67' lang='lat' dir='ltr'><strong>illassus</strong></span> <span class='ocrx_word' id='word_1_395' title='bbox 2788 3073 3178 3137; x_wconf 87' lang='lat' dir='ltr'><strong>antecedebat,</strong></span> <span class='ocrx_word' id='word_1_396' title='bbox 3221 3085 3326 3126; x_wconf 87' lang='lat' dir='ltr'><strong>nos</strong></span> <span class='ocrx_word' id='word_1_397' title='bbox 3368 3066 3596 3139; x_wconf 66' lang='grc' dir='ltr'><strong>βττὲεῐῦτίε</strong></span> <span class='ocrx_word' id='word_1_398' title='bbox 3626 3062 3694 3132; x_wconf 60' lang='grc'><strong>⁸1³⁵</strong></span> 
     </span>
    </p>
   </div>
   <div class='ocr_carea' id='block_1_93' title="bbox 2208 3160 3550 3237">
    <p class='ocr_par' dir='ltr' id='par_1_93' title="bbox 2208 3160 3550 3237">
     <span class='ocr_line' id='line_1_93' title="bbox 2208 3160 3550 3237; baseline -0.004 -19"><span class='ocrx_word' id='word_1_399' title='bbox 2208 3164 2417 3221; x_wconf 88' lang='lat' dir='ltr'><strong>meritis</strong></span> <span class='ocrx_word' id='word_1_400' title='bbox 2445 3167 2612 3237; x_wconf 90' lang='lat' dir='ltr'><strong>adjuti</strong></span> <span class='ocrx_word' id='word_1_401' title='bbox 2650 3167 2766 3221; x_wconf 91' lang='lat' dir='ltr'><strong>sine</strong></span> <span class='ocrx_word' id='word_1_402' title='bbox 2793 3181 2980 3221; x_wconf 89' lang='lat' dir='ltr'><strong>errore</strong></span> <span class='ocrx_word' id='word_1_403' title='bbox 3007 3166 3424 3234; x_wconf 85' lang='lat' dir='ltr'><strong>subsequamur.</strong></span> <span class='ocrx_word' id='word_1_404' title='bbox 3451 3160 3550 3214; x_wconf 81' lang='lat' dir='ltr'><strong>Per.</strong></span> 
     </span>
    </p>
   </div>
   <div class='ocr_carea' id='block_1_94' title="bbox 2279 3247 3692 3315">
    <p class='ocr_par' dir='ltr' id='par_1_94' title="bbox 2279 3247 3692 3315">
     <span class='ocr_line' id='line_1_94' title="bbox 2279 3247 3692 3315; baseline -0.009 -3"><span class='ocrx_word' id='word_1_405' title='bbox 2279 3257 2464 3313; x_wconf 87' lang='lat' dir='ltr'><strong>Oratio</strong></span> <span class='ocrx_word' id='word_1_406' title='bbox 2487 3261 2556 3313; x_wconf 87' lang='lat' dir='ltr'><strong>ad</strong></span> <span class='ocrx_word' id='word_1_407' title='bbox 2584 3270 2806 3315; x_wconf 76' lang='lat' dir='ltr'><strong>sextam.</strong></span> <span class='ocrx_word' id='word_1_408' title='bbox 2838 3259 3023 3314; x_wconf 90' lang='lat' dir='ltr'><strong>Sancti</strong></span> <span class='ocrx_word' id='word_1_409' title='bbox 3051 3257 3327 3313; x_wconf 88' lang='lat' dir='ltr'><strong>Benedicti</strong></span> <span class='ocrx_word' id='word_1_410' title='bbox 3370 3249 3634 3310; x_wconf 72' lang='lat' dir='ltr'><strong>confessoris</strong></span> <span class='ocrx_word' id='word_1_411' title='bbox 3649 3247 3692 3299; x_wconf 77' lang='lat' dir='ltr'><strong>tui</strong></span> 
     </span>
    </p>
   </div>
   <div class='ocr_carea' id='block_1_95' title="bbox 2207 3343 3688 3420">
    <p class='ocr_par' dir='ltr' id='par_1_95' title="bbox 2207 3343 3688 3420">
     <span class='ocr_line' id='line_1_95' title="bbox 2207 3343 3688 3420; baseline -0.01 -15"><span class='ocrx_word' id='word_1_412' title='bbox 2207 3361 2370 3420; x_wconf 88' lang='lat' dir='ltr'><strong>atque</strong></span> <span class='ocrx_word' id='word_1_413' title='bbox 2410 3352 2621 3407; x_wconf 88' lang='lat' dir='ltr'><strong>abbatis</strong></span> <span class='ocrx_word' id='word_1_414' title='bbox 2660 3368 2786 3418; x_wconf 90' lang='lat' dir='ltr'><strong>nos,</strong></span> <span class='ocrx_word' id='word_1_415' title='bbox 2818 3350 3079 3416; x_wconf 86' lang='lat' dir='ltr'><strong>Domine&#39;,</strong></span> <span class='ocrx_word' id='word_1_416' title='bbox 3116 3347 3564 3419; x_wconf 78' lang='lat' dir='ltr'><strong>supplicationibus</strong></span> <span class='ocrx_word' id='word_1_417' title='bbox 3584 3343 3688 3395; x_wconf 76' lang='lat' dir='ltr'><strong>tribue</strong></span> 
     </span>
    </p>
   </div>
   <div class='ocr_carea' id='block_1_96' title="bbox 2210 3436 3688 3514">
    <p class='ocr_par' dir='ltr' id='par_1_96' title="bbox 2210 3436 3688 3514">
     <span class='ocr_line' id='line_1_96' title="bbox 2210 3436 3688 3514; baseline -0.008 -15"><span class='ocrx_word' id='word_1_418' title='bbox 2210 3444 2402 3513; x_wconf 84' lang='lat' dir='ltr'><strong>foveri,</strong></span> <span class='ocrx_word' id='word_1_419' title='bbox 2447 3455 2505 3500; x_wconf 89' lang='lat' dir='ltr'><strong>ut</strong></span> <span class='ocrx_word' id='word_1_420' title='bbox 2561 3446 2716 3514; x_wconf 89' lang='lat' dir='ltr'><strong>cujus</strong></span> <span class='ocrx_word' id='word_1_421' title='bbox 2765 3445 3128 3500; x_wconf 87' lang='lat' dir='ltr'><strong>venerabilem</strong></span> <span class='ocrx_word' id='word_1_422' title='bbox 3187 3442 3554 3499; x_wconf 71' lang='lat' dir='ltr'><strong>solemnitatem</strong></span> <span class='ocrx_word' id='word_1_423' title='bbox 3593 3436 3688 3488; x_wconf 69' lang='lat' dir='ltr'><strong>obsc-</strong></span> 
     </span>
    </p>
   </div>
   <div class='ocr_carea' id='block_1_97' title="bbox 2207 3531 3686 3610">
    <p class='ocr_par' dir='ltr' id='par_1_97' title="bbox 2207 3531 3686 3610">
     <span class='ocr_line' id='line_1_97' title="bbox 2207 3531 3686 3610; baseline -0.005 -21"><span class='ocrx_word' id='word_1_424' title='bbox 2207 3539 2349 3606; x_wconf 91' lang='lat' dir='ltr'><strong>qniis</strong></span> <span class='ocrx_word' id='word_1_425' title='bbox 2403 3537 2771 3603; x_wconf 86' lang='lat' dir='ltr'><strong>celebramus,</strong></span> <span class='ocrx_word' id='word_1_426' title='bbox 2828 3540 2945 3610; x_wconf 90' lang='lat' dir='ltr'><strong>ejus</strong></span> <span class='ocrx_word' id='word_1_427' title='bbox 2975 3539 3450 3595; x_wconf 89' lang='lat' dir='ltr'><strong>intercessionibus</strong></span> <span class='ocrx_word' id='word_1_428' title='bbox 3479 3531 3686 3605; x_wconf 57' lang='lat' dir='ltr'><strong>etmeritis</strong></span> 
     </span>
    </p>
   </div>
   <div class='ocr_carea' id='block_1_98' title="bbox 2209 3628 2824 3683">
    <p class='ocr_par' dir='ltr' id='par_1_98' title="bbox 2209 3628 2824 3683">
     <span class='ocr_line' id='line_1_98' title="bbox 2209 3628 2824 3683; baseline 0 -1"><span class='ocrx_word' id='word_1_429' title='bbox 2209 3628 2667 3682; x_wconf 78' lang='lat' dir='ltr'><strong>commcndemur.</strong></span> <span class='ocrx_word' id='word_1_430' title='bbox 2704 3628 2824 3683; x_wconf 86' lang='lat' dir='ltr'><strong>Per.</strong></span> 
     </span>
    </p>
   </div>
   <div class='ocr_carea' id='block_1_99' title="bbox 2279 3715 3685 3792">
    <p class='ocr_par' dir='ltr' id='par_1_99' title="bbox 2279 3715 3685 3792">
     <span class='ocr_line' id='line_1_99' title="bbox 2279 3715 3685 3792; baseline -0.007 -17"><span class='ocrx_word' id='word_1_431' title='bbox 2279 3719 2462 3775; x_wconf 85' lang='lat' dir='ltr'><strong>Oratio</strong></span> <span class='ocrx_word' id='word_1_432' title='bbox 2495 3722 2562 3774; x_wconf 85' lang='lat' dir='ltr'><strong>ad</strong></span> <span class='ocrx_word' id='word_1_433' title='bbox 2594 3723 3212 3792; x_wconf 85' lang='lat' dir='ltr'><strong>nonam.Deus,quinos</strong></span> <span class='ocrx_word' id='word_1_434' title='bbox 3230 3715 3685 3778; x_wconf 66' lang='lat' dir='ltr'><strong>beatchnedictima</strong></span> 
     </span>
    </p>
   </div>
   <div class='ocr_carea' id='block_1_100' title="bbox 2209 3801 3684 3883">
    <p class='ocr_par' dir='ltr' id='par_1_100' title="bbox 2209 3801 3684 3883">
     <span class='ocr_line' id='line_1_100' title="bbox 2209 3801 3684 3883; baseline -0.003 -20"><span class='ocrx_word' id='word_1_435' title='bbox 2209 3810 2429 3867; x_wconf 87' lang='lat' dir='ltr'><strong>fessoris</strong></span> <span class='ocrx_word' id='word_1_436' title='bbox 2459 3813 2531 3866; x_wconf 91' lang='lat' dir='ltr'><strong>tui</strong></span> <span class='ocrx_word' id='word_1_437' title='bbox 2569 3813 2783 3868; x_wconf 84' lang='lat' dir='ltr'><strong>voluisti</strong></span> <span class='ocrx_word' id='word_1_438' title='bbox 2807 3815 3133 3883; x_wconf 80' lang='lat' dir='ltr'><strong>magisteriis</strong></span> <span class='ocrx_word' id='word_1_439' title='bbox 3173 3814 3398 3873; x_wconf 86' lang='lat' dir='ltr'><strong>erudiri,</strong></span> <span class='ocrx_word' id='word_1_440' title='bbox 3428 3809 3526 3878; x_wconf 82' lang='lat' dir='ltr'><strong>ejus</strong></span> <span class='ocrx_word' id='word_1_441' title='bbox 3546 3801 3684 3858; x_wconf 66' lang='lat' dir='ltr'><strong>attriti!</strong></span> 
     </span>
    </p>
   </div>
   <div class='ocr_carea' id='block_1_101' title="bbox 2207 3897 3619 3974">
    <p class='ocr_par' dir='ltr' id='par_1_101' title="bbox 2207 3897 3619 3974">
     <span class='ocr_line' id='line_1_101' title="bbox 2207 3897 3619 3974; baseline -0.005 -18"><span class='ocrx_word' id='word_1_442' title='bbox 2207 3902 2430 3970; x_wconf 77' lang='lat' dir='ltr'><strong>dignare</strong></span> <span class='ocrx_word' id='word_1_443' title='bbox 2458 3921 2554 3959; x_wconf 91' lang='lat' dir='ltr'><strong>nos</strong></span> <span class='ocrx_word' id='word_1_444' title='bbox 2585 3905 2654 3960; x_wconf 87' lang='lat' dir='ltr'><strong>ab</strong></span> <span class='ocrx_word' id='word_1_445' title='bbox 2685 3905 2829 3960; x_wconf 92' lang='lat' dir='ltr'><strong>omni</strong></span> <span class='ocrx_word' id='word_1_446' title='bbox 2861 3906 3062 3960; x_wconf 77' lang='lat' dir='ltr'><strong>inimicr</strong></span> <span class='ocrx_word' id='word_1_447' title='bbox 3094 3906 3282 3961; x_wconf 88' lang='lat' dir='ltr'><strong>fraude</strong></span> <span class='ocrx_word' id='word_1_448' title='bbox 3307 3902 3510 3974; x_wconf 80' lang='lat' dir='ltr'><strong>protegi.</strong></span> <span class='ocrx_word' id='word_1_449' title='bbox 3535 3897 3619 3951; x_wconf 78' lang='lat' dir='ltr'><strong>Per.</strong></span> 
     </span>
    </p>
   </div>
   <div class='ocr_carea' id='block_1_102' title="bbox 2489 4006 3457 4068">
    <p class='ocr_par' dir='ltr' id='par_1_102' title="bbox 2489 4006 3457 4068">
     <span class='ocr_line' id='line_1_102' title="bbox 2489 4006 3457 4068; baseline -0.003 -16"><span class='ocrx_word' id='word_1_450' title='bbox 2489 4006 2501 4068; x_wconf 55' lang='grc' dir='ltr'><em>ξ</em></span> <span class='ocrx_word' id='word_1_451' title='bbox 2543 4014 2604 4052; x_wconf 73' lang='lat' dir='ltr'><strong>IN</strong></span> <span class='ocrx_word' id='word_1_452' title='bbox 2643 4013 2967 4053; x_wconf 69' lang='lat' dir='ltr'><strong>INVENTIONE</strong></span> <span class='ocrx_word' id='word_1_453' title='bbox 3002 4014 3222 4053; x_wconf 64' lang='lat' dir='ltr'><strong>SANCTJ-J</strong></span> <span class='ocrx_word' id='word_1_454' title='bbox 3259 4012 3457 4054; x_wconf 74' lang='lat' dir='ltr'><strong>CRUCIS.</strong></span> 
     </span>
    </p>
   </div>
   <div class='ocr_carea' id='block_1_103' title="bbox 2662 4087 3428 4159">
    <p class='ocr_par' dir='ltr' id='par_1_103' title="bbox 2662 4087 3428 4159">
     <span class='ocr_line' id='line_1_103' title="bbox 2662 4087 3428 4159; baseline 0.005 -19"><span class='ocrx_word' id='word_1_455' title='bbox 2662 4087 2907 4159; x_wconf 80' lang='lat' dir='ltr'><strong>Hymnus</strong></span> <span class='ocrx_word' id='word_1_456' title='bbox 2935 4090 3002 4142; x_wconf 86' lang='lat' dir='ltr'><strong>ad</strong></span> <span class='ocrx_word' id='word_1_457' title='bbox 3051 4107 3340 4159; x_wconf 73' lang='lat' dir='ltr'><strong>vesperum.</strong></span> <span class='ocrx_word' id='word_1_458' title='bbox 3423 4099 3428 4102; x_wconf 83' lang='lat'>&#39;</span> 
     </span>
    </p>
   </div>
   <div class='ocr_carea' id='block_1_104' title="bbox 2560 4179 3322 4250">
    <p class='ocr_par' dir='ltr' id='par_1_104' title="bbox 2560 4179 3322 4250">
     <span class='ocr_line' id='line_1_104' title="bbox 2560 4179 3322 4250; baseline -0.003 -14"><span class='ocrx_word' id='word_1_459' title='bbox 2560 4179 2699 4236; x_wconf 86' lang='lat' dir='ltr'><strong>Crux</strong></span> <span class='ocrx_word' id='word_1_460' title='bbox 2733 4180 2916 4235; x_wconf 88' lang='lat' dir='ltr'><strong>mttndi</strong></span> <span class='ocrx_word' id='word_1_461' title='bbox 2948 4181 3094 4234; x_wconf 89' lang='lat' dir='ltr'><strong>salus</strong></span> <span class='ocrx_word' id='word_1_462' title='bbox 3125 4181 3322 4250; x_wconf 90' lang='lat' dir='ltr'><strong>perditi</strong></span> 
     </span>
    </p>
   </div>
   <div class='ocr_carea' id='block_1_105' title="bbox 2492 4272 3144 4341">
    <p class='ocr_par' dir='ltr' id='par_1_105' title="bbox 2492 4272 3144 4341">
     <span class='ocr_line' id='line_1_105' title="bbox 2492 4272 3144 4341; baseline -0.003 -15"><span class='ocrx_word' id='word_1_463' title='bbox 2492 4272 2760 4341; x_wconf 81' lang='lat' dir='ltr'><strong>Perempti</strong></span> <span class='ocrx_word' id='word_1_464' title='bbox 2792 4273 2898 4326; x_wconf 88' lang='lat' dir='ltr'><strong>vita</strong></span> <span class='ocrx_word' id='word_1_465' title='bbox 2931 4272 3144 4337; x_wconf 77' lang='lat' dir='ltr'><strong>saeculi,</strong></span> 
     </span>
    </p>
   </div>
   <div class='ocr_carea' id='block_1_106' title="bbox 2491 4363 3352 4430">
    <p class='ocr_par' dir='ltr' id='par_1_106' title="bbox 2491 4363 3352 4430">
     <span class='ocr_line' id='line_1_106' title="bbox 2491 4363 3352 4430; baseline 0.001 -15"><span class='ocrx_word' id='word_1_466' title='bbox 2491 4363 2661 4430; x_wconf 87' lang='lat' dir='ltr'><strong>Quam</strong></span> <span class='ocrx_word' id='word_1_467' title='bbox 2689 4364 2829 4418; x_wconf 86' lang='lat' dir='ltr'><strong>vieta</strong></span> <span class='ocrx_word' id='word_1_468' title='bbox 2863 4374 3102 4418; x_wconf 89' lang='lat' dir='ltr'><strong>tremunt</strong></span> <span class='ocrx_word' id='word_1_469' title='bbox 3129 4374 3352 4426; x_wconf 86' lang='lat' dir='ltr'><strong>tartara,</strong></span> 
     </span>
    </p>
   </div>
   <div class='ocr_carea' id='block_1_107' title="bbox 2489 4454 3176 4526">
    <p class='ocr_par' dir='ltr' id='par_1_107' title="bbox 2489 4454 3176 4526">
     <span class='ocr_line' id='line_1_107' title="bbox 2489 4454 3176 4526; baseline 0.003 -18"><span class='ocrx_word' id='word_1_470' title='bbox 2489 4454 2621 4508; x_wconf 73' lang='grc' dir='ltr'><strong>(Ζωιί</strong></span> <span class='ocrx_word' id='word_1_471' title='bbox 2653 4465 2911 4510; x_wconf 84' lang='lat' dir='ltr'><strong>verentur</strong></span> <span class='ocrx_word' id='word_1_472' title='bbox 2938 4457 3176 4526; x_wconf 77' lang='lat' dir='ltr'><strong>agmina.</strong></span> 
     </span>
    </p>
   </div>
   <div class='ocr_carea' id='block_1_108' title="bbox 2558 4546 3244 4615">
    <p class='ocr_par' dir='ltr' id='par_1_108' title="bbox 2558 4546 3244 4615">
     <span class='ocr_line' id='line_1_108' title="bbox 2558 4546 3244 4615; baseline 0.001 -14"><span class='ocrx_word' id='word_1_473' title='bbox 2558 4546 2616 4601; x_wconf 88' lang='lat' dir='ltr'><strong>lu</strong></span> <span class='ocrx_word' id='word_1_474' title='bbox 2646 4556 2696 4602; x_wconf 88' lang='lat' dir='ltr'><strong>te</strong></span> <span class='ocrx_word' id='word_1_475' title='bbox 2717 4549 2841 4600; x_wconf 93' lang='lat' dir='ltr'><strong>dum</strong></span> <span class='ocrx_word' id='word_1_476' title='bbox 2867 4549 2974 4602; x_wconf 88' lang='lat' dir='ltr'><strong>vita</strong></span> <span class='ocrx_word' id='word_1_477' title='bbox 3001 4549 3244 4615; x_wconf 84' lang='lat' dir='ltr'><strong>moritur,</strong></span> 
     </span>
    </p>
   </div>
   <div class='ocr_carea' id='block_1_109' title="bbox 2493 4638 3177 4706">
    <p class='ocr_par' dir='ltr' id='par_1_109' title="bbox 2493 4638 3177 4706">
     <span class='ocr_line' id='line_1_109' title="bbox 2493 4638 3177 4706; baseline 0.003 -14"><span class='ocrx_word' id='word_1_478' title='bbox 2493 4638 2681 4694; x_wconf 82' lang='lat' dir='ltr'><strong>Mortis</strong></span> <span class='ocrx_word' id='word_1_479' title='bbox 2710 4649 2900 4694; x_wconf 88' lang='lat' dir='ltr'><strong>catena</strong></span> <span class='ocrx_word' id='word_1_480' title='bbox 2931 4640 3177 4706; x_wconf 83' lang='lat' dir='ltr'><strong>solvitur,</strong></span> 
     </span>
    </p>
   </div>
   <div class='ocr_carea' id='block_1_110' title="bbox 2495 4731 3053 4803">
    <p class='ocr_par' dir='ltr' id='par_1_110' title="bbox 2495 4731 3053 4803">
     <span class='ocr_line' id='line_1_110' title="bbox 2495 4731 3053 4803; baseline 0.002 -17"><span class='ocrx_word' id='word_1_481' title='bbox 2495 4731 2710 4803; x_wconf 62' lang='lat' dir='ltr'><strong>Egypti</strong></span> <span class='ocrx_word' id='word_1_482' title='bbox 2739 4733 2870 4803; x_wconf 80' lang='lat' dir='ltr'><strong>jugo</strong></span> <span class='ocrx_word' id='word_1_483' title='bbox 2901 4731 3053 4788; x_wconf 92' lang='lat' dir='ltr'><strong>liberi</strong></span> 
     </span>
    </p>
   </div>
   <div class='ocr_carea' id='block_1_111' title="bbox 2495 4823 3092 4879">
    <p class='ocr_par' dir='ltr' id='par_1_111' title="bbox 2495 4823 3092 4879">
     <span class='ocr_line' id='line_1_111' title="bbox 2495 4823 3092 4879; baseline 0.005 -4"><span class='ocrx_word' id='word_1_484' title='bbox 2495 4824 2632 4878; x_wconf 58' lang='lat' dir='ltr'><strong>\‘cre</strong></span> <span class='ocrx_word' id='word_1_485' title='bbox 2655 4833 2782 4878; x_wconf 92' lang='lat' dir='ltr'><strong>sunt</strong></span> <span class='ocrx_word' id='word_1_486' title='bbox 2809 4823 2945 4879; x_wconf 90' lang='lat' dir='ltr'><strong>lucis</strong></span> <span class='ocrx_word' id='word_1_487' title='bbox 2978 4824 3092 4879; x_wconf 88' lang='lat' dir='ltr'><strong>ﬁlii.</strong></span> 
     </span>
    </p>
   </div>
   <div class='ocr_carea' id='block_1_112' title="bbox 2557 4914 3302 4986">
    <p class='ocr_par' dir='ltr' id='par_1_112' title="bbox 2557 4914 3302 4986">
     <span class='ocr_line' id='line_1_112' title="bbox 2557 4914 3302 4986; baseline -0.003 -16"><span class='ocrx_word' id='word_1_488' title='bbox 2557 4914 2635 4971; x_wconf 85' lang='lat' dir='ltr'><strong>Te</strong></span> <span class='ocrx_word' id='word_1_489' title='bbox 2664 4917 2816 4986; x_wconf 89' lang='lat' dir='ltr'><strong>ponit</strong></span> <span class='ocrx_word' id='word_1_490' title='bbox 2844 4914 3016 4971; x_wconf 72' lang='lat' dir='ltr'><strong>Iudex</strong></span> <span class='ocrx_word' id='word_1_491' title='bbox 3043 4917 3302 4980; x_wconf 87' lang='lat' dir='ltr'><strong>omnium,</strong></span> 
     </span>
    </p>
   </div>
   <div class='ocr_carea' id='block_1_113' title="bbox 2490 5008 3142 5079">
    <p class='ocr_par' dir='ltr' id='par_1_113' title="bbox 2490 5008 3142 5079">
     <span class='ocr_line' id='line_1_113' title="bbox 2490 5008 3142 5079; baseline 0.005 -19"><span class='ocrx_word' id='word_1_492' title='bbox 2490 5009 2624 5064; x_wconf 82' lang='lat' dir='ltr'><strong>Cum</strong></span> <span class='ocrx_word' id='word_1_493' title='bbox 2645 5008 2923 5079; x_wconf 86' lang='lat' dir='ltr'><strong>judicatur</strong></span> <span class='ocrx_word' id='word_1_494' title='bbox 2951 5009 3142 5065; x_wconf 88' lang='lat' dir='ltr'><strong>solium</strong></span> 
     </span>
    </p>
   </div>
   <div class='ocr_carea' id='block_1_114' title="bbox 2489 5100 3280 5166">
    <p class='ocr_par' dir='ltr' id='par_1_114' title="bbox 2489 5100 3280 5166">
     <span class='ocr_line' id='line_1_114' title="bbox 2489 5100 3280 5166; baseline 0.001 -11"><span class='ocrx_word' id='word_1_495' title='bbox 2489 5100 2609 5155; x_wconf 86' lang='lat' dir='ltr'><strong>Jam</strong></span> <span class='ocrx_word' id='word_1_496' title='bbox 2642 5109 2768 5154; x_wconf 92' lang='lat' dir='ltr'><strong>tttnc</strong></span> <span class='ocrx_word' id='word_1_497' title='bbox 2790 5100 2975 5166; x_wconf 74' lang='lat' dir='ltr'><strong>laedes</strong></span> <span class='ocrx_word' id='word_1_498' title='bbox 3004 5103 3071 5155; x_wconf 86' lang='lat' dir='ltr'><strong>ab</strong></span> <span class='ocrx_word' id='word_1_499' title='bbox 3093 5102 3280 5156; x_wconf 85' lang='lat' dir='ltr'><strong>ovibus</strong></span> 
     </span>
    </p>
   </div>
   <div class='ocr_carea' id='block_1_115' title="bbox 2494 5193 3185 5264">
    <p class='ocr_par' dir='ltr' id='par_1_115' title="bbox 2494 5193 3185 5264">
     <span class='ocr_line' id='line_1_115' title="bbox 2494 5193 3185 5264; baseline 0.001 -17"><span class='ocrx_word' id='word_1_500' title='bbox 2494 5194 2752 5264; x_wconf 79' lang='lat' dir='ltr'><strong>Segregat</strong></span> <span class='ocrx_word' id='word_1_501' title='bbox 2781 5194 2832 5247; x_wconf 92' lang='lat' dir='ltr'><strong>in</strong></span> <span class='ocrx_word' id='word_1_502' title='bbox 2863 5193 3185 5249; x_wconf 89' lang='lat' dir='ltr'><strong>latronibus.</strong></span> 
     </span>
    </p>
   </div>
   <div class='ocr_carea' id='block_1_116' title="bbox 2564 5287 3330 5358">
    <p class='ocr_par' dir='ltr' id='par_1_116' title="bbox 2564 5287 3330 5358">
     <span class='ocr_line' id='line_1_116' title="bbox 2564 5287 3330 5358; baseline -0.001 -16"><span class='ocrx_word' id='word_1_503' title='bbox 2564 5288 2642 5342; x_wconf 87' lang='lat' dir='ltr'><strong>Tu</strong></span> <span class='ocrx_word' id='word_1_504' title='bbox 2667 5288 2851 5342; x_wconf 88' lang='lat' dir='ltr'><strong>mundi</strong></span> <span class='ocrx_word' id='word_1_505' title='bbox 2878 5287 3018 5343; x_wconf 91' lang='lat' dir='ltr'><strong>ludis</strong></span> <span class='ocrx_word' id='word_1_506' title='bbox 3042 5288 3330 5358; x_wconf 88' lang='lat' dir='ltr'><strong>principem</strong></span> 
     </span>
    </p>
   </div>
   <div class='ocr_carea' id='block_1_117' title="bbox 2492 5379 3262 5449">
    <p class='ocr_par' dir='ltr' id='par_1_117' title="bbox 2492 5379 3262 5449">
     <span class='ocr_line' id='line_1_117' title="bbox 2492 5379 3262 5449; baseline 0.003 -17"><span class='ocrx_word' id='word_1_507' title='bbox 2492 5380 2625 5433; x_wconf 91' lang='lat' dir='ltr'><strong>Dum</strong></span> <span class='ocrx_word' id='word_1_508' title='bbox 2659 5381 2817 5449; x_wconf 88' lang='lat' dir='ltr'><strong>punis</strong></span> <span class='ocrx_word' id='word_1_509' title='bbox 2851 5379 3262 5449; x_wconf 86' lang='lat' dir='ltr'><strong>impassibilem,</strong></span> 
     </span>
    </p>
   </div>
   <div class='ocr_carea' id='block_1_118' title="bbox 2494 5473 3061 5532">
    <p class='ocr_par' dir='ltr' id='par_1_118' title="bbox 2494 5473 3061 5532">
     <span class='ocr_line' id='line_1_118' title="bbox 2494 5473 3061 5532; baseline 0.009 -5"><span class='ocrx_word' id='word_1_510' title='bbox 2494 5474 2636 5529; x_wconf 82' lang='lat' dir='ltr'><strong>lleos</strong></span> <span class='ocrx_word' id='word_1_511' title='bbox 2663 5473 2857 5528; x_wconf 80' lang='lat' dir='ltr'><strong>offerre</strong></span> <span class='ocrx_word' id='word_1_512' title='bbox 2881 5473 3061 5532; x_wconf 88' lang='lat' dir='ltr'><strong>solita.</strong></span> 
     </span>
    </p>
   </div>
   <div class='ocr_carea' id='block_1_119' title="bbox 2498 5567 3352 5639">
    <p class='ocr_par' dir='ltr' id='par_1_119' title="bbox 2498 5567 3352 5639">
     <span class='ocr_line' id='line_1_119' title="bbox 2498 5567 3352 5639; baseline 0.007 -24"><span class='ocrx_word' id='word_1_513' title='bbox 2498 5567 2626 5631; x_wconf 75' lang='lat' dir='ltr'><strong>Qua:</strong></span> <span class='ocrx_word' id='word_1_514' title='bbox 2653 5583 2796 5622; x_wconf 89' lang='lat' dir='ltr'><strong>nunc</strong></span> <span class='ocrx_word' id='word_1_515' title='bbox 2821 5567 2940 5631; x_wconf 86' lang='lat' dir='ltr'><strong>das,</strong></span> <span class='ocrx_word' id='word_1_516' title='bbox 2966 5567 3141 5623; x_wconf 88' lang='lat' dir='ltr'><strong>aufert</strong></span> <span class='ocrx_word' id='word_1_517' title='bbox 3172 5567 3352 5639; x_wconf 80' lang='lat' dir='ltr'><strong>spolia.</strong></span> 
     </span>
    </p>
   </div>
   <div class='ocr_carea' id='block_1_120' title="bbox 2562 5660 3247 5718">
    <p class='ocr_par' dir='ltr' id='par_1_120' title="bbox 2562 5660 3247 5718">
     <span class='ocr_line' id='line_1_120' title="bbox 2562 5660 3247 5718; baseline 0.001 -4"><span class='ocrx_word' id='word_1_518' title='bbox 2562 5660 2616 5714; x_wconf 91' lang='lat' dir='ltr'><strong>In</strong></span> <span class='ocrx_word' id='word_1_519' title='bbox 2649 5671 2698 5714; x_wconf 90' lang='lat' dir='ltr'><strong>te</strong></span> <span class='ocrx_word' id='word_1_520' title='bbox 2731 5671 3000 5716; x_wconf 83' lang='lat' dir='ltr'><strong>mactatur</strong></span> <span class='ocrx_word' id='word_1_521' title='bbox 3030 5661 3247 5718; x_wconf 84' lang='lat' dir='ltr'><strong>victima</strong></span> 
     </span>
    </p>
   </div>
  </div>
