3846 6324
11 347 126 404 961

914 345 1256 402 ΕΧΩΕΠΡΤ.
1301 344 1387 399 EX
1415 341 1613 400 CODD.
1643 342 1922 400 LITURG.
1948 344 2474 406 FONTAVELLAN.

332 461 462 529 Qum
495 462 676 517 mundi
705 469 902 534 purgat
921 460 1173 514 crimina.

332 552 452 607 Tibi
497 554 756 608 talentum
791 551 1053 613 creditur,
1137 557 1140 560 '

337 640 466 696 Adae
497 643 640 712 quod
671 640 830 696 solvil
866 640 1125 694 debitum.

409 732 518 788 Nos
547 735 669 789 vitae
693 736 848 802 signo
878 743 1124 802 protegc,

332 823 450 890 Quo
475 841 568 879 rex
601 826 897 892 triumphat
924 824 1129 894 gloriae.

330 913 434 966 Per
467 925 518 968 te
545 915 610 968 ad
647 930 872 982 regnum
897 914 1130 984 perveha

329 1005 475 1073 Quos
510 1007 773 1061 servitute
798 1007 1012 1060 liberat.

405 1097 486 1150 Sit
513 1098 657 1151 Patri
693 1097 805 1151 laus
835 1095 1102 1168 ingenito,

330 1187 413 1241 Sit
443 1188 606 1242 decus
634 1187 941 1258 Unigenito,

326 1275 407 1330 Sit
437 1277 717 1347 utriusque
750 1277 905 1348 parili

329 1368 578 1437 Maiestas
603 1386 810 1424 suunna
844 1367 1090 1424 Flamini.
1120 1369 1313 1422 Antea.

549 1460 790 1532 Hymnus
811 1462 879 1515 ad
897 1461 1100 1515 laudes.

396 1556 542 1610 Crux
574 1556 757 1609 mundi
786 1555 1115 1617 benedictio,

326 1648 462 1718 Spes
491 1659 546 1701 et
576 1659 721 1702 certa
752 1642 1048 1716 redemptio
1067 1688 1080 1712 ,

327 1737 466 1792 Olim
495 1739 755 1806 gehennte
784 1737 957 1804 bajula
981 1777 996 1801 ,

324 1828 475 1884 Nunc
497 1830 638 1884 clara
673 1829 791 1883 cceli
818 1829 1000 1898 ianua.

402 1920 458 1974 In
491 1929 544 1974 te
568 1919 777 1974 levatur
799 1920 972 1974 hostia

327 2013 407 2066 Ad
435 2027 600 2082 seque
631 2013 792 2065 traxit
813 2010 993 2066 omnia

325 2103 495 2171 Quam
521 2104 704 2158 mundi
740 2104 993 2174 princeps
1019 2104 1226 2173 impetit
1245 2142 1260 2169 ,

328 2194 610 2264 Suumque
641 2197 772 2250 nihil
804 2196 1028 2251 invenit.

394 2286 526 2353 Qum
554 2287 689 2358 legis
711 2289 988 2357 antiquius

331 2377 497 2431 Vetus
519 2389 698 2432 cassat
730 2378 1149 2450 chiragraphum
1165 2418 1178 2443 ,

327 2467 559 2536 Antiqua
592 2469 734 2538 perit
766 2471 1030 2537 servitus_

329 2559 461 2614 Vera
501 2558 720 2615 libertas
742 2555 1004 2616 redditur.

394 2649 592 2705 Odoris
615 2651 689 2704 tui
717 2653 869 2722 copia

331 2740 534 2794 Cuncta
563 2741 735 2794 vincit
764 2751 1009 2796 aromata

329 2831 429 2886 Tui
458 2832 686 2887 dulcedo
713 2833 950 2888 nectaris

327 2922 516 2993 Replet
545 2939 743 2979 arcana
777 2925 1030 2993 pectoris.

397 3015 496 3070 Per
521 3014 769 3079 Crucem,
802 3015 1033 3080 Christe,
1062 3033 1371 3087 quaesumus

325 3105 405 3161 Ad
428 3105 551 3160 vitae
576 3105 806 3160 transfer
826 3107 1102 3175 praemium

330 3194 476 3262 Quos
506 3196 632 3266 ligni
666 3194 806 3250 fixus
834 3198 1016 3266 stipite

328 3286 587 3356 Dignatus
613 3302 672 3342 es
700 3288 983 3355 redimere,

397 3380 479 3433 Sit
503 3380 618 3435 laus
643 3376 786 3435 Patri
823 3382 1077 3452 ingenito,
1116 3393 1220 3438 etc.

219 3485 271 3524 IN
306 3486 500 3525 NATALI
540 3486 926 3527 APOSTOLOBUM
968 3490 1126 3528 PETRI
1166 3491 1234 3530 ΕΤ
1275 3493 1448 3532 PAULI.

701 3563 961 3634 Hymnus.

253 3653 401 3710 Felix
436 3671 528 3725 per
559 3670 749 3711 omnes
777 3655 970 3710 festum
998 3658 1177 3712 mundi
1209 3660 1430 3716 cardine

177 3743 560 3814 Apostolorum
595 3744 872 3816 prte'pollet
904 3749 1175 3816 alacriter,

181 3834 329 3888 Petri
362 3836 520 3898 beati,
551 3836 702 3890 Pauli
734 3839 1087 3893 sacratissimi
1109 3880 1122 3904 ,

182 3925 328 3992 Quos
352 3926 600 3981 Christus
630 3927 772 3982 almo
805 3931 1145 3985 consecravit
1176 3933 1436 4000 sanguine

182 4019 543 4074 Ecclesiarum
586 4021 859 4090 deputavit
884 4023 1171 4092 principes.

259 4109 321 4164 lli
352 4121 475 4166 sunt
509 4111 664 4165 oliva
695 4112 812 4166 dua:
839 4129 1021 4168 coram
1057 4115 1278 4170 Domine

181 4201 248 4256 Et
271 4202 597 4256 candelabra
627 4202 744 4258 luce
777 4205 1038 4272 radiantia
1056 4246 1070 4270 ,

186 4293 456 4348 Prmclara
488 4293 609 4348 ρωιί
642 4297 748 4348 duo
777 4293 1086 4351 luminaria.

183 4387 367 4440 Fortia
392 4387 611 4442 solvunt
641 4397 987 4457 peccatorum
1021 4389 1234 4444 vincula

183 4481 374 4537 Portas
399 4480 609 4552 Olympi
636 4491 875 4537 reserant
908 4482 1171 4537 fidelibus.

254 4572 462 4628 [labent
488 4589 747 4645 supernas
778 4583 1096 4645 potestatem

186 4665 446 4721 Claudere
477 4679 727 4720 sermone
753 4667 940 4733 sedes,

186 4757 427 4812 Pandere
456 4757 795 4827 splendentia
827 4759 1032 4812 lumina
1058 4757 1184 4829 poli,

191 4848 365 4919 Super
391 4849 500 4903 alta
529 4850 711 4904 sidera
751 4849 941 4919 linguae

185 4940 380 4994 Eorum
413 4941 594 4995 claves
620 4941 741 4996 eteli
780 4939 934 4996 faeta:
965 4951 1092 4996 sunt

191 5033 388 5087 Larvas
409 5034 674 5103 repellunt
706 5032 844 5087 ultra
881 5033 1064 5088 mundi
1091 5034 1308 5089 limites.

260 5122 452 5178 Petrus
474 5126 666 5178 beatus
696 5133 1009 5176 catenarum
1043 5123 1261 5192 laqueos

190 5213 402 5268 Christo
427 5213 649 5283 iubente
682 5216 821 5285 rupit
851 5213 1186 5276 mirabiliter,

189 5309 381 5362 Custos
408 5307 588 5370 ovilis,
621 5314 674 5361 et
708 5306 895 5360 doctor
925 5304 1196 5366 Ecclesim,

189 5399 490 5467 Pastorque
519 5397 728 5466 gregis,
754 5405 1107 5451 censervator
1129 5395 1306 5449 ovium

190 5492 351 5545 Arcet
381 5477 626 5558 luporum
656 5487 1010 5566 truculentam
1044 5486 1268 5550 rabiem.

263 5576 624 5650 Quodcunque
634 5577 828 5658 vinclis
842 5594 1004 5648 super
1019 5587 1218 5632 terram
1234 5577 1537 5658 strinxcris,

195 5672 306 5725 Erit
336 5671 389 5724 in
415 5665 574 5725 astris
599 5671 879 5741 religatum
912 5669 1154 5736 fortiter;
1240 5657 1244 5660 ’

204 5761 266 5814 Et
291 5759 433 5829 quod
461 5762 684 5816 resolvis
710 5762 761 5816 in
791 5761 949 5817 terris
976 5761 1220 5826 arbitrio,

3227 359 3322 412 96°

1669 466 1717 523 Α
1892 459 2007 512 Erit
2031 460 2264 516 solutum
2290 441 2451 532 super
2479 464 2597 520 coeli
2624 466 2822 522 radios.

1887 550 1940 602 ln
1975 551 2080 602 fine
2109 553 2291 605 mundi
2317 552 2479 619 judex
2512 557 2621 609 eris
2647 558 2847 611 szeculi.

1957 639 2069 692 Non
2099 640 2271 709 impar
2295 645 2487 697 Paulus
2515 646 2636 699 huic
2659 648 2849 701 doctor
2879 649 3148 718 gentium,

1886 729 2177 785 Electionis
2213 733 2467 799 templum
2502 736 2961 801 sacratissimum,

1885 818 1942 870 ln
1976 831 2151 872 morte
2179 836 2422 890 compar,
2458 823 2508 874 in
2540 839 2737 878 corona
2771 828 3063 897 particeps,

1879 908 2055 964 Ambo
2087 911 2341 974 lacerum,
2370 922 2424 966 et
2446 914 2608 968 decus
2636 915 2887 971 Ecclesia:

1883 1001 1943 1056 In
1969 1003 2103 1059 orbe
2133 1003 2282 1058 claro
2312 1017 2600 1060 coruscant
2624 1008 2947 1063 vibramina.

1952 1093 1994 1149 Ο
2023 1093 2193 1148 Roma
2224 1093 2370 1157 felix,
2404 1110 2522 1163 qua:
2549 1103 2819 1150 tantorum
2847 1100 3147 1169 principum

1884 1184 1947 1238 Et
1971 1195 2265 1254 purpurata
2293 1187 2531 1256 pretioso
2565 1189 2827 1257 sanguine

1882 1277 2114 1332 Excellis
2140 1293 2354 1333 omnem
2383 1281 2566 1333 mundi
2603 1281 3060 1350 pulchritudinem

1881 1368 1996 1424 Non
2030 1369 2183 1425 laude
2222 1381 2336 1438 tua,
2368 1373 2463 1426 sed
2492 1383 2798 1427 sanctorum
2834 1375 3042 1430 meritis

1881 1462 2028 1530 Quos
2057 1465 2634 1535 eruentatisjugulasti
2668 1465 2879 1534 gladiis.

1953 1549 2056 1602 Vos
2086 1565 2214 1620 ergo
2242 1551 2400 1604 modo
2437 1552 2654 1621 gtoriosi
2687 1553 2972 1621 principes,

1879 1640 2037 1695 Pctre
2066 1643 2242 1706 beate,
2275 1640 2440 1694 Paule
2467 1642 2651 1694 mundi
2691 1641 2858 1694 lilium
2878 1684 2892 1706 ,

1851 1732 2127 1788 '(lmlestis
2156 1732 2291 1785 aulae
2322 1733 2674 1801 triumphales
2704 1733 2932 1799 milites,

1663 1813 1706 1871 Β
1877 1825 2136 1879 Precibus
2166 1823 2324 1877 almis
2355 1825 2551 1878 vestris
2573 1840 2669 1878 nos
2693 1826 2760 1877 ab
2787 1825 3044 1881 omnibus

1727 1911 1730 1913 Α
1876 1916 2082 1970 Munite
2113 1917 2290 1982 malis,
2317 1917 2455 1973 ferte
2487 1933 2648 1987 super
2679 1924 2906 1976 (ethera.

1947 2007 2132 2064 Gloria
2164 2009 2273 2064 Deo
2304 2026 2399 2080 per
2425 2012 2687 2066 immensa
2720 2011 2913 2067 saecula

1876 2096 1960 2153 Sit
1993 2099 2110 2162 tibi,
2141 2098 2300 2166 Nate,
2334 2101 2496 2154 decus
2519 2109 2574 2153 ct
2598 2101 2904 2170 imperium,
2940 2109 3045 2155 etc.

2199 2209 2250 2247 ΙΝ
2289 2209 2484 2248 ΝΛΤΑω
2524 2209 2835 2249 Εοιὶυλιυειι.

1803 2284 2204 2350 Inritatorium,
2238 2295 2292 2338 ut
2332 2287 2385 2339 in
2427 2286 2596 2340 editis.
2651 2287 2969 2354 Antiphonti.
3021 2285 3076 2339 lu
3133 2285 3319 2355 plateis

1733 2377 2068 2446 ponebantur
2111 2375 2314 2430 infirmi
2368 2377 2420 2430 in
2471 2377 2712 2441 lectulis,
2748 2386 2806 2431 ut
2855 2378 3105 2432 veniente
3142 2377 3320 2432 Petro.

1731 2467 1800 2521 Et
1841 2479 2040 2522 cwterm
2071 2468 2370 2538 antiphoute
2409 2470 2565 2538 primi
2599 2479 2643 2522 et
2680 2470 2892 2523 secundi
2927 2469 3168 2522 nocturni
3205 2486 3319 2539 (μια-

1729 2568 2000 2628 ponuntur
2030 2557 2093 2610 tle
2117 2559 2339 2612 historia
2369 2559 2591 2612 Actuum
2619 2558 2996 2629 apostolorum.
3023 2561 3318 2630 An.‘iphonu

1731 2647 1801 2699 ad
1831 2647 2055 2700 cantica.
2093 2647 2431 2718 Signiﬁcavit
2475 2649 2733 2704 Dominus
2770 2648 2966 2716 Petro,
3003 2667 3107 2720 qua
3149 2660 3320 2706 morte

1730 2739 2127 2795 clarificaturus
2165 2750 2306 2795 esset
2356 2742 2557 2806 Deum,
2615 2742 2850 2796 alleluia.
2911 2742 3318 2813 Risponsorium

1730 2832 2055 2887 duodecima:
2080 2833 2334 2887 lectionis.
2367 2834 2501 2888 Cum
2539 2845 2680 2889 esset
2709 2834 2901 2890 Petrus
2933 2836 2983 2888 in
3017 2852 3198 2899 cruce,
3232 2852 3320 2891 vc-

1730 2924 1810 2978 nit
1839 2925 1994 2979 turba
2026 2925 2193 2979 multa
2213 2966 2227 2989 ,
2269 2926 2629 2981 maledicebat
2661 2926 2962 2988 Cmsaretu,
2992 2936 3043 2982 et
3080 2928 3318 2981 fecerunt

1728 3016 2002 3084 planctum
2053 3033 2305 3088 maguum
2337 3027 2463 3072 ante
2489 3032 2725 3072 crucem.
2775 3017 2967 3072 Petrus
2995 3019 3318 3072 exhortaba-

1734 3120 1819 3163 tur
1847 3124 1940 3162 eos
1968 3110 2032 3163 de
2061 3125 2220 3164 cruce
2269 3109 2454 3165 dicens
2496 3128 2508 3163 :
2539 3108 2712 3186 Nolite
2757 3109 2910 3175 flere,
2967 3113 3058 3165 sed
3088 3112 3319 3179 gaudete

1733 3215 1973 3266 mecum,
2003 3201 2130 3268 quia
2161 3200 2296 3255 vado
2326 3216 2524 3270 parare
2554 3201 2702 3256 vobis
2738 3200 2932 3256 locum.
2968 3201 3183 3255 Gratias
3215 3203 3312 3256 tibi

1730 3307 1863 3361 ago,
1894 3291 2085 3346 Pastor
2137 3292 2308 3357 bone,
2346 3293 2469 3362 quia
2509 3309 2639 3348 oves
2669 3296 2803 3362 (nias
2845 3294 3109 3347 tradidisti
3163 3294 3316 3362 mihi,

1730 3384 2131 3452 compatiuntur
2161 3399 2370 3438 mecum
2405 3385 2454 3439 in
2488 3385 2904 3455 sempiternmn,
2951 3394 3003 3437 et
3045 3400 3170 3438 cum
3214 3383 3318 3439 hoc

1729 3475 1986 3538 dixisset,
2028 3476 2103 3528 ait
2135 3493 2148 3528 :
2193 3474 2391 3540 Nolite,
2427 3486 2530 3530 etc.

1942 3584 1994 3622 IN
2030 3583 2227 3622 NATALI
2267 3583 2483 3622 SANCTzE
2525 3583 2706 3622 ΜΔΒΙᾸΞ
2749 3583 3104 3624 ΜΑΟΟΛΙιΕΝιΕ.

2221 3657 2303 3710 At!
2335 3673 2570 3726 vesperas
2594 3657 2837 3728 hymnus.

2081 3744 2246 3800 Nardi
2278 3745 2443 3800 Maria
2477 3744 2654 3817 pistici

2013 3839 2254 3907 Sumpsit
2281 3839 2472 3893 libram
2507 3823 2629 3892 mox
2663 3838 2852 3909 optimi

2013 3929 2179 3984 Unxit
2206 3929 2394 3985 beatos
2419 3930 2628 3985 Domini

2013 4023 2181 4082 Sedes
2211 4023 2436 4093 rigando
2466 4021 2740 4094 lacrymis.

2085 4117 2268 4172 Honor
2292 4158 2307 4183 ,
2344 4123 2531 4183 decus,
2563 4127 2669 4173 etc.

1805 4207 2188 4262 Inoilntorium.
2229 4205 2541 4271 Eternum,
2578 4207 2886 4277 trinumque
2926 4206 3090 4260 Deum
3129 4205 3315 4263 laude-

1729 4316 1848 4353 mus
1877 4311 1930 4354 et
1958 4315 2144 4365 unum,
2178 4299 2266 4368 qui
2297 4299 2398 4354 sibi
2429 4298 2652 4352 Mariam
2685 4299 2984 4353 transvexit
3023 4296 3075 4350 in
3106 4297 3313 4352 aethera

1729 4398 1938 4441 SilllCl'd.

1659 4501 1703 4554 Ι)
2382 4478 2635 4548 Hymnus.

2015 4571 2278 4624 Cunsouis
2307 4572 2580 4624 Christum
2608 4586 2926 4625 veneremur
2953 4570 3070 4624 odis

1943 4661 2095 4717 llunc
2119 4664 2258 4717 diem
2291 4663 2616 4719 celebrando
2647 4664 2868 4726 festum,

1946 4753 2102 4808 Nunc
2128 4753 2458 4824 Magdalenze
2487 4754 2668 4808 Mariae

1940 4846 2044 4902 Per
2067 4847 2252 4901 orbem
2283 4844 2746 4916 congratulantes.

2017 4937 2148 5004 Qua:
2175 4947 2338 5004 caput
2376 4936 2649 5004 quondam
2685 4934 2895 4988 Domini

1878 5066 1880 5069 -
1943 5027 2228 5093 Perunxit,
2260 5043 2323 5080 ac
2345 5029 2509 5096 pedes
2531 5026 2680 5090 lavit,

1943 5118 2221 5187 Lacrymis
2252 5118 2479 5192 rigando
2510 5117 2661 5172 crine
2682 5115 2902 5170 detersit

1944 5192 2168 5283 'Japitis,
2197 5209 2532 5282 supplexque
2553 5210 2717 5269 corde
2751 5206 3036 5278 gemenda.

2011 5303 2244 5370 Indeque
2269 5301 2552 5356 confestim
2580 5304 2744 5356 totius
2766 5308 2946 5354 reatus

1943 5392 2182 5446 Contulit
2207 5393 2458 5458 Christus
2481 5392 2696 5464 veniam
2774 5441 2776 5444 .

1945 5483 2194 5537 Precanti
2225 5483 2430 5538 Simoni
2467 5483 2686 5554 dignum

1944 5572 2260 5642 Paradigma
2296 5572 2534 5642 pandens
2562 5586 2658 5626 ore
2683 5571 2933 5642 benigno.

2019 5649 2142 5718 [lare
2167 5663 2288 5719 tulit
2317 5667 2596 5736 myrrham
2625 5675 2808 5735 erepta
2833 5666 2936 5720 sub
2959 5663 3103 5728 luce,

1948 5756 2028 5809 Ad
2054 5759 2461 5826 perungendum
2492 5757 2776 5813 Dominum
2809 5756 3087 5816 sepulcro.

1653 3158 1698 3219 C
