3846 6324
806 403 974 469 Quem
1009 407 1376 468 resurgentem
1404 395 1596 450 meruit

802 493 960 546 Beata
989 491 1162 559 primo
1194 487 1393 540 videre.

873 579 1045 644 Quam
1083 575 1269 646 procul
1300 584 1421 644 post
1453 574 1588 638 haec,
1621 572 1888 627 tribuente

804 669 1044 732 Christo,
1076 668 1346 722 credimus
1377 665 1498 720 ρωιί
1527 671 1842 734 penetrasse

802 759 1029 812 Culmen
1057 757 1218 825 hujus
1249 760 1494 810 obtentu.

803 849 1056 902 Miserere
1086 847 1261 909 nobis,
1293 846 1551 900 Conditor
1579 845 1744 898 orbis.

873 938 1109 993 Gloriam
1143 937 1289 991 Patri
1317 938 1517 1006 pariter
1543 951 1802 990 canamus

803 1031 1038 1086 Gloriam
1071 1031 1244 1094 Proli,
1279 1029 1613 1098 Flaminiqne

804 1124 898 1177 l’io
929 1138 1141 1190 semper
1170 1122 1316 1175 (ιιιιιιί

808 1212 1141 1266 ltrsonemus
1169 1225 1356 1264 onmes
1384 1217 1621 1277 tempore
1647 1208 1799 1263 secl-i.

666 1308 988 1374 Antipltona.
1049 1304 1180 1359 Cum
1231 1303 1590 1357 discubuisset
1635 1302 1687 1355 in
1729 1302 1888 1355 domo
1942 1299 2176 1355 Simonis

594 1396 852 1450 Dominus
907 1396 1096 1461 Jesus,
1162 1395 1346 1449 mundi
1399 1395 1601 1464 gloria,
1658 1394 1852 1447 mulier
1895 1395 2173 1460 quaedam,

594 1504 714 1556 quae
769 1497 886 1541 erat
936 1487 1239 1556 peccatrix,
1281 1486 1432 1540 nardi
1479 1484 1733 1540 odoriferi
1778 1484 2022 1539 exhibuit
2083 1501 2176 1538 un-

592 1589 815 1648 guenta.
879 1579 1194 1648 Antiphonti.
1256 1577 1424 1630 Secus
1487 1578 1650 1644 pedes
1722 1574 1932 1628 Domini
1992 1583 2176 1630 astans

594 1668 921 1727 inecssante,
949 1683 1042 1721 ore
1084 1676 1296 1720 sacrato
1327 1666 1440 1736 ejus
1473 1665 1698 1736 vestigia
1743 1664 2049 1732 osculatur,
2100 1665 2176 1718 la-

592 1760 791 1828 crymis
835 1758 1016 1828 plena.
1061 1758 1382 1826 Antipltona.
1434 1757 1696 1827 lrrigabat
1744 1758 1907 1826 igitur
1947 1757 2177 1812 domini-

591 1865 684 1904 (οδ
733 1849 859 1903 Jcsu
921 1851 1127 1918 pedes,
1174 1848 1348 1903 fracto
1401 1863 1617 1918 quoque
1672 1847 1939 1902 alabastro
1989 1848 2175 1918 praaci-

591 1942 711 2011 pnis
747 1943 1024 2007 odoribus,
1075 1941 1336 2012 flagrabat
1365 1941 1554 1995 domus
1596 1941 1796 2004 omnis,
1825 1950 1985 2010 atque
2012 1939 2172 2008 capil-

592 2031 768 2085 lorum
810 2031 984 2086 ofﬁcio
1024 2032 1356 2101 detergebat.
1403 2031 1722 2100 Aulipltoua.
1756 2029 1939 2084 Simon
1994 2040 2173 2085 autem

592 2123 732 2176 intra
761 2139 842 2188 se,
878 2124 1089 2192 inquit:
1129 2124 1183 2177 Si
1217 2133 1357 2177 esset
1382 2125 1642 2192 propheta
1664 2164 1678 2188 ,
1722 2122 1886 2176 sciret
1933 2121 2174 2191 profecto

593 2227 712 2280 qua?
733 2222 784 2266 et
811 2213 987 2282 qualis
1019 2222 1163 2266 esset
1192 2228 1310 2282 quae
1339 2213 1508 2282 tangit
1553 2227 1696 2272 eum.
1736 2211 1857 2280 quia
1898 2211 2172 2278 peccatrix

592 2315 696 2359 est.
733 2306 1051 2373 Antiphonti.
1087 2305 1152 2358 Et
1176 2320 1471 2359 conversus
1504 2305 1763 2358 Dominus
1792 2303 1928 2356 dixit
1959 2321 1970 2355 :
2013 2301 2171 2357 Post—

595 2413 756 2466 quam
785 2398 902 2451 veni
930 2398 980 2450 in
1015 2398 1230 2450 domum
1261 2407 1426 2461 tuam,
1480 2413 1582 2450 non
1617 2398 1851 2452 cessavit
1879 2395 2028 2448 crine
2059 2395 2173 2449 fuso

595 2487 713 2539 inec
771 2502 921 2539 meos
977 2486 1207 2539 osculari
1285 2485 1472 2556 pedes.
1531 2486 1850 2556 Antiphone.
1910 2485 2172 2553 Quoniam

595 2576 823 2630 multum
855 2575 1140 2638 dilexeras,
1174 2578 1312 2631 scito
1346 2577 1566 2632 dimissa
1602 2577 1696 2630 tibi
1747 2577 2080 2648 peccamina,
2121 2586 2176 2630 et

595 2665 720 2731 fide,
749 2682 851 2735 qua
881 2667 1069 2735 polles,
1110 2682 1265 2722 sacra
1319 2667 1371 2721 in
1406 2682 1538 2737 pace
1581 2668 1820 2723 remitto.
1850 2667 1903 2727 Ii.
1937 2666 2176 2721 Laztetur

593 2775 757 2811 mune
785 2759 1038 2814 smculum
1069 2759 1120 2814 in
1155 2759 1493 2814 solemnitate
1525 2769 1728 2814 sanctae
1772 2759 1974 2813 Marire.
2001 2760 2172 2824 Quam

594 2847 750 2901 Jcsus
774 2860 978 2903 teterno
1002 2863 1185 2902 amore
1215 2849 1400 2904 dilexit
1429 2849 1743 2918 plurimum.
1778 2848 1829 2917 ir.
1857 2847 1980 2903 llaec
2007 2847 2170 2900 Maria

598 2936 700 2989 fuit
735 2937 840 3000 illa,
870 2937 1097 2992 Domino
1126 2939 1450 3009 gratissima,
1480 2953 1598 3008 qua:
1630 2949 1899 3008 unguento
1935 2940 2172 3008 pretioso

595 3029 761 3098 pedes
787 3030 939 3082 unxit
969 3029 1133 3084 illius.
1167 3028 1361 3096 Quam.
1393 3029 1447 3098 ἢ.
1490 3027 1758 3099 Optimam
1788 3039 1994 3098 partem
2014 3029 2174 3101 elegit
2202 3086 2240 3105 η
2277 3042 2422 3085 sorte
2456 3030 2736 3086 beatorum
2778 3031 2894 3086 fieri
2924 3048 3232 3088 mercamur
3261 3037 3314 3089 in
3346 3053 3539 3090 unum.
3563 3035 3756 3088 Latitiae.

2200 3090 2243 3145 C

552 3120 558 3126 ’
597 3121 698 3175 sibi
730 3121 917 3174 Maria.
947 3120 1076 3187 Quae
1111 3137 1215 3175 non
1249 3120 1526 3174 auferetur
1566 3122 1634 3175 ab
1676 3136 1737 3175 ea
1764 3123 1836 3194 ,in
1887 3129 2170 3175 aeternum.

596 3212 653 3280 Ῡ.
695 3211 932 3282 Diligens
963 3213 1249 3267 Dominum
1281 3229 1346 3268 ex
1383 3215 1544 3268 corde
1591 3212 1986 3283 perfectissimo
2014 3215 2175 3268 cmlo-

601 3320 718 3358 rum
745 3306 978 3359 obtinuit
1003 3305 1341 3376 dignitatem.
1372 3306 1520 3373 ane.
1553 3307 1609 3376 ri).
1650 3304 1959 3371 Potissima,
2004 3306 2172 3360 intcr-

597 3397 728 3452 cede
781 3412 809 3450 a
865 3396 1118 3463 Domino,
1168 3395 1361 3451 collata
1430 3398 1668 3466 gaudens
1718 3406 1967 3466 potenter
2030 3397 2172 3466 polo.

597 3485 793 3542 Obtine
826 3495 884 3540 ut
914 3502 1012 3540 nos
1041 3487 1353 3556 perenniter
1373 3487 1565 3542 divinis
1598 3497 1771 3543 tecum
1803 3488 2012 3558 gaudiis
2058 3503 2178 3556 per-

599 3574 861 3629 fruamur.
919 3576 973 3644 v.
1016 3577 1150 3642 Quia
1202 3587 1292 3630 tua
1361 3579 1695 3648 reposcimus
1746 3578 1937 3631 merita
1988 3578 2177 3632 deletis

601 3665 954 3720 facinoribus.
986 3666 1200 3722 Obtine.
1240 3668 1294 3736 πῆ.
1338 3668 1468 3734 Quis
1520 3667 1830 3740 Magdalena
1863 3668 2180 3723 sceleratior

603 3771 721 3810 θείω
750 3757 934 3821 Maria,
967 3773 1083 3826 quze
1125 3761 1222 3814 ivit
1263 3761 1329 3814 ad
1361 3776 1521 3816 omne
1548 3761 1768 3815 malum.
1803 3761 1932 3828 Quae
1963 3763 2179 3817 nomine

603 3845 758 3914 plena
813 3855 993 3901 reatus
1037 3852 1311 3917 peccatrix
1351 3851 1606 3916 vocitata,
1638 3851 1736 3906 fuit
1763 3853 1918 3922 quasi
1961 3853 2178 3907 nomine

605 3936 792 4003 culpa).
829 3937 884 4006 Ῡ.
927 3938 1060 3992 Dum
1090 3949 1266 3996 tamen
1299 3943 1411 4012 ipsa
1440 3944 1604 3998 Demn
1635 3944 1888 4015 lacrymis
1935 3960 2177 3998 commo-

604 4025 682 4078 vit
729 4027 934 4082 obortis
985 4029 1160 4083 cordis
1208 4029 1276 4083 ab
1326 4031 1556 4096 affectu,
1618 4035 1812 4088 meruit
1869 4035 2181 4104 peccamine

605 4115 759 4169 solvi.
810 4117 939 4183 Qua:
1004 4121 1238 4176 nomine.
1297 4122 1610 4192 Antiphona.
1675 4125 1962 4194 Satagcbat
2019 4129 2182 4200 igitur

603 4203 838 4270 Martha,
854 4224 1006 4263 soror
1021 4209 1202 4265 Maria:
1217 4211 1561 4282 Magdalenze,
1579 4215 1719 4270 circa
1737 4216 2181 4287 ministeria,qu:e

603 4298 798 4353 sedens
830 4313 904 4352 δε(
925 4315 986 4353 us
1015 4302 1175 4369 pedes
1197 4303 1686 4360 Dominiaudiebat
1716 4309 1879 4363 verba
1904 4308 2015 4363 oris
2043 4310 2179 4379 ejus.

579 4390 926 4456 Antiphonti.
964 4392 1078 4446 Non
1103 4406 1204 4460 est,
1241 4394 1448 4449 Martha
1480 4397 1671 4466 inquit,
1705 4399 1799 4453 tibi
1826 4415 1987 4464 curre,
2037 4401 2179 4470 quod
2212 4420 2258 4478 υ

603 4493 757 4532 soror
782 4495 899 4534 mea
937 4480 1151 4550 reliquit
1199 4497 1284 4537 me
1315 4484 1484 4539 solam
1526 4487 1874 4554 ministrare;
1901 4489 2030 4556 jube
2087 4489 2180 4555 illi,

604 4577 663 4621 ut
707 4585 790 4624 me
819 4569 1054 4639 adjuvet.
1083 4573 1400 4644 Antiphonu.
1433 4574 1498 4630 Et
1529 4581 1858 4647 respondens
1894 4582 2026 4635 dixit
2073 4591 2183 4637 sta-

607 4660 700 4712 tim
730 4660 802 4713 illi
829 4662 1125 4718 Dominus:
1158 4663 1338 4719 Unum
1386 4675 1562 4722 exstat
1601 4679 1750 4724 certe
1793 4671 2182 4726 necessarium.

605 4748 731 4803 llaec
763 4752 1020 4821 Optimam
1053 4755 1151 4809 sibi
1175 4764 1384 4825 partem
1408 4757 1590 4828 elegit,
1612 4776 1730 4828 quze
1751 4775 1856 4814 non
1885 4760 2182 4816 auferetur.

605 4839 925 4908 Antiplrona.
960 4843 1205 4914 Cumque
1248 4846 1558 4902 Pharisaaus
1603 4850 1888 4904 Dominum
1921 4853 2186 4920 prandere

607 4941 871 5001 rogasset,
904 4937 1181 5003 corporeis
1206 4935 1406 4992 fruitur
1429 4939 1653 5008 dapibus
1677 4941 1812 4995 dans
1854 4943 2182 5013 spirituales.

606 5022 926 5093 Antiphone.
979 5025 1118 5082 Ecce
1166 5043 1322 5083 soror
1375 5029 1567 5084 Lazari
1596 5033 1683 5101 pia
1716 5048 1877 5098 nunc,
1937 5033 2028 5088 sed
2059 5043 2186 5089 tunc

607 5107 870 5162 scelerata
895 5109 1074 5163 attulit
1101 5122 1436 5182 unguentum
1467 5116 1688 5184 pretiosi
1718 5119 1928 5185 pondus
1976 5121 2181 5174 odoris.

607 5194 928 5266 Antiphonta.
988 5199 1220 5256 Maxima
1288 5219 1412 5274 spes
1466 5206 1635 5261 venia:
1684 5208 1882 5277 populo
1929 5224 2186 5264 succurre

609 5289 839 5357 roganti,
872 5301 931 5344 ut
963 5292 1229 5349 scelerum
1261 5298 1471 5352 veniam
1514 5309 1824 5355 mereantur
1853 5318 1950 5372 per
1992 5312 2041 5359 te
2086 5304 2184 5356 ha-

609 5379 758 5433 bere.
785 5381 840 5449 ἢ.
879 5382 922 5437 0
948 5381 1075 5438 felix
1107 5400 1386 5442 sacrorum
1427 5390 1680 5462 laerymis
1728 5393 1922 5463 rigatio
1967 5394 2182 5462 pedum,

608 5483 706 5536 per
733 5483 894 5538 quam
919 5478 1219 5542 promeruit
1249 5477 1414 5534 Maria
1452 5481 1578 5546 dici,
1602 5491 1656 5536 et
1679 5498 1801 5538 esse
1829 5485 1944 5554 ejus
1967 5485 2183 5540 dilecta.

607 5559 676 5614 Et
697 5575 805 5630 quo
833 5573 1129 5632 pascuntur
1155 5571 1356 5624 aethere
1394 5573 1590 5626 sancti.
1644 5574 1697 5642 ᾖ.
1738 5575 1994 5645 Angelico
2027 5577 2189 5646 pollet

607 5652 943 5710 decore'hmc
967 5663 1020 5711 et
1049 5657 1102 5711 hi
1133 5673 1228 5727 per
1255 5659 1549 5716 Christum.
1582 5663 1663 5719 Et.
1701 5666 1754 5734 vi).
1799 5666 1959 5722 Beata
1995 5671 2182 5738 Maria,

1694 238 1699 243 ’
1770 277 1944 333 saec.
1988 277 2053 330 ιιι
2098 275 2369 333 NONUM.
2410 277 2686 335 Ltruac.

3702 293 3757 343 933

2202 406 2247 461 Α
2281 409 2400 462 qute
2425 394 2633 463 piarum
2663 391 2819 449 unuis
2851 395 3216 466 lacrymarum
3247 396 3447 452 tersisti
3479 406 3658 453 tuorum
3692 420 3756 454 ιις.

2279 482 2426 535 culas
2456 482 2766 537 criminum.
2793 484 3020 539 Assidue
3053 495 3104 540 te
3131 501 3357 540 exorare
3391 488 3722 556 deposcimus:.
3741 521 3757 538 ..

2280 572 2480 626 nostris
2536 574 2869 629 excessibus.
2929 576 2980 644 ᾖ.
3041 575 3282 632 Summis
3333 577 3582 631 caelorum
3630 582 3760 637 Citttai

2279 660 2615 729 glomerata,
2656 663 2878 734 jamque
2925 674 3126 719 {eterna
3183 667 3581 721 immortalitate
3628 669 3757 724 indm=
3818 701 3819 712 ς

2277 750 2526 805 Assidue.
2596 753 2649 820 ιῆ.
2705 753 2866 808 Venit
2922 755 3088 809 Maria
3161 757 3473 827 Magdalene
3530 765 3762 814 annuntians

2279 841 2554 911 discipulis
2581 861 2593 896 :
2627 842 2762 909 Quia
2799 845 2908 900 vidi
2946 843 3259 900 Dominum.
3290 847 3460 917 Cujus
3482 851 3678 917 petimus
3697 869 3763 920 pie»

2273 932 2430 986 cibus
2464 932 2704 1000 adjuvari
2742 938 2881 1005 apud
2933 945 3002 1003 lc,
3046 936 3380 1006 Redemptor
3425 940 3760 994 clementissima

2277 1023 2330 1090 ᾗ.
2391 1024 2528 1090 Quia
2580 1039 2707 1095 ergo
2761 1027 2811 1080 in
2855 1028 3106 1096 paradiso
3153 1029 3348 1084 mulier
3401 1033 3668 1100 propinavit
3697 1051 3763 1085 m

2280 1124 2529 1179 mortem,
2563 1132 2590 1169 a
2633 1117 2878 1186 sepulcro
2910 1120 3106 1173 mulier
3155 1121 3288 1175 viris
3347 1127 3618 1176 annuntiat
3645 1129 3762 1177 vitae.

2277 1204 2463 1274 Cujus.
2512 1208 2568 1275 vi).
2623 1208 2734 1263 Rex
2797 1209 3060 1266 immense
3109 1211 3272 1276 Deus,
3304 1222 3567 1268 terrarum
3602 1220 3764 1269 crnitur

2276 1298 2462 1361 orbis,
2514 1301 2699 1369 accipe
2744 1304 3026 1370 przcsentis
3077 1303 3207 1357 cieri
3259 1305 3346 1372 pia
3400 1319 3521 1359 vo:a
3561 1315 3762 1374 precantis.

2277 1387 2330 1454 Ῡ.
2386 1387 2455 1443 Ut
2503 1390 2678 1445 valeat
2723 1408 2938 1463 semper
2990 1395 3174 1450 laudes
3225 1397 3317 1451 tibi
3358 1413 3598 1467 promere
3631 1399 3761 1470 dignas.

2276 1478 2493 1548 Accipe.

2347 1571 2645 1635 Antiphone
2684 1573 2753 1626 ad
2791 1575 3016 1627 cantica.
3061 1574 3304 1631 Omnndi
3337 1576 3544 1647 lampas
3563 1589 3610 1632 et
3633 1594 3764 1649 turp-
3818 1597 3819 1644 ξ

2278 1659 2382 1713 rita
2413 1661 2746 1730 praefulgida,
2799 1679 2918 1733 qua:
2974 1667 3436 1722 resurrectionem
3474 1669 3646 1722 Christi
3679 1687 3762 1722 nus-

2211 1745 2250 1801 Β
2283 1750 2465 1805 tiando
2517 1755 2882 1821 apostolorum
2934 1758 3174 1826 apostola
3213 1759 3331 1813 fieri
3385 1761 3632 1824 meruisti,
3663 1761 3763 1812 tim
3818 1745 3819 1820 ῗ

2276 1839 2613 1911 Magdalena,
2647 1859 2862 1914 semper
2888 1857 3003 1900 esto
3033 1849 3118 1916 pia
3144 1850 3429 1902 exoratrix
3461 1866 3551 1918 pro
3590 1851 3703 1903 nobis
3726 1853 3761 1901 al

2277 1932 2466 1997 Deum,
2515 1935 2606 2003 qui
2656 1945 2707 1989 te
2743 1937 2924 2006 elegit.
2959 1940 3010 2008 ti).
3044 1939 3307 2009 Flagrans
3335 1939 3522 1994 Iesum
3546 1941 3762 1993 munerébrs

2276 2023 2480 2076 intimis
2529 2023 2694 2078 Maria
2740 2029 3054 2096 praecordiis
3103 2029 3324 2082 aﬂ'alutn
3359 2029 3601 2098 perunxit
3629 2041 3758 2083 samo
3818 2035 3819 2072 ἓ

2277 2122 2550 2180 unguento
2581 2115 2829 2184 vestigia.
2860 2115 3010 2171 Unde
3049 2120 3248 2172 meruit
3277 2134 3502 2173 suorum
3543 2119 3760 2172 delictum;

2277 2204 2509 2256 veniam.
2544 2204 2598 2272 Ῡ.
2629 2204 3010 2261 Peecaminum
3042 2218 3356 2263 nostrorum
3391 2209 3569 2264 sordes
3594 2210 3760 2278 piissimis
3818 2231 3819 2272 ι

2277 2292 2447 2346 diluat
2475 2294 2961 2352 interventionibus
2999 2299 3178 2352 divino
3219 2291 3392 2355 fonte.
3429 2299 3588 2354 Unde.
3621 2301 3662 2368 εξ.
3698 2303 3758 2352 il:-
3818 2347 3819 2356 χ

2278 2386 2355 2438 ria
2385 2395 2533 2440 stans
2563 2387 2628 2440 ad
2659 2398 3069 2444 monumentum
3101 2391 3323 2460 plorans
3354 2392 3490 2445 vidit
3522 2392 3635 2445 duos
3664 2408 3761 2460 2rr;r-
3818 2397 3819 2460 ι

2276 2477 2356 2531 los
2402 2479 2454 2532 in
2499 2479 2639 2534 albis
2681 2481 2948 2536 sedentes.
3003 2481 3101 2537 Ubi
3161 2483 3404 2552 positum
3452 2485 3606 2538 fuerat
3641 2500 3760 2550 mne.

2274 2569 2337 2624 .le
2369 2586 2421 2623 u.
2453 2571 2505 2639 ᾖ.
2536 2570 2668 2625 Cutn
2696 2586 2826 2643 ergo
2856 2573 3032 2640 fleret,
3076 2574 3359 2630 inclinavit
3393 2591 3473 2642 se,
3501 2587 3551 2631 et
3577 2590 3760 2645 prospera

2276 2663 2329 2717 in
2391 2673 2760 2720 monumento.
2823 2665 2944 2722 Ubi.
2993 2666 3046 2735 ἡ.
3103 2668 3402 2739 Discipuli:
3459 2669 3657 2735 Christi,
3693 2683 3759 2736 qua

2275 2756 2466 2826 gaudia
2501 2757 2641 2812 celsa
2670 2756 2858 2822 tulisti,
2885 2774 3006 2813 cum
3039 2760 3266 2814 nimium
3311 2762 3501 2816 tristes
3541 2760 3705 2814 fuemnt
3726 2763 3760 2809 de

2275 2855 2453 2902 morte
2497 2847 2762 2918 Magistri.
2811 2849 3075 2904 Laetitiam
3107 2852 3267 2906 nobis
3314 2853 3445 2907 vitze
3488 2853 3680 2906 cmleslis
3710 2868 3758 2901 ae-

2272 2937 2457 3008 junge.
2483 2939 2537 3006 Ῡ.
2571 2939 2639 2994 Ut
2667 2940 2769 2994 sibi
2795 2941 3123 3008 eonformes,
3155 2942 3310 3011 cujus
3339 2946 3538 3013 pietate
3559 2953 3699 2997 sanata
3715 2958 3756 2996 es.

2275 3121 2324 3188 ti).
2363 3120 2406 3176 Ο
2438 3121 2632 3174 tnirum
2661 3131 2716 3175 et
2743 3137 2994 3190 magnum
3023 3124 3372 3190 miraculum,
3427 3127 3543 3194 quia
3574 3135 3757 3193 peccauit

2277 3209 2476 3264 femina
2501 3211 2732 3265 audebat
2758 3211 3174 3283 Redemptorem
3206 3215 3394 3269 mundi
3422 3225 3634 3285 tangere,
3651 3213 3757 3279 hcq-

2279 3299 2478 3353 ntando
2521 3307 2576 3353 et
2621 3301 2831 3369 capillis
2883 3301 3162 3373 tergendo,
3203 3305 3438 3358 crimina
3467 3320 3553 3359 sua
3577 3300 3755 3356 abluebat

2278 3386 2402 3441 Ideo
2437 3386 2658 3444 dimissa
2690 3399 2815 3444 sunt
2849 3392 2898 3444 ei
2929 3403 3152 3460 peccata
3192 3396 3381 3458 multa,
3426 3397 3643 3464 quoniam
3675 3393 3754 3445 dite-

2279 3479 2357 3532 xit
2388 3481 2636 3534 multum.
2670 3481 2724 3548 ᾗ.
2758 3483 2904 3536 Vidit
2949 3483 3119 3539 Maria
3154 3487 3466 3553 Dominum,
3503 3498 3552 3541 et
3592 3484 3754 3542 credidit.

2277 3579 2334 3625 et
2361 3586 2482 3625 cum
2509 3573 2705 3642 gaudio
2735 3576 2974 3643 suscepit
2996 3575 3146 3630 illum
3179 3581 3422 3649 gaudens
3444 3590 3498 3634 et
3527 3579 3648 3640 fletis,
3681 3578 3753 3644 piis

2278 3664 2528 3732 cognovit
2558 3679 2616 3719 se
2636 3666 3017 3734 peccatricem.
3046 3667 3194 3723 ideo.
3231 3670 3299 3723 In
3345 3672 3574 3724 laudibus
3601 3669 3755 3733 amipli:-

2280 3770 2369 3807 na.
2411 3753 2466 3807 lu
2519 3755 2710 3810 diebus
2761 3757 2864 3811 illis
2903 3773 2918 3812 :
2964 3759 3175 3826 Mulier,
3223 3776 3344 3830 qua:
3380 3773 3496 3818 erat
3540 3765 3583 3817 in
3618 3761 3752 3816 citiblz‘

2279 3849 2576 3915 peccatrix,
2619 3857 2678 3901 ut
2731 3851 2983 3919 cognovit
3031 3853 3176 3921 quod
3221 3852 3379 3910 Jesus
3419 3855 3696 3909 accubuisset
3726 3852 3752 3901 in

2282 3937 2441 3991 domo
2479 3939 2717 3994 Simonis
2747 3940 2965 4011 leprosi,
2994 3945 3172 3998 attulit
3201 3946 3525 4001 alabastrum
3564 3946 3751 4014 unguenta

2285 4028 2413 4082 Ηίυε
2436 4041 2608 4084 autem
2641 4033 2928 4101 antiphona
2960 4045 3164 4089 tantum
3196 4037 3387 4108 legitur
3410 4042 3478 4092 ad
3498 4040 3662 4091 laudet.

2938 4123 3200 4195 Hymnus.

2705 4215 2968 4272 Fidelium
2994 4217 3210 4275 devotio
3235 4219 3508 4290 depromat

2634 4305 2902 4375 llynmum
2933 4307 3181 4375 Domino,
3218 4313 3309 4380 qui

2640 4397 2821 4452 Maria:
2847 4398 3175 4468 Magdalenae

2646 4487 2837 4544 Sedem
2861 4490 3010 4545 dedit
3033 4492 3085 4545 in
3109 4494 3327 4549 aethere.

2710 4580 2763 4633 In
2783 4596 2886 4650 qua
2910 4583 3038 4651 quid
3065 4593 3210 4639 esset
3238 4587 3427 4654 pietas,

2644 4671 2771 4741 Ejus
2795 4674 3034 4728 ostendit
3057 4674 3290 4740 bonitas,

2638 4763 2775 4827 Quid
2804 4763 2970 4818 donet
2990 4767 3306 4835 paenitentia

2640 4851 2903 4908 Patefecit
2929 4855 3238 4910 clementia.

2709 4940 2838 5006 Quae
2867 4943 3018 5011 prius
3039 4945 3182 4998 enim
3205 4945 3402 5000 scelera

2646 5033 2928 5089 Commisit
2948 5036 3254 5104 innumera,

2642 5129 2872 5196 Accepta
2912 5145 3046 5198 pace
3081 5133 3250 5186 veniae

2643 5217 2828 5286 Regno
2855 5219 3058 5286 potitur
3079 5220 3277 5290 gloriaa.

2712 5307 2878 5362 Maria
2905 5311 3064 5364 tersis
3093 5313 3327 5366 crinibus

2645 5399 3011 5459 Procumbens
3031 5403 3232 5460 Christi
3264 5405 3470 5478 pedibus

2647 5493 2778 5548 Dum
2809 5494 2948 5565 rigat
2974 5512 3096 5551 cum
3130 5499 3390 5569 lacrymis,

2641 5587 2711 5640 Se
2749 5585 2893 5641 lavat
2915 5589 3074 5646 sorde
3106 5591 3359 5645 criminis.

2716 5676 2851 5732 Hinc
2873 5690 3160 5736 consecuta
3185 5680 3453 5750 plurimum
