3846 6324
429 481 646 537 Amoris
671 495 798 552 erga
819 480 1133 546 Dominum,

430 575 488 627 ln
525 574 782 630 cmlorum
815 574 1016 644 palatio

431 663 662 720 Perenni
689 665 885 737 gaudet
919 666 1160 734 prtemie.

501 754 773 826 Rogamus
799 769 949 825 ergo,
981 755 1226 821 Domina,

431 845 623 900 Nostra
649 847 823 901 deleto
856 846 1109 911 crimina,

439 937 676 1007 Tnisque
701 938 902 992 sanctis
928 937 1178 1006 precibus

433 1028 540 1082 Nos
570 1027 736 1098 junge
775 1029 897 1084 cadi
925 1031 1156 1083 civibus.

504 1120 670 1186 Patri,
707 1119 844 1175 Nato
873 1136 992 1174 cum
1019 1119 1266 1174 Flamine

443 1210 525 1265 Sit
567 1211 682 1265 laus
705 1219 909 1265 :eterno
938 1220 1212 1280 tempore;

435 1302 536 1369 Qui
561 1311 643 1356 est
667 1318 874 1356 summa
901 1301 1088 1356 Deitas

435 1391 492 1444 In
527 1391 743 1445 Unitate
767 1391 1027 1445 Trinitas.
1070 1391 1264 1444 Amen.

146 1481 238 1536 Ad
273 1482 599 1536 Benedictus
625 1482 929 1550 untiphoua.
953 1481 1150 1534 Sancta
1175 1478 1339 1532 Maria
1358 1519 1370 1541 ,
1397 1480 1485 1549 pio
1524 1495 1657 1535 eon-

61 1574 266 1642 juncta
318 1573 442 1629 Jesu
465 1614 480 1638 ,
519 1573 813 1628 osculando
840 1573 1002 1641 pedes
1025 1573 1193 1642 ipsius
1220 1582 1274 1626 et
1297 1573 1384 1640 pie
1411 1571 1658 1640 rigando,

68 1677 233 1736 terge
261 1667 486 1722 crimina
519 1675 724 1732 nostra,
753 1681 875 1721 eum
895 1666 1098 1735 iugiter
1118 1665 1324 1720 orando
1344 1681 1442 1734 pro
1482 1664 1658 1721 nubis.

188 1797 244 1836 IN
301 1797 495 1836 NATALI
559 1796 743 1835 SANCTI
802 1796 1146 1836 APOLLINARIS
1195 1796 1429 1837 EPISCOPI
1478 1795 1548 1836 ΕΤ

720 1867 1009 1908 ᾺΙΛῐὶτὶῚὶιδο

155 1944 238 1996 Ad
267 1942 574 2014 Magniﬁcat
599 1946 904 2013 antipltoua.
941 1945 1134 2016 Surge,
1179 1944 1362 2015 accipe
1399 1943 1664 2014 Spiritum

67 2043 356 2097 sanctum,
387 2033 652 2103 simulque
678 2033 1068 2103 pontiﬁcatum,
1094 2043 1329 2103 etperge
1353 2035 1420 2087 ad
1453 2035 1662 2100 urbem,

76 2140 212 2192 qua:
243 2135 470 2178 vocatur
515 2123 800 2178 Ravenna.
853 2123 1290 2179 Cammemoratio
1338 2124 1665 2194 Magdeleme

72 2215 393 2284 rmtipliona.
411 2213 768 2269 Oveneranda
793 2215 1076 2281 Dcisedes,
1101 2231 1224 2284 spes
1247 2215 1445 2285 inclyta
1473 2215 1661 2268 nostri.

75 2304 128 2358 0
158 2304 318 2358 validi
350 2303 558 2358 fructus
581 2303 932 2358 celeberrima
961 2307 1114 2358 vinea
1146 2305 1370 2368 Christi,
1409 2305 1665 2358 drachma

81 2402 328 2461 reperta,
359 2392 452 2445 sed
493 2392 611 2447 ovis
643 2392 708 2445 de
759 2400 932 2444 morte
962 2391 1206 2444 reducta.
1243 2389 1410 2444 Valde
1439 2407 1667 2461 precare

81 2487 262 2538 Deum
319 2499 414 2554 pro
489 2483 668 2547 nobis,
729 2483 886 2535 valde
954 2497 1263 2550 precamur.
1341 2482 1664 2552 Antiphone.

81 2577 313 2630 Dicebat
347 2577 536 2630 beatus
581 2573 776 2627 Petrus
823 2571 1097 2641 apostolus
1131 2570 1377 2626 Jndteis:
1433 2571 1565 2625 Nam
1613 2582 1668 2626 et

81 2681 192 2736 ego
219 2667 471 2721 Hebrmns
495 2681 634 2731 sum,
685 2664 777 2736 sed
808 2672 1027 2732 propter
1071 2663 1396 2716 charitatem
1438 2663 1666 2716 fratrum

84 2732 306 2810 adveni.
346 2732 693 2825 Antiphone:
734 2751 1020 2807 Multitudo
1069 2761 1251 2806 autem
1316 2751 1667 2806 Hebrzeorum

87 2857 318 2914 agentes
353 2845 726 2916 pomitentiam
772 2845 1208 2914 baptizabantur,
1256 2845 1546 2899 credentes
1571 2843 1665 2899 Je-

87 2954 217 2992 snm
260 2937 530 2991 Christum
585 2950 713 2990 vere
749 2949 869 2988 esse
923 2933 1119 2987 Filium
1176 2933 1292 2988 Dei.
1344 2935 1666 3002 Antiphonti.

85 3029 299 3083 Beatus
326 3028 511 3082 Petrus
543 3025 817 3095 apostolus
854 3025 1256 3079 administranti
1307 3025 1408 3078 sibi
1449 3025 1666 3078 aiebat:

83 3121 244 3188 Quid
259 3119 412 3175 sedes
445 3118 719 3172 nobiscum
747 3117 768 3168 ?
793 3116 930 3172 Ecce
955 3116 1199 3171 eruditus
1221 3131 1279 3170 es
1306 3116 1369 3169 de
1395 3117 1666 3183 omnibus,

922 368 1269 424 EXCERPT.
1302 365 1389 421 EX
1411 362 1609 420 CODD.
1641 363 1921 420 LITURG.
1954 362 2480 420 FONTAVELLAN.

3236 371 3339 428 966

1683 462 1730 516 Α
1755 491 1870 536 stro
1910 496 2050 548 meo,
2082 497 2308 553 operare
2336 493 2392 538 et
2425 498 2634 538 mecum
2677 492 2734 538 ut
2776 483 3102 538 clariﬁcetur
3144 501 3336 542 nonten

1758 581 1927 625 tttnm.
2007 573 2326 642 Antiphonti.
2401 575 2680 644 Ingressus
2758 573 2948 629 beatus
3013 574 3340 643 Apollinaris

1757 663 1974 717 domum
2009 663 2207 717 tribuni
2257 665 2418 718 dixit:
2455 665 2779 734 lic-quiescat
2812 667 2862 720 in
2902 667 3052 720 vobis
3087 681 3188 736 pax
3230 667 3338 720 Do-

1759 756 1910 820 mini,
1941 766 1997 809 et
2046 755 2135 810 Dei
2173 759 2340 808 nostri
2369 755 2494 810 Jesu
2527 757 2750 809 Christi.
2790 757 3105 824 Antiphonti.
3141 757 3340 826 Requi-

1758 858 1908 903 escat
1939 849 1991 902 in
2029 851 2178 903 vobis
2218 864 2321 917 pax
2376 849 2584 902 Domini
2635 852 2798 904 no:tri
2835 849 2962 904 .lzsn
2986 851 3208 915 Christi,
3243 869 3340 922 per

1759 954 1920 1008 quam
1979 939 2246 992 inﬁrmam
2297 939 2496 992 tribuni
2544 941 2824 1007 conjngem
2867 944 3056 994 beatus
3121 945 3340 998 sanavit

1759 1032 2103 1102 Apollinaris.
2153 1031 2471 1099 Antiphonta.
2535 1031 2714 1085 Vil‘lUS
2752 1032 2853 1085 alia
2898 1047 3001 1084 mn
3049 1042 3148 1097 est,
3181 1049 3341 1102 quam

1762 1125 1972 1181 Domini
2007 1123 2175 1178 nostri
2219 1123 2345 1177 Jesn
2397 1124 2622 1186 Christi,
2651 1139 2748 1190 per
2769 1138 2928 1192 quem
2963 1125 3150 1179 beatus
3183 1126 3348 1192 Apul-

1762 1214 1948 1268 linaris
1968 1213 2130 1266 Tauri
2166 1211 2332 1266 ﬁlium
2372 1227 2572 1266 crucum
2628 1212 2771 1264 illuzn
2806 1213 2988 1266 inavit.
3024 1214 3341 1281 Antiphone.

1763 1306 2082 1361 Nuntiatum
2108 1315 2186 1360 est
2204 1306 2306 1360 hoc
2320 1304 2520 1360 C:rsari
2560 1321 2587 1358 a
2617 1306 2838 1374 paganis
2865 1307 3008 1374 quod
3034 1308 3248 1373 quidam
3279 1309 3347 1361 ab

1762 1397 2050 1453 Antiochia
2103 1397 2490 1450 Introdnxisset
2538 1411 2731 1449 mnuen
2763 1394 2888 1449 Jesu
2921 1397 2972 1448 in
3021 1396 3206 1450 urbem
3242 1397 3350 1448 Ra-

1762 1503 2018 1553 vennam,
2053 1494 2107 1538 et
2131 1485 2415 1539 multitudo
2443 1501 2633 1555 magna
2666 1485 2909 1539 obediret
2941 1485 3012 1539 illi
3040 1525 3054 1549 ,
3081 1495 3132 1539 et
3156 1487 3350 1540 donms

1765 1579 1886 1635 Ruﬁ
1929 1577 2163 1648 patricii.
2199 1578 2252 1646 ἡ.
2299 1577 2391 1631 Ait
2438 1578 2503 1631 ad
2531 1593 2654 1631 eum
2689 1578 2936 1632 tribunus
2966 1596 2977 1631 :
3021 1578 3162 1634 Bene
3189 1581 3354 1633 adve-

1763 1671 1918 1734 nisti,
1979 1671 2206 1724 mediee.
2261 1668 2358 1723 Cui
2416 1670 2606 1723 beatus
2661 1670 2991 1738 Apollinaris
3035 1671 3346 1739 reSpondit:

1766 1760 2100 1829 Requiescat
2121 1759 2174 1813 in
2207 1758 2356 1813 vobis
2385 1773 2488 1828 pax
2519 1759 2730 1814 Domini
2768 1761 2939 1814 nostri
2967 1760 3093 1815 Jesn
3124 1762 3347 1816 Christi.

1693 1849 1741 1909 Β
1768 1851 1823 1918 ᾗ.
1866 1850 2110 1918 Cumque
2157 1849 2434 1919 ingressus
2480 1847 2668 1904 fuisset
2722 1851 2939 1904 domum
2976 1852 3196 1914 tribuni,
3226 1851 3349 1904 olli-

1765 1941 2071 1996 ciosissime
2119 1949 2400 2009 susceptus
2443 1949 2550 2003 est,
2601 1950 2656 1995 et
2702 1940 2870 1994 dixit:
2907 1941 3252 2011 Requiescat.
3293 1942 3347 2009 ἡ.

1765 2029 1954 2101 Aperi,
1987 2030 2230 2094 Domine,
2251 2030 2507 2084 continuo
2537 2044 2598 2084 os
2627 2031 2761 2083 muti
2791 2038 2843 2082 nt
2875 2041 3023 2083 tuum
3053 2031 3353 2084 conﬁtean-

1769 2131 1858 2176 tur
1883 2137 2100 2176 nomen.
2131 2121 2308 2188 Quies
2336 2122 2520 2174 vivens
2547 2122 2597 2174 in
2630 2121 2843 2175 saecula.
2873 2122 2924 2189 Ῡ.
2955 2121 3095 2176 Illico
3118 2127 3352 2177 solutum

1767 2220 1853 2266 est
1882 2211 2151 2264 vinculum
2200 2211 2395 2279 lingua:
2423 2209 2556 2278 ejus,
2607 2219 2659 2265 et
2691 2211 2981 2265 clamabat.
3010 2212 3130 2278 Qui.
3159 2213 3213 2282 ti].
3247 2215 3350 2266 Do-

1769 2301 1912 2354 mine
1934 2298 2059 2354 Jesu
2099 2299 2333 2365 Christe,
2373 2299 2516 2353 Deus
2554 2314 2727 2364 meus,
2773 2301 2863 2370 qui
2919 2302 3179 2371 magistra
3235 2319 3356 2358 meo

1768 2390 2010 2458 apostolo
2037 2399 2130 2444 tuo
2157 2390 2315 2444 Petro
2341 2390 2533 2443 dedisti
2561 2389 2734 2444 locum
2765 2391 3088 2460 impetrandi
3113 2395 3251 2462 apud
3281 2402 3354 2460 te,

1769 2494 1887 2547 quae
1911 2479 2204 2533 desiderat.
2254 2479 2332 2532 Tu
2379 2480 2582 2533 suscita
2633 2480 2773 2533 hanc
2823 2479 3077 2549 puellam,
3118 2498 3237 2550 quae
3266 2493 3354 2535 tua

1767 2580 1851 2624 est
1877 2579 2154 2633 creatura,
2204 2581 2260 2623 et
2306 2587 2411 2624 non
2461 2581 2547 2625 est
2595 2571 2735 2625 alius
2769 2572 2909 2626 Dens
2950 2582 3249 2640 praeterte.
3299 2573 3354 2636 ἲ.

1771 2658 1922 2712 Tunc
1962 2660 2373 2729 apprehendens
2403 2675 2621 2714 manant
2681 2661 2927 2716 mulieris
2969 2662 3084 2715 ait:
3129 2663 3358 2718 Domine

1771 2751 1912 2804 Dens
1943 2763 2117 2804 meus.
2152 2749 2252 2803 Tu.
2283 2750 2336 2815 ιῆ.
2361 2750 2482 2805 Jam
2533 2767 2618 2807 me
2646 2755 2907 2823 perducto
2952 2753 3005 2808 in
3044 2755 3356 2823 capitolimn

1772 2839 1960 2893 vicarii
2003 2855 2226 2894 securus
2266 2852 2402 2905 esto,
2443 2842 2568 2912 quia
2603 2843 2854 2898 manibus
2881 2844 3018 2898 meis
3056 2845 3216 2899 thura
3246 2861 3352 2899 non

1771 2945 1966 2999 ponam
2013 2931 2319 2998 darmoniis,
2357 2933 2450 2986 sed
2506 2933 2734 2986 Domino
2790 2947 2911 2986 meo
2964 2932 3090 2988 Jesu
3143 2934 3360 2989 Christo

1749 3023 2058 3102 'inccnsum
2113 3023 2304 3078 ollero.
2378 3024 2430 3093 ᾖ.
2499 3024 2784 3077 Dominum
2851 3022 3034 3078 Jesunt
3081 3023 3390 3079 Christum-

1774 3113 1941 3167 Deum
1999 3113 2177 3166 vivum
2221 3127 2341 3167 esse
2390 3111 2672 3178 conﬁteor,
2728 3119 2782 3166 et
2809 3111 2970 3166 alium
2998 3123 3197 3182 praeter
3233 3129 3355 3167 cum

92 3232 221 3284 quan
277 3213 400 3267 fecit
449 3210 627 3266 Jesus.
692 3210 1011 3280 Antiphoua.
1083 3210 1173 3262 Ait
1228 3210 1419 3264 beatus
1477 3187 1740 3264 PetrusC
1774 3218 2029 3259 essenon
2061 3205 2202 3258 dico.
2233 3203 2361 3258 Sed.

87 3303 389 3373 Apollinari
439 3303 699 3372 discipulo
753 3318 852 3357 suo
884 3321 896 3356 :
929 3301 1185 3356 Eruditus
1221 3317 1280 3356 cs
1318 3302 1370 3354 in
1419 3303 1674 3356 omnibus

89 3397 394 3467 pnedicare
432 3395 698 3449 Ravennae
753 3394 934 3448 Jesun.
960 3393 1155 3447 Filium
1189 3393 1303 3447 Dei.
1345 3392 1669 3461 Antiphoua.

93 3488 272 3541 Blittat
322 3485 566 3540 Christus
599 3485 858 3540 Dominus
887 3484 1136 3554 angelum
1185 3497 1364 3548 suum,
1395 3481 1484 3551 qui
1538 3496 1673 3550 prae-

93 3590 254 3649 paret
297 3583 398 3632 iter
441 3594 617 3644 suum,
665 3587 719 3632 et
757 3593 876 3648 qua:
907 3575 1292 3647 postulaveris,
1323 3583 1524 3628 annuat
1553 3575 1671 3630 tibi.

95 3671 417 3738 Autip/taua.
452 3668 615 3723 Ortus
652 3669 717 3721 ab
763 3669 1051 3724 Antiochia
1102 3667 1293 3722 beatus
1343 3667 1675 3736 Apollinaris

93 3761 414 3814 Ravennam
444 3763 639 3816 missus
694 3771 776 3816 est
807 3762 1102 3832 pra-dicare
1153 3762 1474 3831 baptismum
1502 3762 1677 3832 pinni-

99 3853 281 3904 tentia:
328 3853 377 3904 in
417 3852 790 3906 remissionem
825 3862 1192 3920 peccatorum.
1244 3852 1298 3919 vi).
1345 3853 1432 3906 Ait
1478 3852 1674 3907 beatus

98 3946 290 3998 l’etrns
337 3943 632 4010 Apollinari
664 3943 925 4014 discipulo
967 3959 1102 3998 suo:
1133 3943 1270 4011 Quid
1296 3944 1452 3999 sedes
1489 3946 1674 4000 nobis-

99 4036 263 4090 t'lllll?
328 4035 464 4090 Ecce
527 4037 768 4090 eruditus
822 4051 880 4092 es
943 4037 1008 4091 de
1063 4038 1314 4094 omnibus
1371 4054 1491 4109 qua:
1543 4039 1673 4092 fecit

94 4130 275 4183 Jesus.
330 4127 383 4195 ᾗ.
460 4128 652 4197 Surge,
714 4130 898 4198 accipe
966 4129 1226 4198 Spiritum
1275 4133 1540 4199 {sanctum
1609 4131 1678 4186 si-

93 4222 318 4290 muiqne
364 4221 753 4290 pontiﬁcatum,
794 4229 845 4274 et
878 4236 1039 4290 perge
1093 4223 1160 4276 ad
1189 4223 1376 4276 urbem
1433 4237 1552 4292 qua:
1581 4239 1674 4277 vo-

90 4325 256 4368 catur
306 4313 576 4366 Ravenna.
613 4312 767 4367 Ecce.
815 4313 867 4381 ιῆ.
920 4311 1116 4367 Beatus
1160 4312 1349 4369 Petrus
1405 4318 1676 4386 apostolus

88 4405 237 4459 dixit
260 4402 524 4473 discipulo
549 4418 647 4457 suo
675 4404 968 4473 Apollinari
999 4422 1010 4456 :
1049 4405 1239 4475 Surge,
1267 4421 1428 4475 perge
1459 4406 1676 4460 Raven-

1842 3315 1926 3368 Ad
1974 3317 2180 3369 cantica
2241 3315 2548 3385 autiphona.
2602 3313 2966 3382 ,Sanctissitne
3024 3314 3356 3384 Apollinaris

1775 3409 2086 3478 colloquens
2115 3407 2448 3478 angelorum,
2489 3422 2625 3476 quas
2669 3405 2954 3461 offerimus
3016 3408 3111 3462 tibi
3156 3409 3358 3462 oratio-

1775 3519 1893 3569 nes,
1928 3512 1983 3557 et
2033 3517 2222 3573 preces
2265 3502 2478 3569 suscipe
2509 3500 2772 3564 omnium,
2807 3510 2862 3554 et
2895 3501 3056 3555 redde
3093 3500 3358 3556 Salvatori

1776 3607 1874 3664 pro
1905 3592 2058 3647 nobis
2096 3592 2380 3662 hymnum,
2414 3598 2472 3644 ut
2499 3590 2680 3644 salvos
2719 3607 2821 3644 nos
2859 3590 3046 3645 faciat.
3073 3591 3125 3656 Ii.
3167 3592 3360 3648 Exuite

1775 3700 1919 3754 eum,
1947 3692 2003 3739 et
2039 3684 2308 3738 caedentes
2353 3682 2557 3738 dicite:
2611 3680 2839 3751 Respice
2878 3693 2932 3736 et
2965 3684 3178 3736 imntola
3223 3685 3356 3751 diis;

1776 3777 1869 3832 ille
1912 3787 2092 3833 autem
2132 3779 2461 3848 respondens
2491 3775 2667 3830 dixit:
2712 3776 3052 3831 Christianus
3094 3792 3235 3842 sum,
3270 3777 3358 3832 fac

1775 3877 1923 3947 quod
1951 3874 2054 3929 vis.
2095 3873 2150 3942 ᾖ.
2183 3873 2332 3928 linus
2366 3882 2449 3927 est
2470 3872 2728 3928 Dominus
2756 3871 2898 3925 Deus
2927 3871 3230 3935 invisibilis,
3264 3886 3359 3941 per

1776 3984 1937 4041 quem
1967 3966 2228 4022 diemonia
2270 3966 2578 4035 ejiciuntur.
2617 3963 2981 4018 Christianus.
3012 3963 3066 4031 ἢ.
3123 3963 3227 4017 lste
3275 3972 3358 4018 est

1777 4059 2034 4116 sacerdos
2058 4056 2268 4112 Domini
2302 4057 2390 4124 qui
2425 4056 2478 4109 in
2508 4055 2778 4108 mandatis
2807 4054 2924 4123 ejus
2948 4054 3237 4108 meditatur
3271 4054 3358 4108 die

1777 4165 1841 4205 ac
1869 4157 2047 4204 nocte.
2074 4147 2178 4201 Iste
2205 4146 2443 4200 directus
2465 4151 2548 4199 est
2578 4145 2646 4199 ab
2673 4143 2918 4214 apestolo
2949 4142 3109 4197 Petro
3142 4141 3359 4196 Raven-

1777 4255 1901 4294 nam
1937 4237 2232 4309 przedicare
2275 4236 2600 4304 baptismum
2646 4233 3004 4303 paenitentiae.
3051 4231 3106 4298 ᾖ.
3160 4231 3357 4284 Beatus

1775 4331 1880 4394 vir,
1912 4328 2003 4397 qui
2038 4342 2146 4380 non
2203 4325 2337 4378 abiit
2387 4325 2439 4377 in
2491 4322 2719 4377 consilio
2764 4322 3075 4390 impiorum.
3129 4319 3252 4373 lste.
3299 4320 3354 4386 ti}.

1779 4417 1987 4474 Servivi
2031 4417 2172 4470 sicut
2218 4414 2392 4468 bonus
2443 4413 2598 4467 miles
2635 4412 2873 4476 Christo,
2921 4409 3127 4466 certavi
3157 4410 3355 4462 bomnn

91 4513 248 4560 nam,
311 4495 594 4549 multitudo
636 4496 813 4565 populi
873 4496 942 4550 ibi
995 4507 1258 4562 moratur,
1315 4499 1547 4567 prae-.lica
1589 4500 1669 4552 eis
1701 4521 1748 4580 υ
1776 4521 2073 4563 certamen.
2119 4503 2302 4557 Placui
2357 4503 2487 4566 Dco,
2526 4503 2616 4571 qui
2664 4517 2749 4557 me
2805 4500 3070 4572 probavit.
3115 4508 3168 4553 et
3212 4498 3359 4554 dedit

87 4585 426 4656 baptismum
472 4585 822 4655 pmnitentiaa,
873 4585 924 4640 in
976 4587 1192 4641 nomine
1239 4585 1386 4641 Jesu.
1439 4587 1490 4655 ἲ.
1534 4587 1674 4642 Ecce

84 4679 342 4734 eruditus
375 4693 433 4730 es
477 4679 544 4730 de
567 4678 826 4748 omnibus
865 4692 984 4747 quae
1027 4676 1152 4732 fecit
1193 4675 1367 4733 Jesus.
1401 4678 1591 4748 Surge.
1620 4679 1672 4746 Ii].

88 4773 262 4832 Dens,
289 4769 378 4837 qui
404 4783 507 4822 non
535 4767 796 4832 localiter,
828 4769 920 4824 sed
943 4769 1138 4839 ubique
1167 4787 1246 4833 es,
1282 4779 1334 4822 tu
1372 4770 1673 4824 intromitte

81 4863 458 4933 cognitionem
485 4860 603 4915 Filii
636 4861 707 4914 tni
743 4860 950 4915 Domini
988 4863 1157 4916 nostri
1200 4862 1250 4915 in
1282 4863 1440 4917 istam
1475 4864 1672 4918 civita-

87 4968 228 5009 tem.
265 4953 317 5020 Ῡ.
361 4953 431 5009 Ut
471 4965 854 5024 cognoscentes
893 4953 1075 5008 Jesum
1121 4954 1314 5008 Filium
1349 4966 1522 5020 tuum,
1550 4972 1674 5010 cum

86 5063 297 5118 magno
321 5047 511 5103 all'ectu
554 5048 702 5103 locus
753 5048 884 5102 mihi
928 5048 1329 5117 pratdicationis
1381 5049 1672 5102 tribuatur.

83 5142 197 5196 Tu.
239 5140 293 5208 ἡ.
336 5140 496 5203 Deus,
546 5141 634 5208 qui
681 5139 992 5208 cooperaris
1040 5155 1160 5192 cum
1203 5138 1364 5192 Petro
1414 5139 1676 5207 magistro

87 5245 246 5294 meo,
281 5245 505 5299 operare
550 5240 604 5285 et
642 5246 871 5285 mecum.
906 5229 976 5285 Ut
1018 5238 1349 5300 cognoscant
1371 5245 1562 5304 omnes
1623 5238 1674 5284 te

87 5323 273 5378 solum
299 5321 465 5376 Deum
494 5323 546 5376 in
577 5333 862 5377 rternum.
895 5323 948 5391 ᾗ.
981 5321 1122 5378 Deus
1155 5322 1244 5390 qui
1278 5337 1380 5375 non
1411 5321 1671 5388 localiter,

91 5416 193 5469 sed
232 5416 450 5484 ubique.
489 5414 557 5469 Ut
585 5426 934 5485 cognoscant.
1264 5485 1269 5490 ι

166 5503 240 5556 In
275 5504 498 5557 secundo
537 5517 790 5557 nocturno
831 5504 1134 5573 antiphoua.
1173 5503 1306 5558 Cum
1340 5505 1676 5574 pervenisset

91 5601 294 5650 beatus
342 5594 664 5664 Apollinaris
711 5596 774 5649 ad
828 5597 1014 5650 urbem
1073 5597 1411 5662 Ravennam,
1470 5597 1676 5654 faciens

91 5687 315 5756 signum
345 5687 549 5754 crucis,
597 5698 878 5756 susceptus
907 5699 990 5744 est
1016 5691 1067 5744 in
1097 5694 1324 5747 domum-
1349 5693 1531 5747 militis
1566 5693 1677 5746 Ire-

93 5778 224 5834 περὶ.
259 5779 552 5850 Antiphone
595 5780 734 5838 Dens
760 5781 848 5852 qni
897 5785 1139 5854 operaris
1173 5769 1291 5840 cuin
1314 5785 1473 5841 Petro
1504 5786 1674 5857 magi-

1779 4599 1908 4652 mihi
1938 4595 2196 4650 Dominus
2236 4606 2492 4647 coronam
2525 4591 2668 4646 vitaz.
2714 4592 2769 4659 ἲ.
2816 4591 3021 4646 Bonum
3078 4597 3356 4643 certamen

1779 4687 2007 4752 cet-lavi,
2039 4702 2256 4742 cursum
2285 4683 2677 4748 consummavi,
2703 4683 2862 4737 ﬁdem
2885 4680 3121 4736 servavi.
3147 4679 3353 4734 Placui.

1778 4781 1831 4849 ii}.
1859 4778 2088 4834 Pulchra
2121 4775 2282 4842 facie,
2311 4784 2366 4829 et
2413 4774 2580 4829 alacri
2624 4772 2790 4834 vultu,
2826 4773 2981 4826 beate
3006 4769 3355 4840 Apollinaris,

1778 4887 1903 4928 ecce
1928 4886 2058 4924 oves
2102 4878 2204 4922 tua:
2232 4867 2298 4920 ad
2329 4876 2379 4920 te
2403 4866 2596 4920 devota
2642 4874 2823 4919 mente
2853 4871 3358 4931 concurrunt,quas

1780 4963 2006 5018 Domino
2051 4958 2350 5028 acquisisti.
2384 4959 2710 5028 Deprecare,
2742 4970 2934 5025 precor
2971 4963 3153 5024 pastor
3197 4955 3354 5018 bone,

1777 5070 1874 5126 pro
1897 5054 1976 5108 eis
1999 5049 2180 5106 Jesum
2209 5049 2509 5103 Christum.
2540 5047 2595 5114 Ῠ.
2624 5046 2694 5102 Ut
2729 5045 2876 5116 digni
2909 5043 3210 5098 clliciamur
3234 5057 3361 5112 pro-

1781 5143 2125 5198 missionibus
2149 5139 2286 5210 ejus.
2322 5139 2642 5208 Deprecare.
2676 5137 2742 5190 In
2775 5136 3019 5190 laudibus
3047 5137 3355 5204 antiphona.

1777 5237 1938 5301 Audi,
1963 5235 2157 5300 Judex,
2194 5234 2337 5303 quod
2373 5234 2497 5288 dico
2530 5231 2758 5286 viriliter
2789 5248 2801 5283 :
2834 5229 2992 5284 Jesns
3041 5238 3160 5284 erat
3191 5227 3353 5294 Deus,

1778 5340 1832 5384 et
1857 5337 1940 5382 est
1987 5327 2040 5380 in
2084 5335 2346 5379 :eternum
2380 5339 2606 5379 manens
2628 5323 2682 5378 in
2720 5337 2948 5391 corpore
3002 5323 3222 5385 mundo,
3246 5321 3355 5390 pati

1779 5433 1957 5475 antem
1988 5432 2150 5471 carne
2177 5430 2275 5485 pro
2298 5416 2550 5470 omnibus
2586 5415 2774 5469 voluit.

1849 5510 1980 5565 Haec
2029 5517 2231 5561 turnum
2261 5507 2548 5576 amipltona
2573 5506 2642 5559 ad
2673 5504 2854 5560 laudes
2892 5504 3052 5574 hujus
3083 5501 3234 5572 oﬁicii
3261 5503 3356 5552 ua-

1781 5605 1948 5658 betur.

1851 5697 1930 5749 Ad
1980 5694 2290 5751 Benedictus
2345 5693 2650 5764 autiphona.
2696 5689 3071 5760 Przegr-avatus
3119 5682 3354 5752 pondere

1782 5789 1934 5855 ferri,
1976 5789 2126 5844 exsul
2177 5789 2244 5844 ab
2293 5790 2426 5843 urbe
2490 5785 2740 5850 mittitur,
2787 5792 2843 5835 et
2883 5786 3005 5848 post
3057 5771 3351 5831 triennium
