3846 6324
559 311 662 367 9ὒ7
1729 303 1900 360 SJEC.
1939 301 2004 355 XI
2035 300 2078 353 Ill

2199 298 2299 354 LEM.
2344 295 2620 352 LlTURG.
3655 299 3718 352 SS!

2347 412 2514 479 Quem
2546 410 2728 479 nequit
2764 419 2907 464 totus
2935 406 3190 462 cohibere
3214 407 3456 470 mundus,

2532 501 2752 555 Clandis
2782 501 2834 554 in
2863 499 3005 552 alvo.

2436 594 2604 660 Quem
2641 603 2877 648 tremunt
2905 591 3051 656 coeli,
3094 599 3336 644 metuunt
3363 589 3552 658 abyssi,

2359 686 2567 741 Laudat
2597 701 2846 746 occasus,
2878 693 3175 738 veneratur
3203 683 3350 737 ortus

2539 777 2777 848 Stringis
2803 777 2855 830 in
2889 776 3052 830 ulnis.

2425 869 2587 924 Lacte
2621 868 2854 922 nutritus
2877 867 2998 922 cibo
3029 867 3358 935 angelorum,

2354 960 2550 1015 Fertur
2573 960 2808 1028 innuptze
2839 961 3050 1030 gremio
3075 958 3280 1027 puelltc,

2357 1051 2460 1118 Qui
2483 1066 2580 1106 sua
2612 1052 2723 1104 late
2751 1051 2956 1105 ditione
2987 1058 3151 1103 terra-‘3

2539 1147 2784 1202 Pondera
2809 1145 2992 1199 librat.

2435 1238 2518 1294 Sit
2558 1240 2725 1293 decus
2748 1251 3017 1292 summum
3043 1237 3160 1289 sine
3187 1235 3289 1288 fine
3316 1233 3545 1298 Christo,

2355 1332 2518 1400 Virgo
2543 1347 2703 1400 quem
2735 1340 2922 1385 sancta
2951 1329 3138 1398 genuit
3166 1327 3364 1388 Maria.

2355 1424 2454 1490 Qui
2480 1423 2628 1476 Patri
2660 1438 2899 1491 compar,
2933 1421 3276 1490 Flam’nique
3298 1429 3482 1473 sancto

2354 1515 2561 1584 Regnat
2590 1515 2641 1568 in
2673 1530 2869 1570 aevum.
2900 1515 3097 1576 Amen,

563 427 635 480 ad
683 442 836 481 suam
886 435 1128 480 sanctam
1175 430 1362 480 url.em
1433 423 1746 477 Ravennam
1812 418 2136 487 regreditur,
2169 423 2214 476 Α

559 531 723 584 quem
756 516 1000 568 videntes
1045 515 1339 569 Christiani
1387 529 1510 568 cmn
1539 511 1734 581 gaudio
1764 513 2140 576 susceperunt.

555 605 643 658 Ad
666 606 888 674 primum
919 607 1223 669 autin/tona.
1247 603 1484 673 Angelus
1507 602 1716 656 Domini
1747 600 1962 653 beatum
1988 596 2148 666 Apol-

561 697 790 748 linarem
823 696 874 748 in
923 711 1141 748 carcere
1175 696 1436 758 vis‘itavit,
1475 693 1783 746 videntibus
1831 690 2147 744 custodibus

559 786 779 851 cibavit,
819 795 872 841 et
909 785 1254 840 confertavit.
1284 786 1365 838 Ad
1406 787 1616 838 tertium
1662 782 1969 850 antipltona.
2015 780 2150 835 Sus-

559 891 760 945 pensus
815 878 866 930 in
923 878 1150 946 equuleo
1223 877 1493 931 clamabat
1552 877 1740 929 beatus
1782 872 2144 941 Apollinaris:

560 967 850 1021 Dominum
897 967 1080 1022 Jesmn
1133 967 1407 1022 Christum
1447 968 1613 1019 Dcttm
1663 979 1849 1017 verum
1877 978 1996 1017 esse
2020 976 2147 1016 con-

560 1060 740 1114 fiteor.
793 1061 875 1113 Ad
923 1072 1123 1114 sextam
1173 1061 1478 1130 antipltouu.
1525 1060 1717 1112 Custos
1763 1065 1818 1110 et
1872 1062 2149 1124 protector

561 1162 764 1214 noster,
811 1153 1036 1206 Domine
1072 1153 1197 1206 .lesn
1233 1152 1469 1217 Christe,
1516 1165 1676 1218 quem
1708 1149 1899 1202 beatus
1939 1145 2148 1215 Apolli-

559 1241 710 1295 naris
751 1243 1025 1310 prticdixit,
1079 1243 1470 1306 benedicimus,
1508 1243 1764 1311 hymnum
1792 1239 2019 1293 dicimus
2051 1237 2144 1291 tibi

559 1332 672 1385 Deo
703 1342 905 1385 nostro.
939 1331 1144 1385 Oratio.
1189 1332 1492 1386 Salutarem
1521 1332 1676 1385 nobis
1709 1331 1858 1385 dedit
1883 1328 2144 1383 hodierna

563 1424 648 1476 die
686 1425 831 1477 beati
875 1423 1202 1492 Apollinaris
1242 1425 1540 1478 sacerdotis
1581 1432 1634 1478 ct
1685 1423 1942 1491 martyris
1975 1421 2049 1474 tui
2092 1421 2143 1473 in

564 1523 674 1578 tua,
701 1514 950 1579 Domine,
978 1515 1176 1569 virtute
1200 1515 1466 1569 confessio
1494 1515 1751 1578 lictitiam,
1777 1522 1970 1582 praesta
2003 1527 2147 1581 quie-

561 1620 772 1669 sumns,
819 1615 876 1658 nt
903 1607 1334 1660 conversationis
1357 1606 1473 1673 ejus
1505 1607 1810 1659 imitatione
1848 1602 2148 1672 prmdican-
2417 1625 2469 1663 1N
2507 1623 2873 1664 Assum-noxa
2925 1621 3142 1660 sucu;
3192 1620 3368 1658 nam;
3417 1616 3633 1656 vracrxts.

565 1699 651 1758 da,
675 1706 728 1749 et
755 1697 1144 1751 intercessione
1202 1698 1297 1750 tihi
1333 1697 1530 1765 placita
1569 1693 1771 1765 iugiter
1827 1694 2157 1770 gloriemur.
2316 1698 2709 1754 invitatoriam.
2762 1695 2908 1752 Odor
2961 1705 3106 1757 tuus,
3159 1703 3345 1748 sancta
3407 1691 3496 1745 Dei
3545 1689 3734 1748 Ge-tiil’it.

557 1787 641 1839 Ad
689 1802 876 1839 nonam
918 1788 1244 1855 nan/rona.
1269 1787 1467 1840 Sancte
1512 1786 1860 1855 Apollinaris,
1891 1785 2144 1839 sacerdos
2176 1784 2218 1842 B
2247 1792 2390 1847 sicut
2412 1795 2545 1848 odor
2573 1791 2820 1846 balsami.
2852 1790 3015 1856 Quasi
3044 1788 3241 1854 lilium,
3266 1788 3338 1840 ita
3361 1782 3620 1848 ﬂores,Dei
3643 1783 3734 1852 geni-

561 1883 613 1929 et
643 1885 846 1945 martyr
892 1874 1112 1940 Christi,
1165 1877 1456 1945 deprecare
1484 1891 1582 1944 pro
1623 1876 1780 1944 plebe
1835 1885 1948 1940 tua,
1981 1889 2148 1945 quam
2255 1887 2358 1940 trix
2396 1885 2579 1954 Virgo.

559 1979 627 2018 ex
673 1966 923 2034 gentibus
952 1968 1251 2036 acquisisti,
1301 1983 1399 2021 nos
1447 1976 1631 2021 autem
1683 1967 1910 2037 populus
1951 1979 2072 2022 tuus
2098 1978 2150 2022 et

557 2071 687 2110 oves
714 2058 892 2126 gregis
911 2058 1004 2124 tui,
1042 2060 1315 2113 intercede
1337 2076 1435 2129 pro
1459 2061 1612 2114 nobis
1637 2059 1772 2114 Filio
1800 2061 1913 2114 Dei.
1940 2060 2147 2115 Oratio.

563 2147 850 2204 Terribilis
872 2151 1034 2215 Deus,
1069 2162 1123 2205 et
1151 2152 1348 2204 invicta
1380 2151 1639 2206 fortitudo
1661 2167 1723 2205 ac
1759 2151 1923 2204 nimis
1948 2167 2149 2219 paven-

559 2242 626 2294 da
651 2249 914 2310 potestas,
950 2241 1150 2311 largire
1177 2243 1333 2298 nobis
1360 2245 1500 2297 beati
1528 2243 1861 2312 Apollinaris
1889 2244 2146 2313 martyris

559 2342 615 2386 ct
643 2333 941 2387 sacerdotis
969 2333 1043 2386 tui
1085 2335 1338 2403 precibus
1389 2335 1654 2404 stipendia
1693 2333 1881 2389 salutis
1910 2345 2146 2400 aeternae,

560 2433 621 2476 ut
649 2433 804 2476 casta
847 2432 1068 2493 pectora
1102 2424 1404 2493 hajulantes
1446 2425 1631 2478 laudes
1687 2435 1791 2479 tua:
1853 2425 2150 2478 clementia:

562 2513 884 2579 referamus,
915 2516 1032 2585 ejus
1057 2515 1318 2572 solemnia
1345 2515 1700 2571 celebrantes.
1729 2517 1808 2570 Ad
1836 2516 2146 2586 Magniticat

559 2607 868 2676 anliphona.
910 2609 1109 2679 Accipe
1140 2610 1405 2680 Spiritum
1431 2619 1704 2675 sanctum,
1750 2609 1907 2664 simul
1937 2609 2150 2679 pontifi-

560 2709 764 2754 catum.
797 2700 995 2771 Surge,
1049 2716 1214 2772 perge
1243 2701 1583 2768 Ravennam,
1638 2702 1926 2758 multitudo
1966 2702 2147 2772 populi

563 2792 636 2844 ibi
682 2802 943 2846 moratur.
1004 2793 1244 2848 Przedica
1298 2794 1376 2849 eis
1437 2793 1643 2858 Jesum,
1693 2795 1837 2863 quod
1907 2809 2032 2848 vere
2081 2794 2150 2848 sit

562 2885 737 2940 Filius
781 2887 897 2941 Dei.

639 2994 693 3033 IN
723 2995 919 3033 NATALI
947 2993 1131 3034 SANCTI
1165 2995 1397 3035 .EMYGDII
1426 2994 1660 3035 EPISCOPI
1696 2995 1764 3034 ET
1794 2992 2085 3034 Μιιῐιτῑῐιιε.
2160 3010 2166 3028 l

642 3070 724 3122 Ad
756 3069 1068 3139 Magniticat
1097 3071 1404 3140 antiphona.
1436 3069 1480 3126 Ο
1522 3069 1774 3141 ίΕηιγεάἰ
1801 3080 2004 3140 martyr
2039 3070 2148 3139 glo-

564 3163 732 3228 riose,
763 3177 900 3232 quos
921 3163 973 3216 in
1005 3163 1218 3218 Christo
1248 3164 1479 3234 genuisti
1514 3162 1655 3218 ﬁlios
1679 3157 1799 3217 tuos
1825 3163 2146 3232 sanguinem

565 3254 862 3320 fundendo,
903 3265 1012 3321 tua,
1054 3271 1384 3326 quaesumus,
1431 3256 1605 3310 oratio
1649 3255 1994 3310 commendet
2055 3270 2152 3310 nos

563 3347 934 3402 indesinenter
959 3348 1087 3404 Deo.
1131 3349 1435 3415 Antiphona
1461 3351 1530 3402 ad
1567 3348 1916 3404 Benedictus.
1951 3348 2152 3403 Sancte

565 3442 659 3499 Dei
706 3442 900 3512 praesul
948 3451 1002 3496 et
1060 3453 1266 3513 martyr
1316 3442 1596 3514 1Emygdi,
1642 3442 1755 3511 qui,
1800 3442 2152 3497 occidentalis

565 3535 810 3590 Francia:
847 3535 1111 3590 oriundus
1153 3536 1380 3590 Romam
1411 3536 1651 3602 veniens,
1680 3535 1999 3604 disponente
2021 3534 2152 3598 Deo,

569 3645 599 3683 a
660 3628 902 3684 Romano
943 3630 1199 3698 pontifice
1249 3631 1558 3686 destinatus
1609 3645 1668 3685 es
1723 3630 2044 3700 praedicator
2086 3631 2153 3684 ad

568 3719 893 3774 Esculanam
928 3722 1138 3786 urbem,
1169 3736 1269 3791 pro
1317 3723 1473 3776 nobis
1497 3722 1638 3790 apud
1663 3721 1828 3775 Deum
1858 3719 2151 3784 intercede,

570 3825 709 3880 quos
735 3810 917 3866 verbis
960 3820 1016 3866 et
1066 3812 1345 3868 miraculis
1370 3813 1436 3866 ad
1485 3813 1820 3880 agnitionem
1861 3811 2150 3865 Christiani

569 3903 805 3958 nominis
829 3903 1004 3959 fecisti
1034 3906 1241 3959 venire.

636 4009 690 4048 IN
722 4009 924 4050 \‘lGlLlA
951 4011 1331 4050 ASSUMPTIONIS
1354 4011 1571 4050 SANCTIE
1603 4010 1785 4048 MARIJ‘J
1820 4010 2073 4050 V'PRGINIS.

643 4086 723 4139 Ad
746 4102 982 4156 vespera:
1011 4090 1320 4157 antiphona.
1349 4088 1524 4142 Maria
1560 4087 1744 4156 Virgo,
1770 4104 1984 4158 semper
2013 4087 2155 4141 lacta-

569 4193 653 4242 re,
685 4193 806 4246 qua:
858 4179 1103 4234 meruisti
1154 4180 1431 4234 Christum
1475 4187 1695 4247 portare
1723 4179 1846 4232 cmli
1902 4189 1957 4233 ct
2001 4187 2157 4231 terrae

571 4268 931 4332 conditorem,
960 4269 1090 4339 quia
1123 4271 1190 4324 de
1217 4280 1306 4323 tuo
1340 4282 1495 4323 utero
1529 4269 1798 4338 protulisti
1826 4269 2010 4324 mundi
2039 4268 2157 4322 Sal-

569 4369 840 4414 vatorem.
878 4358 1080 4414 Psalmi
1112 4362 1176 4415 de
1201 4359 1384 4414 Feria.

1189 4469 1192 4474 ·
1236 4448 1494 4518 Hymnus.
2187 4462 2235 4520 υ

678 4540 946 4595 Gaudium
982 4542 1165 4595 mundi
1205 4557 1336 4594 nova
1363 4540 1514 4595 stella
1541 4541 1686 4606 coeli,

677 4630 978 4685 Procreans
1001 4630 1190 4695 solem,
1213 4630 1429 4699 pariens
1450 4640 1750 4698 parentem,

681 4721 756 4776 Da
784 4737 1002 4776 manmn
1026 4722 1213 4791 lapsis,
1239 4722 1322 4776 fer
1370 4733 1530 4790 Opem
1562 4723 1800 4785 caducis,

899 4813 1063 4884 Virgo
1093 4814 1291 4868 Maria.

755 4906 830 4960 Te
852 4907 961 4960 Deo
985 4907 1183 4961 factam
1210 4906 1382 4974 liquet
1412 4920 1532 4960 esse
1553 4903 1777 4958 scalam.

681 4999 959 5065 Quatenus
982 5013 1189 5053 summa
1214 4997 1347 5068 petit
1377 4997 1516 5052 altus
1569 4997 1698 5058 ima,

683 5089 793 5144 Nos
819 5093 884 5145 ad
909 5090 1123 5144 excelsa
1152 5089 1378 5144 remeari
1405 5087 1532 5143 (εωιί

935 5182 1182 5238 Culmina
1220 5183 1380 5237 dona.

755 5268 832 5322 Te
854 5271 1132 5327 beatorum
1155 5273 1352 5330 chorus
1375 5271 1714 5342 angelorum,

686 5360 762 5414 Te
793 5364 1176 5431 prophetarum
1206 5376 1262 5418 et
1307 5365 1674 5434 apostolorum

688 5453 836 5511 Ordo
862 5455 1136 5524 przelatam
1167 5455 1270 5512 sibi
1299 5457 1474 5511 cernit
1497 5471 1661 5510 unam

907 5542 1034 5597 Post
1054 5543 1344 5599 Deitatem.

758 5636 894 5692 Aula
921 5634 1157 5691 cmlestis
1186 5637 1428 5705 speciosa
1456 5638 1618 5706 regis,

693 5730 845 5787 Fnlta
869 5728 1107 5788 septenis
1143 5729 1358 5787 Sonhiae
1385 5729 1673 5791 columnis,

2177 3121 2222 3182 C

2907 1970 3171 2042 Hymnus.

2513 2065 2751 2121 Terrena
2787 2075 2980 2118 cuncta
3003 2062 3260 2132 jnbilent,

2437 2160 2597 2212 Astra
2621 2157 2870 2211 laudibus
2899 2156 3168 2218 intonent,

2391 2248 2631 2318 Virginis
2661 2257 2789 2302 ante
2817 2244 3116 2300 thalamum

2393 2341 2624 2397 Carmen
2658 2340 2929 2394 alternent
2954 2337 3284 2390 dramatum.

2470 2431 2596 2486 Hanc
2637 2430 2822 2500 Virgo,
2856 2426 3035 2482 Verbo
3059 2426 3306 2497 gravida,

2393 2522 2476 2576 Fit
2510 2519 2749 2591 paradisi
2770 2517 2960 2587 janua.

2393 2611 2522 2677 Qua:
2550 2609 2716 2663 Deum
2742 2607 2944 2660 mundo
2976 2603 3231 2671 reddidit,

2393 2701 2598 2757 Caelum
2633 2699 2787 2754 nobis
2813 2697 3046 2768 aperuit.

2461 2793 2612 2848 Felix
2642 2794 2746 2846 ista
2777 2804 3042 2859 puerpera

2394 2885 2520 2938 Erae
2548 2883 2666 2951 lege
2692 2882 2973 2938 liberrima

2393 2978 2655 3048 Concepit
2683 2977 2802 3031 sine
2827 2977 2994 3040 coitu,

2394 3071 2586 3125 Emisit
2608 3071 2812 3139 absque
2840 3069 3063 3139 gemitu.

2464 3163 2624 3218 Dives
2649 3161 2832 3216 Maria:
2863 3161 3150 3229 gremium,

2398 3253 2580 3309 Mundi
2613 3254 2844 3325 gestavit
2876 3253 3133 3324 pretium,

2407 3347 2524 3413 Quo
2544 3346 2841 3417 gloriemur
2868 3346 3061 3400 redimi

2397 3440 2590 3496 Soluto
2613 3438 2743 3509 jugo
2764 3439 2951 3494 debiti.

2469 3534 2644 3602 Quam
2677 3533 2857 3588 Patris
2885 3532 3072 3603 implet
3099 3533 3290 3600 Filius,

2400 3629 2634 3684 Sanctus
2652 3627 2943 3682 obumbrat
2973 3628 3230 3696 Spiritus,

2401 3719 2609 3774 Caelum
2637 3717 2774 3772 ﬁunt
2803 3719 3108 3773 castissima

2402 3809 2582 3865 Sacrae
2604 3810 2793 3879 puella:
2821 3811 3054 3864 viscera.

2471 3900 2614 3954 Laus
2646 3901 2766 3964 tibi,
2801 3901 2913 3954 ltex
2938 3900 3199 3955 altissime

2399 3993 2500 4058 Qui
2532 4001 2692 4046 natus
2723 4008 2784 4047 es
2815 3993 2881 4046 de
2916 3991 3138 4062 Virgine

2401 4086 2484 4141 Sit
2525 4086 2642 4141 laus
2680 4099 2736 4140 et
2760 4085 3020 4140 ineffabili

2400 4178 2571 4244 Patri,
2597 4189 2894 4246 sanctoque
2927 4178 3180 4232 Flamini.

2773 4267 3016 4339 Hymnus
3059 4269 3128 4321 ad
3152 4267 3348 4321 laudes.
3379 4259 3384 4264 ’

2401 4363 2608 4416 Aurora
2643 4361 2788 4414 velut
2825 4360 3024 4431 fulgida
3309 4343 3314 4352 ‘

2403 4455 2484 4508 Ad
2512 4453 2633 4508 caeli
2665 4463 2805 4507 meat
2826 4453 3084 4507 culmina.

2407 4548 2474 4600 Et
2509 4546 2586 4601 sol
2612 4545 2780 4600 Maria
2809 4536 3107 4615 splendida.

2403 4638 2684 4707 Tanquam
2714 4635 2837 4690 luna
2863 4635 3248 4706 pulcherrima.

2477 4728 2685 4799 Regina
2724 4727 2912 4782 mundi
2941 4727 3104 4782 hodie

2405 4819 2684 4875 Thronum
2713 4819 3030 4876 conscendit
3062 4817 3265 4888 glorim.

2404 4911 2559 4966 lllum
2583 4913 2741 4966 enixa
2766 4911 2988 4977 Filium,

2406 5001 2510 5067 Qui
2544 5011 2636 5056 est
2664 5012 2791 5056 ante
2823 5001 3128 5057 luciferum.

2478 5095 2770 5164 Assumpta
2801 5109 2967 5163 super
2998 5095 3237 5165 angelos,

2408 5181 2641 5238 Excedis
2661 5183 3031 5253 archangelos,

2410 5275 2615 5328 Cuncta
2647 5282 2957 5329 sanctorum
3003 5273 3194 5330 merita

2409 5363 2768 5420 'l‘ranscendit
2792 5381 2895 5418 una
2925 5366 3145 5422 femina.

2477 5454 2646 5520 Quem
2677 5457 2894 5510 foverat
2923 5458 2976 5512 in
3009 5459 3213 5528 gremio

2408 5543 2634 5598 Locarat
2666 5546 2718 5599 in
2759 5540 3042 5616 praesepio,

2417 5633 2569 5691 Nunc
2596 5638 2796 5709 Regem
2825 5655 2988 5708 super
3020 5643 3195 5694 omnia

2419 5724 2593 5782 Patris
2621 5729 2764 5783 violet
2794 5729 2846 5783 in
2877 5729 3063 5796 gloria.

2385 5869 2424 5878 -κ
