3846 6324
43 377 143 438 969
864 372 1208 428 EXCERPT.
1255 370 1345 425 EX
1385 370 1584 426 CODD.
1626 370 1906 426 LITURG.
1947 367 2476 424 FONTAYEILAN.

317 487 422 543 Pro
448 489 602 544 nobis
630 487 794 557 Virgo
822 488 1092 558 virginum

251 580 425 634 Tuum
458 579 687 649 deposce
712 577 931 640 Filium,

247 671 352 726 Per
380 685 543 739 quam
568 679 753 724 nostra
785 676 1099 738 susceperat

248 760 318 814 Et
356 775 454 814 sua
487 759 640 814 nobis
667 758 991 828 praebuerat.

317 849 460 906 Laus
487 851 605 917 tibi,
634 850 745 903 Rex
776 849 1062 915 altissime,
1096 859 1208 903 etc.

284 957 334 995 IN
376 958 585 998 OCTAVA
627 957 847 998 SANCTAE
889 957 1070 995 MANE
1117 955 1372 994 VIRGINIS.

111 1033 424 1104 Antiphonti
477 1037 544 1090 ad
588 1034 922 1106 Magni/ictu.
963 1035 1074 1090 Sub
1120 1044 1269 1089 tuum
1305 1031 1611 1103 praesidium

47 1130 406 1200 confugimus,
437 1125 529 1180 Dei
550 1125 838 1191 Genitrix;
885 1133 1127 1180 nostram
1173 1123 1612 1201 deprecationem

38 1239 100 1279 ne
129 1219 406 1290 despicias
430 1217 481 1270 in
515 1216 952 1278 necessitatibus,
979 1214 1072 1269 sed
1101 1228 1131 1266 a
1161 1211 1416 1282 periculis
1440 1211 1611 1265 libera

38 1330 130 1370 nos
155 1324 393 1380 semper,
427 1306 589 1376 Virgo
615 1303 866 1376 gloriosa.
903 1303 1102 1358 Ultima
1133 1303 1421 1373 autipltona
1457 1302 1613 1372 primi

41 1404 317 1459 Nocturni.
365 1400 421 1454 ln
461 1398 612 1468 prole
650 1405 844 1461 mater,
879 1400 932 1450 in
963 1406 1120 1466 partu
1152 1394 1325 1466 virgo,
1358 1393 1535 1464 gaude
1559 1402 1614 1447 et

43 1499 220 1552 ltetare
251 1491 447 1564 Virgo,
479 1499 657 1544 mater
683 1488 897 1566 Domini

418 1596 472 1635 IN
509 1594 708 1634 NA'I‘ALI
745 1593 932 1656 SANCTI
968 1591 1217 1631 MARTINI.

505 1672 584 1724 Ad
622 1686 860 1739 vespera:
891 1670 1136 1739 hymnus.

311 1764 428 1818 Rex
453 1761 690 1825 Christe,
721 1759 937 1815 Martini
968 1759 1132 1813 decus

237 1856 344 1911 Ilic
370 1854 486 1909 laus
516 1863 634 1919 tua,
674 1860 729 1905 tu
759 1851 924 1916 illius,

241 1949 326 2002 Tu
357 1961 456 2002 nos
480 1947 531 1999 in
559 1945 660 1999 hoc
693 1953 744 1999 te
775 1943 958 2000 colere

243 2039 477 2108 Quando
509 2027 685 2107 ipsum
714 2025 767 2090 in
797 2045 850 2091 te
883 2034 1077 2090 tribue.

314 2131 418 2198 Qui
447 2130 544 2184 das
575 2144 672 2199 per
697 2129 846 2184 orbis
873 2128 1123 2182 cardines

236 2223 397 2291 Quod
431 2235 642 2291 gemma
671 2219 838 2291 fulget
861 2217 1178 2290 prmsulum,

246 2317 354 2380 Da,
386 2333 523 2388 quos
546 2299 799 2386 premunt
824 2313 995 2380 culpa:
1029 2323 1246 2379 graves,

248 2405 442 2460 Solvat
467 2421 562 2476 per
588 2405 777 2475 ingens
801 2404 1071 2456 meritum.

351 2496 431 2550 En
462 2511 666 2565 pauper
688 2495 776 2550 hic
799 2503 852 2548 et
879 2490 1126 2547 modicus

232 2588 434 2644 Polum
466 2587 617 2641 dives
649 2585 974 2656 ingreditur.

238 2680 380 2737 Caeli
413 2680 669 2734 cohortes
697 2677 820 2732 obvi
833 2685 946 2740 ant,

241 2772 488 2841 Linguae,
523 2769 718 2834 tribus,
747 2775 933 2838 gentes
963 2773 1147 2821 ovant.

329 2860 403 2916 Ut
431 2860 536 2914 vita
569 2858 737 2928 fulget
764 2856 1026 2911 transitus

240 2949 382 3006 C(eli
413 2957 468 3003 et
494 2962 625 3002 arvo
657 2945 997 3016 splendidus,

241 3039 499 3096 Gaudere
529 3037 738 3092 cunctis
768 3035 912 3105 pium
940 3043 1045 3097 est,

243 3129 474 3185 Cunctis
501 3125 645 3182 salus
673 3125 744 3179 sit
765 3126 877 3178 haec
907 3123 1040 3177 dies.

318 3219 551 3274 Martine
572 3232 672 3287 par
701 3213 977 3284 apostolis,

243 3312 470 3367 Festum
505 3307 746 3362 colentes
775 3304 998 3380 tuiove,

252 3403 360 3468 Qui
394 3401 577 3454 vivere
604 3395 882 3466 discipulis
910 3394 1013 3459 vis,

242 3496 316 3549 Et
346 3491 483 3546 mori
514 3504 620 3543 non
656 3485 888 3555 respuis.

319 3586 432 3640 Fac
462 3599 623 3648 nunc,
656 3584 798 3652 quod
825 3581 951 3636 olim
982 3593 1249 3652 gesseras,

242 3677 402 3734 Nunc
427 3675 685 3746 praasules
713 3672 972 3737 clariﬁea,
1007 3728 1012 3733 ,

245 3771 402 3838 Auge
432 3768 596 3822 decus
626 3765 884 3820 Ecclesiae

249 3859 495 3916 Fraudes
525 3857 693 3912 relide
721 3855 956 3910 Satanae.

319 3949 422 4016 Qui
458 3958 540 4003 ter
567 3949 732 4002 chaos
763 3945 1054 4010 evisceras,

252 4041 462 4096 Mersos
491 4050 642 4094 reatu
671 4038 894 4102 suscita,

251 4131 528 4184 Diviseras
559 4139 619 4183 ut
645 4128 992 4192 chlamidem,

246 4221 361 4276 Nos
393 4221 555 4275 indue
582 4219 876 4288 ju5titiam.

323 4311 396 4367 Ut
427 4311 676 4382 specialis
707 4310 890 4380 gloria:

247 4405 536 4472 Quondam
566 4401 867 4458 recorderis
893 4408 1014 4462 tua},

252 4493 557 4549 Monastico
582 4507 726 4564 nunc
749 4489 944 4560 ordini;

247 4583 368 4640 Jam
398 4596 534 4652 pene
559 4581 708 4651 lapso
738 4579 984 4636 subveni.

325 4673 409 4728 Sit
438 4672 688 4726 Trinitati
719 4671 914 4741 gloria,

259 4763 526 4818 Martinus
551 4770 608 4816 ut
631 4763 914 4816 confessus
934 4768 1052 4828 est;

247 4855 416 4924 Cujus
447 4855 606 4910 ﬁdem
635 4870 732 4925 per
756 4869 947 4924 opera,

251 4947 308 4999 ln
334 4961 434 5001 nos
465 4953 519 5000 et
549 4945 662 5015 ipse
690 4945 929 5000 roboret.
968 4945 1158 4998 Amen.

441 5053 491 5090 IN
547 5051 907 5092 DEDICATIONE
945 5051 1209 5091 εεειεειιλε
1221 5073 1236 5089 .

503 5129 584 5183 Ad
634 5146 868 5199 vesperas
905 5129 1182 5198 hymutts..

153 5220 392 5287 Christe,
426 5229 750 5276 cunctorum
777 5215 1083 5276 dominator
1111 5220 1270 5285 alme,

153 5311 332 5367 Patris
360 5313 548 5366 aeterni
578 5313 795 5384 genitus
820 5313 888 5367 ab
915 5327 1012 5366 ore

155 5402 469 5475 Supplicum
495 5412 637 5469 vota,
671 5403 986 5474 pariterque
1013 5403 1276 5474 hymnum

567 5497 743 5552 Cerne
775 5496 1060 5566 benignus.

223 5587 398 5644 Cerne
421 5589 564 5658 quod
587 5603 743 5658 puro,
775 5588 939 5652 Deus,
969 5587 1023 5641 in
1059 5587 1267 5643 honore

164 5677 318 5735 Plebs
352 5689 439 5733 tua
470 5676 692 5749 supplex
720 5687 941 5732 resonat
965 5678 1019 5732 in
1042 5678 1186 5737 aula.

161 5767 345 5824 Annua
373 5768 527 5837 cujus
562 5771 791 5824 redeunt
815 5769 1044 5826 colenda

289 5882 565 5941 PATBOL.
599 5878 754 5942 CLI.

3187 375 3293 433 970

2247 485 2510 556 Tempore
2539 485 2696 540 festa.

1899 575 2027 631 Ilaec
2052 577 2243 631 domus
2271 577 2374 632 rite
2409 578 2504 632 tibi
2532 578 2773 634 dedicata

1820 667 2094 731 Nascitur,
2123 668 2178 721 in
2203 669 2308 737 qna
2337 669 2566 739 populus
2588 681 2869 725 sacratum

1822 756 2030 829 Corpus
2053 760 2306 822 assumit,
2334 761 2492 824 bibit,
2523 771 2578 815 et
2607 763 2754 817 beati

2142 849 2434 920 Sanguinis
2479 851 2773 917 haustum.

1893 939 2030 994 Hinc
2054 939 2388 994 sacrosancti
2418 939 2604 996 latices
2634 951 2882 998 veternas

1821 1027 2043 1082 Diluunt
2064 1028 2268 1098 culpas,
2299 1029 2674 1100 perimuntque
2712 1047 2912 1100 noxas,

1825 1119 2133 1177 Chrismate
2157 1138 2284 1178 vero
2314 1138 2484 1194 genus
2513 1131 2572 1178 ut
2602 1133 2818 1180 creetur

2247 1216 2716 1272 Christicolarum.

1898 1306 1997 1363 Hic
2027 1307 2174 1364 salus
2202 1309 2381 1380 aegris,
2411 1309 2676 1364 medicina
2701 1309 2881 1375 fessis,

1822 1395 2026 1450 Lumen
2054 1397 2280 1462 orbatis,
2307 1399 2574 1468 veniaque
2596 1390 2819 1454 nostris,

1818 1484 2013 1540 Fertur
2037 1484 2276 1548 olfensis,
2315 1487 2474 1542 timor
2497 1495 2660 1557 atque
2691 1481 2894 1542 maeror

2247 1575 2471 1630 Pellitur
2499 1578 2698 1632 omnis.

1896 1664 2169 1720 Dmmonis
2195 1681 2336 1720 saeva
2369 1665 2510 1736 perit
2536 1668 2625 1723 hic
2656 1667 2866 1738 rapina,

1829 1755 2092 1810 Pervieax
2121 1765 2422 1811 monstrum
2453 1767 2636 1827 pavet,
2664 1769 2718 1813 et
2745 1769 2955 1815 retenta

1829 1844 2068 1915 Corpora
2098 1844 2347 1914 linquens
2369 1847 2506 1916 fugit
2547 1847 2603 1900 in
2638 1857 2874 1903 remotas

2262 1937 2426 1992 Ocius
2459 1937 2700 1992 umbras.

1904 2023 2006 2079 ilic
2029 2025 2178 2082 locus
2204 2041 2395 2097 nempe
2421 2018 2686 2082 vocitatur

1821 2113 1961 2168 Aula
1993 2113 2155 2185 Regis
2182 2117 2392 2177 teterni.
2424 2116 2675 2186 niveique
2701 2117 2854 2182 cmli,

1825 2201 2100 2274 Portaque
2125 2204 2247 2259 vitae
2272 2207 2502 2276 patriam
2533 2216 2781 2276 petentes

2212 2295 2424 2364 Accipit
2449 2311 2659 2352 omnes.

1893 2382 2074 2440 Turbo
2097 2402 2256 2456 quam
2283 2386 2459 2441 nullus
2485 2387 2679 2456 quatit,
2705 2399 2799 2443 aut
2822 2399 3078 2457 vagantes

1849 2477 2080 2531 Dirunut
2113 2477 2282 2541 venti,
2309 2487 2706 2547 penetrantque
2730 2478 2919 2546 nimbi,

1841 2570 1960 2625 Non
1990 2568 2142 2623 tetris
2168 2567 2313 2633 laedit
2341 2568 2528 2637 piceus
2552 2568 2788 2624 tenebris

2213 2659 2474 2715 Tartarus
2499 2661 2744 2716 horrens.

1901 2752 2219 2818 Quaesumus
2240 2767 2391 2822 ergo,
2424 2753 2589 2814 Deus.
2619 2762 2678 2808 ut
2706 2763 2901 2810 sereno

1828 2842 2053 2897 Annuas
2081 2841 2230 2895 vultu
2262 2841 2494 2898 famulos
2524 2845 2756 2910 videre,'.

1831 2935 1931 3002 Qui
1964 2936 2038 2991 tui
2067 2951 2310 2992 summos
2340 2937 2618 2992 celebrant
2649 2953 2836 2995 amore

2105 3093 2108 3096 Q
2269 3025 2474 3080 Gaudia
2513 3027 2720 3097 templi.

1907 3116 2064 3172 Nulla
2092 3132 2191 3173 nos
2217 3117 2340 3172 vitae
2368 3119 2615 3172 cruciant
2640 3119 2889 3186 molesta,

1827 3205 1949 3262 Sint
1969 3207 2084 3261 dies
2106 3207 2235 3273 laeti,
2267 3207 2600 3276 placidaeque
2651 3218 2857 3273 noctes,

1826 3293 2012 3349 Nullus
2041 3309 2108 3348 ex
2137 3295 2289 3372 nobis
2319 3305 2575 3364 pereunte
2602 3298 2801 3353 mundo

2253 3386 2461 3441 Sentiat
2487 3387 2659 3457 ignes.

1903 3476 2000 3531 llic
2030 3465 2165 3543 dies,
2193 3492 2247 3530 1n
2271 3492 2376 3546 quo
2406 3477 2499 3532 tibi
2531 3486 2904 3535 conseCratam

1827 3566 2108 3635 Conspicis
2146 3582 2293 3620 aram
2324 3567 2525 3623 tribuat
2552 3583 2792 3640 perenne

1826 3658 2093 3714 Gaudium
2117 3659 2288 3722 nobis,
2323 3661 2614 3731 vigeatque
2647 3662 2809 3733 lo’ngo

2249 3745 2530 3818 Temporis
2561 3766 2682 3806 usu.

1892 3837 2128 3893 Gloriam
2156 3854 2366 3894 summo
2389 3856 2707 3898 rcsonemus
2737 3843 2885 3900 Patri

1827 3926 2070 3981 Gloriam
2094 3928 2254 3995 Nato,
2287 3929 2600 3999 pariterque
2627 3941 2822 3986 sancto

1831 4017 2054 4086 Spiritui
2087 4019 2232 4072 dulci
2262 4019 2600 4074 modulemur
2625 4021 2831 4092 hymno

2135 4109 2267 4164 Esse
2298 4124 2394 4180 per
2419 4125 2612 4165 aevum.
2687 4112 2881 4168 Amen.

1723 4225 1791 4280 In
1831 4225 1975 4281 calce
2018 4225 2309 4296 supradicti
2341 4226 2583 4349 brqqiarii
2633 4227 2822 4299 legitur
2869 4229 3090 4300 ofﬁcium
3140 4231 3303 4290 beata:

2470 4313 2617 4349 ante.

2470 4313 2617 4352 urttv.

1725 4425 1922 4465 INCIPIT
1976 4423 2228 4464 OFFICIUII
2278 4425 2466 4463 ΒΕΑΤιΕ
2528 4424 2710 4464 ΜΔΚΙΛΕ
2757 4424 2992 4465 VIRGINIS
3027 4423 3303 4468 SECUNDUM

1650 4497 1704 4558 Β
1798 4494 2241 4534 CONSUETUDINEM
2288 4493 2649 4534 DIONACHOIIUII
2705 4494 3030 4536 MONAS'I'ERII
3083 4496 3304 4538 εΛΝοτλε

1798 4565 1985 4604 CRUCIS
2023 4564 2212 4604 FORTIS
2254 4564 2568 4604 ΛνειιΑΝλε.

1798 4665 1882 4718 Ad
1926 4663 2266 4718 matutinum.
2311 4664 2562 4732 Domine,
2606 4665 2746 4719 labia
2777 4679 2897 4720 mea
2926 4663 3159 4734 aperics,
3194 4675 3301 4721 etc.

1727 4775 1888 4830 usque
1909 4758 1976 4812 ad
2000 4757 2262 4811 lectiones.
2287 4756 2463 4811 Lectio
2484 4759 2676 4828 prima.
2699 4757 2899 4812 Sancta
2921 4756 3111 4822 Maria,
3143 4756 3306 4828 Virgo

1729 4853 2016 4924 virginum,
2071 4858 2246 4905 mater
2288 4858 2342 4904 et
2387 4849 2495 4904 filia
2549 4849 2714 4918 Regis
2772 4863 2992 4919 regum,
3056 4848 3303 4903 omnium

1729 4954 1879 4998 tuum
1930 4943 2085 4999 nobis
2121 4943 2374 5012 impende
2418 4941 2714 5004 solatium,
2761 4949 2820 4993 ut
2862 4939 3105 4994 caelestis
3156 4940 3310 5010 regni

1729 5049 2036 5090 mereamur
2057 5033 2258 5089 habere
2281 5032 2588 5103 praemium,
2613 5046 2736 5086 cum
2758 5028 2946 5084 electis
2964 5029 3057 5083 Dei
3081 5042 3313 5098 regnare

1670 5152 1672 5154 τ
1730 5129 1782 5183 iu
1804 5135 2144 5198 perpetuum.
2168 5125 2220 5193 ἡ.
2239 5124 2308 5179 Ut
2337 5126 2476 5194 apud
2503 5139 2620 5180 nos.
2638 5121 2814 5177 Lectio
2835 5120 3088 5176 secunda.
3105 5118 3309 5175 Sancta

1729 5220 1925 5285 Maria,
1966 5219 2177 5288 piarum
2213 5215 2480 5287 piissima,
2523 5215 2800 5271 intercede
2839 5228 2938 5285 pro
2968 5211 3146 5277 nobis,
3184 5227 3312 5267 san-

1730 5322 1941 5367 ctarum
1983 5308 2354 5372 sanctissima,
2389 5315 2451 5361 ut
2480 5321 2577 5376 per
2608 5316 2659 5360 te
2687 5314 2870 5362 sumat
2899 5313 3087 5360 nostra
3115 5318 3311 5375 preca-

1730 5400 1902 5465 mina,
1931 5397 2024 5468 qui
2061 5411 2161 5468 pro
2197 5396 2353 5450 nobis
2383 5404 2545 5450 natus
2575 5403 2765 5465 regnat
2790 5409 2956 5464 super
2979 5394 3206 5464 aethera,
3251 5402 3311 5448 ut

1731 5503 1822 5548 tua
1846 5492 2068 5562 opietate
2106 5487 2284 5544 deleat
2320 5495 2502 5540 nostra
2527 5485 2857 5556 peccamina.
2885 5485 2942 5554 ιῆ.
2969 5484 3132 5539 Felix
3151 5499 3310 5538 nam-

1731 5597 1858 5653 que,
1911 5591 2016 5635 etc.
2070 5577 2250 5632 Lectio
2284 5576 2460 5631 tertia.
2503 5574 2703 5630 Sancta
2740 5575 2836 5630 Dei
2876 5574 3148 5640 Genitrix,
3190 5588 3311 5642 quae

1731 5674 1890 5741 digne
1921 5668 2166 5724 meruisti
2209 5665 2498 5734 concipere
2540 5681 2698 5738 quem
2736 5675 2881 5722 totus
2923 5665 3074 5720 orbis
3119 5660 3309 5732 nequit

1731 5758 2213 5830 comprehendere,
2241 5770 2549 5825 quaesumus
2572 5763 2632 5810 ut
2660 5765 2750 5810 tuo
2784 5756 3091 5809 interventu
3122 5748 3307 5820 culpas

2710 5869 2781 5926 31
