3846 6324
86 345 217 402 975

247 456 420 526 Quem
445 459 660 517 Gabriel
690 462 1006 531 praedixerat
1022 505 1039 529 ,

249 551 421 617 Quem
448 554 640 608 matris
661 554 779 610 alvo
799 556 1051 626 gestiens.

243 644 475 700 Clausus
498 645 735 702 Joannes
757 658 1019 704 senserat.

1537 354 1883 413 “ICROLOG
1896 356 2001 411 Ub.
3268 365 3378 425 9M

1712 473 1766 530 Α
1862 466 1919 534 ᾖ.
1962 466 2101 522 Ecce
2129 466 2326 523 ancilla
2354 468 2584 524 Domini.
2616 467 2910 526 Canticum.
2944 471 3095 529 Nunc
3124 474 3373 532 dimittis.

1795 558 2111 627 Antipltoua.
2137 558 2275 614 Ecce
2297 560 2559 630 completa
2585 570 2726 616 sunt.
2756 561 2958 619 Oratio.
2996 567 3133 621 Deus
3166 568 3253 637 qui
3285 584 3371 623 sa-

315 734 498 792 Gloria
531 737 646 804 tibi,
679 740 922 796 Domine.

680 906 856 918 ...ο-ο..

86 897 952 928 ω““υ““.“νδι
967 910 1181 919 *σο-ἰ-
1195 912 1261 921 υ..
1288 917 1296 928 Ι
1341 912 1679 928 ..ΝΔᾈοῨ-..κσ

1080 917 1098 919 ν
1119 917 1174 919 __
1196 917 1294 933 νὴ,
1341 917 1562 933 --η-..⁵η

1792 649 1937 715 tntis,
1968 662 2073 705 etc.

1276 1299 2182 1416 MICROLOGUS

598 1526 744 1623 DE
834 1534 1769 1664 ECCLESIASTICIS
1839 1538 2131 1632 OBSE
2157 1538 2970 1632 RVATIONIBUS

1467 1794 1935 1858 OPUSCULUM

164 1926 332 1982 ante
360 1938 564 1985 annos
595 1932 936 1990 sexcentos
966 1931 1398 2007 conscriptum
1433 1934 1509 1994 ab
1548 1933 1806 1996 homine
1841 1937 2248 2001 antiquitatis
2286 1942 2734 2006 ecclesiasticae
2768 1946 3248 2010 studioswsimo

1576 2163 1774 2206 οΡειιΑ

868 2300 1279 2395 JACOBI
1359 2301 1852 2394 PAMELII
1931 2310 2598 2401 BRUGENSIS

1189 2472 1248 2523 S.
1284 2470 1700 2528 'I‘IIEOIDGIA‘Z
1733 2473 2117 2532 LICENTIATI

372 2684 438 2739 In
464 2685 629 2739 lucem
663 2686 887 2753 primum
914 2685 1109 2740 editum
1138 2697 1187 2741 et
1208 2702 1325 2756 1am
1354 2703 1582 2744 secundo
1611 2690 1683 2745 ad
1707 2704 2064 2765 manuscripta
2089 2696 2407 2767 exemplaria
2434 2698 2498 2753 ab
2524 2699 2701 2754 eodem
2734 2703 3075 2772 recognitum.

1134 2840 1473 2905 (Bibliotheca
1505 2840 1726 2896 Patrum
1750 2844 1933 2912 XVIII,
1963 2847 2120 2919 469.)

1593 3002 1892 3016 ———-——-

830 3125 1133 3182 JACOBUS
1157 3125 1507 3185 PAMELIUS
1536 3130 1928 3187 BRUGENSIS
1962 3130 2259 3188 LECTORI
2288 3136 2584 3193 CANDIDO
2618 3137 2676 3195 S.

130 3379 464 3460 pugilatus
494 3393 619 3460 sum
645 3379 723 3460 .in
772 3377 1168 3460 copqnirendts
1192 3378 1559 3460 undequaque
1600 3363 1743 3459 tit-13
1772 3387 2067 3460 ponerent,_
2093 3394 2220 3460 quae
2268 3379 2381 3433 suis
2430 3379 2671 3460 numeris
2719 3378 2986 3460 absoluta,
3050 3388 3165 3460 to_t_o
3195 3382 3357 3438 Chri-

51 3452 181 3503 hris
232 3448 434 3501 llahani
491 3447 684 3514 Mauri,
746 3446 1138 3517 archiepiscopi
1192 3446 1507 3517 Moguntiui,
1562 3446 1665 3501 viri

52 3522 221 3573 citra
250 3517 643 3572 dubitationem
691 3534 907 3575 omnem
937 3518 1291 3573 eruditissimi
1317 3533 1382 3571 ac
1409 3518 1461 3570 in
1486 3532 1668 3571 sacra-

56 3606 193 3643 rum
241 3587 541 3659 litterarum
593 3588 1308 3659 expositioneversutissimi
1333 3587 1552 3657 (quippe
1574 3587 1666 3654 qui

53 3658 486 3715 exactissimum
533 3660 585 3712 in
639 3658 890 3714 universa
922 3658 1093 3712 Biblia
1127 3672 1280 3711 sacra
1330 3665 1666 3711 commenta-

56 3733 225 3783 rium
258 3742 287 3781 e
330 3737 571 3782 veterum
605 3730 973 3795 theologorum
1027 3728 1394 3782 monumentis
1436 3726 1665 3795 college-

52 3801 154 3867 rit)
194 3797 266 3851 ad
304 3813 401 3851 nos
428 3799 623 3853 missus
644 3810 727 3854 est
753 3796 1121 3853 ebibliotheca
1146 3798 1362 3864 Septem
1390 3796 1663 3867 Fontium,

55 3869 305 3939 Babani
343 3868 519 3939 titulo,
572 3869 896 3939 Mierologus
927 3868 994 3921 de
1041 3867 1429 3939 ecclesiasticis
1479 3866 1666 3939 obser-

56 3936 412 3992 vationibus.
462 3938 630 4004 Quem
665 3940 754 3993 ubi
791 3936 1023 4009 primum
1057 3938 1287 4007 inspexi,
1340 3951 1404 3991 ac
1431 3952 1497 3991 ex
1535 3936 1667 4059 ipsis

56 4009 317 4059 canitum
359 4008 529 4059 titulis
586 4010 749 4059 totius
806 4009 988 4059 oneris
1053 4019 1431 4059 araumentum
1479 4006 1530 4059 di
1576 4006 1663 4059 ici.

48 4009 317 4077 capitum
359 4008 529 4062 titulis
586 4010 749 4063 totius
792 4006 988 4077 'operis
1053 4006 1431 4074 argumentum
1479 4006 1663 4071 didici,

54 4081 280 4133 mirum
304 4090 641 4146 quantopere
665 4095 729 4133 eo
764 4080 1021 4133 thesauro
1051 4080 1272 4131 invento
1294 4078 1396 4130 situ
1421 4078 1661 4146 gavisus,

50 4149 381 4217 praesertim
416 4149 560 4215 quod
592 4164 715 4217 spes
757 4158 905 4202 certa
937 4146 1243 4216 etl‘ulgeret,
1267 4161 1425 4216 posse
1456 4162 1543 4201 me
1567 4162 1666 4201 suo

49 4215 450 4289 iam‘tandem
479 4215 684 4272 auctori
720 4218 915 4289 librum
978 4215 1126 4271 illum
1182 4232 1447 4281 asserere,
1497 4232 1663 4289 quem

51 4286 207 4341 alibi
260 4287 469 4340 incerto
526 4298 749 4343 auctore
795 4288 1021 4341 citatum
1067 4290 1411 4356 reperissetn,
1465 4300 1525 4341 ut
1571 4287 1664 4356 qui

52 4374 182 4412 non
218 4356 525 4426 ignorarem
561 4358 846 4426 scripsisse
876 4356 1157 4411 Rabannm
1216 4360 1280 4411 de
1310 4358 1507 4411 divinis
1552 4357 1668 4411 olli-

51 4429 206 4497 ciis.
228 4424 426 4479 Verum
458 4427 583 4481 dum
607 4424 766 4497 paulo
811 4437 933 4496 post
955 4428 1170 4497 penitus
1214 4429 1456 4481 codicem
1492 4429 1664 4480 intro-

50 4495 269 4566 spicio,
320 4495 749 4567 etmentionem
802 4495 853 4551 in
917 4497 1011 4551 illo
1063 4496 1180 4550 ﬁeri
1221 4498 1378 4550 video
1416 4497 1664 4567 Gregorii

51 4565 231 4638 papae
274 4565 508 4638 septimi,
546 4578 710 4638 atque
758 4568 1136 4638 episc0porum
1167 4567 1425 4638 Amalarii
1475 4565 1667 4638 Trevi-

56 4637 253 4693 rensis
274 4646 328 4690 et
354 4637 589 4691 Anselmi
622 4637 907 4700 Lucensis,
949 4638 1037 4707 qui
1064 4638 1278 4691 sarculis
1300 4637 1504 4704 aliquot
1548 4637 1654 4689 Ba-

1773 3448 1954 3503 stiano
1989 3449 2484 3522 orbi__observanda
2537 3450 2861 3522 auctoritate
2906 3452 3199 3520 apostolica
3232 3469 3357 3522 pro-

1772 3528 2051 3585 ponerent.
2103 3519 2210 3573 llos
2240 3534 2361 3573 cum
2396 3534 2501 3571 non
2557 3519 2859 3573 dubitarem
2891 3519 2957 3573 ad
3009 3521 3172 3574 ritum
3212 3519 3357 3576 vete-

1770 3602 1883 3641 rem
1930 3588 2186 3643 Ecclesiae
2228 3589 2485 3642 Romana:
2530 3589 2710 3642 omnia
2755 3590 3232 3657 redintegraturos,
3268 3601 3355 3645 at-

1770 3671 1875 3725 que
1910 3658 1976 3711 ad
1998 3674 2145 3731 _e_am
2169 3674 2293 3731 rem
2324 3660 2447 3711 'non
2480 3673 2671 3731 parum
2723 3661 3029 3715 conducere
3058 3676 3217 3731 posse
3258 3677 3356 3717 no-

1773 3735 1945 3780 strum
1995 3727 2368 3800 Micrologum,
2399 3743 2515 3800 ego,
2544 3728 2690 3781 illum
2744 3731 2920 3797 primo
2960 3727 3173 3800 quoque
3216 3740 3356 3785 tem--

1770 3810 1900 3865 pore
1953 3798 2312 3867 evulgandum
2375 3799 2563 3869 tenui,
2628 3807 2813 3868 utpote
2862 3816 2892 3854 e
2947 3798 3056 3869 quo
3088 3798 3356 3856 ‘resarciri

1769 3876 2165 3945 possentantum
2198 3882 2311 3945 non.
2334 3867 2728 3945 existimarem,
2757 3867 3014 3945 quidquid
3043 3890 3071 3925 a
3094 3872 3353 3942 primaeva

1770 3935 1857 3988 illa
1919 3935 2149 3991 Romani
2196 3938 2403 3991 ordinis
2459 3935 2801 3994 institutione
2862 3935 3129 3994 variatum
3181 3950 3352 3996 esset.

1774 4006 1946 4071 Quam
1976 4008 2191 4071 quidem
2247 4008 2312 4062 ad
2368 4021 2480 4062 rem
2529 4024 2651 4063 cum
2686 4010 2912 4063 multqu
2938 4011 3101 4065 etiam
3130 4011 3352 4065 Amala-

1769 4080 1932 4141 rium,
1988 4075 2344 4131 Walafridum
2382 4120 2397 4141 ,
2454 4077 2747 4143 Strabum,
2806 4096 2870 4134 ac
2920 4080 3139 4135 Honorii
3189 4080 3354 4136 Gem-

1769 4163 1912 4201 mam
1965 4147 2241 4218 conferre,
2305 4147 2579 4218 fatendum
2628 4149 2718 4213 sit,
2765 4158 2942 4203 tamen
3006 4150 3163 4218 huius
3216 4152 3351 4205 mihi

1769 4217 2064 4271 auctoritas
2094 4233 2225 4287 non
2253 4217 2594 4287 negligenda,
2638 4219 2744 4273 imo
2791 4221 3004 4273 caneris
3034 4222 3195 4273 etiam
3224 4234 3348 4275 esse

1768 4288 2129 4410 rrmpouenda
2180 4286 2457 4341 videtur:
2510 4297 2731 4356 propter
2778 4304 2922 4352 eam,
2974 4304 3135 4357 quam
3184 4289 3346 4360 longo

1789 4372 1961 4410 tarum
2018 4372 2199 4410 rerum
2255 4372 2355 4410 usu
2409 4366 2465 4410 et
2509 4373 2615 4409 non
2664 4357 2922 4410 Amalarii
2974 4368 3203 4410 tantum.
3254 4361 3346 4410 nui

1789 4372 1961 4410 tarum
2018 4372 2215 4427 rerum,
2255 4372 2381 4427 usu,
2409 4366 2465 4411 et
2509 4373 2615 4409 non
2646 4357 2922 4427 ~Amalarii
2974 4368 3203 4423 tantum,
3254 4357 3349 4427 q‘ui

1771 4426 1909 4481 inter
1943 4428 2040 4481 hos
2096 4425 2254 4481 facile
2305 4426 2601 4495 principem
2645 4425 2821 4481 locum
2874 4427 3103 4491 obtinet,
3154 4425 3349 4482 verum

1768 4496 1928 4566 longe
1990 4496 2156 4549 etiam
2208 4495 2579 4563 antiquiorum
2618 4537 2632 4557 ,
2694 4512 2921 4566 quorum
2972 4499 3111 4566 apud
3160 4512 3351 4553 omnes

1769 4576 1957 4620 sancta
1989 4566 2153 4637 debet
2197 4579 2318 4620 esse
2349 4566 2671 4637 auctoritas,
2701 4567 2946 4637 diligenti
2986 4566 3215 4621 lectione
3247 4568 3352 4622 sibi

1770 4636 2055 4705 acquisivit
2081 4650 2258 4690 rerum
2311 4635 3160 4706 ecclesiasticaruufsingularem
3193 4638 3341 4706 peri-

50 4710 219 4763 bano
248 4717 375 4776 sunt
403 4708 755 4776 posteriores,
788 4708 930 4763 illius
980 4723 1085 4761 non
1138 4722 1257 4762 esse
1285 4715 1435 4761 certo
1462 4708 1652 4776 deprc—
1680 4709 1722 4766 C
1758 4707 1907 4776 tiam.

53 4777 263 4833 luendi.
319 4775 503 4845 Neque
555 4788 732 4832 tamen
766 4778 820 4832 id
872 4793 960 4835 me
1007 4778 1275 4832 deterruit
1322 4778 1389 4831 ab
1419 4778 1657 4831 editione

52 4846 244 4903 semel
277 4848 459 4904 animo
489 4858 791 4917 concepta;
848 4850 976 4916 quin
1010 4848 1210 4916 potius,
1234 4847 1377 4915 quod
1412 4848 1532 4913 tibi,
1558 4847 1658 4901 Le-

54 4930 213 4982 ctor,
259 4929 471 4986 gratum
532 4920 680 4973 illutn
721 4919 837 4973 fore
865 4918 992 4971 mihi
1031 4920 1437 4987 pet-suaderem,
1466 4918 1661 4971 eblat-

56 4991 139 5043 tis
190 5004 260 5041 ac
291 4988 449 5043 tineis
492 4988 606 5058 jam
667 4990 882 5043 tandem
912 4986 1198 5057 aliquando
1228 4987 1523 5041 eruendum
1572 5004 1661 5041 su-

56 5058 222 5127 scepi
257 5072 274 5111 :
304 5058 403 5112 hoc
433 5059 552 5127 ipso
594 5058 1158 5129 quoquemnnuseulo
1186 5058 1458 5129 litterario
1482 5058 1663 5129 conci:

60 5130 212 5182 liare
244 5143 328 5181 tne
353 5144 510 5198 posse
533 5127 683 5183 ratus
708 5127 1075 5184 studiosorum
1107 5128 1337 5189 animos,
1376 5135 1434 5181 ut
1463 5128 1506 5181 si
1534 5127 1665 5196 quid

58 5213 245 5267 penes
276 5213 333 5252 se
389 5201 621 5255 habeant
662 5199 894 5264 Rabani,
924 5215 1031 5268 quo
1063 5214 1241 5252 meum
1299 5200 1400 5251 hoc
1446 5198 1663 5251 institu-

63 5282 195 5323 tum
253 5276 357 5321 tam
415 5271 559 5339 pium
611 5284 932 5341 promovere
981 5278 1225 5341 queaut,_
1256 5269 1661 5323 communicare

62 5355 183 5393 non
240 5338 571 5407 graventur;
611 5338 774 5409 'qnod
818 5349 877 5393 ut
912 5338 1136 5401 faciant,
1162 5338 1228 5392 ad
1278 5354 1442 5391 unum
1474 5353 1664 5392 omnes

62 5410 245 5463 etiam
274 5420 434 5478 atque
456 5412 617 5465 etiam
662 5427 791 5481 rogo
829 5420 989 5481 atque
1018 5410 1151 5462 adeo
1182 5412 1448 5481 obtestor.

148 5482 399 5535 Accessit
422 5493 475 5535 et
508 5482 619 5536 alia
647 5478 862 5536 occasio
888 5478 1009 5549 qua:
1059 5494 1145 5533 me
1191 5480 1325 5533 velis
1373 5478 1662 5549 remisque,

67 5551 225 5620 quod
255 5551 425 5613 aiunt,
471 5552 524 5605 in
573 5552 715 5607 hanc
762 5547 972 5619 impulit
1027 5550 1375 5605 sententiam.
1406 5547 1658 5618 Synodus

66 5621 375 5675 novissima
430 5621 745 5676 Tridentina
800 5621 990 5675 Patres
1041 5622 1303 5689 quosdam
1362 5630 1513 5674 certo
1566 5636 1661 5673 nnc

70 5706 237 5744 mero
260 5693 476 5761 delegit,
506 5692 596 5761 qui
627 5693 694 5745 ad
726 5692 1030 5745 evitandam
1055 5690 1216 5761 illam
1246 5694 1430 5760 (quant
1460 5690 1664 5746 calu'n-

72 5763 303 5815 uiantnr
331 5760 500 5816 uestri
527 5760 711 5817 smculi
747 5760 1071 5830 Aristarchi)
1115 5761 1315 5815 rituum
1337 5761 1667 5816 ecclesiasti—

68 5848 270 5887 eorum
297 5834 741 5904 discrepantiam,
793 5830 1127 5885 Breviarium
1181 5847 1243 5885 ac
1279 5831 1489 5887 Missale
1522 5846 1669 5886 com-

1836 4775 1899 4830 lli
1930 4784 2074 4841 sunt,
2110 4775 2285 4846 Magni
2323 4775 2570 4846 Gregorii
2602 4776 3071 4833 Sacramentarius
3110 4788 3165 4833 et
3189 4778 3347 4833 Anti-

1763 4847 2102 4918 p_honarius,
2159 4858 2324 4918 atque
2371 4847 2683 4918 Hieronymi
2734 4847 3125 4915 Lectionarius,
3180 4864 3344 4918 quem

1768 4916 2023 4987 Comitem
2080 4917 2378 4987 inscripsit,
2419 4916 2586 4982 Quos
2613 4918 2663 4971 in
2701 4918 2897 4971 divinis
2926 4918 3115 4973 olliciis
3146 4916 3350 4973 consti-

1769 4986 1983 5041 tuendis
2025 4986 2125 5042 sibi
2163 4986 2469 5042 ob'oculos
2507 5002 2724 5056 semper
2768 4988 2970 5056 posuit,
3005 4998 3060 5043 et
3102 4990 3246 5043 sicut
3282 4988 3353 5041 ad

1769 5057 2107 5127 Cynosuram
2151 5067 2357 5123 nautar,
2396 5058 2470 5111 ita
2500 5058 2566 5127 ad
2620 5057 2718 5111 hos
2763 5072 2975 5127 semper
3027 5060 3127 5111 sibi
3179 5059 3354 5126 respi-

1772 5126 2021 5181 ciendum
2066 5142 2186 5182 esse
2240 5127 2466 5196 putavit.
2521 5126 2650 5190 Eos,
2697 5142 2821 5181 cum
2872 5129 2938 5181 ad
2984 5128 3355 5183 ecclesiastica

1767 5197 1940 5251 oﬂicia
1971 5209 2115 5252 recte
2145 5198 2520 5252 constituenda
2569 5196 2856 5265 plurimum
2910 5199 3190 5253 obtineant
3238 5212 3357 5250 mo—

1770 5268 1963 5331 menti,
1988 5283 2085 5320 nos
2109 5267 2416 5337 propediem
2453 5267 2513 5337 in
2544 5266 2718 5321 lucem
2744 5266 3101 5335 proferemus,
3132 5277 3207 5329 et,
3243 5268 3353 5322 Deo

1771 5342 2122 5407 approbante.
2168 5353 2291 5391 cum
2319 5336 2571 5401 omnibus
2598 5340 3138 5392 communicabimus.
3170 5338 3214 5392 E
3235 5344 3358 5405 qui-

1773 5409 1894 5471 bus,
1926 5422 2041 5477 mea
2073 5408 2290 5475 quidem
2322 5408 2612 5473 sententia,
2666 5410 2869 5462 rectius
2915 5408 3157 5477 pristina:
3209 5409 3359 5462 inte-

1774 5474 1959 5547 gritati
1990 5474 2169 5530 omnia
2214 5478 2423 5531 reStitui
2477 5476 2709 5546 possint,
2734 5474 2933 5547 quam'
2973 5491 3005 5531 e
3046 5477 3360 5533 Missalibus

1763 5546 1855 5601 aut
1874 5546 2165 5619 Bxeviariis
2185 5562 2305 5619 qua:
2335 5547 2493 5603 hodie
2512 5546 3002 5619 circumferuntur:
3031 5563 3152 5619 qum
3170 5562 3355 5619 quan-

1766 5634 1930 5688 quant
1961 5617 2179 5689 Ordinis
2204 5617 2446 5672 Romani
2486 5632 2630 5673 nunc
2658 5617 2803 5682 novi,
2835 5632 2981 5673 nunc
3007 5617 3213 5689 antiqui
3238 5630 3354 5689 prae

1771 5685 1830 5744 se
1869 5689 2084 5742 titulum
2138 5688 2335 5751 ferant,
2368 5703 2472 5743 non
2520 5703 2616 5758 per
2640 5688 2822 5744 omnia
2866 5696 3052 5744 tamen
3103 5685 3353 5758 cum'illo

1774 5759 2081 5813 consentire
2133 5766 2383 5814 auctores
2434 5754 2608 5821 citati,
2640 5774 2705 5813 ac
2750 5767 2939 5814 noster
2987 5762 3076 5815 hic
3126 5754 3358 5814 manife-

1777 5842 1916 5885 stunt
1940 5830 2162 5897 faciunt.
2196 5828 2467 5899 Exemplis
2506 5830 2649 5898 quod
2676 5830 2797 5885 dico
2823 5830 3165 5900 comprobari
3197 5836 3356 5898 pote-
