3896 6314
522 353 617 409 J79

870 462 999 517 CAP.
1032 463 1071 516 l.
1100 492 1169 503 —
1195 462 1273 517 De
1295 463 1510 518 introitu
1540 465 1732 518 misere.

585 550 893 618 Presbyter,
940 566 1062 604 cum
1097 566 1156 605 se
1210 559 1366 620 parat
1401 552 1467 606 ad
1523 553 1765 619 missam,
1807 554 1958 624 juxta
1990 557 2098 611 Ilo-

517 655 729 694 manam
744 640 1186 695 consuetudinem
1215 642 1465 697 decantat
1493 643 1589 698 hos
1617 644 1851 714 psalmos
1880 662 1892 699 :
1924 645 2096 711 Quam

514 729 724 794 dilecta,
752 730 1093 797 Denedixisti,
1127 731 1357 798 lnciina,
1389 733 1632 801 Domine,
1662 734 1875 790 Credidi
1918 736 2091 808 (Psal.

514 836 742 885 Lxxxul,
791 837 1010 887 Lxxxw,
1054 838 1251 887 Lxxxv,
1286 823 1443 896 cxv);
1479 825 1671 882 deinde
1692 829 1837 903 Kbpu
1866 826 2094 896 ἐλέησον,

514 909 680 964 Pater
704 924 898 977 noster,
930 928 1050 967 cum
1074 912 1323 983 precibus
1362 924 1416 969 ct
1443 916 1689 973 oratione
1714 932 1809 986 pro
1832 920 2091 987 peccatis,

520 1002 773 1056 videlicet
820 1013 880 1056 ut
909 1004 1054 1059 intus
1090 1012 1144 1058 et
1167 1005 1406 1061 exterius
1446 1021 1658 1063 summo
1683 1007 1951 1063 sacerdoti
1980 1009 2094 1079 pla-

511 1110 636 1150 cere
668 1095 861 1164 valeat,
888 1111 1049 1166 quem
1097 1113 1219 1153 cum
1268 1098 1634 1156 sacratissima
1672 1101 1945 1157 oblatione
1990 1103 2091 1159 sibi

512 1185 870 1255 omnibusque
907 1186 1232 1244 Christianis
1257 1188 1476 1258 placare
1520 1190 1809 1247 desiderat.
1861 1193 2091 1251 Paratus

513 1284 693 1329 autem
732 1276 898 1330 intrat
924 1278 992 1332 ad
1020 1278 1212 1345 altare,
1263 1288 1319 1334 et
1346 1279 1476 1335 facit
1522 1281 2089 1356 con!essionem,quia

515 1368 778 1437 scriptum
822 1378 907 1424 est
939 1387 954 1423 :
986 1369 1208 1434 Sapiens
1245 1381 1520 1427 accusator
1543 1383 1617 1428 est
1644 1376 1727 1429 sui
1752 1376 1807 1430 in
1834 1378 2090 1448 principio

514 1452 702 1523 (Prov.
732 1456 830 1526 xu)
861 1473 877 1523 ;
908 1466 960 1512 et
988 1459 1223 1529 antiqua:
1242 1458 1373 1529 legis
1394 1463 1702 1518 sacerdotes
1729 1466 1959 1534 primum
1990 1483 2089 1538 pro

513 1558 595 1610 se,
624 1546 817 1601 deinde
843 1562 939 1617 pro
966 1550 1163 1620 populo
1192 1550 1386 1609 offerre
1411 1555 1555 1610 soliti
1584 1568 1741 1612 erant
1767 1558 1951 1629 (Hebr.
1987 1572 2083 1630 νυ,

507 1634 630 1721 Leo.
660 1637 793 1708 xvi).
836 1640 1055 1696 Interim
1080 1654 1331 1701 cantatur
1356 1647 1648 1717 antiphona
1675 1650 1741 1705 ad
1776 1651 2083 1721 lntroitum,

506 1719 629 1794 qua:
654 1727 720 1780 ab
743 1728 962 1784 introitu
1012 1734 1311 1791 sacerdotis
1335 1736 1403 1790 ad
1427 1737 1599 1793 altare
1630 1740 1731 1794 hoc
1754 1756 1947 1797 nomen
1971 1759 2085 1798 me—

504 1817 619 1872 ruit
649 1818 848 1874 habere
882 1822 985 1891 (l).
1012 1822 1160 1880 Hanc
1202 1828 1268 1880 ad
1308 1828 1591 1885 introitum
1632 1832 1736 1887 diei
1765 1833 2088 1893 Ctelestinus

503 1922 669 1978 papa,
705 1902 757 1962 iit
800 1912 987 1966 ordine
1024 1915 1470 1987 quadragesimus
1521 1921 1778 1989 quintus,
1833 1925 2087 1994 instituit,

502 2015 628 2054 cum
659 2016 827 2070 usque
852 2005 916 2058 ad
937 2003 1051 2074 ejus
1076 2015 1315 2077 tempora
1342 2020 1467 2065 ante
1496 2014 1823 2071 sacriﬁcium
1850 2016 2089 2087 Epistola

502 2099 713 2144 tantum
745 2092 892 2147 Pauli
932 2105 983 2149 et
1018 2098 1354 2167 evangelium
1392 2098 1681 2172 legeretur.
1709 2104 1935 2162 Litania:
1968 2124 2088 2179 quae

500 2192 806 2250 sequuntur
855 2195 1074 2255 propter
1134 2190 1247 2258 ipsa
1280 2191 1469 2246 Graeca
1500 2195 1663 2249 verba
1686 2211 1714 2249 a
1742 2195 1946 2253 Graecis
1993 2216 2085 2255 as-

498 2282 724 2341 sumptae
752 2276 1066 2331 creduntur.

493 2362 623 2416 CAP.
655 2363 718 2418 ll.
743 2395 815 2406 —
838 2365 913 2421 De
952 2367 1137 2425 Gloria
1171 2371 1227 2426 in
1261 2374 1510 2442 excelsis,
1542 2387 1591 2430 et
1622 2377 1881 2436 Dominus
1901 2382 2083 2438 vobis-

1225 2458 1368 2497 cum.

564 2526 620 2580 In
648 2527 794 2581 onmi
819 2527 957 2586 festo
982 2533 1122 2599 quod
1152 2533 1366 2603 plenum
1390 2535 1551 2593 habet
1574 2538 1826 2607 oillcium,
1856 2554 2080 2613 excepto

492 2616 635 2671 intra
662 2618 966 2676 Adventum
991 2623 1223 2693 Domini,
1252 2636 1307 2681 et
1329 2627 1824 2700 Septuagesimam,
1874 2644 1929 2687 et
1976 2652 2076 2690 na-

484 2705 588 2759 .tali
638 2706 1027 2777 Innocentium,
1083 2720 1188 2767 tam
1238 2718 1520 2787 presbyter
1574 2735 1736 2788 quam
1793 2724 2077 2795 episcopus

501 2790 682 2847 Gloria
711 2796 766 2848 in
787 2797 1005 2853 excelsis
1033 2800 1238 2855 dicunt.
1272 2804 1423 2870 Quod
1463 2806 1623 2860 etiam
1655 2790 1931 2882 nunquam
1956 2790 2077 2882 post

490 2883 775 2938 meridiem
833 2885 1031 2956 legitur
1087 2890 1373 2945 dicendum
1406 2933 1422 2959 ,
1474 2896 1578 2949 nisi
1630 2896 1683 2950 in
1749 2880 2073 2954 Coeua'vDo-

494 2972 633 3027 mini
684 2973 800 3044 (2),
850 2976 941 3031 ubi
992 2978 1225 3034 chrisma
1262 2983 1568 3051 coniicitur,
1618 2995 1674 3041 et
1722 2987 1773 3041 in
1820 2988 2073 3047 Sabbatis

490 3058 716 3116 Pascha:
744 3073 798 3117 et
835 3064 1203 3123 Pentecostes.
1229 3070 1435 3126 Deinde
1456 3088 1644 3130 versus
1692 3076 1757 3130 ad
1789 3080 2067 3148 p0pulum,

490 3153 623 3207 dicit
664 3172 677 3208 :
720 3154 976 3213 Dominus
1021 3161 1304 3215 vobiscum.
1346 3162 1722 3233 Respondetur
1766 3185 1779 3222 :

492 3246 682 3312 spiritu
729 3256 842 3301 tuo.
888 3248 1193 3307 Notandum
1240 3269 1309 3308 ex
1357 3255 1441 3309 his
1483 3257 1659 3312 verbis
1716 3259 1898 3329 plures
1948 3278 2070 3318 esse

487 3334 685 3391 debere
716 3342 1101 3409 respondentes
1122 3353 1177 3400 et
1202 3360 1365 3399 unum
1388 3346 1733 3404 salutantem.
1752 3350 1903 3407 Sicut
1924 3356 2067 3411 enim

488 3424 669 3497 inepte
706 3433 1137 3500 responderetur,
1182 3434 1253 3489 Et
1315 3454 1433 3491 cum
1474 3440 1663 3507 spiritu
1709 3455 1894 3510 vestro,
1943 3462 2065 3501 eum

487 3527 630 3579 unus
655 3528 798 3574 esset
848 3522 1131 3589 salutator,
1171 3526 1253 3581 sic
1288 3528 1580 3600 incongrue
1635 3533 1900 3589 salutatur
1948 3554 2064 3607 per,

483 3609 739 3666 Dominus
762 3615 1041 3684 vobiscum,
1065 3634 1190 3673 cum
1236 3637 1375 3675 unus
1415 3631 1623 3678 tantum
1655 3628 1798 3682 adsit
1826 3629 1909 3683 vel
1947 3631 2067 3685 nul-

481 3699 585 3754 lus.
624 3701 731 3756 Hoc
759 3705 945 3775 utique
996 3709 1294 3765 beatissimi
1322 3711 1511 3769 Patres
1574 3717 1878 3787 apostolici,
1915 3721 2061 3776 Ana-

482 3791 675 3855 cletns,
714 3796 859 3862 quia
890 3797 1048 3853 beato
1074 3799 1236 3857 Petro
1281 3808 1520 3872 quintus,
1552 3813 1607 3859 et
1650 3806 1831 3875 Soter,
1881 3811 1933 3865 in
1975 3829 2065 3868 or-

485 3882 613 3936 dine
635 3884 878 3943 decimus
902 3890 1113 3954 tertius,
1147 3892 1383 3949 decretis
1424 3896 1537 3951 suis
1560 3897 1867 3968 ﬁrmavere,
1897 3914 2063 3958 utsa-

484 3974 679 4028 cerdos
710 3991 923 4047 semper
944 3981 1028 4036 vel
1073 3985 1266 4040 tertius
1291 3995 1456 4052 esset,
1505 3989 1632 4043 dum
1683 3992 1877 4049 missas
1915 3995 2058 4050 cele-

480 4064 686 4120 braret.
713 4068 1002 4127 Zacharias
1023 4084 1227 4141 autem,
1278 4077 1361 4131 vir
1396 4079 1742 4148 apostolicus,
1793 4084 1845 4138 in
1872 4085 2061 4141 ordine

483 4157 866 4224 nonagesimus
935 4163 1145 4227 tertius,
1197 4166 1478 4221 constituit
1521 4184 1589 4224 ne
1626 4172 1937 4228 sacerdotes
1992 4175 2060 4231 ad

478 4247 798 4304 celebranda
854 4252 1138 4309 missarum
1172 4257 1433 4315 solemnia
1478 4274 1598 4314 cum
1644 4262 1836 4318 baculo
1888 4264 2060 4319 intra-

478 4348 624 4404 rent,
657 4357 755 4396 nec
793 4344 966 4400 velato
987 4349 1162 4417 capite
1205 4351 1360 4406 altari
1391 4363 1650 4409 astarent.
1699 4357 1884 4412 Sancti
1925 4374 2058 4429 quo-9

475 4442 581 4497 que
606 4428 799 4485 Patres
825 4433 877 4487 in
924 4434 1302 4495 Aurelianensi
1332 4443 1581 4508 concilio,
1612 4445 1849 4515 capitulo
1874 4449 2053 4514 tertio,

1793 352 2058 409 MONUM.
2094 353 2375 412 LITURG.

2124 472 2172 531 Α
2202 485 2408 536 sunms,
2438 472 2579 540 apud
2624 471 2878 528 Sanctam
2928 476 3276 530 Anastasiam
3310 490 3465 546 supra
3497 476 3731 538 collectam

3649 370 3733 428 980

2200 559 2379 627 pepuli
2405 559 2621 625 dicitur,
2649 564 2739 632 qui
2761 564 3047 620 stationem
3074 566 3213 635 apud
3240 564 3491 621 Sanctam
3518 566 3732 627 Sabinam

2198 647 2571 705 celebraturus
2597 660 2703 706 est.

2337 737 2465 793 CAP.
2498 739 2586 795 IV.
2615 772 2687 780 —
2710 740 2789 796 De
2817 759 3033 797 numero
3065 744 3367 797 orationum
3393 745 3446 798 in
3474 746 3639 800 missa.

2265 826 2425 882 Juxta
2456 816 2756 885 Romanum
2783 830 3037 887 Ordinem
3062 834 3277 887 nonnisi
3303 850 3462 888 unam
3477 837 3734 894 orationem

2197 926 2323 973 ante
2373 916 2661 974 lectionem
2716 922 2900 977 dicere
2944 923 3232 990 debemus,
3281 935 3341 979 ut
3381 927 3663 985 Amalarius
3693 932 3734 985 in

2193 1009 2414 1080 prologo
2454 1010 2576 1066 libri
2627 1012 2710 1067 sui
2746 1013 2822 1068 De
2855 1014 3068 1081 oiliciis,
3097 1031 3157 1069 se
3208 1017 3276 1070 ab
3331 1017 3463 1086 ipsis
3514 1017 3736 1077 Romanis

2195 1098 2446 1154 didicisse
2472 1099 2690 1156 fatetur.
2724 1102 2838 1158 Hoc
2865 1104 3051 1173 utique
3078 1113 3134 1159 et
3184 1104 3453 1159 institutio
3478 1105 3734 1162 ciliciorum

2193 1187 2409 1256 exigere
2458 1189 2669 1245 videtur
2697 1201 2773 1257 ut,
2819 1194 2959 1248 sicut
3011 1195 3078 1248 ad
3128 1210 3291 1248 unam
3326 1194 3563 1259 missam,
3603 1212 3732 1252 unam

2193 1288 2399 1334 tantum
2424 1280 2709 1338 lectionem
2732 1292 2788 1340 et
2812 1285 3149 1357 evangelium
3183 1286 3432 1356 legimus,
3456 1287 3579 1340 item
3602 1303 3733 1342 unum

2191 1368 2490 1438 introitum,
2520 1373 2628 1428 imo
2650 1390 2815 1429 unum
2842 1376 3075 1430 oiIicium
3103 1376 3738 1439 cantamus,nihilominus

2189 1470 2246 1516 et
2291 1477 2453 1519 unam
2502 1466 2807 1522 orationem
2867 1467 3131 1522 dicamus.
3164 1466 3272 1521 Sed
3315 1467 3419 1523 hoc
3458 1466 3567 1535 jam
3607 1471 3734 1537 pauci

2188 1549 2511 1619 observant;
2544 1553 2652 1609 imo
2675 1554 2855 1624 plures
2895 1556 2949 1610 in
2975 1565 3180 1611 tantum
3211 1557 3487 1610 orationes
3515 1556 3738 1626 multipli-

2188 1649 2335 1706 cant,
2376 1650 2435 1697 ut
2492 1644 2771 1700 auditores
2819 1660 2947 1700 suos
2998 1646 3096 1700 sibi
3135 1647 3380 1715 ingratos
3412 1644 3651 1709 eiIiciant,
3693 1658 3737 1701 et

2185 1731 2440 1800 populum
2466 1734 2561 1788 Dei
2593 1737 2771 1805 potius
2794 1744 3040 1791 avertant
3068 1751 3230 1805 quam
3263 1735 3332 1790 ad
3353 1736 3735 1791 sacriﬁcandum

2120 1821 2162 1875 B
2188 1824 2435 1882 illiciant.
2462 1826 2575 1882 Hoc
2597 1838 2777 1884 autem
2803 1829 3226 1897 sapientioribus
3246 1828 3475 1883 multum
3499 1829 3736 1897 displicet,

2196 1916 2288 1987 qui
2321 1918 2422 1973 etsi
2454 1918 2746 1988 aliquando
2779 1926 3060 1990 antiquam
3102 1921 3471 1984 traditionem,
3504 1920 3618 1975 aliis
3641 1938 3735 1975 mo-

2189 2007 2497 2076 rigerando,
2528 2009 2818 2077 excedunt,
2866 2011 2919 2065 in
2951 2012 3065 2080 ipsa
3119 2019 3300 2066 tamen
3336 2027 3430 2067 sua
3458 2012 3737 2066 excessione

2186 2096 2406 2150 modum
2429 2105 2614 2153 tenere
2638 2109 2694 2154 et
2716 2098 2951 2168 aliquam
2976 2101 3238 2155 rationem
3264 2101 3542 2155 attendere
3569 2102 3732 2156 solent.

2187 2182 2341 2240 Unde
2362 2196 2417 2240 et
2454 2187 2506 2241 in
2534 2188 2723 2253 missa,
2758 2190 2859 2244 etsi
2890 2206 2993 2244 non
3025 2205 3242 2259 semper
3270 2205 3377 2244 una
3408 2199 3611 2245 tantum
3633 2206 3735 2245 ora-

2184 2277 2333 2331 tione
2357 2277 2467 2331 sint
2498 2278 2759 2343 contenti,
2792 2280 3157 2349 septenarium
3188 2288 3369 2334 tamen
3403 2296 3674 2333 numerum
3694 2281 3734 2333 in

2182 2366 2522 2422 orationibus
2556 2382 2681 2422 raro
2717 2368 2984 2423 excedunt
3015 2386 3027 2421 :
3056 2384 3219 2439 quem
3265 2370 3451 2438 utique
3481 2384 3733 2423 numerum

2181 2472 2281 2512 nec
2313 2455 2589 2512 Dominica
2613 2459 2788 2513 oratio
2822 2460 3057 2523 excedit,
3093 2475 3215 2529 qua:
3251 2474 3375 2515 cum
3405 2459 3532 2513 solis
3559 2468 3734 2528 septem

2179 2548 2528 2617 petitionibus
2552 2550 2732 2605 omnia
2757 2551 2971 2620 corpori
2992 2560 3047 2604 et
3068 2552 3265 2605 animae
3287 2551 3589 2605 necessaria
3610 2566 3735 2604 com-

2178 2638 2487 2708 prehendit.
2518 2638 2633 2695 Hoc
2652 2648 2831 2695 autem
2873 2656 3217 2712 summopere
3248 2642 3423 2697 solent
3446 2643 3738 2707 observare,

2178 2731 2313 2785 utin
2347 2732 2515 2786 missa
2561 2742 2656 2787 aut
2686 2749 2870 2799 unam,
2907 2742 3001 2788 aut
3043 2743 3176 2801 tres,
3229 2744 3324 2790 aut
3378 2736 3629 2805 quinque
3661 2745 3737 2788 aut

2178 2828 2384 2889 septem
2414 2823 2690 2879 orationes
2731 2823 2933 2878 dicant.
2984 2823 3156 2880 Unam
3194 2834 3416 2895 propter
3462 2826 3733 2879 Romanam

2178 2910 2555 2980 traditionem;
2608 2921 2747 2981 tres,
2798 2915 2921 2983 quia
2967 2915 3227 2970 Dominus
3277 2926 3404 2970 ante
3454 2917 3737 2985 passionem

2174 3014 2327 3054 suam
2365 3009 2449 3057 ter
2472 3017 2659 3059 orasse
2690 3004 2919 3076 legitur;
2946 3006 3205 3076 quinque,
3244 3016 3467 3077 propter
3493 3008 3736 3077 quinque-

2173 3093 2432 3161 partitam
2463 3094 2579 3165 ejus
2601 3096 2934 3166 passionem,
2967 3098 3019 3153 in
3052 3099 3207 3168 cujus
3238 3101 3737 3154 commemoratione

1832 3169 1901 3224 Ει
1950 3187 2068 3225 cum
2098 3199 2142 3261 ε
2174 3184 2291 3239 haec
2335 3187 2525 3242 eadem
2587 3188 2924 3245 celebramus
2988 3189 3194 3259 oiIlcia;
3246 3200 3478 3261 septem,
3533 3192 3649 3260 quia
3690 3200 3734 3243 et

2171 3275 2397 3343 apostoli
2419 3272 2619 3346 septem
2636 3278 2921 3347 petitiones
2944 3280 3237 3336 Dominica:
3262 3282 3525 3337 orationis
3549 3284 3612 3337 ad
3626 3299 3737 3337 con-

2175 3366 2535 3421 secrationem
2579 3370 2891 3425 corumdem
2947 3372 3331 3443 mysteriorum
3383 3373 3737 3441 frequentasse

2168 3451 2436 3524 leguntur.
2460 3454 2535 3525 _ln
2565 3455 2855 3512 Nativitate
2886 3467 3065 3513 tamen
3092 3459 3303 3514 Domini
3337 3461 3403 3515 ad
3450 3462 3661 3514 missam
3688 3462 3733 3512 in

2171 3558 2353 3608 mane,
2383 3544 2609 3599 Romani
2653 3546 2953 3601 orationem
2980 3548 3046 3604 de
3089 3558 3276 3605 sancta
3309 3550 3590 3605 Anastasia
3618 3550 3735 3615 adji-

2169 3632 2340 3697 ciunt,
2376 3633 2499 3701 quia
2530 3634 2815 3689 stationem
2856 3636 2911 3689 in
2957 3638 3184 3692 ecclesia
3217 3636 3459 3705 ejusdem
3500 3640 3734 3711 martyris

2169 3723 2237 3778 ad
2265 3720 2513 3779 eamdem
2544 3726 2764 3782 missam
2813 3737 2999 3799 agunt.
3040 3729 3107 3784 Et
3148 3745 3249 3785 nos
3286 3745 3502 3800 quoque
3532 3731 3645 3784 illos
3688 3733 3733 3783 in
3806 3722 3809 3723 ⁷

2166 3813 2256 3868 illa
2286 3814 2585 3883 adjectione
2636 3817 2935 3884 imitamur,
2984 3819 3109 3875 licet
3158 3836 3263 3876 non
3316 3824 3561 3877 eamdem
3607 3821 3736 3888 adje-

2166 3906 2364 3963 ctionis
2424 3909 2769 3964 occasionem
2825 3911 3027 3967 habere
3086 3913 3389 3968 videamur.
3454 3913 3736 3968 Rarissime

2163 3997 2382 4066 quidem
2433 3997 2803 4070 diligentiores
2833 4002 3133 4057 ciliciorum
3176 4004 3581 4071 observatores,
3614 4003 3736 4057 alios

2164 4090 2220 4145 in
2246 4090 2578 4147 orationibus
2606 4108 2862 4149 numeros
2916 4094 3229 4160 admittunt,
3259 4096 3363 4151 nisi
3409 4105 3462 4151 et
3488 4112 3620 4166 quos
3648 4111 3734 4149 nos

2162 4196 2325 4252 supra
2351 4184 2677 4253 competenti
2698 4185 2955 4255 mysterio
2978 4181 3262 4257 insignitos
3286 4190 3610 4243 notavimus.

2390 4275 2518 4330 CAP.
2550 4274 2615 4329 γ.
2640 4306 2709 4317 —
2739 4276 2817 4330 De
2842 4279 3153 4333 authenticis
3184 4281 3531 4334 orationibus.

2228 4365 2377 4420 Alias
2404 4382 2617 4436 quoque
2665 4369 2958 4437 orationes,
3001 4372 3104 4427 nisi
3153 4374 3407 4443 antiquas
3438 4384 3494 4430 et
3534 4373 3735 4444 Grego-

2158 4456 2363 4523 rianas,
2409 4458 2722 4515 diilicillime
2756 4462 3079 4529 admittunt,
3128 4473 3317 4534 utpote
3356 4482 3493 4537 quas
3520 4466 3574 4520 in
3603 4466 3733 4519 anti-

475 4521 875 4579 constituerunt
896 4536 955 4581 ut
995 4528 1062 4583 ad
1109 4530 1460 4589 salutationes
1506 4536 1802 4592 sacerdotis
1839 4554 1947 4593 non
1974 4555 2057 4595 so-
2090 4535 2135 4589 D
2161 4546 2440 4616 quiorihus
2461 4556 2516 4602 et
2539 4550 2998 4607 emendatioribus
3026 4553 3484 4611 Saeramentariis
3509 4555 3733 4609 maxime

471 4613 584 4667 lum
611 4615 792 4670 clerici
822 4626 875 4671 et
901 4619 1011 4675 Deo
1040 4621 1226 4691 dicati,
1252 4624 1345 4680 sed
1368 4634 1421 4681 et
1441 4629 1619 4683 omnis
1646 4628 1799 4698 plebs
1818 4646 2051 4688 consona

478 4719 610 4761 voce
644 4709 986 4778 reSpondeat.

660 4793 787 4849 CAP.
819 4797 903 4851 lll.
925 4829 996 4841 —
1022 4799 1100 4855 De
1126 4803 1295 4873 prima
1324 4805 1381 4859 in
1410 4808 1567 4862 missa
1596 4813 1852 4866 oratione.

541 4881 799 4977 Sequitur
823 4891 999 4945 oratio
1022 4907 1186 4962 quam
1233 4896 1525 4953 Collectam
1568 4902 1774 4970 dicunt,
1801 4920 1865 4960 eo
1905 4907 2048 4977 quod

466 4975 745 5064 sacerdos,
791 4978 881 5046 qui
912 4979 1176 5052 legatione
1222 4984 1464 5055 fungitur
1492 5004 1590 5059 pro
1626 4993 1822 5064 populo
1849 4975 2047 5051 ad'Do-

465 5063 673 5118 minum
709 5064 799 5136 (II
828 5066 950 5123 Cor.
984 5072 1061 5141 ν),
1094 5075 1334 5129 omnium
1361 5080 1651 5147 petitiones
1690 5063 1753 5139 ea
1800 5088 2047 5145 oratione

466 5149 683 5221 colligat
717 5163 878 5225 atque
899 5161 1209 5217 concludat.
1255 5165 1363 5221 illa:
1405 5176 1586 5225 tamen
1616 5176 1891 5233 orationes
1920 5194 2046 5249 spe-

467 5240 658 5298 cialius
682 5244 932 5305 Collecta:
956 5255 1431 5327 vocarividentur,
1454 5277 1579 5331 quas
1606 5268 1745 5334 apud
1773 5240 2047 5327 Romanos

464 5346 628 5431 super
651 5338 928 5397 collectam
962 5346 1138 5414 populi
1174 5348 1329 5416 ﬁunt,
1363 5352 1489 5408 dum
1522 5357 1811 5427 colligitur,
1839 5370 1897 5415 ut
1918 5378 2017 5431 pro

467 5425 627 5481 cedat
648 5430 713 5485 de
747 5447 853 5487 una
883 5436 1108 5492 ecclesia
1134 5438 1187 5493 in
1213 5440 1397 5509 aliam,
1423 5446 1491 5500 ad
1518 5425 1806 5505 stationem
1835 5425 2041 5509 iac-ien-

464 5514 617 5584 dam;
651 5521 789 5576 utin
830 5524 1017 5596 Capite
1053 5527 1251 5599 Jejunii
1279 5530 1370 5588 illa
1391 5536 1567 5592 oratio
1596 5555 1609 5591 :
1641 5538 1876 5596 Concede
1894 5560 2044 5613 qure-

647 5654 738 5737 Si_c
763 5658 925 5714 etiam
947 5661 1251 5722 Amalarius
1285 5683 1336 5723 c.
1368 5669 1402 5724 5
1432 5670 1526 5726 lib.
1563 5689 1646 5730 ut.
1703 5726 1708 5733 .

602 5741 617 5782 i
657 5723 790 5781 Vlde
815 5728 916 5783 bac
951 5731 1018 5784 de
1063 5748 1121 5784 re
1153 5736 1307 5784 nlnra
1338 5755 1499 5784 summ
1552 5747 1689 5784 οηηή

2164 4636 2467 4692 inveniunt.
2504 4637 2637 4694 Nam
2672 4649 2923 4698 octavum
2949 4642 3221 4699 Africana:
3246 4646 3537 4718 provinciae
3559 4646 3733 4701 conci-

2160 4728 2313 4796 lium,
2340 4730 2424 4785 cui
2456 4742 2676 4787 sanctus
2726 4735 3080 4804 Augustinus,
3112 4738 3221 4793 imo
3253 4738 3469 4794 ducenti
3518 4747 3576 4793 et
3608 4754 3733 4808 qua-

2160 4819 2456 4875 tuordecim
2488 4823 2656 4877 sancti
2686 4822 2873 4878 Patres
2909 4825 3290 4895 interfuerunt,
3340 4829 3577 4898 capitulo
3603 4830 3726 4883 duo.

2160 4908 2369 4966 decimo
2396 4912 2466 4965 ita
2495 4913 2775 4967 constituit
2801 4912 3025 4983 (Concii.
3054 4916 3582 4984 Milevitanum,can.
3611 4919 3728 4988 12):

2161 4998 2341 5055 Nulla:
2378 5019 2571 5072 preces,
2606 5002 2683 5057 vel
2702 5004 2984 5070 orationes,
3030 5006 3106 5060 vel
3135 5009 3331 5075 misste,
3360 5009 3438 5063 vel
3461 5008 3730 5079 prwfatio-

2158 5110 2271 5159 nes,
2284 5094 2360 5148 vel
2370 5095 2862 5163 commendationes,
2879 5097 2957 5152 vel
2983 5115 3170 5154 manus
3182 5101 3530 5171 impositiones
3559 5101 3728 5154 dican-

2154 5186 2366 5249 tur,nisi
2392 5186 2448 5240 in
2470 5187 2690 5241 concilio
2701 5188 2897 5257 fuerint
2924 5192 3179 5259 probatur.
3211 5194 3341 5249 ltcm
3371 5196 3586 5249 tertium
3611 5193 3731 5248 Car—

2150 5280 2464 5349 tbaginense
2508 5282 2818 5349 concilium,
2866 5286 2954 5339 cui
3003 5286 3132 5341 item
3159 5300 3378 5344 sanctus
3401 5289 3727 5359 Augustinus

2146 5371 2407 5435 interfuit,
2434 5372 2672 5442 capitulo
2707 5375 2966 5430 vicesimo
3003 5379 3201 5433 tertio:
3241 5378 3434 5434 Nullus
3456 5380 3527 5433 ad
3564 5381 3727 5433 altare

2154 5459 2370 5515 Patrem
2396 5479 2489 5530 pro
2514 5461 2681 5529 Filio,
2705 5464 2786 5519 vel
2802 5464 3003 5519 Filium
3025 5483 3120 5535 pro
3164 5468 3328 5524 Patre
3355 5471 3609 5534 nominet,
3641 5469 3727 5523 sed

2142 5568 2344 5622 semper
2372 5555 2658 5609 orationem
2680 5556 2749 5610 ad
2775 5554 2987 5611 Patrem
3001 5558 3219 5629 dirigat,
3252 5578 3344 5617 nec
3364 5560 3592 5616 auaiibet
3609 5577 3725 5615 ora-

558 5722 617 5782 2)
657 5723 790 5781 Vide
815 5728 916 5783 bac
951 5731 1018 5786 de
1063 5748 1121 5789 re
1153 5722 1309 5805 plura
1338 5722 1524 5811 supra
1552 5722 2035 5815 apud'Damianum
2076 5753 2130 5809 in
2161 5759 2394 5809 tractatu
2434 5754 2718 5827 inscripto,
2752 5756 3005 5815 Dominus
3029 5760 3311 5816 vobiscum.
3554 5767 3581 5788 °
