3846 6324
18 382 140 435 981

1390 373 1734 432 MlCROLOG
1746 374 1849 431 US.

3181 375 3190 438 Ῐ
3203 377 3308 434 982

23 501 190 543 (mne
221 499 400 543 utatur
426 489 526 542 nisi
547 488 788 558 probata.
825 487 1011 543 Oratio
1058 486 1274 557 quidem
1317 486 1384 540 ad
1409 481 1625 541 Patrem
1655 488 1703 547 Α
1731 484 2044 543 circulorum
2075 489 2233 547 altius
2263 490 2414 557 dicit,
2437 501 2495 546 ut
2518 489 2795 562 praemissa
2817 489 2995 547 oratio
3021 504 3118 560 per
3141 489 3306 544 Amen

25 579 334 647 dirigenda
354 576 620 645 est,juxta
639 576 848 632 Domini
865 585 1211 646 praeceptum,
1227 575 1318 646 qui
1340 574 1629 643 discipulos

25 688 182 726 suos
231 673 303 725 ita
327 669 600 734 instruxit,
624 685 745 724 cutn
771 683 893 724 eum
930 669 1357 738 interrogarent,
1403 665 1634 734 qualiter

24 777 217 815 orare
260 760 556 815 deberent:
589 757 720 812 Cum
750 758 974 822 stabitis,
1003 757 1194 825 inquit,
1247 755 1314 808 ad
1351 753 1632 816 orandum,

27 849 217 902 dicite
239 863 258 902 :
289 846 450 901 Pater
474 856 667 910 noster,
697 847 788 916 qui
809 863 860 900 es
891 847 945 899 in
976 845 1114 899 uelis
1144 843 1362 915 (Matth.
1392 843 1492 915 xt),
1523 851 1632 898 etc.

263 940 390 994 Car.
424 938 512 993 Vl.
541 967 610 1010 —'—
642 938 714 991 De
746 937 1081 990 conclusione
1120 935 1436 988 orationum.

122 1034 514 1092 Concludimus
560 1041 741 1086 autem
771 1030 1066 1095 orationes,
1098 1029 1199 1083 Per
1227 1028 1509 1082 Dominum
1539 1043 1636 1080 no-

25 1140 257 1192 strum,
295 1126 545 1181 videlicet
579 1127 794 1181 Patrem
841 1124 1044 1178 orando
1085 1139 1179 1192 per
1223 1122 1441 1187 Filium,
1484 1122 1640 1192 juxta

27 1218 90 1285 ιι]
105 1219 306 1274 usdem
338 1219 457 1273 Filii
488 1228 840 1288 praeceptum,
879 1217 968 1286 qui
1004 1217 1056 1270 in
1090 1214 1379 1284 Evangelia
1407 1214 1478 1269 ita
1504 1229 1641 1284 prm-

33 1314 206 1382 cepit
237 1331 251 1367 :
285 1311 456 1382 Usque
480 1313 632 1366 modo
660 1328 763 1364 non
808 1310 1008 1379 petistis
1037 1309 1322 1379 quidquam
1353 1305 1564 1359 Patrem
1588 1305 1642 1358 in

44 1403 276 1458 nomine
307 1421 417 1458 meo
439 1421 458 1467 ;
484 1403 662 1473 petite,
692 1413 738 1456 et
777 1401 1037 1470 accipietis
1069 1399 1251 1471 (Joan.
1283 1398 1417 1469 xvr).
1457 1397 1559 1464 Qui
1589 1405 1645 1452 et

43 1492 320 1548 eﬂectum
357 1493 558 1546 nostris
601 1491 971 1562 petitionibus,
1008 1491 1052 1544 si
1080 1503 1176 1559 per
1202 1489 1376 1558 ipsum
1425 1501 1646 1557 rogave-

43 1585 270 1648 ritnus,
328 1581 629 1658 promittit,
678 1581 862 1634 dicens
915 1598 927 1633 :
989 1578 1347 1648 Quodcunque
1392 1577 1644 1648 petieritis

47 1673 288 1727 Patrem
314 1674 366 1726 in
395 1671 597 1725 nomine
628 1687 764 1736 meo,
790 1670 932 1724 dabit
962 1671 1100 1725 vobis
1125 1669 1306 1742 (Joan.
1339 1669 1472 1741 xw).
1494 1668 1649 1725 Unde

42 1772 112 1818 et
142 1763 432 1818 orationes
486 1761 766 1831 plurimas,
812 1761 896 1817 vel
927 1776 1064 1831 pene
1106 1777 1316 1826 omnes,
1348 1761 1480 1816 satis
1522 1776 1651 1815 eon-

1732 591 1762 631 a
1803 577 1996 646 populo
2026 579 2193 646 possit
2223 580 2554 635 conﬁrmari.

1831 668 1959 722 CAP.
1992 669 2125 724 Vlll.
2156 700 2226 709 -——
2250 670 2327 725 De
2373 670 2610 738 Epistola
2637 672 2703 724 ad
2732 672 2942 726 missam
2971 671 3207 741 legenaa.

1808 761 1950 815 Solis
2000 761 2420 817 subdiaconibus
2469 763 2610 818 inter
2647 763 2932 817 inferiores
2961 763 3160 833 gradus
3203 761 3314 818 Ro-

1739 867 1900 906 mana
1934 853 2230 907 auctoritas
2254 853 2506 907 concedit
2534 863 2610 920 ttt,
2644 855 2817 909 sacris
2843 855 3088 910 vestibus
3117 853 3312 920 induti,

1739 942 2035 1012 Epistolam
2083 943 2261 1014 legant
2305 944 2371 998 ad
2402 943 2644 998 missam.
2677 944 2829 1009 Quod
2872 955 3050 1012 tamen
3102 960 3209 999 non
3247 960 3318 1000 ex

1739 1049 1925 1090 eorum
1971 1036 2419 1100 consecratione,
2467 1035 2559 1090 sed
2607 1036 2786 1105 potius
2830 1053 2896 1091 ex
2953 1036 3318 1092 ecclesiastica

1741 1124 2090 1179 concessione
2122 1132 2442 1180 meruerunt
2478 1124 2744 1178 obtinere.
2789 1124 2944 1180 Unde
2988 1133 3042 1179 et
3089 1125 3324 1179 rationa-

1741 1213 1904 1268 bilius
1930 1229 2051 1269 esse
2099 1215 2314 1269 videtur
2354 1224 2413 1268 ut
2441 1214 2556 1284 ipse
2602 1213 2855 1270 sacerdos
2888 1213 2991 1268 sibi
3024 1212 3320 1283 Epistolam

1743 1305 1907 1374 legat,
1963 1321 2124 1375 quam
2173 1315 2233 1360 ut
2278 1306 2513 1376 aliquem
2571 1305 2809 1360 nondum
2855 1303 3323 1361 ordinatum'sibi

1745 1397 1978 1452 asciscat
2022 1396 2090 1452 ad
2146 1395 2458 1467 legendum.
2514 1393 2651 1448 Nam
2704 1394 2896 1450 beatus
2949 1391 3260 1460 ilormisda,
3291 1405 3325 1446 a

1747 1498 1936 1547 sancto
1967 1489 2128 1546 Petro
2153 1489 2639 1561 quinquagesimus
2669 1488 2864 1543 tertius
2889 1502 3056 1559 papa,
3089 1483 3330 1556 capitulo

1750 1581 1942 1646 tertio,
1987 1579 2136 1634 illum
2193 1578 2445 1650 deponit,
2493 1578 2804 1648 quicunque
2858 1592 2968 1632 non
3017 1575 3328 1639 ordinatus.

1750 1672 1985 1728 otlicium
2017 1672 2251 1728 ordinati
2301 1670 2665 1740 usurpaverit,
2698 1669 2838 1737 quod
2871 1667 3058 1737 utique
3105 1682 3212 1721 non
3262 1681 3332 1722 ex

1752 1761 2200 1826 consecratione,
2253 1775 2356 1816 nec
2405 1774 2472 1814 ex
2524 1757 2900 1814 ecclesiastica
2941 1754 3333 1810 consuetudine

44 1871 208 1925 grue
237 1855 308 1908 ita
338 1853 711 1908 concludimus
742 1870 756 1906 :
788 1850 892 1906 Per
912 1851 1196 1905 Dominum
1222 1861 1477 1905 nostrum.
1513 1850 1650 1904 Pau-
1683 1823 1723 1882 Β
1758 1867 1992 1921 unquam
2042 1850 2361 1920 promeruit.
2410 1847 2662 1904 Canones
2713 1847 2879 1900 etiam
2933 1844 3087 1912 alios,
3128 1842 3229 1896 nisi
3264 1843 3334 1896 ad

43 1946 308 2001 cissimat
337 1944 479 1998 enitn
512 1942 737 2015 {autem}
774 1943 1118 1996 inveniuntur
1145 1956 1266 2010 quae
1297 1955 1393 2010 pro
1435 1955 1656 2009 compe-

44 2035 241 2089 tentia
297 2048 490 2088 sensus
545 2032 649 2086 alia
703 2031 1049 2086 conclusione
1101 2031 1375 2084 ﬁniantur.
1407 2029 1478 2085 Ut
1515 2029 1650 2084 illa:

48 2124 308 2190 Prwsta,
340 2139 662 2194 quaesumus,
717 2123 1041 2188 omnipotens
1071 2121 1237 2187 Deus,
1264 2131 1319 2174 ut
1349 2129 1504 2175 natus
1533 2119 1658 2175 Sal-

43 2231 248 2284 vator,
275 2228 379 2273 etc.
414 2216 516 2282 Qui
561 2227 728 2270 tecunt
764 2215 883 2269 vivit
923 2224 972 2268 et
1017 2224 1217 2284 regnat.
1261 2213 1392 2268 ltem
1435 2212 1606 2268 et'illa
1639 2231 1652 2267 :

47 2313 240 2376 Deus,
272 2312 424 2380 cujus
467 2309 643 2363 Filius
677 2310 733 2362 in
776 2308 885 2363 alta
917 2308 1193 2373 oculorum,
1223 2316 1329 2362 etc.
1371 2307 1657 2361 Dominum

51 2413 321 2457 nostrum
352 2401 534 2456 Iesum
582 2401 866 2465 Christum,
919 2401 1009 2470 qui
1052 2411 1221 2454 tecum
1265 2400 1408 2464 vivit,
1447 2407 1554 2453 etc.
1601 2397 1657 2452 In

51 2494 324 2562 qualibet
414 2501 592 2546 autem
666 2491 1013 2546 conclusione
1086 2489 1658 2547 commemorationem

49 2595 282 2640 sanctze
309 2584 589 2640 Trinitatis
619 2585 912 2639 observare
960 2584 1214 2648 solemus,
1239 2583 1397 2653 juxta
1428 2585 1570 2652 quod
1603 2581 1658 2637 in

53 2678 541 2733 emendatioribus
589 2677 1044 2742 Sacramentariis
1091 2692 1406 2745 expressum
1447 2675 1663 2730 inveni-

56 2783 223 2820 mus.
246 2765 423 2837 [Adeo
449 2767 590 2820 enim
627 2767 796 2819 sancti
826 2766 1013 2836 Patres
1043 2765 1439 2820 invocationem
1462 2773 1664 2821 sancta

58 2857 369 2912 Trinitatis
394 2859 448 2911 itt
480 2858 815 2912 orationibus
841 2857 954 2911 sive
980 2856 1447 2910 benedictionibus
1478 2857 1666 2911 obser-

61 2951 306 3012 vabant,
340 2959 525 3004 utnec
557 2951 608 3003 in
660 2949 790 3019 ipsis
837 2949 1199 3004 sacramentis
1242 2949 1445 3018 aliquid
1487 2957 1664 3003 ratum

61 3049 405 3104 censerent,
468 3057 698 3109 quorum
747 3040 1073 3094 confectioni
1139 3039 1409 3094 invocatio
1463 3047 1667 3098 sancta:

63 3132 376 3186 Trinitatis
421 3130 718 3195 defuisset,
748 3139 806 3183 ut
859 3130 912 3182 in
968 3129 1143 3183 sacris
1187 3127 1661 3193 Paulianistarum,

65 3236 321 3293 quorum
351 3222 748 3290 etbaptismnm
779 3220 892 3274 sive
921 3220 1288 3273 ordinationes
1313 3219 1365 3272 in
1387 3217 1666 3273 conversis

71 3312 338 3365 iteranda
367 3317 689 3365 censuerunt
718 3307 940 3374 (Concil.
975 3305 1210 3371 Nica'n.,
1251 3321 1374 3361 can.
1402 3306 1487 3370 l9,
1537 3314 1590 3358 et
1616 3321 1669 3359 Vt

73 3401 360 3471 Synodus,
392 3417 509 3456 can.
561 3398 689 3471 97.]
748 3398 1037 3454 Sciendum
1092 3408 1272 3453 autent
1315 3399 1370 3452 in
1426 3397 1513 3451 illa
1561 3396 1674 3452 usi-

75 3502 201 3546 tata
230 3491 600 3555 conclusione,
632 3487 738 3542 Per
778 3488 1059 3541 Dominum
1105 3497 1363 3553 nostrum,
1394 3486 1538 3554 quod
1565 3485 1676 3540 Ro-

77 3597 288 3637 manus
313 3581 455 3637 Ordo
481 3592 535 3634 et
572 3579 950 3649 antiquissima
987 3578 1317 3647 exemplaria
1353 3593 1547 3632 nomen
1578 3578 1674 3634 Dei

76 3676 468 3744 interponunt,
511 3673 603 3727 ubi
635 3671 875 3726 dicitur:
913 3670 1016 3736 Qui
1042 3679 1213 3723 tecum
1247 3671 1368 3724 vivit
1413 3680 1458 3724 ct
1491 3679 1674 3740 regnat

75 3766 282 3828 Deus;
317 3765 460 3832 quod
522 3773 697 3817 tamen
743 3762 985 3816 tnoderni
1039 3771 1160 3831 post
1215 3777 1409 3816 nomen
1443 3760 1678 3829 Spiritus

75 3856 274 3913 sancti
303 3855 626 3925 subiungere
652 3853 844 3908 solent.
876 3853 944 3908 Et
989 3853 1106 3907 haec
1134 3853 1321 3922 utique
1345 3854 1679 3908 consuetudo

76 3948 265 4002 etiam
294 3947 431 4014 apud
455 3945 730 3999 Romanos
763 3957 1150 4013 usquequaque
1182 3943 1316 3996 adeo
1346 3942 1592 4008 invaluit,
1623 3951 1683 3998 ut

76 4038 336 4107 antiquae
369 4035 676 4091 traditionis
703 4036 982 4092 exsecutio
1007 4033 1116 4103 jatn
1141 4051 1247 4090 non
1280 4035 1396 4088 sine
1425 4033 1682 4090 seandalo

78 4132 280 4184 locutu
312 4128 513 4182 habere
556 4127 742 4196 possit,
775 4125 918 4196 quod
955 4125 1110 4195 juxta
1149 4123 1466 4194 Apostolum
1500 4123 1678 4195 (Rom.

80 4219 212 4287 xtv)
246 4228 301 4273 et
327 4216 673 4286 Evangelium
697 4215 914 4286 (Matth.
949 4215 1066 4284 vnt)
1091 4215 1142 4268 itt
1162 4225 1267 4268 tam
1287 4214 1495 4268 levibus
1509 4213 1686 4269 causis

79 4325 316 4370 summo
348 4311 526 4365 studio
555 4308 796 4363 devitarc
825 4305 1103 4360 debemus.

80 4425 233 4481 CAP.
266 4421 370 4476 VII.
400 4450 469 4460 —
491 4419 694 4476 Iterum
722 4419 785 4472 de
814 4417 1144 4472 conclusione
1172 4434 1264 4474 seu
1293 4417 1687 4487 conﬁrmatione

739 4489 1058 4542 orationum.

179 4580 491 4638 Secundum
520 4579 820 4635 Romanam
855 4577 1228 4631 auctoritatem
1253 4575 1447 4630 nullam
1479 4578 1684 4632 oratio-

93 4689 238 4733 nem
273 4669 374 4724 Per
406 4685 525 4724 eum
553 4668 641 4740 qui
682 4677 928 4722 venturus
957 4675 1029 4720 est
1061 4663 1454 4730 concludimus,
1485 4666 1587 4720 nisi
1619 4667 1690 4720 sit

98 4761 474 4821 cxorcismus,
505 4761 559 4813 itt
590 4775 696 4828 quo
740 4757 990 4813 diaboltts
1016 4771 1110 4826 per
1137 4757 1376 4810 divinum
1403 4757 1686 4825 judicium,

104 4868 171 4913 ut
219 4871 250 4907 a
279 4862 530 4907 creatura
564 4851 656 4903 Dei
687 4849 952 4912 discedat,
983 4848 1329 4902 exorcizatur
1382 4849 1493 4902 sive
1541 4850 1694 4918 adjua

113 4960 288 5005 ratur.
319 4943 452 4997 Nam
483 4945 538 4996 itt
570 4943 690 4996 aliis
715 4939 1072 5000 orationibus,
1111 4955 1246 5008 quas
1277 4937 1381 4993 Per
1410 4939 1694 4992 Dominum

112 5046 352 5094 nostrum
383 5033 776 5096 concludimus,
808 5029 1048 5095 Patrem,
1074 5039 1131 5083 ut
1159 5029 1315 5084 nobis
1337 5044 1433 5097 per
1455 5043 1696 5082 amorem

1757 1943 1862 1997 hoc
1891 1941 2202 2004 ordinatos,
2253 1939 2308 1993 in
2350 1937 2582 1994 ecclesia
2632 1936 2846 2007 legere,
2897 1935 2984 1990 vel
3020 1935 3073 1988 in
3118 1931 3333 2004 publico

1759 2029 2014 2106 [pulpito]
2055 2030 2308 2102 psallere,
2347 2028 2433 2085 vel
2481 2026 2715 2082 Alleluia
2763 2025 2964 2090 dicere,
3007 2022 3093 2079 vel
3135 2021 3335 2077 alicubi

1757 2123 2094 2190 exorcizare,
2141 2121 2197 2177 in
2243 2120 2477 2176 diversis
2527 2117 2774 2175 conciliis
2815 2114 3158 2186 prohibuere.
3190 2109 3338 2165 Nihil

1758 2223 1938 2269 autem
1978 2212 2160 2269 obstat
2202 2211 2332 2282 quin
2389 2208 2648 2266 sacerdos
2696 2208 2749 2262 in
2796 2205 2961 2261 missa
3017 2201 3338 2260 inferiorum

1759 2305 2010 2360 ordinum
2037 2302 2234 2368 ofﬁcia,
2264 2303 2312 2357 si
2355 2315 2576 2356 necesse
2603 2298 2785 2364 fuerit,
2813 2295 3055 2365 expleat;
3093 2307 3252 2362 quem
3284 2299 3340 2345 et

1760 2409 1949 2450 omnes
1978 2393 2262 2448 inferiores
2309 2391 2556 2446 obtinere
2583 2397 2820 2452 constat,
2847 2386 2937 2456 qui
2966 2393 3022 2440 et
3068 2385 3122 2438 in
3169 2383 3337 2436 inissa

1763 2483 1932 2538 sacris
1959 2481 2200 2536 vestibus
2248 2488 2329 2535 est
2377 2479 2618 2542 indutus,
2647 2477 2765 2532 sine
2810 2475 3006 2544 quibus
3056 2472 3122 2526 ad
3169 2470 3344 2524 altare

1755 2572 1909 2643 juxta
1945 2573 2249 2628 Romanum
2278 2570 2595 2625 ministrare
2641 2583 2748 2623 non
2796 2567 3077 2620 debemus.
3107 2561 3261 2618 Unde
3287 2570 3345 2614 et

1761 2663 2150 2734 congruentius
2179 2662 2294 2732 ipse
2319 2661 2422 2715 sibi
2446 2658 2678 2714 cilicium
2705 2655 3019 2713 subdiaconi
3044 2666 3346 2723 repraesen-

1768 2763 1864 2821 tat,
1899 2769 2060 2823 quam
2087 2750 2384 2822 quemlibet
2415 2749 2806 2807 inordinatum.
2853 2760 2954 2800 nec
2977 2742 3148 2799 sacris
3176 2740 3343 2800 vesti-

1766 2845 1866 2900 bus
1895 2844 2162 2908 indutum,
2196 2841 2299 2896 hoc
2328 2839 2545 2910 explere
2574 2837 2870 2908 permittat.

1768 2935 1896 2991 Car.
1930 2933 2021 2989 1X.
2049 2964 2119 2974 —
2159 2932 2236 2987 De
2262 2930 2524 3000 evangelio
2555 2932 2610 2984 in
2637 2945 2741 3003 qua
2772 2938 2921 2995 parte
2949 2937 3016 2981 stt
3053 2924 3345 2996 legendum.

1841 3023 2064 3078 Diaconi
2088 3035 2304 3091 quoque
2343 3018 2577 3073 ollicium
2609 3017 2663 3072 in
2697 3017 2862 3072 inissa
2901 3013 3251 3073 nihilominus
3289 3021 3346 3067 et

1771 3115 1887 3185 ipse
1916 3111 2324 3170 convenientius
2373 3108 2632 3179 explebit,
2663 3123 2826 3178 quam
2865 3106 3005 3161 alius
3057 3105 3149 3176 qui
3180 3104 3351 3158 sacris

1774 3207 2014 3261 vestibus
2069 3219 2174 3258 non
2217 3202 2381 3257 fuerit
2423 3201 2659 3255 indutus.
2710 3199 2843 3254 Nam
2877 3198 3042 3252 etiam
3092 3196 3351 3250 diaconus

1775 3307 2019 3366 tempore
2063 3292 2356 3350 oblationis
2407 3299 2462 3345 et
2514 3289 2762 3345 lectionis
2799 3288 2919 3341 alba
2968 3284 3184 3340 indutus
3229 3297 3352 3337 esse

1774 3387 1953 3451 debet,
1990 3386 2142 3456 juxta
2183 3381 2657 3454 quadragesimum
2697 3378 2928 3448 primum
2958 3372 3352 3440 Carthaginien-

1776 3479 1851 3534 sis
1890 3477 2107 3533 coneilii
2139 3475 2320 3546 quarti
2353 3472 2676 3544 capitulum,
2714 3470 2801 3524 cui
2836 3475 3056 3522 sanctus
3092 3462 3349 3532 Augusti-

1776 3587 1902 3635 nus,
1952 3570 2062 3623 itno
2107 3567 2322 3622 ducenti
2355 3575 2562 3635 septem
2604 3571 2659 3616 et
2709 3564 2891 3616 decem
2939 3555 3112 3612 sancti
3164 3553 3356 3608 Patres

1779 3659 2164 3716 interﬁterunt.
2199 3656 2359 3710 Juxta
2409 3654 2687 3708 decretum
2735 3646 3007 3702 Anastasii
3060 3658 3212 3715 papa:
3244 3657 3352 3697 non

1779 3751 1997 3806 sedetur
2025 3749 2197 3802 donec
2249 3744 2366 3818 [pro
2412 3741 2564 3814 dum]
2609 3738 2946 3810 evangelium
2972 3736 3197 3806 legitur;
3232 3745 3353 3802 qua:

1782 3840 2114 3906 reverentia,
2176 3845 2236 3890 ut
2276 3836 2457 3896 aiunt,
2510 3843 2564 3887 et
2592 3829 2896 3903 apostolica:
2950 3827 3165 3882 lectioni
3215 3824 3356 3894 apud

1782 3931 1999 3987 Graecos
2025 3928 2332 3984 exhibetur.
2372 3924 2642 3978 Diacouus
2670 3936 2788 3975 cum
2833 3918 2961 3990 legit
2991 3914 3352 3985 evangelium,

1775 4021 1930 4092 juxta
1973 4021 2274 4075 Romanum
2316 4015 2596 4077 Ordinem,
2637 4013 2688 4065 itt
2736 4009 2966 4064 atnbone
3011 4007 3088 4078 (5)
3129 4003 3362 4059 vertitur

1786 4113 1854 4167 ad
1904 4112 2210 4177 met'idietn,
2238 4109 2327 4164 ubi
2364 4117 2419 4162 et
2466 4106 2691 4161 masculi
2745 4101 3096 4163 conveniunt;
3153 4110 3260 4150 non
3295 4093 3364 4147 ad

1787 4205 2114 4277 aquilonem,
2161 4203 2247 4257 ubi
2288 4200 2502 4256 feminae
2551 4197 2873 4251 consistunt.
2901 4192 2980 4245 Ad
3011 4185 3366 4259 principalem

1788 4276 1933 4351 enim
1993 4309 2179 4349 sexum
2240 4292 2431 4347 merito
2487 4289 2732 4349 vertitur,
2789 4286 2906 4350 cui,
2959 4289 3018 4334 ut
3080 4276 3370 4347 Apostolus

1791 4385 2045 4448 instituit,
2075 4383 2338 4436 inﬁrmior
2361 4396 2522 4434 sexus
2561 4378 2704 4431 domi
2736 4373 3097 4430 instituendus
3121 4367 3375 4424 commit-

1720 4497 1765 4552 D
1793 4476 1944 4529 titur.
1980 4473 2132 4545 Quod
2165 4481 2344 4525 autent
2373 4469 2672 4541 presbyteri
2701 4467 2768 4522 ad
2815 4463 3098 4535 legendum
3138 4470 3374 4526 evange-

1793 4565 1921 4620 lium
1955 4581 2060 4619 non
2087 4578 2146 4618 se
2174 4563 2240 4616 ad
2265 4562 2543 4616 meridiem
2569 4557 2923 4621 vertunt,ltoc
2950 4549 3376 4608 ideoinolevisse

1791 4657 2084 4721 credimus,
2115 4657 2237 4724 quia
2270 4670 2369 4709 nec
2407 4653 2553 4708 Ordo
2585 4652 2687 4706 illis
2736 4646 2989 4716 injunxit,
3019 4652 3078 4697 ut
3107 4643 3161 4696 in
3189 4640 3378 4695 ambo-

1793 4767 1916 4805 nem
1962 4751 2026 4803 ad
2059 4747 2346 4819 legendum
2391 4747 2532 4800 sicut
2571 4745 2826 4797 diacones
2873 4738 3250 4800 ascenderem,
3286 4731 3378 4786 tibi

1795 4839 2106 4894 necessario
2153 4837 2221 4890 ad
2254 4834 2520 4888 masculos
2552 4832 2726 4899 potius
2755 4843 2914 4897 quam
2955 4825 3022 4879 ad
3053 4825 3283 4878 feminas
3320 4833 3378 4874 se

1797 4940 2008 4984 vertere
2040 4929 2318 4983 deberent.
2347 4925 2478 4979 Nan:
2504 4924 2658 4992 juxta
2687 4917 3111 4974 ecclesiasticam
3145 4925 3381 4968 consue-

1802 5022 2039 5076 tudinem
2067 5021 2132 5074 ad
2166 5019 2334 5072 altare
2372 5019 2572 5084 legunt,
2606 5012 2693 5066 ubi
2743 5009 2886 5064 nulla
2919 5006 3204 5063 diversitas
3229 5000 3380 5056 audi-

1803 5123 1979 5168 torum
2026 5111 2388 5182 approximat,
2442 5123 2562 5176 qua:
2610 5105 2848 5174 legentes
2899 5099 3072 5168 magis
3129 5098 3183 5150 in
3237 5095 3379 5148 hanc

1804 5217 2012 5280 partem
2040 5221 2199 5276 quam
2229 5203 2281 5256 itt
2306 5200 2465 5253 aliam
2493 5195 2734 5251 converti
2763 5193 2962 5263 exigat.
3001 5189 3276 5258 Nusquam
3310 5185 3385 5241 ibi

1808 5274 2066 5360 leminte,
2082 5294 2174 5349 sed
2205 5293 2303 5347 soli
2352 5289 2590 5357 religiosi
2636 5287 2700 5341 ad
2753 5287 3038 5339 dexteram
3065 5288 3119 5335 et
3147 5276 3214 5331 ad
3255 5274 3389 5331 sinis

1798 5399 1966 5444 stram
1992 5383 2385 5456 permittuntur
2421 5387 2589 5433 stare.
2629 5375 2708 5430 Ad
2738 5375 3028 5430 sinistrum
3060 5384 3188 5425 vero
3217 5381 3390 5422 cornu

1800 5481 1989 5537 altaris
2038 5477 2238 5532 habent
2275 5475 2496 5536 librum,
2526 5487 2651 5526 cum
2684 5471 2870 5541 legunt
2915 5464 3277 5535 evangelium,
3306 5461 3392 5516 vel

1802 5590 1928 5629 cum
1968 5568 2300 5634 sacriﬁcant,
2333 5574 2393 5620 ut
2420 5566 2476 5619 in
2506 5565 2692 5620 dextra
2721 5570 2872 5633 parte
2901 5560 3010 5616 sint
3027 5555 3395 5626 expeditiores

1804 5667 1872 5723 ad
1929 5659 2306 5734 suscipiendas
2375 5656 2711 5722 oblationes,
2770 5653 2883 5710 sive
2935 5650 3002 5705 ad
3060 5641 3394 5704 conﬁcienda

113 5139 245 5200 Filii
276 5139 357 5192 sui
395 5138 710 5203 subveniat,
743 5135 1114 5205 itnploratnus.
1147 5131 1204 5185 ιιι
1251 5123 1557 5204 exorcismo
1604 5135 1699 5173 au-

124 5249 235 5291 tent
264 5232 534 5287 diabolum
562 5246 656 5299 per
677 5230 768 5284 Dei
789 5227 1074 5299 judicium,
1098 5231 1155 5277 ut
1175 5220 1435 5289 aufugiat,
1452 5218 1702 5283 increpa-

128 5341 269 5384 tnus.
295 5323 496 5379 Omnes
521 5330 701 5375 autem
726 5327 982 5378 astantes,
1001 5316 1155 5384 juxta
1181 5312 1458 5382 antiquam
1476 5315 1703 5390 sancto-

129 5433 250 5473 rum
279 5414 495 5469 Patrum
529 5411 892 5472 traditionem,
928 5408 982 5462 in
1031 5407 1240 5477 signum
1276 5395 1707 5457 conﬁrmationis

131 5509 296 5561 Amen
324 5502 648 5572 subjungere
673 5501 893 5564 debent,
923 5507 982 5552 ut
1008 5509 1347 5552 communem
1377 5490 1706 5552 orationem,

134 5609 294 5666 quam
335 5592 593 5647 sacerdos
622 5605 721 5660 pro
755 5587 1006 5644 omnibus
1051 5585 1280 5640 Domino
1328 5580 1548 5644 libavit,
1585 5593 1709 5632 con-

135 5665 370 5746 ﬁrment.
402 5684 556 5739 Unde
591 5693 647 5737 et
687 5682 740 5735 in
773 5681 909 5752 _ipsa
940 5686 1148 5734 secreta
1181 5674 1284 5729 Per
1309 5673 1486 5727 omnia
1516 5665 1712 5724 stecula

212 5795 286 5852 l5‘t
326 5795 555 5850 Ambone
585 5800 740 5848 vocat
778 5789 921 5862 quod
953 5786 1203 5843 uuloitum
1237 5784 1383 5841 prius
1415 5781 1568 5836 dixit.
