3846 6324
474 310 580 367 983

1722 296 1865 354 MON
1876 296 1992 388 Ubi.
2035 293 2314 352 LITURG.

3626 294 3724 348 98$

474 379 666 476 altaris
698 420 1058 472 sacramenta.
1083 409 1237 466 Unde
1260 409 1327 464 ad
1355 407 1660 479 aquilonem
1688 411 1863 478 magis
1892 381 2056 475 quam
2087 423 2133 480 Α
2163 408 2288 462 dum
2315 404 2526 476 legitur,
2549 405 2849 461 ubidicitur
2869 421 2882 459 :
2901 405 3171 474 Accipiens
3199 412 3246 457 et
3275 403 3406 456 [tunc
3423 403 3726 471 ρηετιεηιι

477 511 549 566 ad
568 507 846 566 meridiem
869 503 1011 560 versi
1038 501 1311 566 videntur,
1327 514 1451 554 cum
1473 497 1795 552 annuntiant
1825 511 2058 564 evange-

477 601 633 655 lium.
657 596 795 661 Hinc
840 595 1020 662 itaque
1058 588 1289 663 [utique]
1324 588 1413 644 illa
1467 587 1743 657 usurpatio
1768 586 2060 642 emersisse

475 690 714 752 videtur,
746 694 807 740 ut
852 684 1019 739 etiam
1049 681 1306 737 diacones
1351 679 1406 734 in
1444 679 1694 744 amboue,
1722 686 1907 733 contra
1950 676 2058 732 Ro-

476 793 701 844 manum
739 775 1018 841 Ordinem,
1048 787 1109 828 se
1152 761 1372 846 vertant
1397 771 1464 825 ad
1500 771 1825 840 aquilonem,
1854 769 2058 839 ponus-

473 883 581 940 que
621 883 681 940 se
729 866 799 921 ad
837 872 1049 936 partem
1109 861 1432 923 feminarum
1472 876 1634 931 quam
1691 860 2056 916 masculorum

474 968 712 1024 vertere
741 972 853 1012 non
914 963 1226 1010 vereantur.
1281 952 1412 1019 Quae
1450 953 1732 1022 usurpatio
1767 951 1878 1020 jam
1923 953 2058 1007 adeo

457 1047 719 1115 'inolevit,
747 1054 808 1100 ut
853 1045 995 1115 apud
1021 1042 1310 1113 plerosque
1339 1040 1498 1111 quasi
1529 1056 1627 1112 pro
1656 1041 1845 1096 ordine
1877 1051 2059 1096 tenea-

451 1137 748 1214 ‘tur._Sed
791 1136 920 1206 quia
972 1133 1276 1189 certissime
1323 1141 1509 1187 contra
1571 1131 1817 1186 ordinem
1873 1141 1957 1187 est
2005 1140 2060 1187 et

475 1229 814 1302 inhones_ta,_
849 1241 882 1280 a
933 1225 1367 1303 diligentioribus
1418 1223 1622 1279 ordinis
1690 1223 2059 1279 servatoribus

473 1319 673 1384 merito
695 1311 1138 1379 refutatur.0rdo
1161 1329 1373 1385 quoque
1395 1314 1640 1385 praecipit
1667 1323 1742 1383 ut,
1773 1315 1861 1384 qui
1888 1315 2058 1369 lectu-

475 1423 574 1463 rus
608 1418 692 1463 est
738 1407 1099 1476 evangelium,
1151 1420 1370 1460 crucem
1415 1405 1514 1460 sibi
1550 1404 1715 1460 faeiat
1755 1405 1811 1460 in
1859 1405 2055 1472 fronte,

474 1491 762 1565 videlicet,
778 1495 936 1567 juxta
987 1497 1379 1568 Augustinum,
1417 1496 1470 1550 in
1531 1495 1660 1551 sede
1710 1497 1879 1566 ipsius
1908 1511 2059 1552 vere-

477 1589 720 1652 cundiae,
740 1599 817 1655 ut,
863 1586 1140 1644 eliminata
1178 1588 1322 1641 omni
1367 1588 1710 1646 verecundia.
1760 1605 1880 1643 cum
1912 1589 2055 1659 Apo-

476 1680 618 1746 stolo
645 1672 816 1750 (llam.
847 1677 888 1748 ι)
935 1692 1042 1732 non
1079 1668 1365 1732 erubescat
1403 1677 1469 1730 de
1498 1677 1786 1748 Evangelio
1833 1676 2055 1742 Christi,

2138 495 2497 570 calicemaEt
2547 495 2622 552 ibi
2675 513 2688 550 :
2747 494 2854 549 Per
2895 494 3088 563 ipsum,
3128 503 3177 546 et
3225 508 3343 544 cum
3371 496 3496 561 ipso,
3524 504 3588 547 et
3633 495 3726 550 hoc

2160 587 2392 643 fortasse
2426 587 2546 643 ideo
2575 587 2704 656 quia
2735 585 2952 641 cautius
2998 583 3214 640 levatur
3242 581 3362 637 sine
3403 582 3730 650 opermento

2159 691 2319 747 quam
2352 685 2660 746 c00pertus.

2231 768 2360 822 CAP.
2391 767 2482 822 XI.
2511 797 2582 808 —
2609 767 2749 834 Quid
2784 785 2940 838 super
2973 769 3237 823 oblatione
3276 767 3348 820 sit
3375 766 3670 819 dicendam.

2230 846 2534 928 Gemposita
2561 869 2742 914 autem
2764 860 3036 916 oblatione
3059 861 3110 915 in
3133 857 3318 921 altari,
3345 857 3478 910 dicit
3495 860 3736 910 sacerdos

2161 949 2301 1004 hanc
2333 949 2631 1004 orationem
2663 949 2820 1019 juxta
2858 947 3198 1004 Gallic-annui
3225 947 3485 1002 Ordinem
3517 964 3530 997 :
3587 944 3735 1010 Veni,

2159 1041 2520 1108 sancti/iactor
2560 1042 2913 1112 omnipotens,
2944 1051 3138 1095 aeterm
3180 1039 3358 1103 Deus,
3398 1038 3611 1092 benedic
3653 1039 3738 1090 hac

2160 1131 2481 1200 sacriﬁcium
2528 1140 2617 1185 tuo
2654 1131 2855 1185 nomini
2899 1140 3282 1200 praeparatum.
3331 1127 3441 1182 Per
3490 1126 3740 1181 Christ:-

2161 1220 2441 1274 Dominunt
2490 1230 2747 1273 nostrum.
2793 1219 2996 1275 Deinde
3039 1228 3166 1273 ante
3208 1217 3393 1271 altare
3445 1216 3740 1274 inclinatus.

2161 1313 2308 1369 dicat
2334 1313 2476 1368 hanc
2504 1313 2838 1379 orationem,
2866 1327 2972 1366 non
3003 1327 3070 1365 ex
3099 1311 3284 1380 aliquo
3317 1309 3533 1372 ordine,
3571 1307 3664 1362 sed
3687 1325 3739 1361 es

2161 1404 2529 1460 ecclesiastica
2559 1397 2950 1459 consuetudine
2978 1422 2991 1456 :
3019 1401 3263 1470 Suscipe,
3291 1409 3482 1455 sancta
3507 1398 3743 1461 Trinitas,

2143 1497 2300 1572 ‘Itanc
2329 1493 2640 1549 oblationem
2665 1534 2680 1561 ,
2723 1509 2882 1564 quam
2909 1493 2999 1545 tibi
3036 1493 3314 1561 o/ferimus
3352 1491 3411 1544 in
3457 1489 3744 1542 memorie:

2138 1653 2140 1656 τ
2162 1583 2455 1649 Passionis,
2474 1582 2906 1647 Resurrectionis,
2921 1581 3280 1642 Ascensionis,
3294 1588 3406 1634 etc.
3428 1578 3563 1644 Qua
3582 1577 3746 1646 utique

2161 1679 2337 1733 oratio
2367 1693 2397 1732 a
2431 1671 2866 1748 diligentidribus
2896 1673 3105 1730 ordinis
3134 1680 3192 1728 et.
3227 1671 3610 1739 comprobata:
3636 1683 3746 1720 con-

477 1774 570 1842 qui
600 1788 659 1852 se
686 1775 736 1828 in
759 1774 867 1828 ﬁne
889 1759 956 1828 de
980 1773 1071 1828 illo
1091 1773 1428 1828 erubiturum
1452 1773 1718 1842 praedixit,
1746 1773 2055 1842 quicunque
2083 1755 2129 1814 Β
2158 1770 2458 1826 suetudinis
2475 1767 2936 1832 observatorihus,
2955 1774 3063 1820 tam
3079 1780 3179 1836 pro
3197 1761 3484 1819 defunctis
3496 1775 3656 1828 quam
3668 1773 3747 1827 pro

480 1879 605 1927 eum
635 1864 742 1943 hic,
767 1864 853 1918 vel
875 1866 1036 1920 verba
1065 1863 1182 1932 ejus
1205 1880 1388 1919 coram
1423 1863 1732 1920 hominibus
1756 1864 2053 1919 erubuerit.

473 1951 666 2009 Faciat
691 1953 856 2014 etiam
885 1955 986 2011 sibi
1022 1956 1075 2010 in
1106 1964 1326 2026 pectore
1367 1971 1605 2023 crucem,
1634 1972 1701 2011 ne
1729 1956 1906 2026 aliqua
1931 1971 2057 2028 sug-

472 2043 647 2112 gestio
683 2044 882 2101 diaboli
906 2061 1027 2101 eum
1076 2046 1354 2116 impediat,
1381 2048 1471 2118 qui
1523 2063 1659 2117 puro
1683 2049 1845 2103 corde
1884 2048 2059 2103 Evan-

474 2131 674 2202 gelium
724 2134 819 2193 Dei
867 2135 1195 2190 annuntiare
1223 2136 1418 2190 valeat.
1445 2135 1738 2207 Presbyter
1764 2152 1884 2191 cum
1930 2135 2060 2205 legit

473 2220 835 2299 evangelium,
873 2221 1121 2278 Romano
1166 2239 1318 2280 more
1363 2225 1634 2294 planetam
1673 2225 1728 2280 in
1775 2226 2058 2280 dexterum

472 2308 618 2365 levat
642 2312 955 2380 humerum,
987 2322 1047 2368 ut
1096 2316 1405 2384 expeditum
1435 2331 1495 2371 se
1523 2315 1756 2371 terrenis
1779 2315 2060 2371 affectibus

474 2415 597 2456 esse
617 2401 952 2459 demonstret
981 2407 1048 2482 ad
1075 2407 1576 2476 evangelizandum.
1603 2407 1803 2462 Eadem
1843 2421 2060 2476 quoque

475 2489 688 2546 ratione
717 2501 772 2548 et
801 2494 1034 2562 diaconi,
1065 2511 1186 2550 cum
1215 2497 1418 2567 legunt,
1465 2496 1735 2566 planetam
1763 2506 1974 2551 tantum
2005 2499 2060 2552 in

476 2581 702 2637 sinistro
754 2583 983 2640 humero
1034 2601 1237 2655 ponere
1289 2587 1560 2642 videntur.
1597 2587 1730 2642 Item
1786 2588 2062 2644 Romanus

479 2669 625 2726 Ordo
665 2674 908 2744 prazcipit
937 2683 996 2729 ut
1037 2677 1317 2732 incensum
1347 2692 1561 2746 semper
1586 2680 1858 2746 przecedat
1904 2695 2064 2734 evan-

478 2759 702 2831 gelium,
731 2778 853 2818 cum
885 2765 950 2819 ad
983 2765 1153 2821 altare
1192 2767 1307 2821 sive
1355 2768 1408 2822 in
1448 2769 1734 2824 ambonem
1781 2763 2059 2840 portatur;

478 2863 590 2904 non
616 2861 796 2906 autem
823 2855 1073 2909 concedit
1101 2866 1160 2911 ut
1183 2856 1384 2912 oblatio
1411 2858 1466 2911 in
1494 2858 1648 2913 altari
1681 2859 2058 2925 thurificetur;

479 2941 624 3008 quod
651 2951 705 2997 et
728 2942 1037 3000 Amalarius
1089 2946 1146 3000 in
1176 2947 1399 3018 prologo
1442 2949 1566 3003 libri
1599 2949 1682 3005 sui
1715 2951 1790 3004 De
1841 2950 2057 3018 ofliciis,

479 3027 757 3087 Romanos
790 3033 1032 3090 devitarc
1079 3035 1304 3102 fatetur,
1334 3037 1583 3106 quamvis
1614 3039 1774 3096 modo
1812 3056 1842 3093 a
1891 3040 2060 3110 pluri-

478 3117 604 3187 bus,
637 3119 746 3176 imo
773 3137 913 3194 pene
941 3125 1008 3179 ab
1031 3126 1282 3180 omnibus
1311 3137 1619 3200 usurpetur.

564 3209 694 3266 Car.
729 3213 796 3268 Χ.
828 3245 898 3255 -—
925 3216 1002 3272 De
1025 3217 1286 3273 oblatione
1321 3219 1375 3273 in
1410 3220 1569 3274 altari
1598 3223 1973 3292 componenda.

550 3300 732 3359 Finito
761 3307 1068 3377 evangelio,
1113 3311 1296 3364 statim
1341 3321 1424 3365 est
1462 3310 1818 3382 offerendum,
1853 3315 1980 3370 dum
2009 3325 2063 3371 et

480 3388 754 3448 offerenda
811 3399 1049 3465 canitur,
1099 3416 1219 3469 quae
1257 3415 1453 3456 nomen
1493 3402 1559 3457 de
1613 3405 1887 3460 oblatione
1949 3423 2065 3460 mu-

484 3483 676 3538 tuavit.
729 3483 863 3540 Nam
913 3489 1103 3543 ordine
1151 3503 1483 3559 praepostero
1521 3494 1774 3565 deinceps
1819 3495 2062 3562 offertur,

480 3579 768 3641 postquam
826 3575 880 3628 in
935 3575 1092 3632 altari
1160 3580 1433 3647 proposita
1487 3580 1759 3637 oblatione
1811 3586 2066 3640 sacerdos

481 3663 739 3731 populum
766 3665 1015 3724 hortatur
1041 3667 1109 3722 ad
1155 3671 1439 3724 orandum.
1483 3671 1716 3728 Sanctus
1759 3674 2067 3732 Alexander

485 3765 646 3818 papa,
679 3753 898 3820 quintus
920 3771 950 3808 a
976 3756 1136 3811 beato
1162 3756 1344 3823 Petro,
1375 3761 1657 3816 constituit
1682 3772 1740 3816 ut
1761 3765 1916 3832 panis
1950 3773 2066 3817 tan-

485 3851 602 3894 tum
640 3850 697 3896 et
743 3844 926 3898 vinum
979 3861 1117 3916 aqua
1155 3849 1374 3904 mistum
1425 3852 1480 3906 in
1536 3851 1807 3910 sacrificio
1853 3857 2064 3912 Domini

484 3927 770 3996 offeratur,
805 3934 930 4002 quia
975 3936 1040 3990 de
1080 3937 1248 3994 latere
1291 3940 1500 3995 Domini
1550 3946 1772 4012 sanguis
1817 3954 1872 3999 et
1925 3961 2064 4016 aqua

485 4020 649 4075 simul
680 4022 1086 4091 profluxerunt;
1128 4028 1269 4082 unde
1316 4041 1541 4088 sanctus
1567 4031 1868 4102 Cyprianus
1891 4037 2058 4106 (epist.

486 4111 557 4164 ad
585 4110 743 4166 chil
790 4114 854 4167 de
888 4131 1116 4169 sacram.
1166 4119 1416 4188 calicis):
1463 4140 1481 4172 ι
1541 4121 1598 4175 1n
1647 4123 1837 4189 calice,
1869 4125 2062 4194 inquit,

489 4205 770 4261 Dominico
800 4222 937 4276 aqua
967 4208 1090 4263 vino
1121 4209 1310 4265 deesse
1353 4227 1458 4266 non
1505 4213 1686 4281 debet,
1714 4213 1788 4270 ne
1815 4218 2061 4288 populus,

457 4300 578 4387 _qui
629 4314 728 4369 per
773 4316 967 4371 aquam
1010 4304 1165 4374 juxta
1225 4306 1584 4378 Apocalypsin
1631 4308 1986 4379 significatur,
2031 4325 2063 4363 a

2159 1862 2296 1917 vivis
2321 1861 2432 1918 sola
2466 1862 2877 1930 frequentatur,
2905 1858 2999 1928 qui
3037 1859 3140 1912 etsi
3184 1855 3478 1910 multoties
3509 1853 3745 1922 plurimo-

2160 1967 2280 2006 rum
2310 1949 2686 2006 consuetudini
2731 1948 2946 2014 cedant,
2981 1945 3250 2016 superflua
3299 1954 3491 1999 tamen
3531 1955 3747 1995 summo-

2159 2059 2288 2114 pere
2342 2041 2605 2097 devitant.
2649 2039 2929 2094 Romanus
2977 2046 3158 2092 tamen
3203 2035 3356 2091 Ordo
3392 2033 3604 2088 nullam
3646 2046 3748 2084 ora-

2161 2138 2366 2192 tionem
2420 2135 2656 2192 instituit
2707 2141 2830 2204 post
2887 2130 3220 2188 offerendam
3279 2139 3415 2183 ante
3475 2132 3745 2180 secreta.

2160 2228 2389 2282 Erectus
2415 2239 2598 2281 autem
2631 2225 2920 2296 presbyter
2945 2221 3203 2291 populum
3232 2219 3498 2273 hortatur
3524 2215 3594 2269 ad
3614 2231 3748 2268 orae-

2163 2315 2314 2380 dum,
2351 2324 2406 2370 et
2455 2314 2574 2385 ipse
2625 2321 2749 2383 post
2799 2311 3008 2366 finitam
3058 2319 3359 2372 secretam,
3391 2306 3747 2377 praefationem

2163 2407 2373 2461 orditur
2417 2406 2473 2461 in
2518 2405 2820 2469 Canonem,
2869 2403 2925 2458 in
2976 2417 3083 2471 qua
3143 2414 3519 2471 supernorum
3573 2397 3748 2451 civiu

2163 2495 2384 2551 ordines
2411 2494 2607 2550 merito
2636 2499 3126 2555 connumerantur,
3156 2488 3286 2558 quia
3323 2487 3536 2541 eisdem
3569 2493 3746 2554 mysu-

2165 2587 2262 2642 riis
2283 2601 2403 2655 quae
2430 2585 2503 2640 ibi
2527 2583 2913 2646 conficiuntur,
2931 2580 3086 2649 juxta
3112 2579 3534 2634 attestationem
3558 2587 3750 2630 sancto-

2139 2667 2281 2729 rum
2306 2675 2552 2742 Patrum,
2578 2674 2844 2728 interesse
2865 2672 3181 2726 creduntur.
3209 2668 3370 2724 Unde
3397 2676 3458 2721 et
3499 2664 3748 2735 angelicas

2165 2767 2417 2837 hymnus,
2467 2765 2522 2820 id
2567 2773 2672 2829 est,
2712 2763 2963 2826 Sanctus,
3006 2771 3245 2826 sanctus,
3285 2769 3540 2822 sanctus,
3583 2757 3747 2811 subse-

2139 2847 2368 2926 ‘quitur,
2400 2871 2562 2926 quem
2591 2855 2783 2910 beatus
2816 2853 3001 2907 Sixtus
3025 2866 3183 2923 papa,
3211 2851 3263 2904 in
3297 2849 3498 2903 ordine
3522 2857 3746 2906 octavus,

2166 2946 2446 3002 constituit
2475 2955 2532 2999 ut
2555 2954 2681 3000 ante
2710 2942 3041 2998 sacrificium
3066 2942 3364 2996 diceretur.
3398 2937 3558 2992 [tunc
3590 2945 3746 2988 autem

2165 3039 2424 3110 hymnum
2455 3046 2510 3095 et
2531 3037 2644 3106 ipse
2675 3036 2931 3091 sacerdos
2953 3050 3076 3089 cum
3109 3032 3231 3086 aliis
3268 3029 3586 3086 necessario
3614 3028 3749 3080 debet

2166 3131 2372 3196 dicere,
2402 3144 2470 3184 ne
2497 3129 2735 3197 seipsum
2770 3141 2866 3181 sua
2894 3140 3055 3196 prece
3089 3123 3346 3177 videatur
3371 3121 3649 3192 privasse,
3672 3119 3746 3186 qui

2147 3227 2222 3279 'et
2257 3237 2382 3278 suas
2414 3235 2576 3275 voces
2612 3227 2669 3274 et
2708 3219 2937 3274 aliorum
2979 3214 3239 3286 angelicis
3261 3214 3526 3267 laudibus
3559 3210 3746 3264 admitti

2167 3316 2489 3385 deprecatus
2512 3321 2596 3382 est
2627 3311 2680 3366 in
2706 3309 3045 3381 prazfatione.
3077 3307 3242 3362 Juxta
3271 3305 3590 3360 Romanum
3612 3299 3746 3354 Ordi-

2140 3390 2144 3392 ’
2170 3420 2292 3460 nem
2321 3419 2595 3472 nunquam
2627 3405 2846 3456 missam
2889 3397 3129 3472 [missas]
3167 3399 3378 3467 absque
3401 3395 3610 3449 lumine
3630 3394 3746 3447 acie

2141 3477 2392 3551 ibramus
2424 3510 2436 3545 :
2480 3508 2584 3545 non
2616 3492 2802 3560 utique
2838 3491 2904 3544 ad
2935 3488 3282 3559 depellendas
3323 3485 3616 3544 tenebras.
3643 3497 3744 3534 cum

2169 3585 2238 3640 sit
2277 3582 2422 3638 clara
2464 3580 2613 3644 dies,
2655 3583 2748 3635 sed
2793 3579 2975 3649 potius
3018 3579 3071 3631 in
3119 3585 3308 3646 typum
3360 3575 3510 3628 illius
3553 3570 3745 3626 luminis

2170 3677 2324 3746 cujus
2352 3685 2694 3733 sacramenta
2725 3673 2797 3728 ibi
2836 3671 3173 3734 conficimus,
3205 3671 3324 3725 sine
3353 3683 3467 3738 quo
3492 3679 3548 3723 et
3573 3669 3626 3722 in
3656 3683 3744 3720 me

2170 3765 2306 3822 ridie
2337 3765 2675 3836 palpabimus
2702 3773 2758 3818 ut
2790 3763 2843 3818 in
2876 3772 3052 3816 nocte.

2353 3857 2484 3912 Car.
2511 3857 2627 3911 XII.
2658 3886 2725 3895 —
2751 3853 2894 3919 Quid
2925 3862 3140 3906 auctum
3165 3852 3231 3905 sit
3263 3851 3321 3903 in
3349 3849 3586 3903 Cant-ne.

2241 3946 2557 4001 Orationem
2579 3961 2741 4016 quam
2765 3943 3063 4008 Canonem,
3081 3942 3196 3996 sive
3215 3941 3529 4004 Actionem,
3547 3948 3740 4007 propter

2170 4037 2475 4107 regularem
2505 4046 3007 4098 sacramentorum
3063 4031 3465 4088 confectionem
3518 4029 3737 4083 Romam

2169 4145 2321 4187 more
2371 4129 2736 4200 appellamus,
2788 4129 2909 4198 quis
2965 4124 3368 4196 composuerit,
3426 4132 3616 4192 aperte
3651 4136 3735 4173 nm

2167 4221 2417 4291 legimus,
2469 4219 2571 4273 nisi
2619 4219 2762 4287 quod
2801 4218 2858 4272 S.
2898 4215 3192 4286 Gregorius
3220 4214 3513 4283 queindam
3552 4209 3736 4264 schelao

2168 4312 2364 4364 sticum
2423 4309 2570 4362 illam
2626 4308 2996 4378 composuisse
3054 4314 3303 4359 testatur.
3364 4302 3528 4356 Multa
3584 4315 3734 4354 tamen

483 4388 703 4444 Christo
742 4401 1023 4461 separatus
1055 4409 1175 4448 esse
1219 4394 1482 4449 videatur.
1524 4417 1542 4447 ι
1577 4395 1652 4452 lta
1701 4407 1882 4452 autem
1907 4399 2062 4467 juxta
2096 4419 2142 4477 D
2169 4401 2344 4457 eidem
2381 4401 2590 4458 Canoni
2633 4415 2664 4453 a
2711 4399 2917 4454 sanctis
2963 4397 3218 4451 Patribus
3259 4396 3466 4449 inserta
3511 4393 3731 4463 legimus

457 4478 789 4560 _Romanum
837 4483 1082 4538 ordinem
1130 4486 1183 4538 in
1222 4486 1378 4539 altari
1415 4490 1783 4557 componenda
1817 4498 1969 4555 sunt,
2004 4498 2063 4543 ut

450 4569 668 4625 ‘oblata
719 4569 780 4643 [i.
813 4590 858 4627 e.
905 4574 1108 4646 hostia]
1147 4577 1199 4629 in
1255 4577 1521 4646 corporali
1572 4579 1770 4648 posita,
1799 4579 1936 4632 calix
1993 4579 2061 4633 ad

478 4661 732 4716 dextrum
783 4664 925 4721 latus
977 4666 1172 4721 oblata:
1226 4679 1480 4736 ponatur,
1531 4670 1682 4737 quasi
1746 4670 2058 4738 sanguinem

483 4753 700 4808 Domini
728 4763 1095 4824 suscepturus,
1125 4773 1287 4827 quem
1331 4760 1398 4814 de
1432 4761 1601 4814 latere
1629 4761 1910 4816 Dominico
1938 4776 2062 4830 pro-

477 4841 700 4898 fluxisse
723 4847 1012 4902 credimus.
1037 4847 1170 4903 Nam
1191 4850 1427 4905 oblatam
1451 4851 1563 4907 sive
1589 4867 1778 4921 panem
1796 4853 1848 4906 in
1877 4869 2058 4905 verum

477 4930 684 4988 Christi
715 4949 930 5004 corpus,
963 4936 1107 4992 sicut
1133 4949 1186 4993 ct
1213 4940 1396 4994 vinum
1429 4941 1483 4995 in
1527 4941 1846 5011 sanguinem
1876 4942 2061 4996 Domi-

475 5023 658 5080 nicum
711 5027 952 5082 converti
979 5045 1084 5085 non
1135 5030 1462 5086 dubitamus.
1489 5031 1677 5088 Solent
1723 5044 1902 5088 autem
1934 5050 2060 5104 pre-

479 5115 712 5186 sbyteri,
745 5117 872 5173 dum
901 5120 1018 5176 sine
1043 5122 1307 5177 ministris
1336 5121 1589 5187 offerunt,
1616 5125 1855 5193 depasita
1883 5124 2058 5178 oblata

477 5206 539 5262 in
587 5208 746 5265 altari
797 5221 1051 5280 patenam
1133 5214 1465 5269 abscondere
1512 5215 1612 5269 sub
1658 5216 1957 5285 corporali,
2009 5227 2063 5272 et

479 5296 713 5352 fortasse
767 5298 888 5356 ideo
924 5302 1048 5372 quia
1075 5301 1232 5369 juxta
1266 5303 1522 5358 Ordinem
1573 5305 1855 5376 acolythus
1903 5307 2064 5361 debet

479 5398 602 5439 eam
627 5394 811 5443 tenere
840 5390 1131 5445 involutam
1165 5393 1305 5446 inter
1327 5393 1764 5450 sacrificandum.
1808 5397 2064 5466 Coeperi-

479 5485 574 5529 tur
603 5493 818 5546 quoque
850 5480 987 5534 calix
1018 5497 1122 5535 non
1146 5492 1253 5536 tam
1285 5498 1448 5538 causa
1481 5487 1722 5553 mysterii
1750 5504 1910 5556 quam
1935 5505 2062 5543 cau-

474 5564 619 5630 telae,
676 5582 847 5636 usque
900 5570 1026 5624 dum
1074 5571 1223 5627 linito
1268 5574 1488 5628 (Iunone
1536 5576 1734 5630 dicitur
1769 5595 1780 5631 :
1817 5578 2055 5642 Oremus,

473 5654 763 5729 Prwceptis
795 5661 1116 5718 salutaribus
1171 5667 1369 5722 moniti.
1413 5667 1814 5740 Disc00peritur
1856 5682 2052 5739 tamen,

2169 4492 2311 4547 sicut
2339 4509 2367 4545 a
2409 4500 2598 4546 sancto
2629 4489 2997 4543 Alexandrino
3028 4501 3193 4556 papa,
3227 4486 3282 4540 in
3318 4486 3512 4538 ordine
3547 4486 3730 4553 quinto,

2169 4582 2337 4649 ipsius
2380 4579 2675 4634 Dominicae
2714 4579 2985 4648 passionis
3023 4577 3475 4632 commemoratio
3509 4577 3729 4629 interseri

2159 4670 2398 4742 jubetur.
2431 4673 2563 4726 Item
2590 4681 2812 4725 sanctus
2833 4669 3126 4740 Gregorius
3159 4684 3297 4738 papa
3331 4668 3542 4737 primus
3570 4685 3585 4720 :
3611 4666 3728 4719 Dies-

2163 4778 2262 4832 que
2297 4773 2498 4815 nostros
2527 4761 2578 4813 in
2607 4769 2698 4813 tua
2722 4776 2848 4828 pace
2878 4759 3144 4828 disponas,
3163 4772 3338 4825 usque
3369 4756 3473 4809 Per
3495 4754 3727 4810 Christum

2165 4852 2448 4906 Dominum
2471 4863 2724 4906 nostrum.
2782 4850 2848 4903 Et
2875 4865 3101 4918 magnus
3129 4846 3235 4900 Leo
3259 4864 3273 4900 ;
3309 4845 3566 4900 Sanctum
3592 4849 3726 4898 sarri-

2164 4943 2363 5006 [ie-ium,
2385 4940 2784 4994 immaculatam
2810 4940 3057 5004 hostiam,
3083 4941 3136 4992 in
3165 4937 3385 4992 Canouc
3411 4938 3721 4991 addiderunt.

2163 5033 2292 5087 l;em
2319 5031 2507 5104 [idem]
2533 5048 2748 5102 quoque
2774 5024 3071 5101 Gregorius
3094 5031 3435 5085 Dominicam
3458 5031 3721 5084 orationem

2164 5141 2223 5179 se
2252 5124 2458 5179 Canoni
2491 5125 2755 5195 adjecisse
2786 5125 2838 5178 in
2870 5123 3138 5192 liegistro'
3158 5137 3258 5177 suo
3284 5122 3484 5176 asserit
3511 5119 3716 5191 (Regium

2166 5216 2260 5270 lib.
2292 5231 2386 5278 vn,
2413 5232 2496 5286 ep.
2527 5218 2618 5282 (i3,
2644 5217 2712 5270 ad
2734 5216 2994 5270 .l'oannem
3020 5213 3443 5285 Syracusanum)
3466 5256 3479 5276 ,
3509 5215 3594 5266 ubi
3630 5213 3716 5282 qui.

2164 5308 2393 5362 busdam
2441 5309 2563 5362 inde
2614 5307 3112 5372 murmurantihus,
3163 5306 3355 5360 humili
3406 5305 3716 5375 responsione

2164 5401 2450 5464 satisfecit,
2476 5401 2864 5456 inconveniens
2893 5415 3014 5456 esse
3037 5415 3290 5454 asserens
3319 5410 3379 5453 ut
3400 5400 3574 5454 oratio
3587 5412 3714 5467 quam

2139 5491 2525 5548 scholasticus
2565 5493 2868 5564 composuit
2906 5507 3070 5562 super
3096 5491 3426 5546 oblationem
3461 5492 3708 5544 diceretur.

2164 5595 2220 5640 et
2247 5584 2338 5639 illa
2369 5581 2879 5654 prazlermilterelur
2907 5601 3068 5654 quam
3100 5585 3201 5654 ipsi
3237 5585 3466 5654 apostoli
3496 5601 3556 5638 cx
3595 5581 3709 5634 insti-

2167 5673 2371 5730 tutione
2416 5674 2699 5732 Dominica
2739 5674 2794 5731 in
2835 5674 3172 5732 confectione
3208 5675 3521 5730 earumdem
3566 5686 3700 5727 sam-
