3846 6324
19 327 129 382 185

1353 318 1700 375 MICROIDG
1711 317 1815 374 US.

3185 325 3289 392 986

20 447 334 493 nentorum
354 435 582 490 usitasse
605 431 1335 505 crederentur[creduntur].
1360 433 1417 486 In
1461 447 1606 486 sum-
1634 439 1678 496 Λ
1714 433 1844 487 libet
1862 432 2271 506 [quorumlibet]
2289 442 2596 490 sanctorum
2622 435 2838 491 nomina
2862 437 3290 495 internumerare

19 529 126 582 nis
173 541 388 597 quoque
440 523 824 578 festivitatibus
871 524 1116 592 quaedam
1159 521 1363 578 Canoni
1416 521 1467 575 in
1515 522 1604 577 illo

22 636 162 683 oro,
211 620 300 672 ubi
347 618 543 672 dicitur
585 615 1058 675 Communicantes.
1100 615 1180 670 vel
1242 614 1398 668 Hanc
1445 601 1606 684 igitur

20 713 364 775 ablutionem,
389 710 800 780 interponimus,
839 724 957 778 qua:
982 717 1160 762 tamen
1193 721 1260 760 ex
1290 707 1606 775 antiquiori-

20 821 119 859 ms
149 814 208 860 et
233 803 690 859 emendatioribus
721 800 1178 855 Sacramentariis
1213 799 1602 867 interponenda

20 910 141 948 :sse
178 896 495 959 didicimus,
542 894 790 948 videlicet
830 893 882 946 in
932 892 1219 946 Nativitate
1269 890 1503 956 Domini,
1550 890 1601 944 in

19 986 346 1056 Epiphania,
391 987 443 1040 in
489 985 676 1051 Cmna,
712 987 766 1040 in
811 985 1040 1047 Pascha,
1074 985 1125 1038 in
1165 984 1515 1046 Ascensione,
1552 983 1603 1036 in

20 1074 362 1128 ’enteeoste.
407 1073 746 1145 [llujusmodi
796 1073 1232 1144 interpositiones
1272 1071 1508 1127 elliciunt
1547 1080 1606 1126 ιιι

21 1163 166 1227 llud,
194 1161 676 1229 Communicantes,
713 1163 952 1234 apertius
982 1179 1078 1233 per
1109 1179 1188 1230 se,
1233 1163 1389 1233 quasi
1430 1163 1480 1216 in
1517 1178 1605 1217 ca-

26 1255 222 1309 liolica
257 1255 634 1310 communione
664 1265 945 1311 manentes
972 1298 985 1322 ,
1021 1255 1412 1323 intelligamus,
1442 1268 1602 1323 quam

19 1345 74 1396 HI
116 1345 566 1414 subsequentium
611 1355 920 1400 sanctorum
960 1344 1394 1400 communionem
1430 1343 1602 1412 ipsum

19 1436 370 1509 eieramus]
397 1437 565 1493 Nimis
591 1446 770 1493 autem
801 1439 1148 1493 temerarium
1177 1436 1392 1491 videtur
1421 1447 1477 1489 ut
1507 1451 1605 1490 nos

19 1526 202 1596 iliqua
250 1529 451 1583 Canoni
493 1530 560 1582 ad
603 1537 846 1583 nostrum
878 1529 1088 1583 libitum
1127 1528 1464 1598 adjiciamus,
1499 1528 1602 1581 nisi

19 1634 134 1686 pia:
168 1634 198 1672 a
243 1622 442 1674 sanctis
473 1620 725 1675 Patribus
762 1619 1004 1688 adjecta,
1037 1621 1120 1675 vel
1158 1619 1453 1688 adjicienda
1486 1635 1604 1675 esse

20 1713 406 1777 'ogt‘tovimus;
466 1713 738 1782 praecipue
794 1727 915 1767 cum
982 1713 1122 1766 inter
1181 1713 1324 1782 ipsos
1387 1724 1602 1767 sanctos

1707 541 2015 596 possumus.
2059 526 2127 580 Et
2177 527 2277 581 hoc
2329 528 2493 582 etiam
2541 528 2833 583 notandum
2863 529 3005 599 quod
3045 545 3290 600 persona:

1705 618 2049 688 prmlatorum
2073 627 2130 672 et
2153 618 2521 687 subjectorum
2547 617 2600 674 in
2622 619 2840 676 Canone
2862 621 3288 693 distinguuntur.

1708 711 1807 766 Ubi
1840 710 1984 765 enim
2030 711 2231 764 domini
2262 712 2543 781 apostolici
2585 713 2698 768 sive
2729 715 2963 786 episcopi
2992 719 3161 772 nostri
3194 734 3289 774 no-

1706 816 1828 856 men
1882 803 2232 868 assumimus,
2283 803 2350 858 de
2398 804 2636 874 prrelatis
2680 821 2840 876 agere
2888 809 3155 864 videmur.
3212 811 3289 867 De

1707 894 1963 969 subjectis
1984 910 2112 950 vero
2137 896 2318 949 statim
2346 896 2397 949 in
2423 897 2667 965 sequenti
2697 913 2877 962 versu,
2905 899 2992 953 ubi
3019 899 3283 957 dicimus:

1707 985 1990 1052 Memento,
2013 985 2256 1050 Domine,
2271 985 2589 1054 famulorum
2607 986 3030 1057 famularumque
3051 998 3290 1046 tuarum.

1706 1077 1836 1131 Item
1884 1077 2013 1130 illud
2047 1094 2059 1129 :
2095 1076 2247 1129 Ilanc
2276 1077 2438 1146 igitur
2464 1076 2776 1129 oblationem
2804 1078 3069 1132 servitutis
3097 1090 3288 1135 nostra:

1706 1167 1772 1220 de
1797 1165 2032 1236 prmlatis
2058 1175 2233 1220 sonat.
2261 1165 2392 1219 Nam
2421 1167 2560 1234 quod
2585 1165 2864 1234 sequitur:
2893 1163 2995 1220 Sed
3017 1178 3063 1220 et
3088 1178 3288 1224 cuncta:

1707 1257 1926 1327 familiw
1959 1267 2084 1322 tum,
2110 1257 2384 1325 subjectos
2405 1256 2619 1310 videtur
2643 1257 2914 1310 intimare.
2944 1258 3070 1312 Item
3099 1277 3111 1312 :
3141 1258 3288 1314 Unde

1706 1360 1750 1403 et
1783 1347 2054 1412 memores,
2102 1343 2341 1416 Domine,
2389 1365 2482 1402 nos
2522 1349 2658 1402 servi
2695 1349 2789 1414 tui,
2826 1350 2892 1405 de
2936 1351 3205 1419 praelatis,
3234 1361 3289 1408 et

1707 1439 1837 1493 illttd
1865 1457 1877 1491 :
1910 1437 2012 1493 Sed
2035 1448 2082 1493 et
2107 1439 2249 1509 plebs
2275 1451 2365 1492 tua
2393 1449 2598 1503 sancta,
2625 1439 2688 1492 de
2715 1437 2971 1510 subjectis
2995 1454 3156 1510 agere
3179 1455 3287 1497 non

1703 1531 1997 1588 dubitatur.

1876 1621 2004 1675 CAP.
2038 1619 2178 1674 XIV.
2210 1651 2278 1660 ——
2309 1621 2381 1674 De
2409 1622 2571 1690 signis
2601 1639 2756 1691 super
2784 1622 3118 1678 oblationem.

1778 1713 1853 1766 De
1879 1713 2048 1782 signis
2079 1723 2259 1766 autem
2290 1729 2410 1782 quae
2439 1727 2603 1782 super
2628 1713 2956 1768 oblationem
2989 1729 3017 1767 a
3058 1715 3289 1771 diversis

20 1803 217 1856 ‘atres
260 1804 383 1856 nulli
426 1805 626 1872 aliquid
679 1803 942 1872 adjecisse
982 1804 1244 1873 legantur,
1275 1805 1375 1859 nisi
1418 1807 1507 1875 qui
1550 1816 1604 1861 et
1637 1795 1677 1853 Β
1706 1803 1919 1857 diverse
1943 1804 2098 1867 ﬁunt,
2132 1817 2230 1858 nos
2252 1804 2319 1857 ab
2343 1804 2631 1872 apostolica
2663 1803 2789 1858 sede
2812 1804 3150 1873 potissimum
3179 1806 3289 1860 for-

19 1891 325 1960 tpostOIiea
354 1894 682 1948 auctoritate
710 1895 918 1964 pra-diti
952 1896 1054 1949 hoc
1082 1894 1259 1949 facere
1288 1904 1598 1964 potuerunt.

20 1982 298 2053 )ptimum
339 1997 466 2052 ergo
514 1984 726 2037 videtur
772 1991 830 2036 ut
883 1983 935 2036 in
986 1984 1086 2038 hac
1134 1998 1295 2036 causa
1345 1985 1604 2040 terminos

20 2085 330 2128 rostrorum
364 2084 576 2142 patrum
606 2089 710 2127 non
743 2077 1096 2137 excedamus,
1129 2090 1226 2129 nec
1262 2089 1362 2129 nos
1390 2085 1604 2144 aposto-

20 2167 129 2220 iem
170 2165 511 2219 auctoritatis
548 2180 671 2220 reos
709 2162 1027 2228 eﬁiciamus,
1061 2165 1125 2228 si,
1160 2167 1300 2233 quod
1344 2165 1440 2218 soli
1478 2181 1604 2235 apo-

19 2257 230 2310 ;tolicae
251 2256 559 2309 auctoritati
592 2256 870 2324 competit,
901 2255 1173 2309 Cononem
1202 2256 1402 2311 nostris
1440 2257 1605 2312 inter-

20 2347 377 2401 »ositionibus
404 2354 750 2416 augmenttre
783 2360 1194 2415 prtesumamus.

135 2439 270 2493 Car.
301 2440 436 2494 XIII.
460 2471 529 2480 ——
556 2439 695 2505 Quid
720 2442 1045 2509 super/luunt
1067 2441 1131 2494 sit
1163 2443 1213 2494 in
1247 2439 1475 2496 Conone.

82 2529 442 2598 lnterponcre
462 2530 607 2584 enim
637 2529 814 2585 solent
841 2531 1061 2599 quidam
1083 2532 1152 2585 ibi
1185 2547 1309 2586 suas
1331 2533 1604 2587 orationes

19 2617 100 2672 tbi
143 2618 388 2671 dicitur:
428 2617 724 2684 Memento,
767 2619 1018 2686 Domine,
1069 2621 1386 2689 {untulorum
1432 2625 1603 2691 [mnu-

19 2727 323 2780 m'umqtte,
356 2719 408 2765 et
441 2720 569 2764 ante
598 2713 1169 2767 commemorationem
1201 2714 1598 2769 defunctorum.

21 2812 140 2854 tem
166 2810 288 2870 post
314 2815 506 2855 nomen
537 2801 735 2856 domini
778 2817 927 2871 papae
967 2803 1088 2857 sive
1111 2805 1315 2874 proprii
1341 2806 1599 2876 episcopi,

20 2891 279 2960 .«ljiciunt
309 2909 322 2945 :
359 2891 425 2945 Et
470 2893 708 2946 omnibus
743 2893 1045 2948 ortltodoa‘is
1081 2906 1234 2965 atque
1264 2897 1536 2952 cat/totirte
1556 2910 1602 2952 et

19 2984 316 3053 iposlolicte
341 2985 463 3053 ﬁdei
503 2986 788 3040 cultoribus
814 3028 828 3050 ,
857 2988 951 3041 sed
976 2988 1267 3056 superlluo.
1299 2987 1432 3042 Nam
1460 2988 1603 3044 Ordo

30 3079 204 3133 talim
255 3079 308 3132 in
362 3079 606 3146 sequenti
663 3093 845 3145 versu,
895 3081 984 3135 ubi
1023 3081 1268 3134 dicitur:
1310 3080 1596 3148 Memento,

19 3171 271 3235 Domine,
316 3169 636 3238 famulorum
680 3171 1124 3243 famularumque,
1167 3173 1321 3228 nobis
1353 3175 1600 3229 concedit

19 3271 64 3314 ιι
112 3260 358 3315 omnium
401 3262 651 3314 vivorum
703 3277 1206 3328 commemoremus,
1254 3279 1601 3334 quoscunque

20 3351 366 3405 ’oluerimus.
418 3350 551 3404 Item
591 3361 714 3420 post
754 3368 922 3420 pauca
967 3354 1216 3407 addunt:
1260 3353 1368 3407 Pro
1415 3356 1600 3426 quibus

23 3443 101 3496 ibi
141 3443 444 3512 o/ferimus,
477 3459 601 3497 cum
636 3443 688 3496 in
733 3445 1130 3513 antiquioribus
1154 3458 1208 3500 et
1235 3447 1600 3502 veracioribus

19 3533 492 3599 Sacramentariis,
540 3549 645 3588 non
691 3534 794 3589 nisi
847 3536 945 3590 sub
995 3536 1152 3590 tertia
1195 3552 1426 3601 persona
1470 3535 1603 3590 olfe-

19 3635 198 3679 -entes
238 3624 310 3678 ibi
358 3623 590 3697 [scripti]
628 3627 990 3696 reperiantur.
1028 3626 1161 3680 Item
1200 3627 1271 3682 ibi
1303 3643 1316 3680 :
1367 3625 1516 3680 Unde
1552 3637 1599 3681 et

20 3730 290 3777 ueniat-es,
325 3714 559 3778 Domine,
590 3732 684 3768 nos
727 3716 804 3768 tui
838 3715 992 3782 serri,
1017 3715 1360 3771 Nativitatem
1389 3709 1596 3782 Domini

20 3814 465 3870 :ommemorant,
510 3821 630 3859 cum
675 3804 831 3872 juxta
880 3807 1192 3876 Apostolum
1241 3808 1300 3863 in.
1337 3807 1597 3876 ejusmodi

19 3895 284 3950 sacriﬁcio
313 3911 417 3949 non
450 3895 796 3951 Nativitatem
827 3897 1072 3964 Domini,
1103 3899 1194 3953 sed
1218 3907 1450 3954 mortem
1483 3899 1598 3967 ejus

20 3990 344 4045 mnunliare
382 3989 696 4046 debeamus.
731 3993 883 4048 Unde
914 4003 978 4049 et
1003 3981 1223 4050 sanctus
1256 3997 1594 4063 Ambrosius,

30 4100 65 4134 n
95 4081 252 4135 libris
277 4081 754 4138 Sacramentorum
790 4103 802 4138 :
837 4104 854 4136 ς
894 4085 1361 4156 Quotiescunque,
1393 4089 1594 4157 inquit,

19 4169 243 4225 )ll‘ertur
282 4171 628 4238 sacriﬁcium,
673 4189 818 4228 mors
856 4175 1099 4242 Domini,
1132 4180 1460 4234 resurrectio
1491 4181 1597 4235 Do-

23 4263 170 4326 nini,
199 4264 446 4318 ascensio
471 4264 681 4320 Domini
706 4266 1062 4335 signiﬁcatur.
1090 4289 1106 4320 ο
1135 4269 1285 4336 Quod
1307 4282 1360 4326 et
1381 4283 1598 4329 sanctus

19 4353 352 4424 \ugustinus
394 4371 490 4409 sua
525 4360 872 4413 attestatione
907 4361 1212 4414 conﬁrmat.
1262 4363 1598 4433 Quapropter

1705 1907 1848 1945 manu
1897 1893 2131 1947 sumere
2161 1892 2519 1958 decrevimus,
2569 1893 2708 1947 unde
2753 1894 2917 1948 totius
2967 1893 3288 1950 Christianae

1707 1983 1982 2055 religionis
2009 1985 2251 2039 ordinem
2288 1993 2344 2038 et
2383 1985 2642 2054 originem
2679 1985 3033 2055 suscepimus.
3067 1984 3198 2039 Nam
3235 1995 3289 2042 et

1705 2074 1779 2129 illi
1822 2075 1935 2130 sedi
1979 2085 2166 2130 nostro
2199 2083 2438 2144 tempore
2471 2076 2628 2130 talem
2673 2075 2812 2130 Deus
2848 2077 3285 2145 gubernatorem,

1707 2168 2037 2232 reverendae,
2067 2168 2306 2236 inquam,
2339 2167 2613 2222 memoria:
2635 2166 2955 2238 Gregorium
2989 2168 3064 2237 (4)
3089 2183 3286 2238 papam

1708 2259 1980 2328 imposuit,
2007 2259 2096 2328 qui
2121 2258 2220 2313 sub
2242 2259 2426 2313 decem
2449 2258 2559 2312 suis
2584 2261 3039 2322 antecessoribus,
3065 2275 3092 2313 a
3119 2275 3288 2330 puero

1707 2348 1892 2402 Romae
1927 2348 2166 2402 nutritus
2189 2357 2254 2401 .ct
2302 2348 2566 2414 eruditus,
2599 2363 2788 2403 omnes
2825 2349 3149 2418 apostolicus
3180 2358 3288 2403 tra-

1705 2440 1937 2494 ditiones
1982 2441 2392 2510 diligentissime
2433 2440 2796 2509 investigarit,
2844 2449 2900 2495 et
2939 2440 3288 2510 investigatas

1707 2532 2104 2586 studiosissime
2154 2533 2205 2586 in
2250 2541 2428 2586 actum
2470 2531 2676 2588 referre
2712 2533 2940 2596 curavit.
2980 2534 3133 2587 Hunc
3159 2549 3289 2604 ergo

1705 2618 1979 2674 doctorem
2011 2620 2266 2691 religione
2312 2631 2367 2676 et
2414 2623 2736 2676 auctoritate
2781 2623 3135 2692 praecipuum,
3183 2623 3290 2678 imo
3343 2694 3345 2696 _

1709 2710 2060 2778 apostolicam
2094 2712 2440 2766 traditionem
2474 2727 2570 2781 per
2611 2712 2782 2782 ipsum
2824 2712 2876 2767 in
2906 2714 3290 2769 consecrandis

1708 2801 1985 2869 mysteriis
2013 2800 2354 2870 potissimum
2381 2801 2970 2856 imitaridecrevimus.
3008 2801 3161 2856 Sicut
3191 2817 3290 2856 nos

1707 2891 1806 2960 ipsi
1858 2905 1954 2960 per
1999 2890 2170 2961 ipsum
2219 2901 2274 2946 et
2319 2906 2416 2962 per
2453 2891 2738 2961 episcopos
2784 2893 2874 2961 qui
2921 2890 3042 2946 eum
3093 2892 3288 2946 imitati

1706 2989 1848 3047 sunt,
1883 2981 2210 3051 accepimus,
2243 2982 2502 3051 imparem
2543 2997 2825 3036 numerum
2863 2997 3078 3052 semper
3105 2983 3157 3036 in
3183 2982 3291 3037 dis-

1709 3071 2028 3139 pensatione
2057 3073 2331 3144 signorum
2367 3087 2527 3142 super
2560 3072 2887 3126 oblationem
2914 3073 3288 3139 observamus,

1707 3161 1956 3216 videlicet
2001 3179 2162 3216 unam
2203 3178 2457 3234 crucem,
2491 3163 2572 3218 vel
2627 3173 2759 3229 tres,
2801 3164 2886 3218 vel
2927 3162 3166 3235 qui-nque
3208 3167 3290 3220 fa-

1705 3255 1918 3321 ciendo,
1949 3264 2003 3309 et
2033 3256 2136 3310 hoc
2167 3256 2352 3323 utique
2383 3271 2486 3310 non
2520 3256 2636 3310 sine
2667 3257 2798 3311 certi
2832 3271 2995 3310 causa
3024 3258 3286 3326 mysterii.

1697 3345 1840 3400 Nam
1878 3347 1930 3400 in
1960 3362 2061 3399 una
2095 3356 2149 3400 et
2179 3346 2350 3401 tribus
2373 3386 2387 3412 ,
2432 3363 2597 3400 unum
2626 3356 2677 3401 et
2711 3348 2913 3401 trinum
2950 3347 3116 3400 Deum
3163 3347 3288 3400 inti-

1703 3449 1936 3488 mamus.
1960 3435 2014 3489 In
2041 3436 2285 3504 quinque
2341 3443 2518 3490 autem
2553 3436 3045 3505 quinquepartitam
3076 3435 3288 3489 Domini

1703 3525 2008 3593 passionem
2043 3524 2432 3593 signiﬁcamus.
2465 3525 2658 3581 Merito
2680 3533 2859 3578 autem
2890 3524 3064 3593 impar
3103 3538 3288 3577 nume-
3310 3509 3323 3523 ’

1703 3632 1796 3670 rus
1827 3617 1879 3670 in
1916 3616 2301 3672 ecclesiasticis
2338 3613 2526 3670 ciliciis
2559 3615 2956 3686 frequentatur,
2983 3615 3106 3685 quia
3153 3631 3288 3669 nun-

1695 3723 1864 3780 quam
1897 3709 1949 3762 in
1989 3709 2096 3764 duo
2122 3706 2348 3778 mqualia
2388 3709 2594 3763 unitate
2635 3709 2958 3779 impediente
3001 3709 3287 3773 dividitur,

1701 3800 1841 3854 sicut
1867 3801 2046 3854 unitas
2077 3796 2288 3854 sanctae
2309 3799 2566 3855 Ecclesiae
2595 3800 2903 3862 nullatenus
2931 3815 3050 3854 eam
3090 3800 3144 3854 in
3183 3802 3288 3856 duo

1704 3893 1876 3948 secari
1925 3894 2148 3961 patitur.
2181 3893 2238 3947 In
2280 3892 2471 3963 primis
2521 3892 2612 3947 ubi
2669 3892 2904 3946 dicitur:
2960 3891 3091 3946 Ηαισ
3126 3892 3288 3959 dena,

1701 3985 1810 4038 [uec
1867 4001 2106 4049 munera,
2167 3986 2278 4039 lucc
2333 3994 2516 4038 sancta
2572 3983 2864 4054 sacriﬁcia,
2917 3994 3028 4040 tres
3078 3994 3287 4040 tantum

1697 4091 1896 4131 cruces
1924 4092 2087 4146 super
2115 4091 2308 4145 panem
2337 4085 2392 4131 et
2426 4077 2607 4130 vinum
2637 4077 2996 4132 communiter
3037 4077 3287 4142 facimus,

1695 4182 1803 4221 nec
1830 4182 2067 4236 unquam
2094 4181 2289 4236 panem
2315 4183 2344 4221 a
2371 4166 2538 4221 calice
2566 4182 2882 4237 separamus
2919 4156 2969 4220 in
3001 4169 3289 4237 consigna-

1708 4259 1878 4324 tione,
1927 4258 2031 4312 nisi
2082 4258 2170 4312 ubi
2215 4259 2510 4328 separatim
2558 4259 2904 4313 nominantur
2945 4259 2998 4312 in
3049 4258 3284 4313 Canone.

1699 4350 1776 4408 Ita
1805 4359 1986 4405 autem
2015 4351 2104 4405 illa
2134 4351 2496 4405 communiter
2529 4350 2832 4420 signatnus,
2868 4359 2926 4403 ut
2959 4359 3136 4403 erecta
3166 4366 3289 4420 pars

20 4455 63 4500 '_t
87 4461 191 4500 nos
217 4446 288 4501 ibi
320 4455 527 4501 tantum
563 4450 852 4518 passionis,
886 4453 1300 4507 resurreCtionis
1323 4466 1375 4508 et
1409 4470 1598 4510 ascen-

1705 4443 1904 4509 crucis,
1932 4451 2140 4497 tantum
2169 4458 2333 4512 super
2362 4458 2554 4512 panem
2575 4484 2589 4508 ,
2642 4451 2954 4496 transversa
2990 4453 3173 4497 autem
3199 4460 3290 4496 su-

19 4535 183 4590 ;ionis
260 4538 566 4606 passionem
588 4579 603 4602 ,
631 4540 1078 4594 resurrectionem
1111 4551 1164 4594 et
1203 4543 1593 4616 ascensionem]

19 4639 527 4691 :0mme‘moramus.
562 4628 682 4687 llrcc
704 4644 834 4700 ergo
857 4632 1035 4684 omnia
1067 4647 1185 4701 qum
1212 4648 1309 4688 nos
1334 4633 1594 4701 adjectiva

28 4719 356 4783 notavimus,
396 4719 483 4773 ille
514 4707 700 4789 procul
743 4720 906 4775 dubio
942 4723 1208 4790 supcrﬁua
1245 4733 1298 4778 et
1327 4726 1596 4779 eradenda

27 4810 306 4874 udicabit,
359 4811 670 4880 quicunque
720 4811 1056 4880 antiquiores
1104 4823 1157 4867 et
1202 4816 1599 4871 emendatiores

19 4901 482 4955 Sacramentarios
521 4901 802 4969 diligenter
833 4904 1143 4972 inspexerit.
1191 4906 1480 4961 Sciendum
1517 4917 1599 4963 est

19 5001 197 5046 tutem
252 4994 396 5060 quod
444 4993 685 5047 Romana
739 4995 1032 5050 auctoritas
1079 4997 1294 5051 nomina
1355 5000 1596 5054 vivorum

20 5080 253 5135 idclium
285 5081 724 5137 internu‘merare
757 5086 1049 5152 permittit,
1079 5087 1168 5139 ubi
1207 5088 1404 5142 dicitur
1433 5104 1446 5141 :
1489 5089 1599 5152 Me,-

19 5181 212 5235 nento,
237 5171 477 5239 Domine,
514 5175 834 5243 fantulorum
865 5175 1321 5247 [ainularumque;
1350 5180 1601 5235 similiter

19 5275 55 5317 τι
84 5263 497 5329 defunctorum,
528 5266 614 5320 ubi
651 5268 848 5321 iterum
878 5268 1077 5322 dicitur
1107 5287 1119 5322 :
1153 5269 1413 5325 Memento
1443 5274 1598 5330 etiam

19 5365 56 5409 :t
85 5370 282 5410 eorum
325 5358 568 5414 nomina.
601 5359 844 5412 Aliorum
871 5375 1003 5427 vero
1032 5369 1344 5414 sanctorum
1380 5363 1597 5417 nomina

19 5460 377 5500 innumerare
408 5464 513 5502 non
547 5449 839 5514 debemus,
873 5449 977 5504 nisi
1010 5467 1147 5520 quos
1181 5449 1230 5502 in
1267 5449 1483 5506 Canone
1515 5453 1600 5506 in-

19 5535 265 5590 ienimus
292 5538 590 5608 antiquitus
629 5541 929 5611 descriptos
951 5581 965 5609 ,
1003 5556 1230 5614 excepto
1259 5555 1400 5616 post,
1441 5544 1600 5600 Pulei-

23 5636 210 5692 toster,
243 5627 296 5682 in
329 5629 414 5683 illa
449 5632 695 5688 oratione
727 5635 816 5690 ubi
849 5634 1005 5704 juxta
1035 5638 1278 5694 ordinem
1310 5650 1597 5708 quantum-

83 5739 164 5814 (εί)
193 5739 512 5815 Gregorium
548 5747 651 5801 VII.

1699 4548 1797 4602 per
1844 4535 2064 4590 calicem
2095 4536 2489 4606 protendatur.
2523 4533 2657 4587 Nam
2708 4542 2890 4588 erecta
2938 4549 3064 4603 pars
3112 4533 3288 4586 erucis

1701 4640 1896 4694 corpus
1920 4627 2256 4682 Dominicum
2281 4625 2564 4690 sustinuit;
2591 4635 2900 4681 transversa
2921 4636 3101 4679 autem
3122 4627 3286 4694 ipsius

1699 4715 1925 4771 brachia
1973 4717 2257 4772 distendit.
2289 4716 2441 4771 Unde
2470 4726 2525 4770 et
2571 4716 2720 4771 Calix
2769 4731 3004 4786 congrue
3039 4718 3138 4772 sub
3164 4717 3288 4771 bra-

1700 4805 1823 4860 chio
1850 4806 1965 4876 ejus
1996 4806 2314 4872 collocatur,
2348 4807 2500 4875 quasi
2529 4807 2595 4860 de
2638 4805 2807 4860 latere
2850 4806 3128 4861 Dominico
3165 4821 3287 4860 san-

1702 4897 1916 4964 guinem
1957 4897 2171 4952 Domini
2212 4905 2578 4963 suscepturus.
2629 4895 2764 4951 Cum
2823 4896 3100 4950 dicimus:
3133 4896 3289 4950 Ilanc

1701 4992 1862 5059 igitur
1907 4989 2242 5054 oblationem,
2272 5003 2444 5058 usque
2491 4987 2558 5042 ad
2607 4987 2777 5042 altare
2828 4988 3170 5059 inclinantur,
3219 4991 3288 5043 ad

1703 5084 1982 5155 exemplar
2001 5083 2224 5147 Christi,
2253 5083 2344 5152 qui
2376 5097 2435 5137 se
2465 5080 2771 5136 humilia-vit
2797 5095 2896 5149 pro
2930 5081 3087 5135 nobis
3116 5058 3288 5149 iisque

1703 5179 1767 5232 ad
1796 5189 2024 5232 mortem
2051 5178 2249 5232 crucis.
2279 5176 2458 5230 Erecti
2501 5181 2681 5228 autem
2719 5188 2841 5226 eum
2883 5173 3150 5228 dicimus:
3185 5173 3287 5226 Be-

1705 5270 1985 5331 nedictum,
2002 5269 2304 5337 ascriptum,
2332 5276 2523 5330 rotam,
2549 5276 2656 5321 tres
2679 5283 2870 5324 cruces
2896 5283 3058 5337 super
3079 5275 3287 5320 utrum-

1705 5373 1807 5427 que
1860 5359 2020 5412 simul
2070 5358 2320 5412 lacimus.
2375 5355 2490 5409 Non
2537 5357 2679 5410 enim
2721 5359 2810 5413 hic
2852 5359 2962 5412 sola
2991 5358 3171 5412 oblata
3215 5356 3288 5410 si-

1709 5452 1923 5519 gnanda
1979 5461 2098 5514 est,
2151 5458 2211 5503 ut
2266 5449 2484 5519 quidam
2537 5447 2782 5516 faciunt,
2849 5451 2941 5506 sed
2997 5459 3288 5517 utrumque

1711 5541 1958 5609 signatur
2006 5541 2056 5594 in
2092 5541 2384 5596 oblatione.
2433 5541 2566 5596 Nam
2612 5544 2884 5613 sequitur,
2912 5552 2966 5596 ut
3003 5542 3148 5596 nobis
3190 5540 3285 5608 ﬁat

1710 5645 1896 5699 corpus
1931 5642 1976 5686 et
2015 5634 2257 5703 sanguis,
2291 5634 2628 5702 subauditur,
2669 5635 2782 5690 hzec
2821 5635 3039 5691 oblatio.
3081 5633 3146 5688 Et
3185 5631 3288 5686 hoc'
