3846 6324
487 370 590 427 98"

1751 367 2022 425 MONUM.
2064 363 2337 420 LITUIlU.
3661 379 3742 432 ω

494 502 612 542 cum
660 484 878 548 dicitur,
909 491 1103 553 quarta
1143 499 1278 539 crux
1321 498 1485 554 super
1522 498 1736 552 panem,
1791 493 1844 537 et
1893 481 2078 550 quinta
2109 482 2156 540 Α
2187 478 2238 531 in
2275 475 2474 531 Christi
2514 487 2688 534 morte
2719 479 2979 550 redempti
3013 490 3168 547 sunt,
3200 491 3254 537 et
3287 483 3341 537 in
3373 483 3593 538 Christo
3630 487 3745 542 hanc

492 591 654 646 super
680 576 902 629 calicem
937 575 1233 643 separatim
1267 575 1583 644 imponitur.
1612 574 1862 644 Congrue
1895 583 2075 628 autem

489 669 638 735 prius
685 676 796 720 tres
847 675 1055 719 tantum
1094 681 1286 720 cruces
1325 681 1490 734 super
1520 677 1811 736 utrumque
1849 665 2075 720 fecimus

491 757 802 830 [faciams],
850 758 976 811 licet
1024 758 1264 827 quinque
1312 773 1477 813 voces
1519 759 1584 812 ad
1625 758 1778 824 signa
1834 755 2078 812 iacienda

487 848 893 917 arquipollenles
926 850 1275 916 haberemus,
1307 850 1358 904 id
1387 860 1492 914 est,
1528 849 1888 916 Benedictum,
1912 852 2077 905 ascri-

487 951 646 1006 ptam.
676 951 864 1007 ratam,
893 941 1279 1004 rationabilem,
1317 942 1706 1011 acceptabilcm,
1742 943 1995 998 videlicet
2017 952 2077 998 ut

492 1033 804 1100 quinarium
839 1049 1124 1086 numerum
1165 1048 1266 1086 non
1295 1035 1684 1089 excederemus
1706 1075 1720 1098 ,
1747 1044 1801 1089 et
1828 1035 2074 1104 qu-intam

488 1141 712 1179 crucem
758 1141 920 1192 super
958 1125 1184 1178 calicem
1231 1127 1384 1194 quasi
1434 1126 1607 1196 quinti
1659 1127 1898 1180 vulneris
1941 1128 2078 1182 indi-

489 1232 627 1279 conn,
657 1216 796 1269 unde
818 1217 1035 1285 sanguis
1057 1216 1328 1286 proﬂuxit,
1359 1228 1728 1287 competenter
1750 1220 2069 1276 faceremus.

565 1329 692 1382 CAP.
733 1325 850 1382 XV.
874 1359 944 1368 —
971 1328 1044 1382 De
1078 1331 1375 1399 acceptione
1401 1330 1683 1384 oblationis
1711 1332 1764 1384 in
1797 1348 2004 1385 manus.

562 1418 768 1473 Deinde
799 1420 952 1488 panis
984 1421 1035 1472 in
1067 1435 1260 1474 manus
1296 1421 1574 1489 accipitur,
1599 1431 1654 1476 et
1680 1432 1964 1490 antequam
1988 1437 2076 1476 re-

493 1519 723 1579 ponatur
753 1511 803 1562 in
831 1511 1031 1576 altare,
1059 1511 1407 1566 benedicitur.
1431 1511 1560 1566 Item
1588 1521 1641 1566 et
1669 1513 1809 1567 calix
1838 1513 2078 1571 elevatus

492 1613 616 1655 ante
644 1602 1029 1671 depositionem
1057 1603 1410 1659 benedicitur.
1439 1603 1572 1657 Nam
1606 1615 1660 1659 et
1686 1605 1799 1674 ipse
1822 1606 2078 1662 Dominus

495 1694 546 1747 in
572 1693 862 1762 Evangelio
887 1705 1170 1766 utrumque
1201 1695 1396 1767 legitur
1422 1697 1759 1754 benedixisse
1788 1710 2077 1768 antequam

493 1786 843 1840 dimitterete
876 1789 1140 1843 manibus.
1180 1788 1412 1858 Accepta
1453 1789 1598 1843 enim
1633 1791 1683 1842 in
1715 1791 1962 1846 manibus
1986 1792 2079 1846 be-

2179 569 2343 623 vitam
2388 567 2659 624 ﬁnierunt.
2685 570 2819 626 Cum
2839 580 3018 628 autem
3043 574 3302 629 sacerdos
3339 589 3526 628 vocem
3547 578 3745 640 exattat,

2177 660 2394 715 dicens:
2418 659 2582 714 Nobis
2600 678 2800 732 quoque
2828 665 3206 733 peccatoribus,
3229 667 3607 722 centurioni-1|
3625 662 3749 725 in

2177 750 2425 821 designat
2471 753 2560 820 qui
2611 755 2725 809 visa
2773 764 2948 810 morte
2991 755 3198 811 Christi
3245 773 3440 811 vocem
3483 761 3748 820 exaltant.

2178 842 2406 896 dicendo
2435 859 2448 895 :
2490 840 2625 898 Vere
2653 843 2702 896 F
2706 844 2828 899 ilius
2852 845 2948 899 Dei
2978 857 3087 899 erat
3121 848 3237 900 iste.
3269 848 3409 902 Tres
3430 864 3564 901 vero
3591 866 3753 904 cruces

2177 949 2339 1005 super
2361 951 2557 1006 corpus
2595 945 2649 991 et
2690 937 3006 1005 sanguinem
3050 938 3420 992 communiter
3463 941 3624 1001 facit,
3657 957 3752 993 (τω

2185 1029 2315 1083 dicit
2349 1047 2361 1082 :
2404 1027 2755 1098 Sanctiﬁcas,
2784 1029 3050 1098 vivi/leas,
3089 1030 3392 1093 benedicis,
3429 1031 3484 1084 in
3523 1032 3755 1086 honorem

2181 1129 2382 1174 sancta:
2405 1117 2710 1174 Trinitatis.
2735 1118 2928 1173 Postea
2946 1135 3066 1174 cum
3088 1134 3320 1189 corpore
3341 1120 3632 1175 Dominica
3653 1140 3759 1189 qm-

2183 1218 2306 1263 tuor
2345 1225 2535 1264 cruces
2584 1225 2746 1279 super
2783 1210 3008 1264 calicem
3061 1210 3323 1274 facimus,
3367 1212 3642 1265 dicendo:
3678 1213 3760 1265 Per

2180 1303 2350 1370 ipsum
2386 1311 2432 1356 et
2469 1319 2586 1356 cum
2626 1303 2735 1372 ipso
2778 1313 2826 1356 et
2859 1303 2913 1356 in
2943 1303 3078 1372 ipso,
3120 1312 3177 1357 et
3215 1305 3474 1372 quintam
3521 1307 3575 1358 in
3620 1306 3759 1360 latere

2183 1394 2388 1460 calicis,
2423 1394 2675 1450 videlicet
2702 1395 2897 1450 iterum
2927 1396 3121 1450 vulnus
3149 1395 3363 1450 Domini
3406 1397 3596 1450 lateris
3623 1398 3761 1466 signi-

2181 1487 2416 1542 ﬁcando.
2443 1486 2600 1542 Unde
2615 1495 2667 1542 et
2694 1488 2916 1543 calicem
2940 1502 3006 1541 ex
3035 1488 3225 1542 eodem
3253 1489 3434 1542 latere
3462 1505 3585 1542 cum
3611 1489 3760 1543 oblat:

2183 1575 2619 1646 tangimusjuxta
2647 1577 2951 1632 Romanum
2975 1577 3256 1635 Ordinem.
3283 1577 3444 1632 Multi
3477 1589 3652 1632 tamen
3675 1591 3760 1633 tres

2184 1678 2393 1723 tantum
2422 1685 2614 1724 cruces
2644 1685 2806 1740 super
2847 1669 3070 1725 calicem
3102 1680 3158 1724 et
3191 1672 3342 1724 duas
3377 1671 3434 1724 in
3482 1671 3648 1726 latere
3669 1675 3762 1741 ρῇδες

2185 1757 2418 1824 faciunt;
2451 1759 2546 1814 sed
2578 1760 2790 1814 videtur
2821 1760 3203 1826 incongruum,
3237 1774 3369 1814 cum
3399 1759 3650 1815 Christus
3667 1763 3764 1813 uul-

492 1874 726 1938 nedixit,
759 1885 943 1944 postea
979 1876 1254 1946 discipulis
1289 1849 1435 1932 dedit
1467 1877 1682 1946 (Matth.
1718 1880 1888 1948 xxvr).
1921 1880 2078 1946 Item,
2111 1860 2158 1920 Β
2184 1849 2512 1948 ¹¹¹¹ηιν¹¹¹¹¹¹¹⁵
2541 1851 2797 1948 i"_lmfre
2821 1851 3075 1948 halfuem
3114 1868 3219 1948 ¹¹¹ῗ¹
3255 1868 3460 1948 Ῐ¹¹¹¹¹Π¹⁹
3629 1870 3765 1948 FW

492 1967 578 2018 ubi
605 1967 844 2022 dicitur:
878 1967 1123 2022 Hostiam
1155 1987 1379 2039 puram,
1415 1971 1641 2023 hostiam
1685 1981 1942 2035 sanctam,
1983 1971 2081 2026 ho-

490 2059 644 2110 stiam
661 2059 1076 2123 immaculatum,
1092 2068 1200 2114 tres
1223 2075 1413 2116 cruces
1434 2077 1599 2131 super
1617 2075 1904 2131 utrumque
1922 2063 2081 2117 simul

493 2147 745 2210 facimus,
788 2151 913 2219 quia
957 2160 1010 2204 et
1040 2161 1330 2221 utrumque
1373 2153 1532 2206 simul
1576 2154 1628 2207 in
1668 2154 1872 2209 eisdem
1903 2155 2084 2210 verbis

496 2243 863 2311 intelligimus.
896 2243 1155 2311 Quartam
1188 2255 1366 2300 autem
1404 2262 1620 2302 crucem
1658 2265 1821 2319 super
1848 2266 2038 2321 panem
2067 2291 2082 2317 ,

492 2342 545 2384 et
573 2335 816 2401 quintam
857 2351 1020 2404 super
1058 2336 1280 2392 calicem
1315 2341 1608 2408 separatim
1650 2340 1947 2410 inﬁginms,
1981 2343 2082 2397 ite-

495 2441 614 2478 rum
648 2428 962 2496 sanguinem
995 2429 1332 2486 Dominicum
1361 2432 1427 2486 de
1453 2433 1622 2489 latere
1635 2433 1933 2504 _Dominiéo
1961 2449 2086 2506 pro-

495 2516 749 2572 ﬂuentem
777 2519 1140 2590 designantes.

494 2630 625 2685 Car.
663 2631 801 2686 XVI.
849 2662 920 2673 —
963 2635 1040 2690 De
1082 2638 1573 2719 commemoratione
1615 2639 1908 2696 Dominica:
1960 2659 2087 2713 pas-

1203 2725 1386 2762 8101188.

576 2790 878 2845 Notandum
912 2801 1092 2848 autem
1134 2810 1231 2864 per
1275 2807 1444 2851 totum
1475 2796 1748 2854 Canonem
1795 2799 2088 2856 Dominica

496 2885 764 2953 passionis
814 2889 1382 2944 commemorationem
1433 2891 1774 2959 potissimum
1837 2895 2084 2959 actitari,

491 2974 646 3042 juxta
676 2974 886 3030 Domini
918 2987 1242 3048 praiceptum
1270 2981 1321 3035 in
1344 2981 1634 3052 Evangelio
1661 2998 1675 3037 :
1706 2983 1855 3050 Ha'c,
1892 2986 2083 3056 inquit,

495 3071 900 3139 quotiescunque
946 3071 1202 3140 feceritis,
1267 3075 1322 3127 in
1374 3076 1475 3128 mei
1521 3079 1824 3132 memoriam
1883 3080 2086 3148 facietis

497 3157 714 3224 (Matth.
747 3175 906 3225 xxvr;
951 3159 1076 3214 Luc.
1115 3162 1291 3230 xxnl;
1349 3172 1406 3218 et
1449 3164 1578 3220 illud
1612 3166 1850 3236 Apostoli
1892 3187 1905 3223 :
1939 3169 2088 3235 Quo-

495 3251 796 3318 tiescunque
839 3251 935 3304 hoc
974 3255 1324 3321 sumpseritis,
1374 3266 1590 3309 mortem
1633 3257 1849 3312 Domini
1878 3277 2087 3314 annun-

497 3340 696 3393 tiabitis
727 3340 774 3409 (Ι
809 3341 930 3395 Cor.
967 3342 1043 3413 κ).
1076 3343 1226 3398 Unde
1254 3353 1307 3400 et
1344 3346 1459 3414 ipse
1499 3349 1751 3403 sacerdos
1791 3363 1886 3418 per
1915 3359 2084 3405 totum

494 3429 770 3483 Cononem
817 3430 869 3484 in
919 3434 1250 3502 expansione
1297 3451 1552 3490 manuum
1595 3454 1700 3493 non
1748 3449 1854 3494 tam
1889 3442 2086 3497 mentis

495 3518 836 3574 devotionem
874 3538 1033 3589 quam
1067 3523 1268 3579 Christi
1303 3528 1674 3584 extensionem
1707 3531 1759 3585 in
1795 3548 1955 3588 cruce
1995 3536 2085 3588 de-

495 3611 695 3678 signat,
733 3612 887 3680 juxta
930 3614 1099 3669 illud:
1131 3617 1380 3687 Empandi
1427 3637 1613 3675 manus
1652 3640 1792 3676 meas
1823 3634 1931 3678 tota
1977 3627 2083 3679 die.

498 3701 636 3770 (Isa.
665 3707 813 3773 va).
842 3703 956 3759 Non
980 3722 1110 3777 ergo
1133 3709 1280 3779 digiti
1314 3699 1440 3765 sunt
1466 3715 1819 3769 contrahemli
1850 3731 2082 3787 semper,

498 3802 558 3844 ut
605 3795 824 3861 quidam
866 3811 977 3865 pra:
1021 3799 1188 3852 nimia
1231 3802 1440 3855 cautela
1493 3802 1718 3859 faciunt.
1762 3805 1898 3859 Male
1941 3810 2083 3861 enim

500 3883 643 3934 cauti
689 3899 894 3948 sunms,
939 3888 982 3941 si
1017 3887 1290 3943 Christum
1341 3893 1539 3947 imitari
1595 3911 1936 3964 summopere
1980 3914 2084 3953 non

500 3973 800 4027 studemus.
831 3975 1138 4046 Congruum
1165 3996 1292 4051 ergo
1315 3992 1394 4036 est
1424 3991 1480 4036 ut
1505 3999 1696 4039 manus
1715 3988 2086 4056 expandamus

497 4062 637 4117 infra
675 4063 968 4130 Canonem,
1005 4068 1103 4122 hoc
1128 4077 1306 4123 tamen
1345 4073 1629 4127 observato
1663 4089 1729 4128 ne
1754 4078 1880 4144 quid
1906 4079 2085 4149 digitis

501 4160 789 4222 tangamus
824 4169 1022 4224 praeter
1053 4157 1262 4212 Domini
1292 4176 1508 4229 corpus.
1541 4161 1844 4218 Notandum
1872 4180 2086 4236 quoque

496 4243 551 4298 in
593 4245 710 4314 ipso
739 4247 956 4303 Cauone
999 4249 1323 4320 quinquies,
1359 4252 1454 4322 per
1479 4253 1754 4308 Christum
1799 4257 2083 4314 Dominum

499 4345 765 4397 nostrum,
793 4336 1013 4404 haberi;
1043 4347 1097 4394 ct
1117 4340 1169 4394 in
1197 4341 1308 4410 ipsa
1334 4343 1584 4410 quinaria
1610 4347 1955 4403 conclusione
1978 4366 2082 4404 non

498 4427 792 4498 incongrue
813 4431 1117 4500 quinariam
1142 4433 1353 4487 Domini
1371 4435 1797 4492 vulnerationem
1823 4441 2080 4497 intimari.

495 4517 789 4590 Presbyter
838 4531 1016 4576 autem
1065 4538 1259 4578 manus
1305 4540 1428 4578 raro
1471 4527 1749 4582 remittere
1787 4529 1940 4595 solet,
1981 4532 2080 4586 nisi

495 4624 618 4662 cum
670 4614 976 4668 necessario
1016 4616 1344 4685 prepositam
1397 4617 1723 4672 oblationem
1765 4619 2082 4679 benedicere

496 4699 676 4755 debet.
703 4690 995 4774 Presbyter
1029 4714 1082 4759 et
1113 4707 1540 4761 lmmiliationem
1581 4708 1795 4763 Domini
1824 4727 1991 4781 usque
2014 4713 2082 4768 ad

494 4806 736 4858 crucem,
763 4803 820 4847 ut
841 4795 1210 4863 prardiximus,
1245 4797 1397 4851 nobis
1433 4798 1654 4864 indicat,
1681 4816 1802 4854 cum
1831 4816 1890 4856 se
1914 4817 2082 4872 usque

495 4886 562 4938 ad
606 4885 778 4940 altare
818 4887 1066 4954 inclinat,
1099 4889 1326 4944 dicendo
1356 4907 1369 4944 :
1404 4889 1561 4944 Hanc
1599 4905 1722 4961 ergo
1748 4894 2078 4950 oblationem.

494 4977 693 5052 Statim
740 4981 886 5034 enim
926 4981 979 5035 in
1029 4983 1382 5052 sequentibus
1426 4986 1670 5039 narratio
1704 4987 1770 5041 de
1805 4987 2081 5044 Dominica

493 5048 746 5141 passiime
786 5048 1124 5140 ordinatur,—
1143 5074 1294 5144 cujus
1324 5085 1480 5146 typus
1509 5091 1679 5146 usque
1708 5079 1774 5134 ad
1812 5079 2082 5150 Supplices

493 5173 543 5215 te
587 5179 852 5232 rogamus,
901 5165 1242 5220 observatur.
1300 5166 1376 5221 Ibi
1428 5166 1680 5222 videlicet
1723 5172 1976 5226 sacerdos
2024 5188 2084 5227 se

490 5252 644 5319 juxta
679 5253 851 5308 altare
891 5255 1178 5320 irclinans,
1221 5255 1496 5312 Christum
1535 5259 1587 5311 in
1627 5273 1788 5314 cruce
1828 5260 2082 5316 inclinato

495 5342 672 5409 capite
706 5344 951 5410 spiritum
996 5346 1283 5400 tradidisse
1309 5347 1600 5418 signiﬁcat.

493 5431 623 5488 CAP.
677 5433 837 5488 XVII.
885 5467 954 5478 --
994 5436 1070 5491 De
1112 5442 1603 5496 commemoratione
1658 5455 1980 5498 mortuorum
2034 5457 2080 5502 et

627 5525 842 5597 reliquis
879 5529 1218 5584 observantiis
1244 5549 1406 5601 usque
1436 5533 1490 5586 in
1517 5535 1674 5601 ﬁnem
1706 5535 1954 5590 Canonis.

564 5617 694 5674 Post
721 5629 950 5675 mortem
976 5621 1174 5676 Christi
1202 5625 1253 5678 in
1280 5640 1442 5680 cruce
1471 5631 1917 5684 commemoratio
1943 5647 2083 5686 mor-

494 5722 706 5768 tuorum
749 5714 1118 5784 subsequitur,
1157 5718 1280 5786 quia
1327 5733 1427 5773 nec
1468 5719 1696 5775 aliorum
1746 5731 2078 5778 mortuorum

494 5805 922 5880 [defunctorum]
965 5812 1412 5865 commemoratio
1461 5814 1665 5881 agonia
1715 5825 1816 5880 est,
1852 5817 1955 5870 nisi
1990 5820 2079 5887 qui

2116 4570 2160 4624 D
2189 4565 2436 4622 faciendo
2485 4585 2724 4636 crucem,
2762 4571 2981 4628 mittere
3029 4575 3210 4643 debet,
3264 4593 3392 4634 cum
3435 4582 3621 4638 dicit:

2186 1940 2369 1994 renda:
2393 1941 2667 1995 memoriae
2689 1940 2986 2011 Gregorius
3005 1955 3140 2010 papa
3167 1939 3323 2006 fecit,
3339 1951 3400 1995 ut
3421 1944 3763 2010 prtediximm,

2185 2032 2324 2098 quod
2359 2032 2552 2086 beatus
2585 2031 2874 2086 Ansclmus
2911 2031 3174 2088 Lucensis
3201 2033 3505 2102 episcopus
3538 2034 3608 2086 ita
3638 2035 3695 2086 ab
3713 2051 3766 2087 eo

2183 2134 2243 2174 se
2273 2120 2526 2175 didicisse
2565 2129 2792 2174 testatus
2821 2128 2939 2184 est,
2987 2130 3039 2174 et
3083 2120 3189 2176 hoc
3223 2122 3304 2174 ita
3344 2137 3569 2190 semper
3605 2122 3764 2176 obser-

2183 2211 2350 2278 vavit,
2383 2211 2646 2281 nobisque
2691 2211 2877 2266 itidem
2915 2211 3316 2268 observandum
3358 2213 3668 2268 ﬁrmissime
3703 2216 3767 2268 ia-

2186 2299 2442 2356 culcavit.
2462 2298 2594 2355 Cum
2621 2299 2878 2354 dicimus:
2900 2299 3006 2355 Per
3025 2302 3203 2355 omnia
3224 2303 3435 2356 δίκαια
3457 2303 3764 2366 set-along,

2184 2404 2383 2459 corpus
2413 2405 2534 2444 cum
2569 2389 2737 2445 calice
2759 2389 3019 2457 levamus,
3044 2400 3100 2445 et
3130 2392 3324 2446 statim
3359 2393 3418 2446 in
3449 2393 3610 2447 altari
3636 2395 3768 2462 desur-

2185 2481 2288 2535 sita
2321 2482 2702 2549 coeperimus:
2735 2481 2869 2548 Quia
2893 2491 2947 2536 et
2974 2481 3173 2553 Joseph
3211 2500 3425 2554 corpus
3458 2486 3769 2540 Dominicam

2185 2571 2253 2624 de
2297 2586 2460 2626 cruce
2497 2571 2726 2637 levavit,
2774 2580 2832 2627 et
2879 2573 2930 2626 in
2979 2573 3228 2642 sepulcro
3262 2575 3585 2645 depasitnm
3623 2577 3769 2646 lapide

2186 2660 2484 2728 cooperuit.
2539 2659 2828 2730 Hucusque
2881 2660 3018 2714 calix
3073 2677 3172 2732 pro
3223 2664 3454 2718 cautela

2189 2751 2494 2820 videbatur,
2521 2753 2772 2825 detnceps
2794 2764 2973 2810 autem
2997 2756 3169 2826 magis
3185 2773 3288 2827 pro
3309 2761 3585 2829 mysterio
3605 2775 3772 2828 coope-

2192 2842 2361 2910 ritur,
2400 2843 2529 2912 quia
2556 2844 2698 2900 sicut
2729 2846 2978 2900 Christus
3013 2855 3122 2901 tres
3151 2848 3271 2903 dies
3308 2849 3363 2902 in
3414 2851 3672 2919 sepulcro
3696 2853 3774 2905 fait

2187 2944 2502 3005 coopertus,
2562 2937 2639 2992 ita
2689 2947 2744 2993 et
2792 2955 2892 2996 nos
2939 2953 3135 3009 corpus
3190 2939 3415 2995 Domini
3471 2950 3530 2997 et
3573 2943 3772 2997 calice:

2187 3026 2546 3094 c00perimus,
2580 3029 2878 3097 usquedum
2909 3039 3019 3084 tres
3049 3031 3312 3086 articulos
3341 3034 3624 3088 orationis
3648 3051 3774 3090 corn-

2187 3113 2454 3183 pleamus,
2496 3118 2695 3187 quippe
2735 3119 3105 3188 praelationem
3154 3121 3470 3178 Dominica).
3508 3126 3772 3186 orationis.

2113 3222 2158 3283 ρ
2188 3209 2240 3255 et
2268 3201 2438 3272 ipsam
2467 3204 2800 3261 Dominicam
2824 3209 3148 3278 orationem,
3185 3221 3240 3264 et
3273 3211 3431 3266 illam
3458 3228 3586 3284 quae
3617 3217 3774 3284 sequi-

2192 3299 2314 3359 tur,
2344 3309 2463 3362 qua:
2507 3296 2736 3351 embolis
2777 3297 3069 3354 Dominica:
3112 3301 3387 3357 orationis
3431 3316 3772 3374 nuncupat.

2187 3383 2349 3438 Juxta
2380 3385 2684 3440 Romanum
2714 3387 2969 3444 Ordinem
3007 3406 3128 3444 cum
3173 3392 3380 3446 dicitur
3411 3410 3430 3448 :
3463 3395 3537 3449 Et
3570 3402 3636 3449 ab
3660 3400 3774 3452 etuti

2193 3477 2585 3545 perturbatione
2611 3482 2802 3547 securi,
2832 3483 3029 3552 accipit
3057 3484 3492 3542 archidiaconus
3525 3505 3556 3543 a
3583 3492 3772 3544 subdia-

2190 3582 2331 3622 cono
2363 3580 2613 3638 patenam
2646 3571 2867 3636 nudam,
2911 3590 3073 3642 quam
3106 3575 3399 3646 acolythus
3438 3583 3618 3634 tenuit
3650 3583 3773 3635 inro-

2191 3655 2383 3721 lutam,
2412 3657 2710 3711 osculatam
2753 3659 2846 3712 dat
2887 3661 2976 3714 uni
3016 3677 3080 3716 ex
3121 3662 3456 3720 diaconibus
3487 3670 3770 3728 tenenda...

2189 3747 2255 3800 ad
2301 3747 2728 3803 confractionem
2763 3750 2814 3804 in
2863 3767 2924 3806 ea
2968 3751 3294 3809 faciendam.
3338 3757 3503 3814 Unde
3546 3763 3772 3816 sacculos

2188 3837 2306 3891 sine
2354 3839 2604 3894 ministro
2633 3841 2947 3896 sacriﬁcans
2980 3843 3046 3898 ad
3076 3847 3332 3901 eumdem
3365 3847 3558 3904 locum
3591 3853 3770 3907 ead:

2189 3928 2562 3998 subcorporali
2610 3929 2982 3986 absconditam
3021 3936 3283 4004 resumit,
3315 3946 3374 3992 et
3403 3941 3705 3996 osculata
3731 3945 3768 3996 is

2190 4019 2348 4072 altari
2392 4019 2646 4090 deponit,
2690 4032 2747 4076 ut
2795 4023 3024 4080 hostiam
3074 4027 3128 4081 in
3168 4043 3232 4083 ea
3275 4032 3624 4105 confringat.
3663 4035 3767 4090 Cu

2187 4119 2364 4165 autem
2397 4112 2527 4167 dicit
2561 4131 2572 4165 :
2601 4111 2708 4168 Per
2730 4115 3010 4170 Dominum
3037 4128 3297 4188 nostrum,
3321 4127 3539 4195 rumpit
3563 4127 3768 4182 hostiam

2189 4216 2254 4254 ex
2296 4202 2488 4256 dextro
2526 4203 2696 4260 latere
2734 4205 2888 4276 juxta
2930 4207 3221 4276 Ordinem,
3272 4213 3343 4267 ad
3399 4215 3768 4288 designanda:

2188 4291 2456 4348 Dominici
2511 4295 2698 4352 lateris
2750 4301 3183 4368 percussionem.
3241 4302 3461 4362 Deinde
3531 4308 3766 4379 majora

2186 4393 2394 4452 partem
2436 4385 2488 4438 in
2521 4385 2626 4441 duo
2656 4387 2971 4460 confringit,
3011 4400 3072 4445 ut
3114 4399 3226 4448 tres
3257 4397 3553 4465 portiones
3579 4400 3768 4455 decor-

2187 4486 2319 4541 pore
2348 4473 2630 4531 Dominico
2659 4476 2869 4534 etlicere
2895 4481 3083 4550 possit.
3109 4481 3247 4537 Nam
3272 4501 3441 4541 unam
3465 4487 3522 4542 in
3541 4490 3763 4553 calice,

3671 4582 3764 4637 Pl:

2184 4655 2398 4711 Domini
2419 4660 2481 4712 sit
2507 4677 2708 4730 semper
2728 4663 3010 4732 vobiscum,
3028 4666 3096 4722 ad
3122 4667 3526 4739 designandum
3549 4675 3762 4746 corporis

2184 4756 2239 4802 et
2283 4748 2478 4803 animm
2520 4751 2956 4818 c0ujunctioncm
2998 4755 3053 4810 in
3100 4761 3515 4818 resurrectione

2183 4837 2420 4893 Alteram
2455 4857 2583 4896 vero
2621 4843 2734 4913 ipse
2760 4846 3043 4917 presbyter
3072 4853 3390 4908 necessario
3426 4857 3633 4923 sumit,
3663 4869 3760 4913 ante

2185 4929 2370 4983 calicis
2400 4933 2892 5004 participationem,
2914 4934 3067 5005 juxta
3100 4939 3444 4999 Dominicam
3489 4947 3760 5002 institutio-

2185 5034 2330 5072 nem.
2361 5020 2600 5077 Tertiam
2642 5034 2822 5081 autem
2863 5030 3346 5088 communicaturis
3391 5035 3512 5091 sive
3555 5039 3752 5092 intimi?

2185 5117 2497 5171 necessario
2535 5115 2796 5181 dimittit,
2825 5130 2923 5170 nec
2951 5115 3056 5172 hoc
3083 5118 3273 5189 utique
3297 5122 3420 5178 sine
3449 5127 3592 5181 certi
3626 5141 3754 5182 caus

2187 5206 2451 5274 mysterii.
2480 5205 2514 5259 Ἰ
2529 5206 2569 5260 ri
2578 5205 2790 5275 pliciter
2804 5206 2946 5260 enim
2971 5221 3170 5278 corpus
3187 5210 3404 5266 Domini
3423 5214 3750 5286 intelligitur;

2186 5311 2350 5349 unum
2391 5298 2533 5367 quod
2583 5300 2882 5353 resurrexit
2923 5315 2953 5353 a
3001 5300 3265 5368 mortuis,
3313 5303 3461 5372 quod
3507 5306 3750 5377 signiﬁcat

2183 5387 2448 5455 particula
2495 5389 2548 5444 in
2586 5391 2901 5459 sanguinem
2944 5391 3147 5456 missa;
3194 5393 3360 5460 aliud,
3407 5398 3559 5465 quod
3608 5401 3748 5451 adh:

2185 5477 2317 5532 vivit
2350 5478 2401 5532 in
2437 5488 2606 5543 terra,
2637 5479 2998 5551 signiﬁcatum
3037 5486 3502 5554 per'particulam
3536 5503 3570 5541 a
3600 5503 3750 5543 sacer-

2185 5567 2310 5620 dote
2341 5576 2756 5639 consumptam;
2793 5571 3042 5638 tertium,
3077 5573 3219 5642 quod
3249 5572 3362 5642 jam
3399 5579 3686 5645 requiescit
3709 5592 3744 5629 ίι

2185 5656 2420 5722 Christo,
2448 5659 2590 5727 quod
2615 5666 2670 5712 et
2712 5674 2742 5712 a
2774 5657 2931 5714 tertia
2973 5661 3236 5729 particula
3266 5666 3320 5717 in
3365 5665 3530 5720 altari
3561 5680 3741 5722 serrata

2185 5759 2307 5818 apte
2332 5750 2612 5820 ﬁguratur,
2638 5766 2798 5822 quant
2832 5753 3088 5810 viaticum
3121 5758 3472 5814 morientium
3500 5763 3740 5831 ann-tiara

2186 5842 2434 5897 solemus.
