3846 6324
31 392 122 447 989

28 505 139 561 CAP.
186 499 349 557 XVIII.
378 529 450 540 —
495 497 569 551 De
617 495 766 575 panis
813 491 1068 562 fractione
1115 498 1161 544 et
1184 485 1564 556 _communica-

692 575 854 620 tione.

86 686 198 738 Post
233 679 616 737 immissionem
662 683 842 728 autem
870 671 1027 743 panis
1052 671 1108 725 in
1137 668 1382 732 calicem,
1408 663 1560 734 juxta

27 774 288 829 Romanqu
337 769 623 832 Ordinem,
654 764 788 821 dicit
837 761 1094 818 sacerdos
1146 759 1246 815 sub
1296 756 1559 811 silentio:

24 863 133 917 Fiat
162 863 432 918 commistio
467 873 516 914 et
558 855 876 912 consecratio
919 853 1149 924 corporis
1200 861 1249 903 et
1292 848 1562 919 sanguinis

22 955 206 1008 Domini
227 952 378 1007 nostri
403 949 533 1004 Iesu
561 947 775 1004 Christi.
809 946 1000 1001 Beatus
1031 940 1370 996 Innocentius
1401 954 1559 1008 papa,

19 1047 62 1100 iu
97 1045 270 1100 ordine
296 1039 742 1113 quadragesimus
775 1038 1017 1109 quintus,
1043 1033 1326 1090 constituit
1371 1047 1559 1101 paccm

19 1134 120 1188 dari
165 1143 279 1202 post:
309 1131 705 1188 coniectionem
753 1135 1242 1182 sacramentorum.
1286 1122 1418 1177 Cum
1465 1137 1562 1191 pa-

19 1240 117 1279 cem
144 1225 340 1289 damus,
373 1224 558 1279 dicere
596 1221 836 1276 solemus
867 1234 882 1272 :
918 1218 1035 1272 Pax
1078 1227 1263 1270 tecum.
1315 1215 1561 1282 Respon-

19 1316 85 1368 sio
120 1334 132 1368 :
163 1315 225 1370 Et
271 1331 388 1371 cum
422 1314 610 1385 spiritu
641 1322 751 1366 tuo.
777 1308 1028 1379 Congrue
1052 1318 1232 1362 autem
1270 1321 1372 1376 pax
1403 1305 1561 1358 datur

20 1416 127 1461 ante
153 1405 577 1462 communionem
602 1445 618 1471 ,
662 1402 786 1472 quia
825 1399 1090 1470 judicium
1125 1397 1226 1453 sibi
1271 1393 1562 1450 tnanducat

19 1504 59 1547 et
87 1495 212 1550 bibit
246 1494 551 1565 quicunque
581 1506 687 1546 non
721 1489 874 1558 prius
904 1487 1062 1541 fratri
1110 1500 1206 1541 suo
1245 1482 1560 1553 repaciﬁca-

19 1594 112 1648 tus,
146 1585 532 1640 communicare
569 1578 994 1651 praesumpserit.
1043 1575 1266 1645 Sergius
1301 1588 1460 1643 papa,
1505 1571 1560 1624 in

19 1678 180 1732 ordine
205 1676 561 1745 octogesimus
593 1681 801 1738 sextus,
835 1670 1118 1727 constituit
1147 1678 1205 1722 ut
1235 1669 1288 1722 in
1319 1676 1563 1736 tempore

19 1769 368 1824 conl'ractionis
402 1766 668 1821 Dominici
696 1763 942 1834 corporis
987 1763 1166 1832 Agnus
1198 1759 1294 1813 Dei
1333 1773 1363 1811 a
1414 1756 1561 1812 clero

20 1871 70 1916 et
92 1860 260 1931 populo
300 1860 639 1914 decantetur.
674 1855 939 1912 Videlicet
983 1862 1041 1907 ut
1072 1852 1160 1907 ille
1199 1850 1354 1905 nobis
1383 1848 1562 1919 propi-

19 1952 350 2022 tietur,cnjus
400 1965 596 2021 corpus
643 1948 716 2003 ibi
763 1945 1032 2016 confringi
1085 1945 1329 1998 videmus
1354 1948 1408 1994 et
1443 1954 1565 1995 cre-

19 2047 186 2099 dimus.
244 2043 404 2098 Facta
448 2052 631 2096 autem
682 2039 1076 2101 contractione,
1131 2035 1329 2090 debent
1375 2045 1565 2088 omnes

19 2137 405 2212 communicare,
444 2133 662 2188 interim
691 2146 815 2187 cum
858 2141 912 2186 et
959 2128 1251 2198 antipltona
1293 2134 1566 2191 cantatur,

19 2243 118 2297 quae
142 2227 201 2282 de
239 2227 620 2281 communione
652 2237 848 2277 nomen
875 2220 1161 2283 mutuavit,
1195 2218 1280 2292 cui
1321 2226 1376 2272 et
1424 2215 1566 2284 psal-

19 2333 115 2370 mus
138 2315 531 2385 subiungendus
559 2323 642 2368 est
670 2329 795 2368 cum
826 2310 1012 2367 Gloria
1050 2309 1220 2374 Patri,
1250 2307 1296 2362 si
1345 2320 1566 2362 neresse

19 2408 168 2463 fuerit.
197 2406 490 2461 Sciendum
521 2416 703 2460 autem
731 2404 978 2460 eamdem
1015 2401 1382 2470 Antiphonem
1425 2388 1567 2453 Sem-

20 2513 91 2562 per
116 2497 352 2550 eumdem
381 2494 650 2565 psalmum
688 2510 811 2550 cum
840 2493 1071 2548 lntroitu
1110 2493 1336 2557 habere,
1379 2489 1425 2544 si
1457 2503 1566 2543 non

22 2587 146 2639 labet
168 2585 447 2654 proprium
478 2599 544 2639 ex
569 2599 678 2654 quo
707 2593 922 2653 sumpta
947 2583 1215 2636 videatur.
1250 2579 1564 2635 Orationem

19 2690 142 2742 [nam
176 2675 418 2730 inclinati
455 2676 720 2742 dicimus,
751 2683 1042 2744 antequam
1079 2672 1562 2734 communicemus,

19 2783 94 2820 ton
120 2783 184 2821 ex
206 2767 422 2833 ordine,
450 2767 546 2822 sed
577 2781 642 2822 ex
670 2765 1046 2837 religiosorum
1078 2759 1369 2819 traditione
1398 2764 1567 2818 babe-

19 2873 123 2920 nus,
153 2858 366 2913 scilicet
403 2859 542 2912 hanc
573 2873 588 2910 :
629 2857 850 2912 Domine
870 2856 996 2911 Iesu
1019 2856 1242 2922 Christe,
1273 2856 1361 2926 qui
1383 2871 1446 2909 ea:
1475 2872 1567 2910 vo-

19 2959 180 3002 untate
213 2947 414 3002 l'atris.
439 2949 572 3003 Item
603 2958 654 3004 et
683 2947 813 3003 illud
843 2965 858 3002 :
901 2947 1101 3019 Corpus
1139 2959 1185 3002 et
1215 2949 1430 3019 sanguis
1463 2947 1567 3001 Do-

21 3040 110 3092 u'ni
157 3041 324 3095 nostri
369 3040 499 3094 Jesu
539 3038 771 3107 Christi,
821 3043 962 3111 quod
1010 3042 1238 3097 dicimus
1288 3056 1411 3095 cum
1449 3037 1568 3094 aliis

19 3130 380 3186 Iucbaristiam
433 3131 838 3188 distribuimus.
894 3133 1035 3188 Sunt
1084 3143 1138 3188 et
1213 3133 1332 3186 aliae
1385 3131 1566 3186 multa:

25 3223 256 3278 rationes
291 3238 428 3294 quas
473 3225 692 3294 quidem
719 3224 802 3293 ζίιᾷ
832 3240 1017 3294 pacem
1046 3233 1100 3279 et
1128 3224 1563 3279 communionem

26 3314 246 3367 rivatatn
279 3314 625 3385 frequentant
664 3333 676 3369 :
731 3314 829 3371 sed
870 3317 1242 3386 diligentiores
1291 3313 1565 3382 antiquio-

20 3417 102 3455 tnn
156 3404 512 3461 traditionum
557 3409 935 3463 observatores
999 3420 1095 3460 nos
1150 3405 1204 3458 in
1260 3401 1568 3472 bujusmodi

20 3492 212 3546 rivalis
256 3497 596 3553 orationibus
652 3495 904 3551 brevitati
957 3495 1177 3549 studere
1231 3495 1568 3552 docuerunt,

19 3587 277 3658 totiusque
304 3590 535 3660 publicis
566 3590 819 3660 precibus
875 3588 926 3640 in
979 3586 1156 3640 oﬂicio
1199 3584 1375 3638 missae
1405 3598 1570 3636 occu-

19 3677 103 3728 tari
131 3679 436 3734 voluerunt.
466 3680 602 3734 Nam
632 3682 823 3735 beatus
856 3677 1202 3732 Innocentius
1236 3690 1398 3744 papa,
1438 3672 1572 3726 scri-

19 3782 118 3822 tens
148 3782 342 3827 sancto
366 3773 668 3841 AttguStino
700 3780 755 3826 ct
793 3769 1011 3825 Aurelio
1042 3766 1332 3837 episc-Opis,
1377 3763 1572 3818 asserit

28 3861 124 3913 uod
157 3879 258 3918 nos
289 3865 409 3934 plus
439 3864 817 3919 communibus
840 3872 893 3917 et
922 3861 1153 3930 publicis
1179 3873 1340 3928 quam
1391 3855 1572 3926 singu-

19 3951 190 4008 tribtts
220 3963 271 4008 et
319 3955 544 4024 privatis
584 3953 922 4008 orationibus
949 3950 1212 4022 proficere
1255 3946 1571 4017 poterimus.

235 4046 364 4098 CAP.
392 4045 536 4100 XIX.
563 4075 634 4085 ——-
663 4043 737 4097 De
756 4045 972 4098 vitanda
1003 4041 1329 4094 intinctione.

53 4133 170 4190 Non
200 4147 288 4192 est
329 4147 508 4191 autem
539 4135 910 4190 autlienticum
943 4134 1085 4204 quod
1127 4132 1345 4201 quidam
1376 4141 1574 4196 corpus

23 4229 196 4281 omini
252 4230 545 4300 intingunt,
597 4237 652 4282 et
675 4229 978 4293 jintinctum
1031 4239 1129 4295 pro
1180 4222 1574 4292 complemento

20 4321 388 4375 )tnmttnionis
419 4319 614 4391 populo
653 4318 1003 4373 distribuunt.
1042 4312 1174 4367 Nam
1205 4311 1350 4368 Ordo
1381 4309 1576 4362 Roma-

20 4421 85 4459 ns
112 4409 466 4474 contradicit,
525 4408 651 4478 quia
691 4417 744 4462 et
793 4407 845 4460 in
903 4406 1202 4460 Parasceve
1247 4401 1428 4453 vinum
1469 4414 1573 4450 non

19 4512 396 4565 onsecratum,
429 4516 550 4554 cum
601 4498 880 4554 Dotninica
918 4495 1168 4551 oratione
1211 4501 1263 4548 et
1310 4487 1574 4546 Dominici

20 4591 236 4658 orporis
261 4590 599 4645 immissione
618 4588 775 4658 jubet
797 4599 1119 4642 consecrare
1142 4583 1242 4655 (5),
1270 4592 1327 4636 ut
1349 4579 1573 4650 populus

20 4678 147 4735 lene
189 4686 367 4752 possit
413 4682 837 4737 communicare.
877 4678 1030 4746 Quod
1072 4677 1259 4746 utique
1303 4674 1575 4742 superfluo

19 4772 351 4840 rmciperet,
391 4772 436 4827 si
479 4772 765 4826 intinctum
816 4769 1153 4824 Dominicum
1201 4783 1229 4819 a
1275 4763 1440 4835 priori
1492 4763 1578 4816 die

19 4875 182 4931 orpus
227 4874 563 4930 servaretur,
594 4873 646 4918 et
677 4864 748 4916 lta
796 4860 1081 4916 iutinctum
1116 4858 1312 4930 popqu
1341 4859 1407 4910 ad
1431 4871 1579 4909 com-

20 4955 383 5010 tunicandum
408 4955 655 5011 sufﬁcere
679 4951 1158 5008 videretur..|ulius
1183 4963 1396 5019 quoque
1417 4961 1576 5017 papa,

20 5062 34 5098 ι
64 5049 267 5104 ordine
304 5049 616 5119 trigesitnus
649 5056 858 5111 sextus,
889 5043 1158 5114 episcopis
1197 5041 1415 5112 Egypti
1447 5038 1584 5093 scri-

20 5154 139 5204 ens,
175 5140 492 5209 Itujusmodi
528 5138 903 5194 intinctionetn
964 5136 1181 5206 penitus
1227 5133 1496 5203 prohibet,
1527 5139 1582 5184 et

19 5244 242 5285 eorsutn
273 5248 470 5303 panem
495 5273 510 5296 ,
553 5244 606 5284 et
637 5245 885 5284 seorsum
926 5229 1174 5292 calicem,
1205 5224 1360 5294 juxta
1396 5223 1581 5277 Domi~

27 5321 166 5376 icam
201 5325 624 5389 institutionem,
651 5321 910 5376 sumenda
939 5321 1112 5376 docet.
1139 5315 1292 5373 Unde
1319 5312 1582 5369 etbeatus

19 5411 314 5469 'Gelasius
361 5429 495 5483 papa
556 5413 607 5466 in
668 5410 858 5466 ordine
908 5407 1389 5479 quinquagesitnus
1444 5414 1582 5456 unus

25 5508 482 5578 quadragesimus
533 5505 744 5577 nonus]
793 5506 1040 5561 scribens
1084 5502 1403 5572 quibusdam
1465 5499 1581 5569 cpi-

22 5600 175 5668 copIs
201 5642 216 5666 ,
265 5599 729 5670 excommunicari
787 5598 906 5652 illos
946 5594 1242 5666 praecepit,
1278 5594 1585 5664 quicunque

57 5733 139 5803 (5)
174 5735 329 5791 Ordo
353 5735 627 5788 Romanus
651 5749 754 5788 non
783 5748 1107 5791 consecrare.
1135 5730 1225 5803 sed
1253 5729 1584 5803 sanaiﬁcnre

19 5800 181 5871 labet,
213 5816 271 5858 et
306 5806 523 5874 proprie
551 5805 619 5859 ad
653 5820 794 5866 rem;
833 5820 954 5855 nam
990 5803 1169 5874 vinum
1204 5802 1254 5852 in
1291 5800 1584 5852 I’arast-cve

19 5888 93 5935 ton
129 5870 529 5946 cettscct'atur,
562 5876 655 5932 sed
689 5875 1058 5931 sanctxticatur
1099 5870 1295 5940 injectu
1342 5870 1584 5943 corporis

1367 369 1413 423 Μ
1423 369 1708 426 ιωιοωυ
1720 366 1819 422 US.

3137 355 3242 415 990

1667 487 1887 550 sumpto
1914 491 2145 548 corpore
2193 474 2498 541 Jomin.co,
2541 489 2571 530 a
2619 474 2804 531 calicis
2832 473 3249 545 participatione

1667 585 1726 626 se
1773 569 2114 624 abstinerent
2145 566 2248 637 (6).
2291 565 2428 620 Nam
2474 574 2530 620 et
2561 565 2758 636 ipsein
2794 565 2982 622 eodem
3028 567 3246 620 decreto

1663 660 1863 715 asserit
1907 677 1920 714 ε
1972 679 1990 711 ι
2022 657 2341 728 Hujusmodi
2385 666 2846 712 sacramentorum
2893 657 3087 712 divisio
3129 657 3244 712 sine

1664 753 1853 824 grandi
1875 751 2164 821 sacrilegio
2188 748 2475 819 provenire
2507 764 2612 802 non
2645 750 2864 819 poterit.
2894 769 2914 802 ι
2953 748 3242 818 Postquam

1661 859 1850 899 omnes
1883 840 2429 903 communicaverint,
2471 840 2604 895 dicit
2653 840 2911 896 sacerdos
2955 840 3096 894 hanc
3122 854 3244 893 ora-

1663 937 1864 991 tionem
1919 936 2020 991 sub
2077 933 2316 998 silentio,
2360 932 2516 1003 juxta
2578 932 2881 986 Romanum
2937 929 3239 986 Ordinem:

1663 1027 1821 1093 Quod
1868 1043 1958 1082 ore
2004 1026 2346 1094 sumpsimus.
2398 1022 2513 1090 Qua
2555 1021 2744 1089 ﬁnita,
2793 1022 3040 1093 sequitur
3067 1022 3244 1077 oratio

1659 1120 1777 1176 sive
1828 1118 2102 1174 orationes
2134 1125 2258 1187 post
2297 1115 2734 1171 communionem
2789 1113 3029 1168 dicendae
3056 1152 3071 1176 ,
3125 1126 3244 1180 qum

1661 1213 1852 1268 eodem
1906 1225 2135 1265 numero
2165 1217 2221 1263 et
2271 1208 2462 1262 ordine
2493 1205 2834 1261 orationibus
2887 1214 3012 1258 ante
3058 1202 3246 1257 lectio-

1661 1318 1828 1367 nem,
1876 1302 1990 1358 sive
2042 1315 2140 1371 pro
2181 1309 2388 1354 secreta
2440 1306 2567 1353 alite
2615 1293 2988 1366 praefationem
3039 1292 3242 1356 dictis,

1663 1394 1860 1448 debent
1907 1389 2256 1460 respondere.
2286 1387 2416 1455 Qum
2456 1385 2646 1455 utique
2691 1384 2968 1440 orationes
3007 1397 3112 1436 non
3147 1395 3246 1450 pro

1663 1482 1752 1538 his
1780 1484 1871 1552 qui
1907 1478 2368 1536 communicaturi
2402 1487 2549 1544 sunt,
2577 1477 2670 1532 sed
2698 1477 2787 1546 qui
2806 1475 2918 1544 jam
2945 1472 3248 1528 communi-

1662 1585 1947 1640 caverunt,
1995 1573 2149 1644 juxta
2199 1571 2586 1642 proprietatcm
2645 1569 2728 1624 sui
2768 1567 3004 1622 nominis
3057 1575 3245 1634 agunt.

1661 1666 1805 1736 Ergo
1843 1675 1898 1721 et
1951 1674 2078 1718 ante
2133 1663 2280 1733 ipsas
2333 1660 2736 1716 communicare
2789 1673 2896 1712 non
2955 1655 3245 1726 negligant,

1661 1760 1969 1829 quicunque
2013 1756 2325 1812 earumdem
2361 1755 2668 1809 orationum
2721 1747 3099 1805 benedictione
3160 1744 3246 1798 fo-

1594 1882 1640 1941 B
1667 1853 1781 1908 veri
1828 1848 2165 1905 desiderant.
2194 1846 2290 1901 llis
2333 1847 2407 1901 ita
2435 1845 2622 1909 ﬁnitis,
2658 1839 3006 1910 subsequitur
3039 1855 3052 1891 :
3085 1835 3254 1890 Bene-

1666 1943 1906 1999 dicamus
1939 1939 2182 2005 Domino,
2216 1937 2341 1992 vel:
2375 1937 2455 1991 Ite
2479 1937 2644 1990 missa
2681 1943 2754 1989 est
2785 1949 2803 1987 :
2842 1933 2890 1986 si
2932 1940 3109 1984 tamen
3153 1925 3253 1980 ali—

1666 2037 1811 2109 quod
1844 2035 2042 2090 festum
2076 2031 2260 2098 fuerit,
2293 2031 2436 2102 quod
2477 2027 2659 2082 Gloria
2706 2027 2761 2080 in
2798 2022 3015 2078 excelsis
3052 2017 3254 2074 habere

1667 2129 1938 2185 debuerit.
1993 2125 2348 2196 Respondent
2388 2134 2621 2178 omnes:
2663 2118 2768 2173 Deo
2819 2115 3044 2188 gr‘atias,
3096 2113 3253 2183 juxta

1667 2217 2004 2289 Apostolum,
2054 2230 2152 2285 pro
2197 2212 2410 2270 collatis
2451 2204 2729 2266 beneflciis
2768 2205 2974 2278 gratias
3009 2205 3251 2270 agentes.

1809 2306 1937 2361 CAP.
1972 2303 2092 2359 XX.
2115 2333 2187 2344 —
2211 2300 2462 2371 Repetitio
2482 2318 2514 2354 a
2536 2297 2888 2368 superioribus
2912 2295 3105 2348 missa}.

1743 2397 1813 2454 Ut
1841 2407 2022 2452 autetn
2052 2412 2081 2449 a
2116 2393 2486 2464 superioribus
2510 2387 2904 2458 aliquantulum
2930 2392 3252 2453 repetamus.

1667 2499 1959 2564 postquam
1989 2488 2242 2543 sacerdos
2269 2483 2722 2540 resurrectionem
2756 2477 2971 2533 Domini
3007 2489 3103 2546 per
3128 2491 3259 2530 cun-

1660 2582 1998 2654 junctiouem
2046 2579 2290 2648 corporis
2334 2585 2388 2631 et
2435 2575 2718 2646 sanguinis
2765 2569 2981 2626 Domini
3035 2568 3260 2623 denota-

1666 2675 1846 2740 vcrit,
1904 2675 2298 2742 subscqttcnter
2347 2668 2512 2724 etiam
2566 2680 2754 2736 pacem
2807 2660 3007 2732 populo
3063 2657 3261 2713 oﬂ‘erre

1668 2769 1848 2833 debet,
1889 2767 2031 2822 sicut
2070 2775 2125 2820 et
2159 2763 2408 2818 Christus
2453 2768 2575 2829 post
2606 2754 3062 2812 resurrectionem
3095 2748 3262 2802 disci-

1667 2863 1809 2933 pulis
1833 2861 1947 2916 suis
1973 2874 2164 2931 pacem
2196 2857 2414 2923 obtulit,
2435 2856 2624 2909 dicens
2653 2867 2668 2908 :
2702 2850 2822 2905 Pax.
2859 2849 3018 2904 vobis.
3044 2844 3261 2901 Fractio

1667 2953 1988 3019 oblationis,
2031 2951 2175 3006 illam
2219 2949 2374 3004 nobis
2420 2947 2744 3002 fractionem
2806 2941 2962 3013 panis
2999 2938 3258 3001 insinuat,

1668 3061 1831 3120 quam
1883 3043 2144 3098 Dominus
2190 3048 2313 3111 post
2367 3035 2820 3093 resurrectionem
2863 3044 3018 3085 suam
3072 3041 3258 3082 coram

1669 3117 1952 3207 discipulis
1995 3133 2148 3188 fecit.
2199 3128 2634 3187 Communieatio
2687 3123 2865 3196 populi
2904 3132 3088 3193 typum
3121 3117 3264 3172 illius

1596 3245 1636 3301 ο
1678 3226 1914 3280 convivii
1954 3223 2116 3293 gerit,
2143 3221 2286 3292 quod
2331 3235 2437 3275 non
2479 3217 2647 3275 semel
2700 3216 2960 3270 Dominus
3007 3221 3128 3281 post
3178 3225 3266 3263 re-

1674 3317 2071 3371 surrectionem
2145 3327 2299 3367 suam
2349 3325 2472 3366 cum
2514 3305 2789 3377 discipulis
2836 3303 3020 3358 iniisse
3066 3299 3266 3370 legitur

1673 3407 1824 3476 (Luc.
1852 3405 2050 3475 χαψε).
2081 3403 2191 3460 Hos
2219 3402 2384 3458 etiam
2417 3409 2540 3471 post
2571 3398 2818 3452 ultimum
2850 3392 3157 3449 convivium
3193 3389 3262 3444 ab

1671 3500 1752 3553 eis
1781 3499 2122 3553 discessurus
2148 3495 2201 3548 in
2228 3491 2448 3558 cmlum,
2487 3487 2790 3551 benedixit,
2817 3485 2960 3540 sicut
2986 3491 3044 3537 et
3076 3495 3264 3535 sacer-

1673 3591 1770 3646 dos
1801 3587 2055 3660 populum
2086 3601 2210 3641 cum
2252 3583 2500 3639 oratione
2543 3588 2664 3651 post
2703 3575 3144 3635 communionem
3170 3571 3267 3626 be-

1671 3657 1917 3743 nedicit}
1970 3674 2222 3730 videlicet
2245 3671 2360 3741 jam
2393 3671 2504 3726 cito
2541 3669 2884 3724 discessurus
2926 3663 2996 3718 ab
3026 3676 3128 3725 co,
3175 3657 3264 3714 cui

1675 3779 1854 3824 tamen
1902 3767 2084 3837 prius,
2133 3772 2194 3819 ut
2243 3763 2359 3833 ipse
2407 3759 2672 3824 discedat,
2709 3771 2806 3829 per
2850 3754 2933 3809 Ite
2982 3751 3150 3806 missa
3189 3758 3264 3803 est

1674 3860 1974 3925 denuntiat,
2029 3858 2083 3912 in
2137 3857 2365 3926 ﬁguram
2425 3851 2764 3925 angelorum,
2817 3847 2908 3919 qui
2962 3842 3262 3914 discipulis,

1675 3953 1985 4007 discedente
2055 3949 2288 4003 Domino
2325 3947 2392 4001 ab
2419 3946 2518 4010 eis,
2552 3945 2848 4000 dixerunt:
2894 3938 3003 3993 Viri
3029 3935 3266 4002 Calilwi,

1673 4044 1799 4113 quid
1830 4042 1978 4096 statis
2009 4041 2316 4111 aspicientes
2340 4039 2394 4092 in
2417 4035 2716 4091 cmlunt?et
2765 4033 2971 4102 reliqua
3015 4029 3152 4085 (Act.
3177 4027 3255 4093 Ι.)

1675 4137 1794 4203 Quo
1830 4136 2016 4190 audito
2039 4176 2054 4199 ,
2093 4133 2344 4204 discipuli
2384 4132 2676 4187 adorantes
2708 4127 3028 4190 Dominum,
3060 4121 3266 4177 reversi

1676 4235 1804 4282 sunt
1838 4227 1892 4280 in
1947 4225 2288 4281 Hierusalem
2336 4240 2460 4280 cum
2487 4221 2682 4293 gaudio
2733 4233 2968 4289 magno,
3022 4215 3164 4269 sicut
3211 4223 3268 4266 et

1677 4316 1931 4386 populus,
1972 4314 2142 4369 relata
2186 4315 2298 4368 Deo
2330 4313 2628 4383 gratiarum
2669 4308 2914 4370 actione,
2953 4305 3020 4359 ad
3050 4300 3266 4372 propria

1679 4423 1801 4461 cum
1832 4406 2028 4478 gaudio
2069 4406 2380 4460 revertitur.

1837 4496 1965 4550 Car.
1997 4493 2140 4548 XXI.
2161 4524 2233 4535 ~—
2261 4493 2336 4547 De
2360 4491 2710 4546 benedictione
2734 4497 2844 4560 post
2868 4499 3101 4539 nussum.

1605 4593 1652 4651 Ι)
1749 4589 1908 4643 Prius
1948 4596 2124 4643 tamen
2166 4586 2231 4641 ab
2277 4586 2533 4655 episcopo
2581 4581 2938 4645 benedicitur,
2989 4576 3032 4631 si
3086 4574 3264 4638 adest;

1682 4683 1766 4737 sin
1822 4690 2042 4744 autem,
2103 4695 2132 4733 a
2187 4679 2506 4748 presbytero
2558 4675 2650 4745 qui
2703 4674 2895 4728 missas
2934 4665 3262 4728 celebravit,

1681 4776 1933 4842 quamvis
1970 4771 2160 4824 beatus
2201 4769 2466 4822 Damasus
2504 4780 2638 4835 papa
2669 4764 2772 4817 hoc
2801 4757 3130 4831 presbyteris
3159 4770 3264 4808 non

1683 4865 1850 4919 licere
1880 4863 2046 4927 dicat,
2075 4861 2166 4915 ubi
2197 4860 2263 4916 de
2292 4874 2433 4912 vana
2463 4855 2976 4924 cborcpiscoporum
3001 4847 3266 4918 supersti-

1689 4957 1835 5012 tione
1867 4961 2105 5019 tractat,
2144 4953 2187 5008 si
2229 4963 2406 5007 tamen
2444 4964 2542 5004 nos
2574 4945 2902 5002 tnendosilas
2939 4937 3267 5007 exemplaris

1683 5063 1790 5104 non
1818 5046 2025 5102 fefellit.
2050 5043 2157 5100 Sed
2180 5057 2408 5114 magnus
2433 5040 2541 5095 Leo
2566 5051 2703 5108 papa
2727 5044 2780 5090 ct
2804 5034 2996 5088 beatus
3019 5026 3268 5084 Gelasius

1682 5155 1854 5212 papa,
1886 5137 2000 5207 ejus
2029 5150 2374 5194 successores
2400 5173 2416 5201 ,
2455 5135 2507 5187 in
2545 5127 2930 5186 ecclesiasticis
2958 5121 3145 5178 olIiciis
3172 5134 3266 5187 ap-

1683 5232 1859 5303 prime
1903 5229 2140 5293 eruditi,
2189 5227 2243 5281 in
2296 5224 2533 5280 decretis
2571 5223 2705 5287 suis,
2738 5219 2827 5274 ubi
2859 5212 3266 5286 diligentissime

1684 5322 1815 5391 quid
1845 5320 2180 5393 presbyteris
2208 5317 2386 5382 liceat,
2439 5315 2636 5385 quidve
2666 5328 2771 5366 non
2816 5309 3008 5372 liceat,
3061 5303 3268 5360 deseri-

1685 5415 1859 5479 bunt,
1905 5411 2211 5466 nullatenus
2251 5408 2356 5463 illis
2400 5405 2830 5461 benedictionem
2879 5401 2979 5454 nisi
3015 5397 3269 5468 episc0p0

1684 5511 1970 5574 praesente,
2003 5498 2358 5554 interdicunt.
2396 5495 2595 5550 Beatus
2629 5508 2846 5564 quoque
2885 5491 3266 5561 Hieronymus,

1687 5602 1890 5650 sancta:
1926 5591 2185 5648 Romana:
2219 5587 2478 5644 Ecclesiae
2517 5585 2809 5643 cardinalis
2839 5585 3142 5656 presbyter,
3175 5578 3268 5648 qui

1686 5725 1919 5781 Domitii.

1691 5867 1700 5877 .
1869 5798 1996 5861 Quae
2037 5794 2266 5921 sitsvcra
2298 5808 2450 5848 tuens
2497 5789 2696 5847 Gclasii
2744 5789 2975 5844 vcrboru
2992 5799 3063 5850 ιιι,
3105 5781 3269 5835 babes

1691 5884 1742 5921 ιιι
1775 5900 1790 5920 .~
1842 5883 1989 5921 aeto.
2019 5879 2063 5920 c.
2134 5903 2150 5921 .

1691 5884 1742 5923 ιιι
1775 5883 1989 5938 .stgeto,
2019 5883 2063 5920 c.
2098 5883 2150 5922 δ.
