3846 6324
517 336 619 395 991

1879 323 2147 396 MQNUM.
2173 321 2457 399 lLlTURG.
3690 323 3768 376 392

517 453 619 508 sub
655 449 814 504 beato
845 445 1073 500 Damaso
1103 451 1158 504 et
1196 449 1317 511 post
1350 441 1521 510 ipsum
1555 455 1725 510 usque
1776 438 1842 492 ad
1881 439 2094 494 Sixtum
2128 445 2174 500 Α
2204 436 2407 504 absque
2429 434 2575 504 gravi
2607 430 2864 488 seandalo
2892 446 2920 485 a
2959 429 3300 502 presbyteris
3328 430 3380 485 in
3405 429 3600 502 pepulo
3627 432 3766 488 ἰηιιτ-

517 552 888 598 successorem
922 534 1067 603 ejus,
1097 533 1485 590 ecclesiasticis
1517 531 1780 586 institutis
1811 533 2100 588 studiosis-

521 634 658 688 sime
681 627 986 698 invigilavit
1017 641 1030 680 :
1063 625 1199 695 ipse,
1233 625 1478 695 inquam,
1511 624 1736 687 Rustico
1762 623 2100 679 Narbonensi

517 722 773 793 episcopo
800 719 885 778 de
925 717 1311 773 ecclesiasticis
1355 717 1636 771 ordinibus
1671 715 1944 781 scribens,
1979 731 2101 786 pre-

516 817 766 884 sbyteros
812 827 842 864 a
874 810 1258 865 benedictione
1293 823 1459 878 super
1488 809 1742 879 populum
1780 823 1883 861 non
1917 808 2102 878 prohi-

515 904 722 959 bendos
769 917 889 957 esse
936 901 1133 956 asserit
1165 919 1178 954 :
1215 919 1234 952 ί
1275 900 1353 965 Si,
1391 901 1586 970 inquit,
1624 903 1910 972 presbyter
1941 902 2100 962 Cltri:

516 1005 660 1050 stum
689 1002 996 1056 consecrat,
1035 1009 1158 1048 cum
1191 994 1244 1050 in
1279 993 1474 1058 altario
1504 993 1593 1047 Dei
1628 1005 1966 1052 sacramenta
2002 995 2098 1049 be-

521 1086 724 1141 nedicit
748 1127 762 1149 ,
793 1085 1113 1139 benedicere
1152 1084 1402 1153 populum
1452 1100 1559 1140 non
1597 1087 1777 1152 debet,
1809 1089 1897 1156 qui
1945 1088 2101 1142 Citri-

515 1187 658 1232 stum
688 1177 883 1233 meruit
921 1176 1274 1232 consecrare?
1305 1196 1321 1226 I
1360 1176 1421 1229 Et
1448 1187 1565 1238 post
1593 1193 1759 1246 pauca
1800 1194 1813 1232 :
1854 1197 1870 1228 ι
1905 1179 2015 1234 Hoc
2046 1180 2099 1234 in

515 1269 763 1325 ecclesiis
792 1268 898 1323 tuis
945 1267 1102 1340 [suis]
1135 1268 1432 1340 presbyteri
1463 1267 1681 1334 faciant,
1718 1273 1860 1341 quod
1891 1271 2096 1337 Romze,

515 1359 631 1414 sive
673 1360 816 1428 quod
867 1359 918 1412 in
952 1357 1205 1424 Oriente,
1238 1361 1380 1428 quod
1414 1361 1465 1413 in
1509 1361 1712 1425 Africa,
1747 1364 1889 1431 quod
1924 1365 1974 1418 in
2010 1363 2100 1418 lli-

520 1449 733 1521 spania,
769 1449 908 1518 quod
938 1450 989 1502 in
1037 1449 1336 1518 Britannia,
1369 1451 1510 1520 quod
1554 1451 1607 1506 in
1634 1453 1831 1519 Gallia,
1860 1455 2001 1524 quod
2043 1455 2099 1511 in

515 1540 768 1596 omnibus
797 1540 930 1596 locis
960 1540 1048 1600 ubi
1078 1541 1355 1596 humilitas
1385 1555 1718 1612 perseverat.
1750 1547 1829 1605 Ex
1862 1524 2100 1616 liisiergo

520 1634 790 1704 conjicere
838 1649 1125 1704 possumus
1173 1637 1386 1690 beatum
1434 1636 1722 1692 Damasum
1769 1655 1962 1709 papam
1995 1641 2098 1693 bu—

512 1724 752 1794 jusmodi
803 1725 1234 1780 benedictionem
1288 1728 1625 1800 presbyteris
1679 1730 1952 1795 illicitam,
2009 1743 2100 1785 aut

2205 527 2344 599 mitti
2370 523 2764 597 [praetermitti]
2792 523 2982 593 possit,
3017 523 3120 576 nisi
3153 524 3295 577 forte
3326 524 3627 592 apostolica
3647 528 3771 581 seri-ts

2208 617 2535 690 generaliter
2561 625 2614 670 et
2643 614 2977 687 synodalitcr
3012 613 3308 684 prohibere
3341 613 3591 667 voluerit.

2275 695 2402 763 Cari.
2434 707 2695 785 XXII._—
2725 706 2865 772 Quid
2899 705 3146 760 sacerdos
3183 715 3306 775 agat
3338 715 3456 774 post
3486 708 3726 759 missas?

2275 801 2472 876 Finitis
2518 801 2772 879 omnibus
2820 799 3100 855 osculatur
3156 799 3424 854 sacerdos
3479 797 3772 872 [presbyteri

2203 897 2392 972 altare,
2429 898 2611 951 dicens
2638 915 2651 950 :
2685 895 2901 948 Placeat
2933 895 3046 960 tibi,
3069 904 3252 948 sancta
3319 892 3580 946 Trinitas.
3609 895 3776 948 Deis}:

2204 989 2374 1043 sacris
2427 987 2666 1042 vestibus
2726 1001 2785 1040 se
2831 1000 3058 1047 exuens,
3101 992 3293 1038 cantat
3331 983 3598 1053 hymnum
3649 984 3776 1035 tria:-

2202 1094 2517 1149 puerorum,
2545 1078 2698 1148 juxta
2721 1078 2867 1147 quod
2896 1086 3079 1148 patres
3115 1077 3168 1130 in
3194 1075 3472 1129 Toletano
3494 1073 3719 1127 concilio
3745 1090 3778 1124 iv

2203 1171 2565 1226 decreverunt
2623 1185 2742 1238 cap.
2811 1169 2917 1232 Η,
2979 1168 3234 1223 videlicet
3293 1176 3351 1220 ut
3416 1167 3780 1220 cxaminaticiii

2203 1261 2510 1331 subjaceret
2570 1261 2880 1330 quicunque
2921 1259 3178 1314 sacerdos
3229 1256 3496 1311 eumdem
3554 1256 3778 1325 hymetia

2201 1363 2324 1422 post
2371 1353 2590 1407 missam
2631 1353 2814 1406 dicere
2855 1350 3173 1420 negligeret.
3221 1347 3512 1401 l’salmum
3558 1362 3777 1415 quoque:

2201 1443 2441 1498 Lautlate
2470 1443 2754 1513 Dominum
2779 1443 2832 1494 in
2855 1443 3051 1495 sanctis
3080 1440 3196 1510 ejus
3228 1439 3284 1494 in
3310 1439 3622 1509 gratiarum
3646 1440 3781 1495 acti;-

2201 1549 2321 1588 netn
2355 1521 2702 1602 subjungens,
2728 1546 2849 1600 cum
2883 1529 3046 1583 Pater
3092 1544 3294 1604 noster,
3341 1539 3400 1582 et
3448 1527 3696 1581 versibus
3733 1531 3778 1580 2—3

2202 1617 2307 1678 hoc
2357 1624 2815 1693 competentibus,
2872 1621 3150 1676 concludit
3197 1636 3326 1675 eam
3377 1636 3509 1674 cum
3565 1621 3781 1674 oration

2201 1717 2293 1772 illa
2323 1735 2336 1770 :
2382 1717 2521 1770 Deus
2548 1717 2635 1787 qui
2669 1714 3054 1784 tribusptteris.
3092 1713 3400 1768 Sciendum
3449 1722 3633 1766 autem
3655 1714 3779 1778 jam

515 1792 731 1887 penitus
788 1831 893 1870 non
950 1816 1173 1882 dixisse,
1228 1792 1322 1872 aut
1365 1819 1411 1874 si
1454 1792 1623 1885 'dixit,
1677 1792 2096 1879 ecclesiasticam
2133 1792 2174 1848 Β
2204 1810 2416 1864 decreta
2458 1808 2773 1878 pontiﬁcum
2818 1807 2962 1876 quod
3007 1808 3338 1878 presbytero
3383 1821 3498 1858 non
3549 1805 3673 1858 licet
3713 1823 3782 1857 αν

509 1902 696 1961 tamen
735 1907 1184 1964 consuetudinem
1216 1908 1269 1963 in
1305 1909 1405 1966 hoc
1433 1911 1800 1978 praivaluisse,
1830 1913 2099 1982 praecipue

513 2011 637 2050 cum
670 1996 839 2065 ipsius
869 1996 1032 2050 verba
1065 1998 1138 2054 ita
1169 1998 1376 2073 possint
1409 1999 1629 2072 intelligi
1666 2010 1722 2061 ut
1753 2003 2098 2072 presbyteros

515 2089 734 2144 doceret
765 2088 906 2158 quod
951 2089 1028 2143 eis
1057 2090 1212 2158 quasi
1249 2107 1313 2144 ex
1357 2093 1575 2161 proprio
1621 2092 1791 2155 ollicio
1833 2109 2098 2163 usurpare

514 2191 620 2232 neu
654 2178 864 2243 liceret,
888 2180 1026 2248 quod
1057 2178 1230 2252 [quid]
1255 2180 1332 2235 eis
1360 2181 1427 2236 ab
1452 2183 1749 2252 episcopali
1775 2185 2097 2239 auctoritate

516 2268 740 2322 concedi
787 2283 945 2337 posse
976 2283 1082 2323 non
1117 2270 1450 2340 ignorarent.
1487 2273 1576 2327 Sic
1624 2274 1766 2327 enim
1811 2273 2096 2329 confirma-

516 2359 591 2414 tio
634 2359 1026 2428 neopbytorntn
1082 2362 1298 2429 penitus
1367 2371 1626 2431 separata
1673 2373 1756 2418 est
1796 2367 1862 2418 ab
1921 2365 2096 2420 oliicio

514 2451 953 2520 presbyterorum
1007 2468 1020 2504 :
1077 2467 1240 2520 quam
1294 2460 1472 2507 tamen
1535 2464 1755 2510 sanctus
1804 2457 2096 2526 Gregorius

515 2554 653 2608 papa
697 2539 908 2608 primus
939 2541 1637 2612 quibusdampresbyteris
1663 2547 1992 2604 concessisse
2022 2547 2094 2603 le-

512 2629 678 2698 gitur,
703 2630 944 2685 scribens
973 2632 1239 2688 Januario
1262 2632 1573 2689 Calaritauo
1593 2638 1846 2708 episcopo
1871 2657 1883 2691 ε
1916 2658 1933 2704 ς
1962 2639 2093 2698 Item

514 2730 570 2774 et
598 2723 1018 2791 susceptionem,
1046 2726 1420 2794 pmnitentiuni
1450 2743 1554 2781 non
1587 2745 1651 2783 ex
1685 2747 1780 2785 sua
1811 2749 2097 2788 consecrao

515 2811 663 2865 tione
691 2852 706 2877 ,
755 2815 847 2866 sed
899 2829 961 2869 ex
995 2816 1371 2886 episcoporum
1414 2821 1762 2876 concessione
1791 2826 2092 2896 presbyteri

512 2904 715 2957 habere
748 2916 1083 2960 meruerunt.
1119 2908 1271 2974 Quod
1302 2909 1452 2964 illum
1483 2927 1586 2968 non
1632 2913 1840 2979 latebit,
1869 2919 2097 2986 quicun-

513 3010 620 3064 que
669 2996 917 3053 ordinem
974 3000 1404 3066 consecrationis
1456 3017 1675 3070 eorum,
1731 3007 1844 3062 sive
1893 3017 2094 3063 statuta

513 3093 827 3138 sanctorum
884 3085 1140 3154 Patrum,
1203 3088 1490 3160 diligenter
1534 3093 1846 3163 inspexerit.
1886 3116 1903 3148 ›
1953 3095 2094 3167 Aga-

2201 1919 2316 1956 raui
2349 1902 2625 1972 episcopo,
2666 1900 2771 1956 nisi
2826 1914 2890 1954 eo
2933 1898 3183 1966 jubente,
3216 1899 3303 1953 vel
3349 1898 3687 1960 sacriﬁcare,
3718 1901 3780 1950 rei

2201 1995 2456 2065 populum
2494 1993 2839 2068 benedicere,
2902 1993 2983 2045 vel
3039 1992 3312 2056 salutare,
3365 1991 3457 2044 vel
3514 1989 3778 2044 exhortari.

2204 2087 2358 2143 Unde
2387 2103 2510 2141 cum
2558 2085 2689 2156 legit
2717 2085 3058 2155 evangelium
3093 2099 3284 2139 coram
3314 2083 3612 2152 episcopo,
3652 2084 3781 2133 bac-

2200 2179 2490 2234 dietionem
2533 2177 2671 2247 petit
2716 2176 2784 2230 ab
2815 2191 2900 2232 eo.
2951 2176 3084 2231 Item
3130 2191 3255 2229 cum
3311 2174 3432 2227 vult
3478 2174 3780 2234 sacriﬁcare,

2200 2270 2426 2325 inclinat
2477 2285 2536 2324 se
2591 2269 2852 2339 episcopo
2905 2283 3006 2336 pro
3055 2266 3450 2328 concessione,
3497 2265 3594 2333 qui
3642 2265 3780 2318 etiam

2201 2379 2322 2420 cum
2351 2363 2548 2432 popqu
2580 2362 2894 2423 inclinatur,
2935 2374 3036 2430 pro
3070 2360 3269 2414 ultima
3301 2357 3708 2413 benedictione.

2235 2455 2366 2510 CAP.
2387 2454 2590 2516 ~XXIII.
2612 2484 2680 2493 —
2697 2451 2880 2506 Brevis
2909 2451 3191 2520 descriptio
3218 2450 3563 2502 celebranda:
3584 2448 3754 2499 missa.

2272 2545 2553 2616 Presbyter
2595 2561 2712 2597 cum
2769 2560 2823 2597 se
2875 2551 3028 2612 parat
3093 2540 3163 2593 ad
3217 2540 3473 2601 missam,
3524 2538 3584 2590 in
3631 2539 3780 2605 prinis

2197 2646 2375 2703 cantat
2410 2634 2637 2703 psalmos
2668 2653 2686 2690 :
2717 2633 2887 2700 Quam
2925 2631 3142 2697 dilecta,
3178 2627 3555 2692 Benedixisti,
3589 2625 3782 2684 lactus.

2197 2726 2686 2795 Credidipropter.
2714 2723 2913 2778 Deinde
2944 2721 3108 2791 Kyrie
3132 2721 3369 2783 eleison,
3399 2719 3576 2772 Pater
3611 2728 3780 2776 noster.

2199 2819 2264 2871 Et
2294 2833 2359 2872 ne
2393 2832 2492 2872 nos
2522 2816 2937 2883 induc’as,Vers.
2969 2814 3081 2883 Ego
3110 2812 3244 2880 dixi,
3281 2810 3546 2865 Domine.
3579 2808 3784 2864 Com-cr-

2202 2919 2336 2976 tcre,
2375 2909 2618 2975 Domine,
2673 2908 2792 2962 Fiat
2829 2905 3227 2969 misericordia,
3274 2903 3638 2966 Sacerdotes,
3679 2900 3784 2954 Pre-

2202 3009 2374 3055 tector
2403 3008 2587 3054 noster
2608 2998 2812 3068 aspice,
2846 2995 3074 3070 Domine
3099 3036 3114 3061 ,
3146 2994 3374 3051 exaudi.
3404 2993 3622 3046 Oratio.
3649 2993 3783 3045 Aula

2198 3107 2229 3144 a
2265 3090 2440 3157 nobis,
2468 3091 2712 3154 Domine,
2751 3089 3064 3157 iniquitates
3081 3094 3303 3140 nostras
3355 3093 3419 3140 et
3458 3094 3684 3153 peccata
3712 3098 3784 3135 ea

515 3175 707 3229 thense
756 3190 976 3258 quoque
1031 3180 1317 3234 concilium
1371 3183 1606 3252 capitulo
1675 3186 2093 3258 quadragesimo
2123 3175 2165 3196 “’
2198 3195 2329 3249 stra,
2381 3193 2441 3238 ut
2475 3198 2782 3238 mereamur
2829 3180 2981 3251 puris
3020 3179 3298 3234 mentibus
3345 3177 3616 3237 introire.
3648 3177 3780 3228 Atia:

511 3277 709 3338 quarto
774 3271 1205 3333 benedictionem
1256 3291 1418 3344 super
1460 3276 1715 3346 pepulum
1762 3280 2096 3352 presbyteris

513 3362 806 3430 prohibere
846 3363 1080 3428 videtur,
1127 3366 1219 3420 sed
1258 3367 1396 3420 hanc
1423 3367 1840 3436 prohibitionem
1883 3374 1948 3426 de
1985 3373 2096 3442 epi-

519 3454 719 3523 scopali
755 3463 965 3510 tantum
997 3457 1379 3512 benedictione
1408 3458 1606 3515 factam
1638 3461 2090 3532 interpretantur;

511 3560 632 3614 qua:
667 3548 852 3616 utique
883 3549 1190 3603 benedictio
1218 3548 1373 3618 juxta
1409 3551 1679 3606 decimum
1710 3565 1960 3608 octavum
1993 3557 2098 3612 To-

510 3637 673 3692 letani
720 3639 934 3694 concilii
980 3642 1275 3710 capitulum
1325 3643 1426 3712 (7),
1478 3651 1532 3698 et
1577 3647 1981 3715 altestationem
2033 3649 2090 3704 S.

512 3727 798 3794 Augustini
853 3728 919 3787 ad
958 3728 1240 3787 Paulinum
1294 3732 1626 3801 episcopum,
1678 3745 1802 3790 ante
1855 3752 2094 3792 commu-

515 3817 729 3871 nionem
785 3819 979 3887 popqu
1027 3836 1056 3873 a
1112 3821 1241 3875 solis
1287 3821 1554 3890 episcopis
1627 3823 1788 3879 debet
1861 3824 2093 3900 [solet]

515 3906 776 3974 itnpcndi.
812 3908 868 3960 Si
900 3909 1021 3976 quis
1048 3925 1178 3964 vero
1205 3911 1307 3965 hoc
1335 3912 1400 3965 de
1433 3913 1534 3966 bac
1565 3913 1678 3982 ipsa
1712 3916 2095 3972 benedictione

514 4000 582 4052 de
627 4013 734 4067 qua
781 4004 990 4068 agimus
1024 4002 1226 4056 dictum
1271 4007 1560 4072 putaverit,
1593 4009 1858 4061 sententia
1915 4018 2092 4066 tamen

516 4090 868 4160 provincialis
899 4092 1111 4146 concilii
1139 4101 1246 4146 tant
1278 4095 1517 4164 generali
1553 4097 1938 4154 ecclesiastica:
1967 4116 2096 4158 con-

515 4180 790 4235 suetudini
826 4179 1181 4250 priejndicare
1231 4199 1336 4238 non
1371 4184 1588 4253 poterit.
1621 4185 1745 4252 Ideo
1784 4197 1966 4244 autem
1997 4192 2096 4247 hu-

505 4270 747 4342 jusmodi
794 4273 1098 4334 benedictio
1149 4273 1375 4328 fortasse
1420 4276 1718 4344 antiquitus
1762 4282 2096 4354 presbyteris

512 4363 803 4417 interdicta
833 4373 914 4418 est
948 4364 1075 4433 quia
1106 4373 1162 4419 et
1191 4366 1256 4418 ad
1305 4367 1612 4436 episcopale
1655 4371 1891 4428 officium
1930 4376 2097 4444 perti~

2162 3270 2164 3272 ’
2195 3278 2453 3332 Actiones
2492 3287 2702 3332 nostras
2733 3288 3078 3345 quaesumus,
3101 3336 3105 3338 _
3132 3271 3394 3336 Domine,
3429 3281 3486 3325 et
3520 3271 3782 3340 suspiranda

2197 3371 2460 3439 praeveni,
2484 3379 2536 3424 et
2566 3366 2874 3440 adjuvando
2905 3379 3263 3437 prosequere,
3294 3372 3356 3417 ut
3392 3373 3602 3418 cuncta
3628 3373 3780 3416 nostra

2196 3463 2443 3532 Operatio
2487 3477 2582 3532 per
2631 3471 2682 3515 te
2735 3473 2950 3529 semper
2989 3457 3234 3526 incipiat,
3293 3465 3351 3510 et
3401 3472 3505 3526 per
3553 3466 3606 3509 te
3637 3466 3778 3521 (tm-[ﬂ

2199 3555 2438 3618 funiatur,
2473 3552 2579 3608 Per
2611 3551 2898 3607 Dominum
2932 3557 3215 3610 nostrum,
3259 3554 3374 3599 etc.
3435 3545 3672 3598 Paratus
3709 3560 3781 3594 ar-

2198 3660 2319 3712 tem,
2358 3647 2490 3700 venit
2541 3647 2611 3698 ad
2662 3643 2851 3706 altare,
2904 3642 3082 3695 dicens
3115 3656 3134 3693 :
3187 3638 3414 3707 Antiph.
3460 3637 3697 3692 lquoibo
3730 3635 3776 3687 ad

2197 3737 2370 3792 altare
2394 3733 2728 3792 Dei.Psalm.
2765 3732 2955 3787 Judica
2986 3745 3094 3793 me,
3137 3729 3305 3793 Deus,
3336 3737 3398 3783 et
3436 3728 3708 3783 discerne.
3729 3725 3776 3777 lli

2197 3826 2325 3895 facit
2369 3824 2772 3895 confessionem.
2814 3818 3090 3876 Conﬁteor
3119 3820 3230 3873 Deo
3261 3818 3664 3888 omnipotenti,

2197 3918 2405 3971 sanctis
2431 3924 2486 3970 et
2517 3916 2772 3970 omnibus
2811 3912 3017 3968 sanctis
3045 3921 3102 3967 et
3130 3911 3253 3978 tibi,
3284 3914 3486 3975 frater,
3515 3913 3646 3982 quia
3681 3926 3776 3980 px-

2198 4009 2314 4062 cavi
2353 4008 2405 4062 in
2443 4006 2808 4077 cngitatione,
2859 4005 2910 4058 in
2951 4003 3243 4066 locutione,
3285 4002 3341 4055 in
3379 4015 3581 4072 opere,
3612 4003 3662 4055 in
3690 4003 3775 4068 ρ-ιιξ-

2197 4103 2401 4158 lutione
2449 4101 2651 4158 mentis
2704 4110 2761 4156 et
2809 4099 3076 4171 corporis.
3131 4099 3258 4154 ldeo
3311 4114 3517 4169 precor
3561 4109 3656 4165 te,
3701 4113 3773 4151 cr:

2194 4209 2296 4264 pro
2339 4208 2448 4248 me.

2271 4286 2598 4341 Misereatur
2645 4285 2721 4340 tui
2753 4284 3095 4353 omnipotens
3121 4283 3292 4346 Deus,
3334 4291 3392 4336 et
3429 4283 3669 4336 dimittat
3703 4281 3772 4332 ei;

2197 4377 2380 4432 omnia
2413 4385 2634 4446 peccata
2659 4384 2770 4440 tua,
2803 4375 2996 4431 liberet
3027 4387 3079 4430 te
3104 4375 3172 4428 ab
3201 4371 3354 4426 omni
3388 4372 3560 4437 malo,
3589 4386 3644 4430 et
3664 4387 3771 4426 caa-

511 4454 976 4522 nere‘videbatur,
1018 4466 1074 4510 et
1107 4457 1477 4516 ecclesiastico
1526 4465 1812 4520 conventui
1857 4468 2091 4522 nondum
2125 4506 2173 4566 Β
2201 4468 2381 4523 lirinet
2433 4478 2485 4524 te
2540 4468 2594 4522 in
2643 4467 2792 4523 omni
2838 4481 3003 4537 Opere
3051 4467 3229 4529 bono,
3284 4473 3340 4518 et
3386 4466 3654 4534 perducat
3699 4477 3772 4518 eis

511 4549 649 4604 adeo
691 4551 996 4605 necessaria
1045 4549 1419 4618 reputabatur.
1465 4551 1605 4607 Nam
1651 4556 1749 4609 soli
1793 4559 2095 4613 communi-

511 4651 698 4696 cantes
724 4639 1046 4695 confcctioni
1097 4652 1558 4697 sacramentorum
1595 4647 1897 4718 antiquitus
1929 4649 2095 4705 inter-

509 4741 675 4786 erant
709 4748 720 4783 :
751 4731 949 4805 quibus
989 4740 1043 4784 et
1072 4732 1251 4788 oratio
1313 4719 1435 4804 post
1471 4739 1932 4805 communionem,
1975 4757 2095 4810 qum

509 4839 610 4894 pro
641 4823 770 4877 solis
815 4823 1345 4878 conimunicantilnts
1376 4826 1622 4882 instituta
1653 4837 1758 4893 est,
1787 4846 1886 4900 pro
1931 4833 2095 4888 bene-

511 4915 749 4970 dictione
779 4914 952 4986 potuit
1001 4913 1334 4970 satisfacere.
1367 4917 1522 4988 Apud
1565 4921 1854 4986 modernos
1883 4931 2090 4992 autem,

509 5021 632 5062 cum
653 5008 769 5078 .jam
799 5008 1025 5078 populus
1070 5006 1472 5064 communicare
1493 5019 1878 5076 cessaret,_ncc
1905 5021 2086 5068 tamen

510 5113 543 5152 a
588 5098 785 5156 divinis
814 5100 1091 5172 mysteriis
1127 5102 1580 5165 sesubtraheret,
1616 5104 1930 5157 necessario
1965 5120 2087 5175 per-

508 5191 734 5244 missum
766 5203 932 5246 estut
971 5210 998 5246 a
1032 5197 1345 5266 presbytero
1385 5195 1813 5260 benediceretur,
1853 5211 1925 5250 ne
1981 5181 2088 5250 tam

509 5279 884 5338 benedictione
922 5298 1082 5352 quam
1126 5283 1508 5340 communione
1541 5284 1785 5354 privatus
1815 5285 2094 5340 discedere

508 5373 806 5428 videretur.
860 5375 986 5430 Sive
1034 5389 1216 5434 autem
1257 5396 1320 5433 ea
1379 5380 1667 5436 occasione
1696 5379 1811 5434 sive
1857 5378 1959 5432 alia
1991 5379 2094 5434 hoc

507 5464 841 5535 presbyteris
869 5470 1276 5536 permitteretur
1307 5469 1375 5524 ab
1405 5471 1696 5540 episcopis,
1731 5471 1867 5525 adeo
1909 5479 2086 5524 tamen

507 5555 564 5608 in
599 5570 752 5609 usum
789 5555 901 5625 jam
935 5573 1320 5633 usquequaque
1365 5561 1602 5626 devenit,
1645 5572 1702 5616 ut
1752 5575 2089 5631 nequaquam

2200 4559 2406 4629 pariter
2431 4559 2590 4618 Jesus
2610 4558 2863 4613 Christus
2890 4557 3060 4611 Filius
3089 4555 3186 4609 Dei
3218 4555 3330 4608 vivi
3357 4555 3414 4609 in
3441 4556 3615 4610 vitam
3643 4565 3767 4610 ater-

2199 4665 2346 4705 nam.
2375 4651 2576 4706 Amen.
2611 4649 3008 4716 lndulgentiam
3038 4657 3095 4700 et
3125 4647 3515 4701 remissionem
3561 4647 3765 4700 omnia:

2199 4750 2553 4811 peccatorum
2585 4749 2901 4797 nostrorum
2942 4737 3146 4794 tribuat
3175 4737 3339 4793 nobis
3372 4738 3712 4809 omnipotens
3731 4749 3768 4788 Ci

2199 4833 2514 4887 misericors
2545 4832 2830 4887 Dominus.
2865 4831 3056 4884 Amen.

2205 4969 2208 4974 .
2275 4921 2406 4978 Cum
2435 4923 2680 4977 sacerdos
2711 4922 2898 4990 accipit
2932 4919 3275 4983 oblationem,
3302 4919 3432 4972 dicit
3468 4935 3486 4972 :
3533 4921 3764 4987 Accepi»

2195 5016 2306 5072 bile
2371 5016 2443 5071 sit
2501 5015 2859 5084 omnipotenti
2927 5014 3038 5068 Deo
3114 5012 3457 5067 sacriﬁcium
3530 5023 3758 5067 nostrum.

2199 5109 2400 5163 Deinde
2438 5107 2604 5162 calice
2639 5107 2696 5161 in
2723 5106 2884 5160 altari
2917 5106 2984 5159 ad
3020 5105 3294 5159 dexteram
3325 5103 3520 5159 oblata
3568 5106 3760 5173 deperire
3844 5111 3846 5173 ς

2198 5201 2324 5253 dicit
2351 5214 2368 5252 :
2398 5198 2554 5264 Veni,
2587 5197 2965 5253 sanctilicator
2994 5190 3364 5266 omnipotens,
3396 5207 3608 5251 tetertie
3637 5197 3758 5249 licus

2199 5290 2427 5344 benedic
2485 5290 2589 5344 hoc
2633 5287 2965 5342 sacriﬁcium
3014 5295 3106 5343 tuo
3148 5286 3356 5341 nomini
3406 5297 3754 5356 parpar-anus.

2199 5378 2304 5433 Per
2334 5379 2637 5440 Christum,
2686 5388 2790 5433 etc.
2827 5377 2896 5431 Et
2927 5377 3212 5432 inclinatus
3243 5388 3362 5431 ante
3398 5379 3596 5441 altare,
3621 5378 3753 5428 dicit;

2201 5471 2452 5540 Suscipe,
2501 5476 2686 5528 sancta
2726 5471 2996 5539 Trinitas,
3036 5473 3178 5526 hanc
3215 5470 3589 5535 oblationem,
3633 5483 3752 5539 qua

2199 5563 2295 5618 tibi
2325 5560 2607 5617 oderimus
2640 5562 2694 5637 in
2725 5562 3047 5618 memoriam
3077 5559 3382 5631 passionis,
3432 5557 3750 5614 resurer

581 5737 656 5809 (7)
707 5738 874 5797 llodie
897 5747 1075 5797 exstat
1111 5743 1198 5797 hic
1229 5757 1401 5798 canon
1429 5759 1572 5797 num.
1617 5741 1700 5796 30.
1746 5741 1888 5797 Citat
1913 5750 2090 5796 tamen
2122 5756 2242 5796 eum
2272 5738 2566 5796 Gratianus
2598 5739 2752 5795 titulo
2781 5754 2828 5794 c.
2863 5737 2952 5792 ti-i.
