3846 6324
23 366 109 423 )95
1452 355 1580 411 MlCl

1687 355 1792 411 .OG
1806 356 1908 411 US.

3159 367 3264 422 99-1

23 481 114 544 iis,
153 474 482 533 ascensionis
525 453 736 528 Domini
781 452 950 547 nostri
998 470 1129 524 Jesn
1178 468 1397 530 Christi,
1429 476 1482 522 et
1525 469 1580 522 in
1612 477 1654 537 Α
1685 467 1871 524 aeterni
1899 468 2227 537 testamenti,
2255 471 2570 544 mysterium
2601 472 2744 540 ﬁdei,
2778 473 2869 546 qui
2910 490 3007 546 pro
3032 479 3185 537 vobis
3211 491 3264 539 et

25 585 261 626 ionorem
292 579 494 622 sancta:
523 565 617 620 Dei
647 563 948 621 Genitrieis
978 561 1180 627 Marhe,
1221 560 1282 615 S.
1322 560 1490 626 Petri,
1525 570 1578 615 et

19 661 63 714 ὃ.
99 661 267 724 Pauli,
293 668 347 713 et
374 658 597 712 istorum
639 665 800 725 atque
833 655 1074 708 omnium
1115 645 1435 707 sanctorum
1458 661 1576 706 luo-

20 769 149 815 ‘um,
177 763 234 806 nt
275 751 382 805 illis
415 749 658 819 proﬁciat
689 749 754 801 ad
787 748 1080 808 honorem,
1122 743 1276 797 nobis
1303 752 1481 796 autem
1511 740 1579 795 ad

19 843 254 908 salutem,
309 849 364 894 et
411 839 486 893 illi
536 853 633 907 pro
680 837 836 890 nobis
880 837 1171 906 dignentur
1221 833 1575 898 intercedere,

20 952 232 1004 tuorum
268 935 583 990 memoriam
613 932 820 1001 agimus
847 931 898 984 in
935 929 1116 984 terris.
1145 927 1247 982 Per
1273 926 1574 991 Christum,

19 1038 110 1082 :tc.
146 1027 366 1091 Deinde,
408 1025 585 1079 Orate.
626 1023 883 1091 Sequitur
920 1029 1153 1076 secreta.

70 1115 258 1169 Conon
287 1116 444 1186 juxta
485 1113 779 1166 Romanam
820 1111 1183 1185 auctoritatem
1224 1118 1296 1164 est
1328 1109 1468 1162 iste:
1503 1109 1578 1164 Te

20 1207 187 1274 gitur,
235 1205 652 1262 clementissime
683 1201 882 1268 Pater,
934 1205 1034 1270 per“
1069 1201 1250 1255 .lesum
1303 1200 1576 1254 Christum

19 1297 198 1350 iilinm
239 1307 388 1351 tuum
430 1295 714 1350 Dominmn
748 1303 994 1347 nostrum
1028 1292 1295 1368 supplices
1329 1306 1578 1359 rogamus

20 1398 53 1442 ;-t
94 1391 326 1458 petimus
367 1391 452 1459 nti
504 1397 724 1456 accepta
773 1387 975 1440 habeas
1023 1393 1076 1438 et
1124 1384 1412 1437 benedicas
1463 1383 1578 1449 (hic

19 1482 176 1550 :ignat
207 1480 450 1535 sacerdos
490 1467 806 1533 oblationem
846 1488 890 1531 et
923 1476 1135 1530 calicem
1169 1475 1331 1534 tribus
1360 1475 1574 1559 vicibus,

19 1574 101 1624 :ub
132 1590 234 1626 una
269 1571 440 1641 cruce)
478 1571 592 1625 hrcc
619 1571 779 1636 dona,
808 1569 925 1622 haec
973 1582 1216 1630 munera,
1246 1568 1359 1620 haec
1391 1576 1576 1620 sancta

21 1665 273 1719 sacriﬁcia
316 1663 541 1716 illibata.
578 1661 634 1715 lu
662 1661 852 1731 primis
879 1674 996 1728 qua:
1040 1658 1132 1712 tibi
1177 1657 1454 1730 olferimus
1483 1671 1578 1725 pro

28 1756 250 1810 Ecclesia
301 1764 391 1808 tua
441 1762 626 1808 sancta
683 1750 988 1813 catholica,
1046 1764 1210 1817 quam
1270 1746 1576 1816 paciﬁcare,

1681 578 1777 631 pro
1803 565 1985 620 multis
2035 564 2339 620 ctl‘undetur
2391 568 2442 621 in
2477 568 2846 624 remissionem
2896 583 3262 640 peccatorum.

1681 652 1805 706 llaec
1827 655 2252 724 quotiescunque
2290 656 2548 722 feceritis,
2578 659 2630 712 in
2680 659 2782 712 mei
2825 663 3140 719 memoriam
3177 664 3260 719 fa-

1681 743 1855 798 cietis.
1890 764 1907 795 ι
1941 744 2092 799 Unde
2133 755 2189 799 et
2226 761 2490 801 memores
2523 763 2652 806 nos.
2681 749 2923 816 Domine,
2965 755 3106 808 servi
3165 755 3260 819 tui,

1679 834 1772 889 scd
1801 846 1854 890 et
1878 837 2026 905 plebs
2065 846 2151 890 tua
2185 845 2392 901 sancta,
2427 837 2625 893 Christi
2653 839 2769 894 Filii
2800 841 2874 895 tui
2921 843 3132 900 Domini
3164 846 3259 902 Dei

1679 923 1854 980 nostri
1885 937 1994 980 tam
2026 928 2195 982 beatae
2234 929 2519 997 passionis,
2554 947 2761 985 necnon
2793 942 2846 987 et
2881 933 2948 988 ab
2968 934 3154 1008 inferis
3182 953 3266 993 re-

1680 1019 2054 1083 surrectionis,
2099 1019 2190 1074 sed
2218 1028 2272 1074 et
2300 1019 2351 1073 in
2373 1021 2591 1097 coelum
2616 1021 2862 1090 gloriosae
2886 1015 3218 1082 ascensionis
3245 1068 3262 1093 ,

1679 1108 1958 1163 offerimus
2005 1110 2276 1178 praeclara:
2307 1105 2574 1178 maiestati
2605 1120 2708 1166 tua:
2757 1113 2824 1166 de
2872 1115 2980 1170 tuis
3021 1117 3176 1172 donis
3204 1133 3266 1172 ac

1681 1201 1838 1255 datis.
1882 1200 1985 1254 Hic
2006 1213 2108 1256 tres
2131 1219 2308 1256 cruces
2331 1219 2486 1272 super
2514 1213 2790 1273 utrumque
2815 1206 2972 1258 simul
3000 1207 3124 1275 facit
3156 1247 3171 1273 ,
3217 1219 3263 1262 et

1679 1303 1920 1362 quartam
1950 1309 2104 1363 super
2133 1293 2465 1357 oblationem,
2507 1305 2553 1346 et
2579 1297 2814 1364 quintam
2842 1313 2997 1365 super
3028 1297 3263 1352 calicem.

1681 1381 1922 1436 Hostiam
1965 1399 2176 1454 puram,
2218 1385 2449 1440 hostiam
2481 1397 2749 1451 sanctam,
2784 1388 3017 1441 hostiam
3065 1389 3262 1443 innua-

1680 1473 1936 1540 culatam,
1983 1491 2174 1543 panem
2207 1486 2457 1530 sanctum
2510 1477 2632 1530 vitae
2675 1487 2892 1531 :eternce
2939 1487 2993 1532 et
3042 1478 3265 1533 calicem

1681 1567 1866 1622 salutis
1894 1577 2188 1637 perpetuae.
2213 1567 2387 1638 Super
2416 1584 2534 1638 quae
2557 1569 2787 1640 propitio
2811 1585 2874 1624 ac
2895 1585 3091 1625 sereno
3119 1570 3267 1624 vultu

1681 1657 1951 1726 reSpicere
1973 1656 2229 1727 digneris,
2268 1669 2324 1712 et
2353 1652 2574 1730 accepta
2610 1659 2830 1725 habere,
2852 1659 3017 1714 veluti
3044 1670 3265 1730 accepta

1679 1748 1878 1802 habere
1908 1748 2162 1819 dignatus
2191 1764 2250 1804 es
2275 1765 2500 1805 munera
2543 1752 2692 1820 pueri
2748 1750 2821 1806 tui
2857 1751 2987 1822 justi
3018 1751 3167 1814 Abel,
3214 1761 3269 1806 ct

39 1845 275 1900 rustodire
303 1886 318 1911 ,
344 1843 620 1897 ‘adunare
668 1849 722 1895 et
775 1854 960 1911 regere
998 1838 1233 1908 digneris
1282 1845 1394 1891 toto
1449 1836 1579 1890 orbe
1611 1824 1652 1882 Β
1681 1835 2006 1891 sacrificium
2035 1827 2355 1906 patriarcha:
2383 1837 2552 1894 nostri
2590 1839 2844 1904 Abrahae,
2889 1849 2943 1895 et
2975 1842 3118 1909 quod
3173 1839 3268 1895 tibi

41 1948 305 1997 .errarum,
361 1946 468 1985 una
509 1946 632 1985 cum
665 1928 870 1982 famulo
901 1937 990 1990 tuo
1020 1943 1156 1996 papa
1206 1934 1412 1980 nostro.
1449 1924 1492 1978 Ν
1525 1933 1580 1979 ct

43 2023 248 2077 mlistite
285 2030 497 2077 nostro.
1425 2091 1428 2094 Α
1558 2019 1562 2043 τ

86 2113 363 2180 Memento,
407 2105 650 2176 Domine,
668 2108 987 2164 famulorum
1012 2106 1440 2176 famularumque
1471 2115 1581 2159 tua-

38 2219 128 2255 'um
163 2202 263 2272 (hic
297 2185 509 2254 nomina
549 2199 781 2254 vivorum
811 2205 1195 2260 memorentur,
1236 2196 1279 2248 si
1321 2195 1576 2259 colueris,

36 2294 100 2345 :ed
154 2309 252 2344 non
300 2289 613 2359 Dominica)
659 2298 714 2343 et
766 2289 1002 2342 omnium
1057 2286 1578 2350 circumastantlum,

36 2397 232 2450 tuorum
267 2381 363 2435 tibi
410 2381 542 2435 ﬁdes
567 2380 779 2450 cognita
815 2389 917 2444 est,
961 2387 1014 2433 et
1060 2386 1185 2431 nota
1217 2377 1455 2440 devotio,
1487 2377 1578 2446 qui

35 2479 105 2530 ibi
136 2475 365 2531 oll‘erunt
400 2476 504 2530 hoc
545 2477 872 2531 sacriticinm
921 2472 1095 2526 laudis
1138 2485 1233 2541 pro
1262 2486 1320 2527 se
1363 2471 1580 2540 suisque

37 2568 290 2634 minibus,
323 2582 420 2636 pro
459 2566 823 2634 redemptione
853 2565 1152 2618 animarum
1195 2577 1442 2625 suarum,
1484 2575 1580 2631 pro

35 2676 106 2728 spe
137 2660 321 2713 salutis
348 2668 511 2728 atque
539 2657 921 2711 incolumitatis
949 2671 1058 2711 sua:
1083 2655 1176 2710 tibi
1201 2654 1428 2710 reddunt
1455 2663 1577 2706 vota

35 2765 107 2803 tua
152 2762 352 2805 artemo
392 2749 502 2803 Deo
548 2748 669 2801 vivo
713 2755 766 2800 et
816 2762 964 2800 vero.
1008 2743 1483 2798 Communicantes
1526 2743 1580 2796 ct

38 2841 321 2895 uemoriam
370 2847 691 2893 venerantes
740 2838 793 2890 in
843 2837 1034 2905 primis
1081 2834 1324 2906 gloriosa:
1371 2848 1582 2902 semper

37 2933 232 3002 virginis
295 2932 474 2985 Maria)
535 2929 826 2985 Genitricis
885 2926 973 2983 Dei
1027 2936 1081 2982 et
1144 2926 1353 2980 Domini
1413 2927 1579 2980 nostri

37 3017 136 3073 lcsu
174 3021 396 3086 Christi,
418 3021 523 3092 sed
553 3029 606 3073 et
640 3020 919 3073 beatorum
952 3016 1310 3086 apostolorum
1343 3031 1404 3071 ac
1436 3031 1578 3069 mar-

43 3127 184 3180 yrum
216 3123 449 3178 tuorum,
480 3111 648 3172 Petri,
695 3109 870 3174 Pauli,
900 3109 1149 3171 Andreae,
1181 3106 1386 3171 Jacobi,
1419 3106 1580 3160 Joan-

32 3206 111 3267 'tlS,
147 3205 395 3268 Tltontte,
427 3204 664 3274 ,Jacobi,
698 3202 956 3271 Philippi,
1008 3193 1404 3262 Baitltolomzci,
1442 3201 1578 3252 Mat-

30 3298 163 3362 Llnei,
197 3297 434 3352 Simonis
458 3307 513 3352 et
553 3296 844 3359 Thaddzci,
888 3294 1039 3358 Lini,
1065 3293 1233 3378 Cleti,
1267 3291 1576 3356 Clementis,

30 3389 164 3453 Sixti,
221 3389 477 3452 Cornelii,
527 3388 805 3458 Cypriani,
865 3386 1160 3447 Laurentii,
1225 3385 1578 3456 Chrysogoni,

31 3475 226 3532 Ioannis
243 3487 296 3531 et
329 3477 725 3542 Pauli,Cosmaa
746 3485 797 3530 et
824 3475 1092 3538 Damiani;
1118 3483 1171 3528 et
1191 3475 1429 3528 onmium
1458 3490 1578 3529 san-

32 3577 214 3622 :torum
245 3576 480 3631 tuorum,
505 3580 734 3635 quorum
767 3565 973 3618 meritis
1000 3565 1360 3633 precibusque
1389 3579 1582 3618 conce-

32 3657 108 3710 las
122 3669 178 3711 ut
201 3658 252 3713 in
277 3660 528 3713 omnibus
545 3656 899 3726 protectionis
924 3664 1026 3709 tua:
1041 3652 1346 3709 muniamur
1359 3655 1580 3709 auxilio.

29 3743 112 3800 l‘er
141 3747 414 3802 Christum
446 3747 730 3802 Dominum
763 3753 1026 3800 nostrum.
1063 3742 1162 3796 Hic
1184 3743 1468 3797 inclinatur
1496 3761 1584 3797 us-

24 3853 106 3905 ]ue
133 3841 198 3892 ad
231 3839 416 3906 altare,
442 3839 617 3891 dicens
648 3875 660 3888 .
694 3835 844 3891 llanc
867 3836 1032 3905 igitur
1059 3834 1384 3889 oblationem
1415 3836 1584 3889 servi-

24 3931 140 3984 tutis
163 3940 378 3995 nostrai,
403 3931 495 3985 sed
520 3939 576 3984 et
604 3937 812 3983 cuncta:
844 3927 1063 3980 familia:
1093 3935 1217 3990 tua),
1249 3941 1580 4003 quaesumus,

23 4021 255 4085 )omine,
286 4030 343 4074 ut
377 4021 620 4090 placatus
649 4019 903 4086 accipias,
937 4017 1156 4085 diesque
1179 4025 1394 4070 nostros
1420 4016 1469 4069 in
1495 4023 1582 4069 tua

23 4127 152 4182 pace
205 4115 479 4182 disponas,
530 4123 690 4181 atque
735 4112 802 4164 ab
843 4119 1044 4164 aeterna
1089 4109 1434 4162 damnatione
1488 4125 1584 4163 nos

23 4202 229 4270 eripias,
257 4215 309 4258 et
330 4204 382 4256 in
409 4203 704 4256 electorum
740 4211 951 4253 tuorum
973 4197 1167 4266 jubeas
1195 4213 1355 4270 grege
1395 4198 1582 4254 nume-

25 4293 145 4346 rari.
177 4294 276 4349 Per
303 4293 577 4348 Christum
609 4293 892 4346 Dominum
933 4301 1200 4345 nostrum.
1238 4289 1458 4345 Erectus
1482 4309 1582 4345 au-

25 4394 116 4435 tem
145 4400 256 4437 cum
293 4385 456 4437 tribus
488 4383 726 4436 crucibus
773 4380 1021 4433 benedicit
1057 4395 1075 4434 :
1125 4380 1298 4446 Quam
1348 4381 1581 4435 oblatio-

1679 1927 1880 1981 obtulit
1912 1943 2153 1982 summus
2207 1931 2461 1985 sacerdos
2518 1941 2641 1985 tuus
2693 1931 3109 1997 Melchisedech,
3139 1946 3264 1986 san-

1681 2027 1822 2070 ctum
1855 2017 2205 2086 sacriﬁcium,
2236 2018 2636 2075 immaculatam
2668 2021 2918 2076 hostiam.
2974 2020 3076 2074 llic
3115 2022 3264 2076 incli-

1682 2115 1767 2160 nat
1798 2124 1851 2160 se
1875 2107 2024 2169 iuxta
2055 2108 2246 2176 altare,
2279 2111 2453 2163 dicens
2483 2126 2503 2163 .·
2542 2110 2822 2180 Supplices
2869 2120 2920 2166 te
2941 2117 2943 2119 ’
2967 2126 3220 2181 rogamus
3247 2151 3266 2182 ,

1679 2198 2019 2266 omnipotens
2054 2199 2368 2270 Deus,jube
2397 2202 2508 2256 hmo
2541 2201 2768 2272 perferri
2801 2217 2896 2271 per
2923 2217 3114 2258 manus
3145 2219 3269 2258 san-

1680 2288 1752 2340 cti
1787 2289 1962 2358 angeli
1993 2289 2065 2342 Iui
2103 2290 2154 2342 in
2183 2290 2409 2345 sublime
2438 2292 2607 2347 altare
2635 2301 2806 2357 tuum,
2833 2294 2886 2347 in
2920 2303 3266 2363 conspectum

1681 2375 1876 2430 divina:
1903 2376 2204 2445 majestatis
2237 2386 2361 2433 tum.
2395 2379 2497 2432 Hic
2520 2382 2668 2451 erigit
2694 2399 2748 2434 se
2777 2382 2956 2436 dicens
2976 2397 2994 2434 :
3012 2381 3080 2438 Ut
3107 2394 3266 2453 quot-

1681 2475 1811 2534 quot
1855 2483 1921 2522 ex
1960 2468 2060 2522 hac
2130 2467 2317 2524 altaris
2397 2471 2813 2544 participatione
2864 2484 3268 2530 sacrosanctum

1681 2557 1799 2612 Filii
1827 2559 1900 2612 tui
1937 2574 2132 2629 corpus
2159 2569 2212 2614 et
2245 2563 2562 2632 sanguinem
2616 2566 3007 2635 sumpserimus
3038 2607 3054 2633 ,
3115 2568 3266 2624 omni

1682 2649 2054 2706 benedictione
2080 2651 2285 2707 cmlcsti
2317 2665 2372 2728 et
2400 2655 2572 2724 gratia
2615 2657 2938 2726 rcpleamur.
2968 2658 3073 2714 Per
3095 2659 3257 2714 Chri-

1686 2751 1828 2796 stum
1863 2741 2150 2799 Dominum
2182 2757 2450 2802 nostrum.
2479 2747 2578 2801 llic
2608 2751 2726 2804 dum
2765 2753 3028 2807 orationes
3081 2753 3270 2809 dicuno

1683 2841 1769 2884 tur
1797 2847 1814 2883 :
1846 2832 2114 2888 Memento
2156 2835 2342 2901 etiam,
2367 2837 2614 2903 Domine,
2639 2849 2690 2894 et
2716 2856 2901 2896 eorum
2927 2843 3270 2936 nomina.an

1684 2937 1782 2976 nos
1812 2929 2208 2991 [)PLDCOSSCI'UIH
2239 2941 2360 2981 cum
2401 2929 2556 2999 signo
2607 2931 2751 2998 ﬁdei,
2781 2943 2833 2987 et
2886 2929 3162 2990 ἀοι-ηιξψῆ
3211 2937 3266 2991 in

1682 3031 1871 3070 somno
1914 3019 2083 3086 pacis.
2116 3018 2183 3072 Et
2214 3021 2498 3075 recitantur
2527 3025 2758 3078 nomina.
2810 3025 2962 3096 ipsis,
2998 3028 3221 3083 Domine
3250 3071 3266 3095 ,

1615 3163 1649 3189 τ,
1682 3109 1734 3162 et
1757 3109 2021 3163 omnibus
2054 3109 2104 3163 in
2137 3107 2353 3166 Christo
2391 3114 2796 3182 quiescentibus
2829 3118 3005 3172 locum
3042 3119 3267 3189 refrige-

1685 3200 1746 3252 rii
1785 3201 1920 3254 locis
1965 3211 2017 3255 et
2050 3203 2198 3270 pacis
2244 3211 2302 3256 ut
2343 3204 2620 3274 indulgeas
2655 3246 2668 3269 ,
2718 3207 3070 3276 deprecamur
3101 3251 3115 3273 ,
3168 3209 3268 3267 Pe!

1682 3291 1951 3346 Christum
1989 3295 2272 3348 Dominum
2312 3307 2578 3351 nostrum.
2634 3297 2796 3353 Nobis
2839 3316 3049 3370 quoque
3079 3318 3268 3370 pecca-

1685 3383 1890 3437 toribus
1931 3383 2145 3439 faninlis
2195 3386 2298 3440 tuis
2343 3388 2416 3441 de
2463 3388 2808 3443 multitudine
2861 3391 3268 3448 miserationum

1685 3486 1898 3529 tuarum
1950 3478 2294 3545 sperantibus
2353 3490 2563 3549 partem
2600 3480 2831 3550 aliquam
2862 3491 2915 3534 et
2953 3483 3269 3536 societatem

1683 3568 1885 3623 donare
1923 3569 2177 3639 digneris,
2213 3587 2334 3624 cum
2370 3573 2474 3627 luis
2515 3573 2719 3626 sanctis
2745 3573 3000 3642 apostolis
3033 3583 3090 3627 et
3121 3589 3269 3627 mar-

1687 3660 1916 3729 tyribus,
1949 3677 2069 3714 cum
2117 3660 2344 3726 Joanne,
2380 3663 2677 3734 Stephano,
2717 3665 2917 3720 Mathia
2945 3707 2959 3731 ,
2991 3665 3259 3733 Barnaba,

1683 3749 1906 3818 lgnatio,
1939 3751 2268 3817 Alexandro,
2325 3753 2654 3816 Marcellino,
2704 3754 2901 3822 Petro,
2949 3757 3266 3826 Felicitate,

1683 3837 1968 3907 Perpetua,
2005 3842 2236 3910 Agatha,
2270 3842 2462 3907 Lucia,
2492 3845 2720 3913 Agnete,
2764 3844 2958 3900 Cecilia
2985 3888 2998 3911 ,
3031 3848 3268 3902 Anasta-

1683 3929 1785 3992 sia,
1812 3937 1865 3981 et
1892 3946 2012 3982 cum
2043 3932 2292 3986 omnibus
2317 3934 2520 3987 sanctis
2554 3937 2678 3998 tuis,
2727 3935 2868 3988 inter
2895 3950 3125 4004 quorum
3166 3954 3269 3993 nos

1683 4019 2043 4084 consortium,
2068 4037 2174 4074 non
2208 4023 2506 4077 aestimator
2535 4025 2734 4089 meriti,
2767 4025 2859 4079 sed
2897 4028 3082 4088 veniae,
3117 4044 3268 4097 qua:-

1684 4127 1868 4166 sumus
1898 4112 2139 4183 largitor,
2167 4113 2406 4170 admitte.
2437 4115 2538 4170 Per
2553 4117 2826 4172 Christum
2857 4116 3138 4172 Dominum
3171 4135 3270 4172 no-

1685 4215 1875 4258 Strum.
1909 4204 2012 4259 Per
2035 4220 2195 4275 quem
2228 4207 2342 4261 haec
2376 4209 2577 4274 omnia,
2611 4209 2852 4274 Domine,
2888 4225 3098 4280 semper
3127 4211 3269 4267 bona

1683 4305 1836 4350 ei'eas
1862 4296 1980 4366 (hic
2033 4307 2132 4352 tres
2168 4316 2347 4353 cruces
2378 4318 2534 4370 super
2580 4313 2858 4372 utrumque
2895 4302 3051 4356 simul
3095 4303 3265 4375 facit),

1683 4389 2030 4450 sanctiﬁcas,
2060 4389 2323 4454 viviﬁeas,
2364 4391 2678 4454 benedicis,
2734 4401 2786 4445 et
2839 4402 3066 4461 pra-stas
3113 4393 3270 4448 nobis

26 4477 137 4526 nem
168 4484 242 4540 tu,
275 4475 437 4540 Deus,
489 4475 542 4528 in
582 4471 831 4528 omnibus
866 4485 1172 4542 quzesumus
1219 4471 1579 4538 benediclam,

1687 4479 1704 4548 (
1729 4480 1811 4532 llic
1859 4496 1975 4532 cum
2003 4479 2174 4532 oblata
2200 4493 2426 4550 quatuor
2471 4500 2646 4537 cruces
2676 4485 2801 4553 facit
2847 4502 3002 4555 super
3029 4485 3269 4553 calicem,

29 4567 325 4636 ascriptam,
351 4578 545 4632 ratam,
576 4565 951 4621 rationabilem
983 4562 1474 4632 acceptabilemque
1503 4563 1582 4617 fa-

31 4668 143 4708 cere
163 4657 522 4729 dignerisJIic
544 4658 823 4726 separatim
845 4657 1014 4726 signat
1039 4654 1262 4708 oblatam
1278 4663 1322 4706 et
1345 4653 1578 4706 calicem.

33 4745 101 4801 Ut
123 4749 266 4805 nobis
293 4766 489 4820 corpus
518 4759 570 4804 et
599 4749 818 4820 sanguis
859 4750 950 4802 ﬁat
991 4745 1326 4802 dilectissimi
1358 4744 1478 4800 Filii
1509 4746 1583 4800 tui

33 4838 226 4894 Domini
257 4842 425 4896 nostri
453 4839 581 4896 Jesu
607 4827 827 4895 Christi.
858 4839 957 4906 Qui
984 4838 1156 4908 pridie
1177 4852 1338 4906 quam
1367 4845 1584 4907 patere—

38 4937 134 4994 tur,
162 4934 357 5002 accepit
387 4949 580 5004 panem
607 4932 661 4986 in
689 4941 911 4986 sanctas
941 4946 1004 4985 ac
1035 4928 1368 4985 venerabiles
1395 4943 1586 4983 manus

41 5036 181 5088 suas,
220 5025 433 5081 elevatis
469 5025 647 5081 oculis
677 5024 730 5078 in
760 5023 956 5078 cuzlum
987 5023 1052 5077 ad
1089 5031 1138 5077 te
1169 5023 1336 5076 Deum
1367 5020 1584 5075 Patrem

45 5124 180 5165 suum
208 5111 652 5185 omnipotentem;
704 5112 800 5167 tibi
831 5110 1030 5182 gratias
1059 5124 1246 5178 agens,
1289 5108 1582 5174 benedixit,

49 5200 204 5274 fregit,
224 5208 364 5262 dedit
382 5205 662 5277 discipulis
677 5204 809 5272 suis,
833 5204 1049 5259 dicens:
1077 5202 1350 5271 «Accipite
1368 5209 1421 5255 et
1445 5215 1588 5254 man-

50 5291 217 5352 ducale
235 5281 296 5353 ei:
325 5282 426 5354 hoc
447 5313 641 5354 omnes
671 5314 683 5350 :
715 5295 828 5351 lloc
850 5303 932 5349 est
961 5295 1106 5350 enim
1127 5309 1325 5364 corpus
1347 5307 1581 5347 meum.»

54 5384 200 5443 Simili
236 5391 386 5448 modo
415 5402 698 5462 postquam
737 5397 1011 5443 comatum
1043 5394 1145 5452 est,
1203 5385 1475 5454 accipiens
1532 5393 1588 5439 et

58 5475 176 5535 hunc
199 5484 503 5552 praiclarum
554 5481 868 5537 calicemin
905 5488 1118 5534 sanctas
1145 5493 1208 5533 ac
1253 5476 1590 5531 venerabiles

61 5580 218 5626 manus
241 5590 382 5640 suas,
413 5575 542 5628 item
583 5573 678 5628 tibi
721 5571 922 5641 gratias
953 5586 1139 5642 agens,
1165 5569 1462 5633 benedixit,
1493 5569 1588 5621 de-

43 5660 119 5717 Illi
142 5665 392 5738 discipulis
417 5659 552 5733 suis,
582 5666 766 5720 dicens
793 5683 804 5718 :
837 5684 854 5717 (
881 5664 1120 5734 Accipite
1142 5673 1194 5719 et
1219 5661 1386 5718 bibite
1408 5679 1472 5716 ex
1491 5662 1592 5716 hoc

29 5760 212 5815 Innues
236 5781 248 5816 ;
275 5760 369 5816 llic
408 5769 492 5818 est
523 5761 666 5816 enim
706 5760 848 5816 calix
882 5757 1160 5830 sanguinis
1220 5755 1324 5811 mei
1374 5754 1496 5810 novi
1533 5763 1589 5810 et

1685 4577 1732 4620 et
1765 4568 1997 4636 quintam
2026 4569 2078 4619 in
2108 4568 2267 4623 latere
2297 4571 2521 4642 ipsius),
2554 4588 2649 4642 per
2679 4575 2872 4642 ipsum,
2901 4582 2954 4628 et
2983 4590 3104 4629 cum
3129 4575 3266 4644 ipso,

1685 4665 1737 4712 et
1771 4658 1821 4711 in
1853 4659 1966 4726 ipso
1995 4667 2077 4711 est
2111 4658 2202 4712 tibi
2232 4659 2341 4713 Deo
2378 4661 2524 4715 Patri
2554 4665 2907 4732 omnipotenti
2952 4664 3002 4716 in
3059 4665 3268 4719 unitate

1685 4747 1921 4817 Spiritus
1952 4749 2145 4813 sancti,
2179 4750 2355 4804 onmis
2403 4751 2576 4806 honor
2605 4763 2658 4805 et
2701 4753 2890 4822 gloria.
2948 4751 3051 4805 Hic
3106 4753 3269 4806 elevat

1687 4837 1913 4890 oblatam
1943 4853 2060 4890 cum
2100 4837 2286 4904 calice,
2314 4840 2490 4894 dicens
2520 4855 2538 4892 :
2561 4841 2664 4895 Per
2685 4841 2864 4896 omnia
2889 4841 3077 4894 sarcula
3105 4857 3273 4897 sarcu-

1685 4927 1882 4981 lorum.
1921 4927 2202 4998 Responsio
2237 4943 2255 4981 .'
2302 4929 2495 4984 Anien.
2525 4929 2592 4984 Et
2625 4932 2846 5000 deponat
2897 4931 3160 4995 oblatam,
3187 4933 3267 4984 di-

1686 5029 1804 5070 cens
1835 5031 1854 5069 :
1881 5017 2126 5074 Oremus.
2153 5019 2440 5089 Prmccptis
2479 5022 2806 5076 salutaribus
2861 5024 3073 5090 moniti,
3106 5031 3158 5076 et
3182 5024 3267 5076 di-

1685 5110 1812 5164 vina
1854 5111 2192 5166 institutione
2223 5112 2435 5166 formati
2468 5154 2483 5178 ,
2535 5115 2797 5168 audemus
2846 5111 3027 5170 dicere
3062 5105 3267 5169 :Pater

1687 5215 1891 5268 noster,
1923 5205 2097 5274 quies
2133 5206 2183 5258 in
2217 5205 2368 5260 cmlis
2400 5247 2414 5271 ,
2451 5223 2611 5277 usque
2640 5247 2654 5272 ,
2689 5206 2857 5262 libera
2905 5223 3002 5262 nos
3030 5223 3059 5261 a
3104 5208 3266 5264 malo.

1688 5295 1879 5351 Libera
1911 5311 2030 5362 nos,
2062 5295 2312 5362 Domine,
2346 5297 2412 5350 ab
2443 5297 2688 5352 omnibus
2718 5295 2876 5353 malis
2901 5340 2914 5363 ,
2938 5300 3223 5369 praeteritis
3251 5343 3266 5367 ,

1693 5389 2075 5461 praesentiibns
2126 5400 2180 5444 et
2226 5390 2440 5445 futuris.
2496 5389 2567 5445 Et
2613 5391 3067 5447 intercedentibus
3113 5393 3268 5448 beata

1691 5482 1922 5552 gloriosa
1955 5497 2168 5550 semper
2198 5482 2408 5553 virgine
2439 5482 2629 5548 Maria,
2678 5492 2730 5537 ct
2785 5483 2955 5538 beatis
3010 5485 3267 5554 apostolis

1692 5573 1799 5626 tuis
1818 5573 1978 5627 Petro
2022 5581 2076 5626 et
2103 5572 2269 5626 Paulo
2300 5565 2464 5642 atque
2488 5573 2702 5628 Andrea
2727 5574 2829 5645 (hic
2857 5575 3089 5628 nominat
3116 5583 3268 5643 quol-

1690 5673 1813 5733 quot
1841 5673 2045 5717 sanctos
2076 5662 2335 5733 voluerit),
2365 5680 2487 5718 cum
2517 5665 2678 5718 omni!
2701 5680 2764 5719 us
2800 5666 3024 5730 sanctis,
3053 5664 3117 5718 da
3142 5678 3270 5732 pso-

1695 5756 1857 5826 pitius
1886 5771 2072 5826 pacein
2098 5755 2151 5811 in
2193 5755 2380 5815 diebus
2412 5756 2636 5826 nostris,
2679 5767 2736 5814 ut
2758 5773 2860 5828 ope
2883 5757 3265 5813 misericordia:
