3846 6324
501 308 607 366 993

1852 308 2116 364 NONUM.
2159 306 2437 363 LITURG.
3668 314 3749 368 της

503 434 612 480 tua:
640 421 827 492 adiuti,
852 431 904 476 ct
932 435 960 473 a
983 427 1205 491 peccato
1228 420 1396 476 simus
1426 435 1644 490 semper
1684 420 1837 476 liberi
1866 422 1970 488 (hic
1996 437 2091 490 pa-
2121 400 2163 460 Α
2195 435 2317 474 cum
2349 432 2462 482 non
2482 418 2713 485 aliunde
2759 419 2862 476 nisi
2900 435 2966 476 ex
3019 419 3135 490 ejus
3182 421 3546 491 prmcessione
3590 426 3751 477 eadem

506 524 679 567 tenam
709 513 954 582 accipiat,
998 519 1045 563 et
1068 510 1357 564 osculatam
1409 512 1664 583 deponat)
1711 522 1764 567 et
1825 514 1892 566 ah
1942 513 2088 567 omni

504 604 912 676 perturbatione
946 603 1142 658 securi.
1180 603 1283 657 Hic
1303 621 1491 674 corpus
1517 622 1672 675 super
1693 616 1882 676 patena
1912 606 1964 659 iu
1986 606 2089 660 tria

503 698 721 761 dividat,
753 697 926 750 dicens
963 711 981 749 :
1019 695 1124 750 Per
1149 697 1435 751 Dominum
1471 707 1714 752 nostrum
1738 697 1917 752 Jesum
1943 698 2092 752 Chri-

503 796 668 852 stum,
701 803 884 856 usque,
917 801 1015 856 per
1041 787 1221 841 omnia
1250 788 1443 843 saecula
1474 789 1816 843 smeulorum.
1860 789 2086 857 Respon.

511 879 696 932 Amen.
746 877 849 931 Hic
871 880 1027 931 etiam
1074 880 1280 932 tertiam
1310 891 1510 948 partem
1538 881 1590 934 iu
1613 880 1825 934 culicem
1876 882 2048 934 mittat
2075 921 2087 942 ,

519 968 725 1022 licens:
765 968 878 1023 Pax
907 969 1117 1023 Domini
1148 971 1219 1023 sit
1260 986 1473 1039 semper
1519 973 1820 1026 vobiscum.
1862 971 2086 1042 Respon.

503 1056 570 1111 Et
601 1075 720 1113 cum
747 1060 937 1128 spiritu
972 1068 1084 1114 tuo.
1157 1061 1222 1114 Et
1252 1061 1519 1131 aubjungit
1560 1064 1849 1117 orationem
1883 1064 2036 1116 istam
2071 1081 2088 1118 :

2193 509 2466 564 Dominica
2495 526 2690 565 nomen
2718 519 2773 566 et
2804 510 3037 568 oﬂicium
3067 511 3328 567 obtineat.
3365 511 3476 567 Sed
3511 523 3568 568 et
3594 514 3755 571 Junirr

2191 601 2485 671 Gregorius
2516 618 2678 672 papa.
2723 604 2970 659 scribens
3022 604 3092 659 de
3144 603 3494 659 ordinatione
3545 604 3752 678 [ori-limir

2192 694 2368 749 sancti
2423 693 2684 749 Bonifacii
2728 694 3119 766 archiepiscopi
3162 696 3229 750 ad
3290 695 3756 765 Moguntiacenses,

2193 784 2445 855 praecepit
2478 793 2535 839 ttt
2559 785 2830 840 ordinatio
2854 802 2975 863 qua:
2993 787 3202 858 jejunio
3241 786 3426 842 Martii
3467 789 3760 848 ascribitm,

2195 876 2246 930 in
2286 875 2527 944 ingressu
2552 875 2996 946 Quadragesinue
3025 892 3148 932 cum
3183 878 3380 933 eodem
3400 877 3613 946 jejunio
3640 894 3758 932 seu:—

2191 982 2290 1036 per
2331 965 2652 1021 cvlebretur.
2703 966 3053 1022 Beatissimus
3085 981 3306 1037 quoque
3336 965 3449 1020 Leo
3493 982 3634 1036 papa
3681 973 3763 1035 pri-

2192 1074 2334 1119 mus,
2364 1059 2418 1112 in
2447 1073 2698 1112 sermone
2727 1057 3021 1126 dejejunio
3049 1058 3269 1128 septimi
3295 1059 3528 1120 mensis,
3559 1073 3760 1111 ver-uua

501 1146 626 1203 Fiat
657 1151 960 1206 commistio
988 1160 1044 1206 et
1073 1155 1415 1207 consecratio
1445 1156 1689 1224 corporis
1722 1165 1778 1209 et
1813 1155 2087 1226 sanguinis

2193 1149 2447 1219 jejunium
2493 1151 2545 1203 in
2574 1147 3021 1218 Quadragesima,
3051 1149 3307 1204 aestivum
3343 1147 3403 1203 in
3445 1147 3760 1207 Pentecoste,

502 1237 716 1297 Domini
762 1241 929 1294 nostri
956 1239 1082 1296 Jesu
1138 1241 1337 1297 Christi
1397 1244 1786 1314 accipientibus
1842 1246 1996 1300 nobis
2039 1247 2088 1300 in

503 1335 669 1390 vitam
695 1346 977 1391 aeternam.
1012 1338 1207 1392 Amen.
1240 1337 1310 1392 Et
1345 1340 1579 1393 osculato
1604 1341 1763 1394 alteri
1791 1343 1882 1395 dat
1911 1359 2089 1411 pacem

502 1428 720 1490 astmui,
743 1428 816 1480 ita
851 1429 1026 1482 dicens
1059 1429 1212 1484 :Pax
1249 1439 1447 1486 tecum.
1483 1431 1703 1502 Respon.
1725 1433 1789 1488 Et
1824 1450 1946 1488 cum
1978 1435 2088 1500 spi-

503 1516 609 1568 ritu
637 1525 724 1570 tuo
750 1531 765 1569 :
797 1516 827 1568 Ι
832 1517 1096 1572 nclinatus
1125 1529 1298 1574 autem
1325 1522 1449 1574 dicit
1474 1532 1754 1590 antequmn
1796 1525 2090 1578 communi-

501 1617 576 1659 cet
603 1620 622 1657 :
648 1608 869 1662 Domine
897 1607 1022 1663 Jesu
1055 1610 1288 1675 Christe,
1337 1613 1428 1682 qui
1462 1613 1733 1668 voluntate
1760 1614 1956 1675 Patris.
1993 1631 2088 1671 co-

501 1708 760 1768 operante
823 1698 1026 1769 Spiritu
1093 1710 1279 1756 sancto
1312 1743 1328 1768 ,
1384 1717 1483 1772 per
1545 1713 1773 1759 mortem
1815 1707 2088 1774 propriam
2123 1739 2166 1798 Β

505 1791 760 1844 nmndum
810 1791 1115 1859 viviﬁcasti,
1148 1793 1317 1848 libera
1367 1810 1453 1850 me
1491 1811 1588 1866 per
1643 1797 1744 1852 hoc
1799 1813 2088 1854 sacrosan-

499 1891 644 1935 ctum
674 1898 869 1952 corpus
900 1892 955 1937 et
1003 1885 1319 1952 sanguinem
1361 1893 1510 1941 tuum
1567 1887 1635 1941 ab
1683 1889 1935 1944 omnibus
1984 1889 2086 1944 ini-

499 1975 797 2041 quitatibus
821 1974 976 2039 meis,
1007 1985 1060 2030 ct
1103 1975 1187 2030 fac
1230 1992 1314 2031 me
1346 1977 1451 2032 tuis
1480 1978 1744 2033 inha:rere
1793 1980 2083 2047 mandatis,

510 2075 616 2121 eta
656 2078 707 2121 te
736 2081 1012 2135 nunquam
1069 2069 1120 2121 in
1162 2077 1478 2139 perpetuum
1513 2072 1775 2139 separari.
1808 2071 1908 2138 Qui
1963 2087 2085 2127 cum

502 2158 684 2224 Patre,
715 2174 824 2212 etc.
858 2157 989 2211 Cum
1015 2159 1281 2213 distribuit
1309 2160 1702 2224 eucharistiam,
1748 2161 1873 2214 dicit
1908 2176 1926 2213 :
1955 2161 2088 2215 Cor-

496 2263 600 2318 pus
628 2257 682 2302 et
717 2249 938 2318 sanguis
970 2249 1181 2302 Domini
1220 2249 1393 2303 nostri
1420 2251 1547 2304 Jesu
1593 2249 1795 2304 Chriin
1829 2250 2080 2319 proﬁciat

498 2337 591 2393 tibi
619 2338 671 2392 in
703 2338 869 2393 vitam
897 2348 1174 2392 aeternam.
1199 2339 1392 2393 Amen.
1433 2338 1711 2410 Postquam
1750 2356 1924 2394 attines
1941 2357 2086 2394 com-

499 2427 916 2490 municaverunt,
945 2427 1070 2479 dicit
1101 2444 1119 2480 :
1150 2426 1303 2493 Quod
1345 2441 1440 2481 ore
1474 2429 1804 2496 sumpsimus
1833 2470 1847 2494 ,
1897 2427 2080 2502 [aura]

505 2525 685 2571 mente
723 2517 1020 2587 capiamus.
1070 2527 1125 2573 et
1164 2517 1230 2572 de
1259 2533 1482 2573 munere
1534 2520 1816 2588 temporali
1848 2517 1941 2573 fiat
1987 2538 2086 2576 no-

497 2606 583 2660 bis
609 2606 906 2660 remedium
940 2606 1347 2676 sempiternum.
1384 2606 1564 2661 Finita
1588 2609 1767 2674 missu,
1796 2609 2089 2664 dicit:Pla-

501 2707 622 2751 ceat
655 2699 771 2764 tibi,
793 2707 979 2754 sancta
1006 2698 1263 2762 Trinitas,
1293 2699 1609 2769 obsequium
1633 2700 1905 2755 servitutis
1932 2717 2081 2764 meae.

498 2797 554 2841 et
580 2796 773 2858 prmsta
802 2799 860 2842 ut
886 2789 988 2843 hoc
1019 2788 1372 2852 sacrificium,
1423 2790 1565 2858 quod
1604 2790 1774 2845 oculis
1813 2799 1916 2846 tua:
1969 2807 2088 2846 rna-

494 2882 713 2949 jestatis
751 2896 851 2953 ego
897 2882 1117 2952 indigne
1170 2881 1362 2946 obtuli,
1421 2883 1552 2937 mihi
1575 2893 1631 2937 et
1675 2885 1928 2940 omnibus
1987 2901 2085 2956 pro

501 2972 698 3041 quibus
728 2972 855 3026 illud
887 2971 1055 3026 obtuli
1083 3014 1096 3035 ,
1137 2981 1189 3027 te
1229 2973 1543 3034 miserante,
1575 2975 1646 3029 sit
1694 2977 2040 3046 propitiabi-le
2065 3018 2081 3043 ,

498 3062 602 3117 Per
628 3062 902 3118 Christum
933 3104 947 3128 ,
990 3074 1098 3118 etc.
1147 3063 1358 3118 Exuens
1388 3081 1443 3120 se
1497 3067 1716 3120 vestibus
1746 3069 1909 3121 sacris
1939 3069 2085 3124 dicit.
2117 3103 2158 3160 C

500 3157 703 3212 Psalm.
732 3157 1044 3213 Benedicite
1076 3158 1534 3225 omnia,Laudate
1560 3161 1846 3215 Dominum
1879 3162 1931 3215 in
1964 3177 2088 3215 san-

502 3248 634 3313 ctis,
681 3248 843 3318 Kyrie
874 3247 1098 3311 eleison,
1141 3247 1303 3303 Pater
1344 3259 1546 3304 noster.
1571 3249 1941 3305 Conﬁteantur
1969 3251 2088 3318 tibi,

499 3341 745 3405 Domine,
775 3341 952 3395 omnia
979 3356 1141 3410 opera
1167 3350 1276 3395 tua.
1316 3340 1675 3396 Exsultabunt
1700 3342 1872 3395 sancti
1900 3341 1951 3394 in
1977 3341 2092 3410 glo-

497 3433 598 3486 ria.
642 3432 1074 3499 Exsultentjusti
1105 3433 1156 3487 in
1196 3442 1509 3503 conspectu.
1577 3432 1690 3486 Non
1739 3432 1922 3496 nobis,
1980 3433 2088 3487 Dos

489 3523 668 3589 tuine,
698 3539 800 3578 non
831 3524 1007 3578 nobis.
1045 3525 1292 3588 Domine,
1335 3523 1528 3578 exaudi
1561 3523 1879 3577 orationem.
1926 3522 2088 3587 Deus,

498 3616 591 3684 qui
617 3598 785 3670 tribus
813 3615 1013 3683 pueris.
1041 3615 1292 3670 Actiones
1315 3626 1559 3668 nostras.

765 3703 894 3757 CAP.
919 3702 1112 3758 XXIV.
1141 3735 1212 3746 -—
1241 3704 1316 3757 De
1333 3704 1539 3774 jejunio
1571 3701 1786 3756 vernali.

572 3799 863 3866 Gregorius
887 3815 1022 3869 papa
1047 3801 1308 3870 septimus
1329 3816 1450 3855 cum
1475 3799 1782 3870 apostolicae
1805 3797 1916 3852 sedi
1952 3813 2091 3866 prae-

503 3885 726 3952 sideret,
760 3888 1037 3941 constituit
1070 3898 1128 3941 ut
1174 3887 1442 3957 jejunium
1471 3889 1619 3958 quod
1656 3888 1862 3942 dicitur
1915 3885 2090 3940 Martii

505 3976 560 4030 in
593 3977 767 4045 prima
793 3978 1123 4032 hebdomada
1156 3978 1592 4047 Quadragesima:
1616 3977 1762 4032 omni
1806 3993 1947 4032 anno
1999 3991 2090 4031 ce-

502 4065 764 4133 lebretur,
793 4067 934 4121 sicut
969 4075 1024 4121 et
1067 4069 1240 4122 sancti
1296 4069 1486 4123 Patres
1534 4068 1662 4121 illud
1690 4068 1988 4122 instituisse
2015 4067 2092 4122 le-

507 4166 725 4228 guntur.
759 4156 894 4212 Nam
934 4167 1153 4213 sanctus
1179 4159 1472 4230 Gregorius
1522 4174 1657 4227 papa
1703 4159 1908 4226 pritnus
1935 4199 1948 4222 ,
1983 4167 2090 4212 tam

505 4249 558 4302 in
585 4247 1025 4304 Sacratneutario
1075 4265 1236 4318 quam
1267 4250 1320 4304 in
1353 4248 1605 4305 Graduali
1634 4249 1788 4312 libro,
1839 4251 1950 4304 sive
1980 4250 2089 4302 An-

503 4340 814 4409 tiphonario
836 4340 1008 4396 olIicia
1031 4343 1271 4412 ejusdem
1326 4340 1517 4412 jejunii
1555 4342 1740 4411 primm
1776 4341 2089 4413 Quadrage‘

2192 1240 2502 1297 autumnale
2532 1241 2585 1295 in
2613 1241 2844 1310 septimo
2884 1256 3073 1296 mense
3103 1241 3500 1296 celebrandum
3536 1255 3656 1294 esse
3698 1241 3765 1291 de.

2193 1334 2478 1387 nuntiavit.
2506 1333 2636 1387 item
2665 1334 2855 1388 beatus
2884 1333 3135 1389 Gelasius
3165 1349 3308 1404 papa
3340 1333 3396 1387 in
3429 1333 3764 1388 decretali‘as

2192 1423 2324 1486 suis,
2358 1421 2592 1491 capitulo
2621 1423 2704 1484 11,
2732 1423 3034 1489 constituit,
3067 1432 3127 1476 ut
3169 1423 3559 1478 ordinationes
3579 1425 3769 1492 presby-

2193 1520 2432 1567 terorum
2455 1501 2920 1576 et'diaconorum,
2965 1527 3074 1566 non
3111 1511 3218 1567 nisi
3252 1513 3432 1566 certis
3460 1512 3767 1580 temporibas

2193 1606 2346 1670 flant,
2374 1605 2569 1675 quippe
2609 1605 2662 1658 in
2686 1602 2892 1674 jejunio
2923 1605 3104 1674 quarti
3146 1613 3204 1660 et
3224 1605 3456 1674 septimi
3502 1613 3563 1659 et
3603 1605 3765 1658 decimi

2193 1697 2418 1760 mensis,
2457 1696 2510 1750 id
2548 1704 2631 1751 est
2656 1694 2820 1760 Junii,
2859 1694 3199 1766 Septembris
3225 1706 3403 1766 atque
3431 1696 3732 1751 Decembris
3756 1736 3768 1756 .

2197 1804 2404 1844 necaon
2435 1789 2486 1842 in
2519 1779 3000 1860 quadragesimalis
3028 1788 3170 1843 initii
3210 1787 3457 1857 jejunio,
3491 1788 3638 1856 quod
3676 1802 3772 1854 pro-

2194 1878 2282 1933 cul
2326 1878 2488 1933 dubio
2537 1875 2717 1930 Martii
2773 1876 3111 1948 intelligitur.
3159 1876 3415 1932 Videsne
3464 1892 3602 1947 ergo
3639 1892 3771 1946 qua:

2196 1982 2380 2042 aperte
2424 1971 2564 2026 idem
2600 1969 2864 2041 jejunium
2896 1985 3018 2024 cum
3065 1969 3430 2024 ordinatione
3465 1985 3568 2023 sua
3618 1969 3772 2038 prin:

2195 2057 2655 2131 Quadragesimali
2683 2057 3037 2114 hebdomadae
3084 2058 3408 2114 aseribatnr
3436 2098 3455 2122 ,
3522 2071 3648 2110 cum
3689 2066 3770 2108 ιι

2195 2154 2474 2224 signanter
2511 2149 3011 2220 Quadragesimalis
3041 2149 3181 2204 iuitii
3203 2149 3492 2219 jejunium
3531 2151 3771 2218 cognomi-

2194 2254 2353 2299 netur
2377 2242 2400 2294 ?
2427 2241 2540 2295 lloc
2564 2251 2744 2296 autem
2771 2240 2983 2295 initium
3013 2239 3496 2312 Quadragesimaa,
3530 2256 3638 2294 non
3657 2258 3683 2294 ε
3703 2257 3771 2294 ra—

2193 2336 2302 2405 pite
2317 2333 2506 2404 jejunii
2533 2375 2548 2399 ,
2580 2334 2674 2388 sed
2707 2349 2736 2386 τι
2765 2333 3116 2403 subsequenti
3146 2333 3445 2388 Dominica
3472 2342 3560 2388 est
3588 2349 3766 2402 campa-

2197 2426 2440 2480 tandum.
2473 2421 2606 2476 Nam
2650 2423 2898 2491 quamvis
2935 2439 2965 2477 a
2995 2423 3174 2492 capite
3193 2422 3400 2492 jejunii
3433 2438 3538 2492 pro
3571 2423 3772 2492 quodam

2194 2517 2584 2586 complementa
2636 2512 3133 2584 Quadragesimalis
3177 2514 3552 2567 abstinentia:
3583 2513 3774 2582 incipi:-

2194 2622 2332 2667 mus,
2361 2622 2389 2658 a
2421 2603 2768 2674 subsequenti
2807 2612 2985 2659 tamen
3013 2604 3323 2670 Dominica,
3349 2603 3520 2673 juxta
3549 2606 3775 2658 assertis-

2195 2714 2316 2754 nem
2347 2697 2520 2753 sancti
2546 2697 2821 2752 Ambrosii
2864 2704 2920 2751 et
2948 2696 3125 2751 sancti
3155 2695 3422 2767 Gregorii
3463 2705 3525 2750 et
3578 2695 3772 2748 aliam:

2194 2794 2503 2844 sanctorum
2535 2785 2779 2849 Patrum,
2818 2786 3304 2856 Quadragesimam
3363 2787 3600 2856 preprie
3647 2800 3776 2840 exor-

2194 2879 2389 2932 di-mur.
2447 2875 2660 2930 Nullum
2719 2883 2905 2930 autem
2961 2884 3309 2930 commoveat
3345 2877 3502 2946 quod
3565 2885 3774 2945 tempore

2195 2968 2410 3024 llenrici
2439 2967 2656 3022 secundi
2697 2967 3042 3037 imperatoris
3071 2966 3361 3022 duodecim
3391 2967 3663 3036 episcopi,
3687 2965 3774 3018 lc-

2195 3057 2395 3128 guntiat
2421 3056 2737 3127 congregati
2767 3096 2783 3120 ,
2835 3055 2996 3109 aliter
3045 3056 3113 3110 de
3155 3057 3260 3110 hoc
3291 3054 3518 3124 jejunio
3548 3059 3773 3113 statuisse

2192 3149 2462 3220 leguntur.
2489 3147 2626 3204 Cum
2647 3148 2792 3202 enim
2821 3148 2964 3217 apud
2997 3148 3142 3217 ipsos
3161 3162 3269 3201 non
3308 3151 3538 3204 modica
3571 3151 3773 3203 varietas

2193 3241 2259 3296 de
2292 3238 2595 3306 hujusmodi
2626 3237 2855 3308 jejuuiis
2884 3238 3181 3304 accideret,
3216 3253 3286 3292 eo
3318 3240 3472 3308 quod
3525 3241 3773 3308 antiquas:

2193 3341 2506 3389 sanctorum
2544 3329 2771 3386 Patrum
2801 3332 3152 3386 traditionem
3179 3333 3232 3385 in
3265 3332 3376 3386 hac
3417 3348 3478 3387 re
3513 3335 3691 3388 minus
3718 3345 3774 3385 at-

2193 3423 2495 3486 tenderent,
2521 3435 2620 3492 pro
2633 3421 3272 3491 hujusmodiconfusione
3301 3423 3642 3491 corrigenda
3665 3424 3774 3475 hanc

2194 3514 2294 3568 sibi
2315 3513 2554 3580 regulam
2569 3523 2985 3584 proposuerunt,
3000 3523 3058 3567 ut
3071 3513 3328 3584 deinceps
3341 3515 3400 3568 in
3418 3515 3603 3585 prima
3617 3525 3771 3583 quam

2193 3603 2327 3660 feria
2357 3604 2559 3670 Martii,
2588 3617 2642 3660 et
2669 3607 2722 3661 in
2749 3605 2982 3660 secunda
3003 3603 3172 3670 Junii,
3204 3606 3337 3672 et,in
3363 3607 3534 3660 tertia
3564 3605 3771 3675 Septem-

2193 3698 2329 3762 bris,
2357 3698 2505 3752 omni
2533 3713 2676 3752 anno
2701 3696 3030 3768 jejunarent.
3063 3697 3171 3753 Sed
3207 3698 3325 3752 bzec
3359 3698 3556 3768 regula
3586 3710 3770 3768 aposte-

2193 3788 2309 3844 licae
2346 3789 2658 3844 auctoritati
2690 3788 3047 3859 pra-judicare
3091 3804 3189 3843 nec
3240 3789 3407 3844 debet
3453 3805 3562 3844 nec
3609 3799 3770 3859 potest.

2194 3882 2497 3950 prmscrtim
2526 3897 2648 3936 cum
2673 3882 3076 3937 evidentissime
3101 3882 3324 3936 statutis
3355 3893 3680 3936 sanctorum
3698 3881 3770 3934 Pa-

2195 3983 2336 4023 trum
2369 3971 2619 4025 videatnr
2653 3985 2978 4043 repugnare.
3011 3972 3068 4026 Si
3097 3972 3242 4026 enim
3274 3973 3605 4040 prasdicta
3645 3989 3770 4041 rege

2194 4063 2300 4116 lam
2333 4064 2611 4118 annuatim
2637 4064 3012 4128 observamus,
3064 4062 3342 4117 multoties
3375 4079 3488 4117 non
3521 4063 3692 4118 solum
3733 4065 3769 4112 ἐι

2195 4152 2637 4223 Quadragesima,
2661 4154 2756 4208 sed
2787 4154 2950 4208 etiam
2979 4161 3107 4208 ante
3135 4152 3634 4224 Quadragesimam
3656 4153 3752 4221 jcju

2195 4245 2467 4302 nabimus.
2489 4245 2621 4300 Cum
2652 4254 2710 4299 et
2740 4254 2945 4299 statuta
2973 4243 3399 4314 apostolicorum
3439 4244 3702 4305 virorum,
3729 4253 3768 4294 et

2199 4336 2467 4392 institutio
2491 4335 2818 4399 ofﬁciorum,
2852 4344 2911 4389 ut
2942 4333 3288 4404 praelibatum
3321 4343 3413 4387 est
3439 4374 3456 4398 ,
3489 4335 3629 4388 illud
3653 4332 3764 4386 inin

503 4431 682 4485 simali
723 4432 1072 4486 hebdomadze
1120 4433 1390 4504 ascripsit.
1435 4432 1572 4487 ltem
1625 4443 1844 4487 sanctus
1899 4434 2089 4487 lliero-
2120 4443 2164 4498 1)
2193 4429 2702 4500 Quadragesimam,
2739 4428 2847 4482 imo
2879 4426 3138 4496 inprima
3183 4423 3638 4495 Quadragesimt
3673 4439 3760 4489 Si?

501 4538 700 4593 nymus
730 4524 783 4579 in
811 4524 946 4579 libro
972 4525 1198 4580 Comitis
1221 4525 1479 4582 lectiones
1499 4535 1552 4580 et
1577 4526 1866 4595 Evangelia
1903 4527 1968 4580 de
1994 4541 2086 4580 eo-

503 4613 624 4668 dem
657 4613 868 4684 Jejunio
894 4616 1068 4670 eidem
1102 4616 1453 4672 hebdomade
1483 4615 1734 4684 injunsit.
1765 4617 1880 4686 Ipsa
1916 4617 2086 4671 etiam

503 4722 705 4762 vacans
748 4708 1049 4774 Dominica,
1081 4723 1247 4777 quam
1280 4718 1500 4764 sanctus
1521 4707 1814 4779 Gregorius
1847 4708 1899 4762 in
1929 4706 2078 4774 Qua-

503 4799 805 4869 dragesima
837 4801 1128 4854 secundam
1169 4815 1291 4854 esse
1327 4799 1515 4864 voluit,
1543 4799 1942 4854 evidentissime
1965 4798 2090 4852 insi-

502 4897 636 4942 nuat
664 4888 805 4957 quod
834 4889 1098 4959 jejunium
1138 4889 1316 4943 Martii
1372 4889 1724 4943 nihilominus
1770 4888 1914 4942 omni
1944 4903 2090 4942 anno

504 4981 676 5050 ipsam
705 4981 759 5034 in
788 4981 960 5051 prima
986 4982 1321 5036 hebdomada
1355 4981 1658 5051 praecedere
1710 4981 1920 5036 debeat.
1970 4980 2087 5036 Non

505 5072 649 5126 enim
677 5073 870 5126 eadem
904 5072 1182 5128 Dominica
1216 5073 1434 5142 proprie
1464 5086 1665 5126 vacans
1694 5072 1968 5126 diceretur
1991 5112 2008 5138 ,
2042 5071 2088 5126 si

505 5178 610 5216 non
642 5163 935 5218 Sabbatum
965 5180 1018 5218 χι
1041 5165 1328 5220 lectionum
1352 5180 1382 5220 e
1409 5149 2088 5234 vestigiosubsequeretur,

506 5255 648 5322 quod
693 5255 971 5324 proprium
1027 5265 1111 5310 est
1152 5256 1392 5311 omnium
1437 5253 1844 5308 Dominicarum
1883 5269 2086 5309 vacan-

507 5346 663 5409 tium,
700 5363 820 5416 qute
849 5363 970 5401 cum
1010 5349 1228 5418 preprio
1273 5354 1496 5402 careant
1517 5345 1693 5400 oﬂicio
1726 5385 1742 5411 ,
1791 5359 1858 5400 ex
1890 5359 2091 5416 przece-

508 5433 654 5488 denti
679 5434 1013 5490 hebdomada
1039 5435 1422 5501 inoﬂiciantur,
1447 5436 1490 5490 si
1523 5445 1699 5490 tamen
1713 5449 1938 5488 necesse
1965 5432 2088 5488 fue-

505 5525 582 5581 rit
607 5535 664 5579 ut
693 5540 1059 5585 assumantur.
1077 5525 1226 5584 Unde
1252 5537 1306 5582 et
1331 5529 1441 5582 haec
1460 5527 1740 5582 Dominica
1761 5527 1826 5582 de
1849 5542 1954 5596 qua
1979 5527 2091 5598 agi-

505 5631 631 5672 mus
659 5633 723 5672 ex
754 5627 944 5688 quarta
977 5618 1106 5671 feria
1137 5615 1687 5687 precedentijejunii'
1713 5616 1947 5673 oﬂicium
1971 5633 2090 5672 mu-

506 5709 698 5766 tuavit.
723 5707 1098 5763 Necessarium
1126 5718 1205 5764 cst
1227 5722 1357 5778 ergo
1379 5717 1437 5764 ut
1460 5707 1586 5762 illud
1617 5707 1761 5763 illam
1793 5707 2083 5777 prtecedat,

2192 4523 2418 4585 timana,
2453 4533 2669 4588 semper
2711 4517 2987 4572 celebrare
3036 4516 3357 4571 decernant.
3414 4515 3760 4570 lndubitante:

2187 4626 2317 4680 ergo
2348 4609 2586 4664 refutare
2609 4608 2868 4663 debemus
2893 4606 3152 4676 quidquid
3176 4615 3288 4660 tam
3343 4607 3638 4662 evidenter
3665 4619 3760 4673 ιμ’

2190 4702 2395 4756 stolicae
2463 4700 2772 4755 auctoritati
2817 4699 3090 4752 contraire
3134 4697 3406 4763 videmus,
3444 4699 3598 4752 unde
3631 4699 3760 4752 toti-“:5

2189 4791 2513 4848 Chrisriana:
2540 4790 2813 4860 religionis
2844 4799 2898 4845 et
2921 4789 3129 4843 ordinis
3155 4789 3442 4844 exordium
3469 4803 3533 4845 et
3567 4789 3758 4843 forms
3844 4851 3846 4856 ι

2191 4884 2520 4953 accepimus.
2551 4883 2662 4938 Nec
2693 4884 2910 4938 mireris
2939 4885 3040 4937 hoc
3061 4879 3326 4949 jejunium
3363 4885 3556 4954 potius
3601 4883 3758 4938 lanis

2192 4988 2352 5043 quam
2386 4973 2686 5028 Februario
2711 4975 2932 5039 ascribi,
2974 4976 3221 5044 quamvis
3249 4975 3302 5028 in
3333 4973 3644 5027 Februario
3665 4987 3758 5025 an

2192 5067 2308 5136 ipsa
2337 5065 2759 5136 Quadragesima
2800 5084 3192 5139 nonnunquam
3226 5077 3519 5124 occurrat.
3569 5067 3756 5133 Sentiet

2190 5157 2336 5213 enim
2377 5157 2516 5210 idem
2546 5154 2812 5225 jejunium
2858 5157 3301 5213 autKalendaria
3342 5157 3648 5226 aliquando
3691 5163 3755 5204 se:
3844 5159 3846 5204 i

2193 5245 2526 5302 lunationem
2555 5244 2758 5310 Martii,
2801 5257 2896 5302 aut
2935 5257 3228 5315 utrumque
3292 5246 3457 5300 simul
3517 5247 3754 5299 incana:

2191 5337 2472 5393 Februarii
2519 5345 2698 5391 autem
2748 5337 3067 5393 Kalendaria
3092 5338 3413 5410 aliquando,
3446 5337 3746 5391 lunatis-arm

2191 5446 2323 5486 vero
2369 5447 2645 5501 nunquam
2694 5433 2930 5502 attingit.
2984 5433 3124 5505 Ergo
3178 5433 3350 5488 multo
3406 5431 3750 5501 congruentia

2198 5525 2396 5580 Martio
2419 5526 2712 5581 ascribitur
2734 5566 2750 5592 ,
2781 5541 2941 5596 quem
2985 5542 3262 5596 nunquam
3312 5527 3598 5594 relinquit,
3627 5536 3746 5592 (βυ

2191 5616 2512 5680 Februario,
2543 5631 2702 5682 quem
2739 5618 3011 5674 multoties
3031 5618 3247 5688 penitus
3279 5633 3384 5671 non
3417 5619 3651 5686 attingit.
3674 5615 3738 5667 05

2194 5719 2445 5765 servatur
2465 5725 2596 5765 sane
2617 5708 2720 5762 hoc.
2743 5707 3007 5780 jejunium
3035 5725 3159 5764 cum
3191 5709 3308 5777 ipsa
3358 5710 3745 5778 ρλευξτςιερςλπΰ
